{"host":"ek3xvuouaw6vk9if","time":1612811785,"event":{"mods":["AchievementEnabler","BaseMod","Beaked The Cultist","Better Third Choice","BetterRewards","Curses Come First","Dark Map","Hubris","Minty Spire (QoL Compilation)","Permanent Neow","Quick Restart","Relic Stats","Replay The Spire","Spire Arcade","StSLib","The Bladedancer"],"gold_per_floor":[118,118,139,165,189,218,218,259,259,259,287,296,55,20,29,111,111,139,164,188,211,62,71,71,110,110,110,122,131,157,198,207,293,374,384,395,395,395,30,39,39,64,64,83,110,164,164,191,191,191],"floor_reached":51,"language":"ENG","playtime":2400,"items_purged":["Strike_G","Atom Bomb"],"score":2135,"play_id":"6171e636-7629-4366-953f-763daffcd013","local_time":"20210208141625","is_ascension_mode":true,"campfire_choices":[{"data":"Apotheosis","floor":7.0,"key":"SMITH"},{"floor":12,"key":"REST"},{"floor":15,"key":"REST"},{"floor":23,"key":"REST"},{"floor":27,"key":"REST"},{"floor":29,"key":"REST"},{"floor":32,"key":"REST"},{"floor":40,"key":"REST"},{"floor":47,"key":"REST"},{"floor":49,"key":"REST"}],"circlet_count":0,"master_deck":["AscendersBane","Survivor","Neutralize","Apotheosis+1","Backstab","Dagger Spray","Setup","Deflect","Prepared","Blade Dance","Blade Dance","Cloak And Dagger","Backflip","Accuracy","Calculated Gamble","After Image+1","Hidden Blade","Terror","Footwork","Cloak And Dagger","Blade Dance","Tools of the Trade","Concentrate","Blade Dance+1","Backflip","Phantasmal Killer","Doppelganger+1","Predator","Flechettes","Caltrops","Phantasmal Killer","ReplayTheSpireMod:Speed Training","Underhanded Strike","Draining Mist","Blade Dance","Blade Dance+1","Blade Dance","Prepared+1"],"relics":["Ring of the Snake","CeramicFish","hubris:OldNail","White Beast Statue","Dream Catcher","Unceasing Top","Medical Kit","Fusion Hammer","Pet Ghost","Ornamental Fan","Calipers","Red Mask","Pandora\u0027s Box","ReplayTheSpireMod:Lightbulb","Replay:Baseball","Quantum Egg","Replay:Accelerometer","Sundial","Bronze Scales","hubris:SlimyHat"],"acts_visited":["Exordium","TheCity","TheBeyond"],"potions_floor_usage":[16,25,33,42,48,50,50],"damage_taken":[{"damage":0.0,"enemies":"Cultist","floor":1.0,"turns":4.0},{"damage":0.0,"enemies":"Small Slimes","floor":3.0,"turns":3.0},{"damage":0.0,"enemies":"2 Louse","floor":4.0,"turns":4.0},{"damage":0.0,"enemies":"Looter","floor":5.0,"turns":4.0},{"damage":20.0,"enemies":"3 Sentries","floor":6.0,"turns":9.0},{"damage":16.0,"enemies":"Lagavulin","floor":8.0,"turns":8.0},{"damage":0,"enemies":"Exordium Wildlife","floor":11,"turns":1},{"damage":42,"enemies":"Fading Forest","floor":16,"turns":13},{"damage":2,"enemies":"Spheric Guardian","floor":18,"turns":5},{"damage":4,"enemies":"2 Thieves","floor":21,"turns":4},{"damage":39,"enemies":"Book of Stabbing","floor":25,"turns":6},{"damage":10,"enemies":"Centurion and Healer","floor":28,"turns":6},{"damage":15,"enemies":"Cultist and Chosen","floor":30,"turns":4},{"damage":0,"enemies":"Masked Bandits","floor":31,"turns":3},{"damage":5,"enemies":"Pondfish","floor":33,"turns":7},{"damage":0,"enemies":"3 Darklings","floor":35,"turns":3},{"damage":0,"enemies":"Orb Walker","floor":36,"turns":3},{"damage":0,"enemies":"Reptomancer","floor":42,"turns":4},{"damage":0,"enemies":"Writhing Mass","floor":44,"turns":3},{"damage":5,"enemies":"Nemesis","floor":45,"turns":5},{"damage":0,"enemies":"3 Darklings","floor":48,"turns":4},{"damage":46,"enemies":"Time Eater","floor":50,"turns":4}],"seed_played":"3564081438989600584","potions_obtained":[{"floor":2.0,"key":"BlessingOfTheForge"},{"floor":2.0,"key":"Poison Potion"},{"floor":8.0,"key":"Explosive Potion"},{"floor":11,"key":"FearPotion"},{"floor":16,"key":"Elixir"},{"floor":18,"key":"Venom Potion"},{"floor":25,"key":"LiquidBronze"},{"floor":28,"key":"EssenceOfSteel"},{"floor":31,"key":"CultistPotion"},{"floor":33,"key":"Adrenaline Potion"},{"floor":42,"key":"SkillPotion"},{"floor":45,"key":"Fruit Juice"},{"floor":48,"key":"Strength Potion"}],"is_trial":false,"path_per_floor":["M","?","M","M","M","E","R","E","T","?","M","R","$","?","R","B",null,"M","?","T","M","$","R","$","E","T","R","M","R","M","?","R","B",null,"M","M","?","NS","$","R","$","E","T","M","E","T","R","M","R","B",null],"character_chosen":"THE_SILENT","items_purchased":["Apotheosis","CeramicFish","hubris:OldNail","Backstab","Dagger Spray","Accuracy","Medical Kit","Footwork","ReplayTheSpireMod:Lightbulb","Blade Dance","Replay:Baseball","Quantum Egg"],"campfire_rested":9,"item_purchase_floors":[0,0,0,0,0,13,13,22,39,39,41,41],"current_hp_per_floor":[52,52,52,52,52,32,32,16,16,16,16,35,35,51,66,24,56,54,54,54,50,50,66,66,27,27,46,36,55,40,40,59,54,63,63,63,63,63,63,66,40,40,40,40,35,35,54,59,71,25],"gold":191,"neow_bonus":"","is_daily":false,"chose_seed":false,"campfire_upgraded":1,"win_rate":0.0,"timestamp":1612811785,"path_taken":["M","?","?","M","M","E","R","E","T","?","M","R","$","?","R","BOSS","M","?","?","?","$","R","?","E","T","R","?","R","M","?","R","BOSS","M","M","?","NS","$","R","?","E","T","M","E","?","R","M","R","BOSS"],"items_purchased_type":["Card","Relic","Relic","Card","Card","Card","Relic","Card","Relic","Card","Relic","Relic"],"build_version":"2020-12-22","purchased_purges":2,"victory":true,"max_hp_per_floor":[66,66,66,66,66,66,66,66,66,66,66,66,66,66,66,66,66,66,66,66,66,66,66,66,66,66,66,66,66,66,66,66,66,66,66,66,66,66,66,66,66,66,66,66,66,66,66,71,71,71],"relic_stats":{"Dream Catcher":9,"counters":[22,107],"Ornamental Fan":[244],"Sundial":[0],"CeramicFish":315,"Bronze Scales":[26],"Pandora\u0027s Box":["Doppelganger","Predator","Flechettes","Caltrops","Phantasmal Killer","ReplayTheSpireMod:Speed Training","Underhanded Strike","Atom Bomb","Draining Mist"],"Medical Kit":[12],"obtain_stats":[{"Replay:Accelerometer":42,"Calipers":26,"CeramicFish":0,"Quantum Egg":41,"Mango":0,"hubris:SlimyHat":46,"Medical Kit":13,"White Beast Statue":6,"Pet Ghost":20,"Dream Catcher":8,"Replay:Baseball":41,"Ornamental Fan":25,"Sundial":43,"Bronze Scales":45,"Pandora\u0027s Box":34,"Fusion Hammer":17,"Red Mask":31,"ReplayTheSpireMod:Lightbulb":39,"hubris:OldNail":0,"Unceasing Top":9,"Ring of the Snake":0},{"Replay:Accelerometer":18,"Calipers":11,"CeramicFish":0,"Quantum Egg":17,"Mango":0,"hubris:SlimyHat":20,"Medical Kit":7,"White Beast Statue":5,"Pet Ghost":9,"Dream Catcher":6,"Replay:Baseball":17,"Ornamental Fan":11,"Sundial":18,"Bronze Scales":20,"Pandora\u0027s Box":15,"Fusion Hammer":8,"Red Mask":14,"ReplayTheSpireMod:Lightbulb":17,"hubris:OldNail":0,"Unceasing Top":6,"Ring of the Snake":0},{"Replay:Accelerometer":91,"Calipers":61,"CeramicFish":0,"Quantum Egg":87,"Mango":0,"hubris:SlimyHat":99,"Medical Kit":33,"White Beast Statue":24,"Pet Ghost":51,"Dream Catcher":32,"Replay:Baseball":87,"Ornamental Fan":61,"Sundial":91,"Bronze Scales":99,"Pandora\u0027s Box":81,"Fusion Hammer":46,"Red Mask":74,"ReplayTheSpireMod:Lightbulb":87,"hubris:OldNail":0,"Unceasing Top":32,"Ring of the Snake":0}],"Unceasing Top":[39],"Ring of the Snake":[44]},"card_choices":[{"not_picked":["Poisoned Stab","Bane"],"picked":"Setup","floor":1.0},{"not_picked":["hubris:SlightOfHand","All Out Attack"],"picked":"Deflect","floor":3.0},{"not_picked":["Dagger Spray","Choke"],"picked":"Prepared","floor":4.0},{"not_picked":["PiercingWail","Noxious Fumes"],"picked":"Blade Dance","floor":5.0},{"not_picked":["Leg Sweep","Infinite Blades","Sucker Punch"],"picked":"SKIP","floor":6.0},{"not_picked":["Poisoned Stab","After Image"],"picked":"Blade Dance","floor":8.0},{"not_picked":["Deflect","Poisoned Stab"],"picked":"Cloak And Dagger","floor":11},{"not_picked":["hubris:SlightOfHand","Sucker Punch"],"picked":"Backflip","floor":12},{"not_picked":["Well Laid Plans","Outmaneuver"],"picked":"Calculated Gamble","floor":15},{"not_picked":["Malaise","Doppelganger"],"picked":"After Image","floor":16},{"not_picked":["Dash","Quick Slash"],"picked":"Hidden Blade","floor":18},{"not_picked":["Replay:Poison Smokescreen","Bane"],"picked":"Terror","floor":21},{"not_picked":["Deadly Poison","Hidden Blade"],"picked":"Cloak And Dagger","floor":23},{"not_picked":["ReplayTheSpireMod:Exploit Weakness","Prepared"],"picked":"Blade Dance","floor":25},{"not_picked":["Fluid Movement","Sucker Punch","Riddle With Holes"],"picked":"SKIP","floor":28},{"not_picked":["Outmaneuver","Quick Slash"],"picked":"Tools of the Trade","floor":29},{"not_picked":["Quick Slash","Flechettes+1"],"picked":"Concentrate","floor":30},{"not_picked":["Quick Slash","Replay:Poison Smokescreen"],"picked":"Blade Dance+1","floor":31},{"not_picked":["Hidden Blade","PiercingWail"],"picked":"Backflip","floor":32},{"not_picked":["Malaise","Storm of Steel"],"picked":"Phantasmal Killer","floor":33},{"not_picked":["Dash","Poisoned Stab","Bane"],"picked":"SKIP","floor":35},{"not_picked":["Underhanded Strike+1","Unload","Acrobatics+1"],"picked":"SKIP","floor":36},{"not_picked":["Underhanded Strike+1","Unload","Acrobatics+1"],"picked":"SKIP","floor":36},{"not_picked":["Prepared","Acrobatics"],"picked":"Blade Dance+1","floor":40},{"not_picked":["Terror","Cloak And Dagger","Well Laid Plans"],"picked":"SKIP","floor":42},{"not_picked":["PiercingWail+1","Hidden Blade"],"picked":"Blade Dance","floor":44},{"not_picked":["Die Die Die","Dagger Spray","hubris:SlightOfHand"],"picked":"SKIP","floor":45},{"not_picked":["Outmaneuver","Flying Knee"],"picked":"Prepared+1","floor":48}],"player_experience":545971,"relics_obtained":[{"floor":6.0,"key":"White Beast Statue"},{"floor":8.0,"key":"Dream Catcher"},{"floor":9,"key":"Unceasing Top"},{"floor":20,"key":"Pet Ghost"},{"floor":25,"key":"Ornamental Fan"},{"floor":26,"key":"Calipers"},{"floor":31,"key":"Red Mask"},{"floor":42,"key":"Replay:Accelerometer"},{"floor":43,"key":"Sundial"},{"floor":45,"key":"Bronze Scales"},{"floor":46,"key":"hubris:SlimyHat"}],"event_choices":[{"damage_healed":0.0,"max_hp_gain":0.0,"max_hp_loss":0.0,"gold_gain":0.0,"event_name":"Lab","player_choice":"Got Potions","floor":2.0,"gold_loss":0.0,"damage_taken":0.0},{"damage_healed":16,"gold_gain":0,"player_choice":"Leave","damage_taken":0,"max_hp_gain":0,"max_hp_loss":66,"event_name":"betterThird:BetterShining","floor":10,"gold_loss":1},{"damage_healed":16,"gold_gain":0,"player_choice":"Healed","damage_taken":0,"max_hp_gain":0,"max_hp_loss":0,"event_name":"The Cleric","floor":14,"gold_loss":35},{"damage_healed":0,"gold_gain":0,"player_choice":"Fought Bandits","damage_taken":0,"max_hp_gain":0,"max_hp_loss":0,"event_name":"Masked Bandits","floor":31,"gold_loss":0},{"damage_healed":0,"gold_gain":0,"player_choice":"Forge","damage_taken":0,"max_hp_gain":0,"max_hp_loss":0,"event_name":"Accursed Blacksmith","floor":37,"gold_loss":0,"cards_upgraded":["After Image"]}],"is_beta":false,"boss_relics":[{"not_picked":["Honey Jar","SlaversCollar"],"picked":"Fusion Hammer"},{"not_picked":["Replay:Ancient Bell","hubris:BlackHole"],"picked":"Pandora\u0027s Box"}],"items_purged_floors":[22,39],"is_endless":false,"potions_floor_spawned":[3,8,11,16,18,21,25,28,30,31,33,35,36,42,44,45,48],"ascension_level":19}}