{"host":"8is2j71l4wmybkoi","time":1612806828,"event":{"mods":["AchievementEnabler","BaseMod","Colored Map","Minty Spire (QoL Compilation)","Rare Cards Sparkle","StSLib","SuperFastMode"],"gold_per_floor":[116,191,191,214,214,248,273,273,273,298,298,333,115,138,138,232,232,245,214,47,61,76,120,120,156,224,255,180,223,223,4,4,76,76,90,90,101,51,67,99,99,124,147,166,166,166,11,28,28,28,28,28,28,55,55],"floor_reached":56,"language":"KOR","playtime":3248,"items_purged":["Strike_G","Strike_G","Strike_G","Strike_G","Doubt"],"score":2288,"play_id":"be81c12f-eeeb-4f21-9072-ee2f2fde3887","local_time":"20210209025348","is_ascension_mode":true,"campfire_choices":[{"data":"Malaise","floor":8.0,"key":"SMITH"},{"data":"Deadly Poison","floor":11.0,"key":"SMITH"},{"data":"Footwork","floor":15.0,"key":"SMITH"},{"floor":24.0,"key":"REST"},{"floor":32.0,"key":"REST"},{"data":"Wraith Form v2","floor":41.0,"key":"SMITH"},{"floor":46.0,"key":"REST"},{"floor":49.0,"key":"RECALL"},{"floor":52.0,"key":"REST"}],"circlet_count":0,"master_deck":["AscendersBane","Strike_G","Defend_G","Defend_G","Defend_G+1","Defend_G","Survivor","Neutralize","Poisoned Stab+1","Malaise+1","Footwork+1","Deadly Poison+1","Blur","Bouncing Flask","Doppelganger","Calculated Gamble","Adrenaline","Endless Agony+1","Prepared+1","Eviscerate+1","Dagger Throw","Backflip+1","Tactician","Deflect+1","Noxious Fumes","Bouncing Flask+1","Prepared+1","Well Laid Plans","Leg Sweep+1","Corpse Explosion+1","Escape Plan+1","Noxious Fumes+1","Wraith Form v2+1","Calculated Gamble+1","Reflex+1","Thinking Ahead+1","Finesse+1","Enlightenment+1","PiercingWail+1","Reflex+1","Tactician+1"],"relics":["Ring of the Snake","NeowsBlessing","Bloody Idol","Singing Bowl","Matryoshka","White Beast Statue","Orrery","Black Star","Ancient Tea Set","Pen Nib","Vajra","Pear","Dream Catcher","HornCleat","Bag of Preparation","Smiling Mask","Toxic Egg 2","Ginger","Cursed Key","Lantern","Pantograph","Bag of Marbles","War Paint","Shuriken","Happy Flower","Whetstone"],"acts_visited":["Exordium","TheCity","TheBeyond","TheEnding"],"potions_floor_usage":[55],"damage_taken":[{"damage":0.0,"enemies":"Small Slimes","floor":1.0,"turns":1.0},{"damage":0.0,"enemies":"2 Louse","floor":4.0,"turns":1.0},{"damage":0.0,"enemies":"Gremlin Nob","floor":6.0,"turns":1.0},{"damage":0.0,"enemies":"Cultist","floor":7.0,"turns":4.0},{"damage":15.0,"enemies":"Lots of Slimes","floor":10.0,"turns":5.0},{"damage":32.0,"enemies":"3 Sentries","floor":12.0,"turns":13.0},{"damage":0.0,"enemies":"3 Louse","floor":14.0,"turns":4.0},{"damage":0.0,"enemies":"The Guardian","floor":16.0,"turns":9.0},{"damage":5.0,"enemies":"3 Byrds","floor":18.0,"turns":7.0},{"damage":27.0,"enemies":"2 Thieves","floor":19.0,"turns":5.0},{"damage":3.0,"enemies":"Snake Plant","floor":21.0,"turns":5.0},{"damage":2.0,"enemies":"Centurion and Healer","floor":22.0,"turns":10.0},{"damage":5.0,"enemies":"Gremlin Leader","floor":23.0,"turns":7.0},{"damage":11.0,"enemies":"Slavers","floor":25.0,"turns":6.0},{"damage":2.0,"enemies":"Book of Stabbing","floor":27.0,"turns":6.0},{"damage":8.0,"enemies":"Gremlin Leader","floor":29.0,"turns":8.0},{"damage":35.0,"enemies":"Automaton","floor":33.0,"turns":10.0},{"damage":0.0,"enemies":"3 Darklings","floor":35.0,"turns":3.0},{"damage":1.0,"enemies":"3 Shapes","floor":37.0,"turns":4.0},{"damage":0.0,"enemies":"Maw","floor":39.0,"turns":7.0},{"damage":23.0,"enemies":"Giant Head","floor":40.0,"turns":8.0},{"damage":25.0,"enemies":"Reptomancer","floor":42.0,"turns":6.0},{"damage":11.0,"enemies":"Jaw Worm Horde","floor":44.0,"turns":4.0},{"damage":0.0,"enemies":"Writhing Mass","floor":48.0,"turns":3.0},{"damage":44.0,"enemies":"Time Eater","floor":50.0,"turns":14.0},{"damage":0.0,"enemies":"Shield and Spear","floor":54.0,"turns":5.0},{"damage":38,"enemies":"The Heart","floor":55,"turns":11}],"seed_played":"178131935841746495","potions_obtained":[{"floor":4.0,"key":"GamblersBrew"},{"floor":7.0,"key":"Swift Potion"},{"floor":12.0,"key":"SpeedPotion"},{"floor":14.0,"key":"PowerPotion"},{"floor":16.0,"key":"ColorlessPotion"},{"floor":18.0,"key":"EssenceOfSteel"},{"floor":19.0,"key":"Fire Potion"},{"floor":21.0,"key":"Strength Potion"},{"floor":22.0,"key":"AttackPotion"},{"floor":23.0,"key":"Fire Potion"},{"floor":25.0,"key":"Energy Potion"},{"floor":27.0,"key":"GhostInAJar"},{"floor":29.0,"key":"Swift Potion"},{"floor":33.0,"key":"Weak Potion"},{"floor":35.0,"key":"SpeedPotion"},{"floor":37.0,"key":"Dexterity Potion"},{"floor":42.0,"key":"Energy Potion"},{"floor":48.0,"key":"GamblersBrew"},{"floor":54.0,"key":"Energy Potion"}],"is_trial":false,"path_per_floor":["M","?","?","M","?","E","M","R","T","M","R","E","$","M","R","B",null,"M","M","$","M","M","E","R","E","T","E","?","E","?","$","R","B",null,"M","?","M","$","M","E","R","E","T","M","?","R","$","M","R","B",null,"R","$","E","B",null],"character_chosen":"THE_SILENT","items_purchased":["Orrery","Eviscerate","Bouncing Flask+1","Prepared+1","Well Laid Plans","Reflex+1","Tactician+1"],"campfire_rested":4,"item_purchase_floors":[13,20,31,31,31,47,47],"current_hp_per_floor":[59,48,48,48,48,48,48,48,48,35,35,3,7,9,9,9,53,48,21,21,20,18,13,34,33,33,31,31,23,23,23,47,17,64,69,69,75,75,80,62,62,42,47,41,31,55,55,62,62,40,73,86,86,88,50],"gold":55,"neow_bonus":"THREE_ENEMY_KILL","is_daily":false,"chose_seed":false,"campfire_upgraded":4,"win_rate":0.0,"timestamp":1612806828,"path_taken":["M","?","?","M","?","E","M","R","T","?","R","E","$","M","R","BOSS","M","M","$","?","M","E","R","E","T","E","?","E","?","$","R","BOSS","M","?","M","$","M","E","R","E","T","M","?","R","$","M","R","BOSS","R","$","E","BOSS"],"items_purchased_type":["Relic","Card","Card","Card","Card","Card","Card"],"build_version":"2020-12-22","purchased_purges":5,"victory":true,"max_hp_per_floor":[66,66,60,60,60,60,60,60,60,62,62,62,66,68,68,68,68,68,68,68,70,70,70,70,80,80,80,80,80,80,80,80,80,80,80,80,82,82,82,82,82,82,82,82,82,82,82,84,84,84,84,86,86,88,88],"card_choices":[{"not_picked":["Deadly Poison","Blade Dance"],"picked":"Poisoned Stab","floor":1.0},{"not_picked":["Leg Sweep","Dagger Spray"],"picked":"Malaise","floor":4.0},{"not_picked":["Distraction","Blur"],"picked":"Footwork","floor":6.0},{"not_picked":["Concentrate","Backflip"],"picked":"Deadly Poison","floor":7.0},{"not_picked":["Quick Slash","Acrobatics","Catalyst"],"picked":"Singing Bowl","floor":10.0},{"not_picked":["Accuracy","Acrobatics"],"picked":"Blur","floor":12.0},{"not_picked":["Outmaneuver","Calculated Gamble"],"picked":"Bouncing Flask","floor":13.0},{"not_picked":["Concentrate","Accuracy"],"picked":"Doppelganger","floor":13.0},{"not_picked":["Cloak And Dagger","Poisoned Stab","Flying Knee"],"picked":"Singing Bowl","floor":13.0},{"not_picked":["Setup","Deflect","Quick Slash"],"picked":"Singing Bowl","floor":13.0},{"not_picked":["Endless Agony","Deadly Poison"],"picked":"Calculated Gamble","floor":13.0},{"not_picked":["Quick Slash","Deflect","Acrobatics"],"picked":"Singing Bowl","floor":14.0},{"not_picked":["Night Terror","Glass Knife"],"picked":"Adrenaline","floor":16.0},{"not_picked":["Sucker Punch","Cloak And Dagger"],"picked":"Endless Agony+1","floor":18.0},{"not_picked":["Underhanded Strike","Acrobatics"],"picked":"Prepared+1","floor":19.0},{"not_picked":["Slice+1","Bane","Dagger Spray"],"picked":"Singing Bowl","floor":21.0},{"not_picked":["Accuracy","Setup"],"picked":"Dagger Throw","floor":22.0},{"not_picked":["Underhanded Strike","Setup"],"picked":"Backflip","floor":23.0},{"not_picked":["Dagger Throw","Bane"],"picked":"Tactician","floor":25.0},{"not_picked":["Prepared","Caltrops"],"picked":"Deflect+1","floor":27.0},{"not_picked":["Storm of Steel+1","Finisher"],"picked":"Noxious Fumes","floor":29.0},{"not_picked":["Acrobatics+1","Deflect+1"],"picked":"Leg Sweep+1","floor":32.0},{"not_picked":["Doppelganger+1","Glass Knife"],"picked":"Corpse Explosion+1","floor":33.0},{"not_picked":["Deflect+1","Skewer"],"picked":"Escape Plan+1","floor":35.0},{"not_picked":["Flechettes","Noxious Fumes","Endless Agony"],"picked":"Singing Bowl","floor":37.0},{"not_picked":["Slice","Flying Knee+1"],"picked":"Noxious Fumes+1","floor":39.0},{"not_picked":["Backstab","Riddle With Holes+1"],"picked":"Wraith Form v2","floor":40.0},{"not_picked":["Blade Dance+1","Dagger Throw"],"picked":"Calculated Gamble+1","floor":42.0},{"not_picked":["Sucker Punch","Poisoned Stab+1"],"picked":"Reflex+1","floor":44.0},{"not_picked":["Dramatic Entrance","Mind Blast"],"picked":"Thinking Ahead+1","floor":45.0},{"not_picked":["Madness+1","Sadistic Nature"],"picked":"Finesse+1","floor":45.0},{"not_picked":["Secret Weapon+1","Trip+1"],"picked":"Enlightenment+1","floor":45.0},{"not_picked":["Expertise+1","Caltrops"],"picked":"PiercingWail+1","floor":46.0},{"not_picked":["Slice","PiercingWail+1","Deflect+1"],"picked":"Singing Bowl","floor":48.0},{"not_picked":["Quick Slash+1","Dagger Spray","Deadly Poison+1"],"picked":"Singing Bowl","floor":52.0},{"not_picked":["Endless Agony+1","Dodge and Roll+1","Blade Dance+1"],"picked":"Singing Bowl","floor":54.0}],"player_experience":1077912,"relics_obtained":[{"floor":6.0,"key":"Singing Bowl"},{"floor":9.0,"key":"Matryoshka"},{"floor":12.0,"key":"White Beast Statue"},{"floor":23.0,"key":"Ancient Tea Set"},{"floor":23.0,"key":"Pen Nib"},{"floor":25.0,"key":"Vajra"},{"floor":25.0,"key":"Pear"},{"floor":26.0,"key":"Dream Catcher"},{"floor":26.0,"key":"HornCleat"},{"floor":27.0,"key":"Bag of Preparation"},{"floor":27.0,"key":"Smiling Mask"},{"floor":29.0,"key":"Toxic Egg 2"},{"floor":29.0,"key":"Ginger"},{"floor":40.0,"key":"Lantern"},{"floor":40.0,"key":"Pantograph"},{"floor":42.0,"key":"Bag of Marbles"},{"floor":42.0,"key":"War Paint"},{"floor":43.0,"key":"Shuriken"},{"floor":54.0,"key":"Happy Flower"},{"floor":54.0,"key":"Whetstone"}],"event_choices":[{"damage_healed":0.0,"max_hp_gain":0.0,"max_hp_loss":0.0,"gold_gain":75.0,"event_name":"World of Goop","player_choice":"Gather Gold","floor":2.0,"gold_loss":0.0,"damage_taken":11.0},{"damage_healed":0.0,"max_hp_gain":0.0,"max_hp_loss":6.0,"gold_gain":0.0,"event_name":"Golden Idol","player_choice":"Lose Max HP","floor":3.0,"gold_loss":0.0,"damage_taken":0.0,"relics_obtained":["Golden Idol"]},{"damage_healed":0.0,"max_hp_gain":0.0,"max_hp_loss":0.0,"gold_gain":0.0,"event_name":"Match and Keep!","player_choice":"0 cards matched","floor":5.0,"gold_loss":0.0,"damage_taken":0.0,"cards_obtained":[]},{"cards_removed":["Defend_G"],"damage_healed":0.0,"max_hp_gain":0.0,"max_hp_loss":0.0,"gold_gain":0.0,"event_name":"Beggar","player_choice":"Gave Gold","floor":28.0,"gold_loss":75.0,"damage_taken":0.0},{"damage_healed":0.0,"max_hp_gain":0.0,"max_hp_loss":0.0,"gold_gain":0.0,"event_name":"Forgotten Altar","player_choice":"Gave Idol","floor":30.0,"relics_lost":["Golden Idol"],"gold_loss":0.0,"damage_taken":0.0,"relics_obtained":["Bloody Idol"]},{"damage_healed":0.0,"max_hp_gain":0.0,"max_hp_loss":0.0,"gold_gain":0.0,"event_name":"Tomb of Lord Red Mask","player_choice":"Ignored","floor":36.0,"gold_loss":0.0,"damage_taken":0.0},{"damage_healed":0.0,"max_hp_gain":0.0,"max_hp_loss":0.0,"gold_gain":0.0,"event_name":"SensoryStone","player_choice":"Memory 3","floor":45.0,"gold_loss":0.0,"damage_taken":10.0}],"is_beta":false,"boss_relics":[{"not_picked":["Runic Dome","Coffee Dripper"],"picked":"Black Star"},{"not_picked":["Runic Pyramid","Ring of the Serpent"],"picked":"Cursed Key"}],"items_purged_floors":[13,20,31,38,47],"is_endless":false,"potions_floor_spawned":[4,7,12,14,16,18,19,21,22,23,25,27,29,33,35,37,39,40,42,44,48,54],"ascension_level":15}}