{"host":"s24sb66hw4a4sfft","time":1612745222,"event":{"mods":["AchievementEnabler","BaseMod","Colored Map","Colored Powertips","Googly Eyes","Hermit","Hubris","Minty Spire (QoL Compilation)","Quick Restart","Shop Mod","StSLib","The Poker Player"],"gold_per_floor":[111,129,2,14,14,45,56,56,105,280,312,328,339,339,339],"floor_reached":14,"language":"ENG","playtime":469,"items_purged":["Defend_R"],"score":107,"play_id":"caa6a6de-5923-4f74-bdb8-8883cd4eb716","local_time":"20210207194702","is_ascension_mode":true,"campfire_choices":[{"floor":8,"key":"REST"}],"circlet_count":0,"master_deck":["Strike_R","Strike_R","Strike_R","Strike_R","Strike_R","Defend_R","Defend_R","Defend_R","Bash","Madness","Flex","Perfected Strike","Flex","Flex","Clash","Doubt"],"relics":["Burning Blood","Nunchaku","hubris:SlimyHat","hubris:ChampionShield","Champion Belt"],"acts_visited":["Exordium"],"potions_floor_usage":[6,11,13],"damage_taken":[{"damage":1,"enemies":"Cultist","floor":1,"turns":4},{"damage":6,"enemies":"Jaw Worm","floor":2,"turns":3},{"damage":7,"enemies":"Small Slimes","floor":4,"turns":3},{"damage":42,"enemies":"3 Sentries","floor":6,"turns":9},{"damage":10,"enemies":"Exordium Thugs","floor":7,"turns":4},{"damage":19,"enemies":"Gremlin Nob","floor":11,"turns":4},{"damage":2,"enemies":"Blue Slaver","floor":12,"turns":2},{"damage":9,"enemies":"Gremlin Gang","floor":13,"turns":3},{"damage":31,"enemies":"3 Sentries","floor":14,"turns":6}],"seed_played":"-7138846679789443011","potions_obtained":[{"floor":4,"key":"EssenceOfSteel"},{"floor":6,"key":"HeartOfIron"},{"floor":7,"key":"BloodPotion"},{"floor":11,"key":"Block Potion"},{"floor":12,"key":"Fire Potion"}],"is_trial":false,"path_per_floor":["M","M","$","M","?","E","M","R","T","?","E","M","M","E"],"character_chosen":"IRONCLAD","items_purchased":["Flex"],"campfire_rested":1,"item_purchase_floors":[3],"current_hp_per_floor":[80,80,80,79,67,31,27,51,51,51,38,42,39,8,8],"gold":339,"neow_bonus":"RANDOM_COLORLESS","is_daily":false,"chose_seed":false,"campfire_upgraded":0,"win_rate":0.0,"timestamp":1612745222,"path_taken":["M","?","$","M","?","E","M","R","T","?","E","M","M","E"],"items_purchased_type":["Card"],"build_version":"2020-12-22","purchased_purges":1,"victory":false,"max_hp_per_floor":[80,80,80,80,80,80,80,80,80,80,80,80,80,80,80],"card_choices":[{"not_picked":["Trip","Dark Shackles"],"picked":"Madness","floor":0},{"not_picked":["Thunderclap","Second Wind"],"picked":"Flex","floor":1},{"not_picked":["Hemokinesis","Uppercut"],"picked":"Perfected Strike","floor":2},{"not_picked":["Hemokinesis","Thunderclap"],"picked":"Flex","floor":4},{"not_picked":["Clothesline","Feed"],"picked":"Clash","floor":6},{"not_picked":["Anger","Wild Strike","Sever Soul"],"picked":"SKIP","floor":7},{"not_picked":["hubris:ReadiedAction","Bludgeon","Iron Wave"],"picked":"SKIP","floor":11},{"not_picked":["Ghostly Armor","Wild Strike","Combust"],"picked":"SKIP","floor":12},{"not_picked":["Armaments","Shrug It Off","Rampage"],"picked":"SKIP","floor":13}],"player_experience":585263,"relics_obtained":[{"floor":6,"key":"hubris:SlimyHat"},{"floor":9,"key":"hubris:ChampionShield"},{"floor":11,"key":"Champion Belt"}],"event_choices":[{"damage_healed":0,"gold_gain":0,"player_choice":"Success","damage_taken":12,"relics_obtained":["Nunchaku"],"max_hp_gain":0,"max_hp_loss":0,"event_name":"Scrap Ooze","floor":5,"gold_loss":0},{"damage_healed":0,"gold_gain":175,"player_choice":"AGREE","damage_taken":0,"max_hp_gain":0,"max_hp_loss":0,"event_name":"Liars Game","floor":10,"gold_loss":0,"cards_obtained":["Doubt"]}],"is_beta":false,"boss_relics":[],"items_purged_floors":[3],"is_endless":false,"potions_floor_spawned":[4,6,7,11,12],"killed_by":"3 Sentries","ascension_level":1}}