{"host":"dubvjd3hvlwuhjqk","time":1612769563,"event":{"mods":["AchievementEnabler","Astrologer","Bard","BaseMod","Better Match","Better Third Choice","BetterRewards","ChefMod","Colored Map","Colored Powertips","Conspire","Curses Come First","Downfall","Energized Spire","Googly Eyes","GungeonMod","Hermit","Hubris","Infinite Spire","JesterMod","Minty Spire (QoL Compilation)","Permanent Neow","Quick Restart","Reliquary","Robot Space Explorer","Shade Mod","Shop Mod","Spire Arcade","StSLib","The Bladedancer","The Cursed","The Dragon Tamer","The Hayseed","The Jungle","The Marked","The Servant 0.9.4","TheBandit","UnlockEverythingMod","egg"],"gold_per_floor":[14,27,27,27,46,46,77,96,96,96,96,108,108,125,125,223,223,191,191,191],"floor_reached":19,"language":"ENG","playtime":1032,"items_purged":[],"score":219,"play_id":"7ad5135d-099d-4e3f-bd85-e22f9660b05b","local_time":"20210208093243","is_ascension_mode":false,"campfire_choices":[{"data":"astrologer:TheHierophant","floor":6,"key":"SMITH"},{"data":"astrologer:Defend","floor":11,"key":"SMITH"},{"data":"astrologer:FrozenStar","floor":13,"key":"SMITH"},{"floor":15,"key":"REST"}],"circlet_count":0,"master_deck":["astrologer:Strike+1","astrologer:Strike","astrologer:Strike","astrologer:Strike","astrologer:Defend+1","astrologer:Defend","astrologer:Defend","astrologer:Defend","astrologer:NorthStar+1","astrologer:TheFool","astrologer:Stardust","astrologer:SolarFlare","astrologer:TheHierophant+1","astrologer:LonelyStar","astrologer:Prismatic","astrologer:FrozenStar+1","astrologer:StarOfChange","astrologer:Wish"],"relics":["astrologer:SkyMirror","StoneCalendar","reliquary:RedPaperclip","DemoMod:GlassGuonStoneRelic"],"acts_visited":["Exordium","TheCity"],"potions_floor_usage":[16,18],"damage_taken":[{"damage":0,"enemies":"Small Slimes","floor":1,"turns":4},{"damage":0,"enemies":"2 Louse","floor":2,"turns":2},{"damage":0,"enemies":"Cultist","floor":5,"turns":4},{"damage":30,"enemies":"Lagavulin","floor":7,"turns":7},{"damage":16,"enemies":"Exordium Wildlife","floor":8,"turns":6},{"damage":0,"enemies":"3 Louse","floor":12,"turns":3},{"damage":6,"enemies":"Lots of Slimes","floor":14,"turns":5},{"damage":0,"enemies":"Slime Boss","floor":16,"turns":7},{"damage":6,"enemies":"2 Thieves","floor":18,"turns":5},{"damage":0,"enemies":"conspire:FuzzyDice","floor":19,"turns":1}],"seed_played":"9095925115764366754","potions_obtained":[{"floor":1,"key":"LiquidMemories"},{"floor":7,"key":"Guardian:BlockOnCardUsePotion"},{"floor":8,"key":"bronze:BurnAndBuffPotion"},{"floor":18,"key":"Ancient Potion"}],"is_trial":false,"path_per_floor":["M","M","?","?","M","R","E","M","T","?","R","M","R","M","R","B",null,"M","M"],"character_chosen":"ASTROLOGER","items_purchased":[],"campfire_rested":1,"item_purchase_floors":[],"current_hp_per_floor":[70,70,70,70,70,70,40,24,24,24,24,24,24,18,39,64,70,64,64,64],"gold":191,"neow_bonus":"ONE_RARE_RELIC","is_daily":false,"chose_seed":false,"campfire_upgraded":3,"win_rate":0.0,"timestamp":1612769563,"path_taken":["M","M","?","?","?","R","E","M","T","?","R","M","R","M","R","BOSS","M","M"],"items_purchased_type":[],"build_version":"2020-12-22","purchased_purges":0,"victory":false,"max_hp_per_floor":[70,70,70,70,70,70,70,70,70,70,70,70,70,70,70,70,70,70,70,70],"card_choices":[{"not_picked":["astrologer:Sunrise","astrologer:Eclipse"],"picked":"astrologer:Stardust","floor":1},{"not_picked":["astrologer:Divination","astrologer:Still"],"picked":"astrologer:SolarFlare","floor":2},{"not_picked":["astrologer:Retelling","astrologer:TheTower"],"picked":"astrologer:TheHierophant","floor":5},{"not_picked":["astrologer:Eclipse","astrologer:CrystalBall"],"picked":"astrologer:LonelyStar","floor":7},{"not_picked":["astrologer:Opposition","astrologer:Still"],"picked":"astrologer:Prismatic","floor":8},{"not_picked":["astrologer:ReadTheStars","astrologer:SolarFlare"],"picked":"astrologer:FrozenStar","floor":12},{"not_picked":["astrologer:TheDevil","astrologer:FrozenStar"],"picked":"astrologer:StarOfChange","floor":14},{"not_picked":["astrologer:Nova","astrologer:RejectReality"],"picked":"astrologer:Wish","floor":16},{"not_picked":["astrologer:Stardust","astrologer:SpaceDust+1","astrologer:MeteorShower"],"picked":"SKIP","floor":18}],"player_experience":92801,"relics_obtained":[{"floor":7,"key":"Pantograph"},{"floor":9,"key":"Bottled Lightning"}],"event_choices":[{"damage_healed":0,"gold_gain":0,"player_choice":"Grow","damage_taken":0,"max_hp_gain":0,"max_hp_loss":0,"event_name":"Living Wall","floor":3,"gold_loss":0,"cards_upgraded":["astrologer:Strike"]},{"damage_healed":0,"gold_gain":0,"player_choice":"Upgraded","damage_taken":0,"max_hp_gain":0,"max_hp_loss":0,"event_name":"Upgrade Shrine","floor":4,"gold_loss":0,"cards_upgraded":["astrologer:NorthStar"]},{"damage_healed":0,"gold_gain":0,"player_choice":"Disagree","damage_taken":0,"max_hp_gain":0,"max_hp_loss":0,"event_name":"conspire:LoneGhost","floor":10,"gold_loss":0}],"is_beta":false,"boss_relics":[{"not_picked":["Astrolabe","hubris:Stopwatch"],"picked":"reliquary:RedPaperclip"}],"items_purged_floors":[],"is_endless":false,"potions_floor_spawned":[1,7,8,18],"killed_by":"conspire:FuzzyDice","ascension_level":0}}