{"host":"bz6w3lfmpwgz81o3","time":1612746987,"event":{"mods":["BaseMod","Downfall","Hermit","Minty Spire (QoL Compilation)","StSLib"],"gold_per_floor":[99,118,138,158,158,175,199,72,72,84,84,94,94,112,124,221,221,221,234,245,245,262,262,262,282,307,334,362,374,374,374],"floor_reached":29,"language":"ENG","playtime":1458,"items_purged":["Slimebound:Strike_Slimebound"],"score":243,"play_id":"8324452a-7403-45f1-a503-ecdb32856587","local_time":"20210208021627","is_ascension_mode":false,"campfire_choices":[{"data":"Slimebound:CorrosiveSpit","floor":1,"key":"SMITH"},{"data":"Slimebound:Equalize","floor":9,"key":"SMITH"},{"data":"Slimebound:LivingWall","floor":13,"key":"SMITH"},{"data":"Slimebound:MassFeed","floor":18,"key":"SMITH"},{"data":"Slimebound:Split","floor":23,"key":"SMITH"}],"circlet_count":0,"master_deck":["Slimebound:Tackle","Slimebound:Defend_Slimebound","Slimebound:Defend_Slimebound","Slimebound:Defend_Slimebound","Slimebound:Split+1","Slimebound:CorrosiveSpit+1","Slimebound:SlimeBarrage","Slimebound:GoopTackle","Slimebound:RainOfGoop","Slimebound:CorrosiveSpit+1","Slimebound:Equalize+1","Slimebound:Equalize","Slimebound:RejuvenatingLick","Slimebound:Dissolve","Slimebound:LivingWall+1","Slimebound:LeechingTouch","Slimebound:MassFeed+1","Slimebound:Prepare+1","Slimebound:GoopSpray","Slimebound:SplitMire+1","Slimebound:LivingWall+1","Slimebound:OozeBath+1","Slimebound:TongueLash+1"],"relics":["Philosopher\u0027s Stone","Empty Cage","Toxic Egg 2","MawBank"],"acts_visited":["Exordium","TheCity"],"potions_floor_usage":[6,16,19,20,20,29,29],"damage_taken":[{"damage":11,"enemies":"Small Slimes","floor":2,"turns":2},{"damage":0,"enemies":"Cultist","floor":3,"turns":3},{"damage":3,"enemies":"2 Louse","floor":4,"turns":1},{"damage":7,"enemies":"Exordium Wildlife","floor":6,"turns":1},{"damage":11,"enemies":"downfall:FleeingMerchant","floor":8,"turns":4},{"damage":0,"enemies":"Large Slime","floor":10,"turns":3},{"damage":1,"enemies":"3 Louse","floor":12,"turns":3},{"damage":6,"enemies":"Blue Slaver","floor":14,"turns":1},{"damage":8,"enemies":"2 Fungi Beasts","floor":15,"turns":3},{"damage":1,"enemies":"SI_SHIV_ARCHETYPE","floor":16,"turns":7},{"damage":0,"enemies":"Spheric Guardian","floor":19,"turns":3},{"damage":24,"enemies":"Cultist and Chosen","floor":20,"turns":8},{"damage":15,"enemies":"Snecko","floor":22,"turns":5},{"damage":10,"enemies":"Snake Plant","floor":25,"turns":3},{"damage":37,"enemies":"Book of Stabbing","floor":26,"turns":6},{"damage":2,"enemies":"Chosen and Byrds","floor":27,"turns":5},{"damage":17,"enemies":"3 Cultists","floor":28,"turns":6},{"damage":36,"enemies":"Cultist and Chosen","floor":29,"turns":6}],"seed_played":"-842229302969936283","potions_obtained":[{"floor":2,"key":"Weak Potion"},{"floor":3,"key":"AttackPotion"},{"floor":10,"key":"Block Potion"},{"floor":14,"key":"DuplicationPotion"},{"floor":19,"key":"Block Potion"},{"floor":27,"key":"Slimebound:SlimedPotion"},{"floor":28,"key":"Explosive Potion"}],"is_trial":false,"path_per_floor":["R","M","M","M","?","M","T","$","R","M","?","M","R","M","M","B",null,"R","M","M","?","M","R","T","M","E","M","M","M"],"character_chosen":"SLIMEBOUND","items_purchased":["Slimebound:RejuvenatingLick"],"campfire_rested":0,"item_purchase_floors":[8],"current_hp_per_floor":[65,54,54,51,51,44,44,41,41,53,53,56,56,50,46,64,65,65,65,49,49,58,58,58,54,37,35,34,0,0,0],"gold":374,"neow_bonus":"BOSS_RELIC","is_daily":false,"chose_seed":false,"campfire_upgraded":5,"win_rate":0.0,"timestamp":1612746987,"path_taken":["R","M","M","M","?","?","T","$","R","M","?","?","R","M","M","BOSS","R","M","M","?","M","R","T","M","E","M","M","M"],"items_purchased_type":["Card"],"build_version":"2020-12-22","purchased_purges":1,"victory":false,"max_hp_per_floor":[65,65,65,65,65,65,65,65,65,65,65,65,65,65,65,65,65,65,65,69,69,73,73,73,73,73,73,77,77,77,77],"card_choices":[{"not_picked":["Slimebound:AcidTongue","Slimebound:Replication"],"picked":"Slimebound:SlimeBarrage","floor":2},{"not_picked":["Slimebound:RollThrough","Slimebound:SplitAcid"],"picked":"Slimebound:GoopTackle","floor":3},{"not_picked":["Slimebound:Chomp","Slimebound:FormOfPuddle"],"picked":"Slimebound:RainOfGoop","floor":4},{"not_picked":["Slimebound:ItLooksTasty","Slimebound:HauntingLick"],"picked":"Slimebound:Equalize","floor":6},{"not_picked":["Slimebound:SlimeSpikes","Slimebound:GoopSpray"],"picked":"Slimebound:Equalize","floor":8},{"not_picked":["Slimebound:SplitMire","Slimebound:Gluttony"],"picked":"Slimebound:Dissolve","floor":10},{"not_picked":["Slimebound:PressTheAttack","Slimebound:ComboTackle"],"picked":"Slimebound:LivingWall","floor":12},{"not_picked":["Slimebound:HauntingLick","Slimebound:Equalize","Slimebound:SplitBruiser"],"picked":"SKIP","floor":14},{"not_picked":["Slimebound:Prepare","Slimebound:LeechEnergy"],"picked":"Slimebound:LeechingTouch","floor":15},{"not_picked":["Slimebound:FirmFortitude","Slimebound:MassRepurpose"],"picked":"Slimebound:MassFeed","floor":16},{"not_picked":["Slimebound:Schlurp","Slimebound:ItLooksTasty","Slimebound:SpikyOuterGoop+1"],"picked":"SKIP","floor":19},{"not_picked":["Slimebound:HauntingLick","Slimebound:Gluttony"],"picked":"Slimebound:Prepare+1","floor":20},{"not_picked":["Slimebound:SplitBruiser+1","Slimebound:LeechingTouch"],"picked":"Slimebound:GoopSpray","floor":22},{"not_picked":["Slimebound:SlimeBarrage","Slimebound:SlimeSpikes+1"],"picked":"Slimebound:SplitMire+1","floor":25},{"not_picked":["Slimebound:HauntingLick+1","Slimebound:SlimeSpikes+1"],"picked":"Slimebound:LivingWall+1","floor":26},{"not_picked":["Slimebound:SlimeSpikes+1","Slimebound:ItLooksTasty"],"picked":"Slimebound:OozeBath+1","floor":27},{"not_picked":["Slimebound:ItLooksTasty+1","Slimebound:HauntingLick+1"],"picked":"Slimebound:TongueLash+1","floor":28}],"player_experience":6848,"relics_obtained":[{"floor":24,"key":"Toxic Egg 2"},{"floor":26,"key":"MawBank"}],"event_choices":[{"cards_removed":["Slimebound:Strike_Slimebound"],"damage_healed":0,"gold_gain":0,"player_choice":"Offered Basic","damage_taken":0,"max_hp_gain":0,"max_hp_loss":0,"event_name":"Bonfire Elementals","floor":11,"gold_loss":0}],"is_beta":false,"boss_relics":[{"not_picked":["Velvet Choker","Snecko Eye"],"picked":"Empty Cage"}],"items_purged_floors":[8],"is_endless":false,"potions_floor_spawned":[2,3,10,14,19,25,27,28],"killed_by":"Cultist and Chosen","ascension_level":0}}