{"host":"j5j96s76v36ug78u","time":1612806540,"event":{"mods":["BaseMod","Better Third Choice","Highlight Path","Minty Spire (QoL Compilation)","Potion Indicator Mod","Potionbrewer","Reliquary","StSLib","The Alterego","The Blackbeard","The Hierophant","The Senshi","The Servant 0.9.4","The Showman"],"gold_per_floor":[113,113,131,131,131,131,154,154,454,487,167,183,214,229,229,359,359,377,377,377,390,403,442,442,460,460,475,510,109,109,132,132,255,255,276,339,364,364,388,388,428,444,471,471,485,6,40,55,55,55,55,55,4,35,35,35],"floor_reached":55,"language":"ENG","playtime":7310,"items_purged":["Injury","theSenshi:SailorKick","theSenshi:SailorBlock"],"score":804,"play_id":"597062c9-7c7b-4d18-9919-7d0c5e3a4168","local_time":"20210208144900","is_ascension_mode":false,"campfire_choices":[{"data":"theSenshi:RoseThrow","floor":6.0,"key":"SMITH"},{"data":"theSenshi:LateForSchool","floor":8.0,"key":"SMITH"},{"floor":15.0,"key":"REST"},{"floor":24,"key":"RECALL"},{"floor":32,"key":"DIG"},{"floor":40,"key":"DIG"},{"floor":44,"key":"DIG"},{"floor":49,"key":"DIG"},{"floor":52,"key":"DIG"}],"circlet_count":0,"master_deck":["theSenshi:SailorKick+1","theSenshi:SailorKick+1","theSenshi:SailorBlock","theSenshi:SailorBlock","theSenshi:SailorBlock","theSenshi:RoseThrow+1","theSenshi:MoonPrismPowerMakeUp","theSenshi:MoonKick","theSenshi:MoonPunch","theSenshi:LateForSchool+1","Flash of Steel","theSenshi:MoonPrincessHalation","theSenshi:ChibiMoonsLove","theSenshi:KlutzyLuck","theSenshi:SailorCosmosAssists","theSenshi:MoonTiaraMagic+1","theSenshi:InTheNickOfTime+1","theSenshi:LateForSchool+1","theSenshi:MoonCosmicPowerMakeUp","Necronomicurse","theSenshi:SailorStarHealerAssists","theSenshi:SailorCosmosAssists","theSenshi:MoonCrystalPowerMakeUp","theSenshi:MercurysCunning+1","theSenshi:MoonHealingEscalation+1","theSenshi:SailorChibiMoonAssists+1","theSenshi:DramaticEntrance+1","theSenshi:SailorV+1","Parasite","theSenshi:MoonHealingEscalation+1","theSenshi:LateForSchool","theSenshi:Sidestep","theSenshi:TallSilhouette+1"],"relics":["theSenshi:TransformationBroochRelic","theSenshi:CutieMoonRodRelic","Golden Idol","Old Coin","Boot","theSenshi:TiaraRelic","reliquary:HotPoker","Fusion Hammer","MutagenicStrength","Oddly Smooth Stone","Shovel","theSenshi:RedHairPiecesRelic","Necronomicon","Bottled Lightning","reliquary:RedPaperclip","Gambling Chip","Bottled Tornado","CaptainsWheel","Whetstone","Bag of Preparation","Medical Kit","Oddly Smooth Stone","potionbrewer:AlchemistFlask","potionbrewer:BottledElixir","Shuriken"],"acts_visited":["Exordium","TheCity","TheBeyond","TheEnding"],"potions_floor_usage":[23,33,33,39,41,55,55,55],"damage_taken":[{"damage":0.0,"enemies":"Small Slimes","floor":1.0,"turns":4.0},{"damage":3.0,"enemies":"2 Louse","floor":3.0,"turns":3.0},{"damage":12.0,"enemies":"Jaw Worm","floor":7.0,"turns":4.0},{"damage":22.0,"enemies":"Gremlin Nob","floor":10.0,"turns":4.0},{"damage":7.0,"enemies":"2 Fungi Beasts","floor":12.0,"turns":4.0},{"damage":27.0,"enemies":"3 Sentries","floor":13.0,"turns":7.0},{"damage":14.0,"enemies":"Large Slime","floor":14.0,"turns":5.0},{"damage":11.0,"enemies":"Slime Boss","floor":16.0,"turns":11.0},{"damage":3.0,"enemies":"Shell Parasite","floor":18.0,"turns":4.0},{"damage":0.0,"enemies":"Spheric Guardian","floor":21.0,"turns":3.0},{"damage":6.0,"enemies":"3 Cultists","floor":22.0,"turns":4.0},{"damage":13,"enemies":"Slavers","floor":23,"turns":5},{"damage":17,"enemies":"Snake Plant","floor":25,"turns":6},{"damage":4,"enemies":"Shelled Parasite and Fungi","floor":27,"turns":8},{"damage":5,"enemies":"Book of Stabbing","floor":28,"turns":4},{"damage":3,"enemies":"Centurion and Healer","floor":31,"turns":4},{"damage":47,"enemies":"Collector","floor":33,"turns":6},{"damage":0,"enemies":"3 Shapes","floor":35,"turns":11},{"damage":0,"enemies":"Mind Bloom Boss Battle","floor":36,"turns":3},{"damage":0,"enemies":"Orb Walker","floor":37,"turns":4},{"damage":6,"enemies":"Jaw Worm Horde","floor":39,"turns":5},{"damage":10,"enemies":"Nemesis","floor":41,"turns":5},{"damage":0,"enemies":"4 Shapes","floor":42,"turns":5},{"damage":0,"enemies":"Writhing Mass","floor":45,"turns":5},{"damage":7,"enemies":"Reptomancer","floor":47,"turns":6},{"damage":0,"enemies":"Transient","floor":48,"turns":5},{"damage":62,"enemies":"Awakened One","floor":50,"turns":20},{"damage":24,"enemies":"Shield and Spear","floor":54,"turns":8},{"damage":108,"enemies":"The Heart","floor":55,"turns":8}],"seed_played":"3622995586948078818","potions_obtained":[{"floor":3.0,"key":"potionbrewer:BoundlessPotion"},{"floor":10.0,"key":"Fire Potion"},{"floor":12.0,"key":"CultistPotion"},{"floor":21.0,"key":"SmokeBomb"},{"floor":22.0,"key":"Swift Potion"},{"floor":31,"key":"Fire Potion"},{"floor":33,"key":"Explosive Potion"},{"floor":35,"key":"potionbrewer:InfectionPotion"},{"floor":36,"key":"potionbrewer:NoxiousPotion"},{"floor":41,"key":"ColorlessPotion"}],"is_trial":false,"path_per_floor":["M","?","M","?","?","R","M","R","T","E","$","M","E","M","R","B",null,"M","?","?","M","M","E","R","M","T","M","E","$","?","M","R","B",null,"M","?","M","?","M","R","E","M","T","R","M","$","E","M","R","B",null,"R","$","E","B"],"character_chosen":"THE_SENSHI","items_purchased":["theSenshi:TiaraRelic","Flash of Steel","theSenshi:RedHairPiecesRelic","reliquary:Aerogel","Bag of Preparation","Medical Kit","FearPotion","theSenshi:Sidestep"],"campfire_rested":1,"item_purchase_floors":[11,11,29,29,46,46,46,53],"current_hp_per_floor":[82,82,79,79,79,79,67,67,67,45,45,38,11,7,31,30,82,79,79,79,82,76,63,63,56,56,62,57,57,41,48,48,6,82,82,82,82,82,82,82,72,82,82,82,82,82,75,80,80,82,82,82,82,82,0,0],"gold":35,"neow_bonus":"TEN_PERCENT_HP_BONUS","is_daily":false,"chose_seed":false,"campfire_upgraded":2,"win_rate":0.0,"timestamp":1612806540,"path_taken":["M","?","M","?","?","R","M","R","T","E","$","?","E","M","R","BOSS","M","?","?","?","M","E","R","M","T","M","E","$","?","M","R","BOSS","M","?","M","?","?","R","E","M","T","R","M","$","E","M","R","BOSS","R","$","E","BOSS"],"items_purchased_type":["Relic","Card","Relic","Relic","Relic","Relic","Potion","Card"],"build_version":"2020-12-22","purchased_purges":3,"victory":false,"max_hp_per_floor":[82,82,82,82,82,82,82,82,82,82,82,82,82,82,82,82,82,82,82,82,82,82,82,82,82,82,82,82,82,82,82,82,82,82,82,82,82,82,82,82,82,82,82,82,82,82,82,82,82,82,82,82,82,82,82,82],"card_choices":[{"not_picked":["theSenshi:LunasBite","theSenshi:SailorVenusAssists"],"picked":"theSenshi:MoonKick","floor":1.0},{"not_picked":["theSenshi:TuxedoSmokingBomber","theSenshi:MoonTwilightFlash"],"picked":"theSenshi:MoonPunch","floor":3.0},{"not_picked":["theSenshi:LunasBite","theSenshi:SailorPlutoAssists"],"picked":"theSenshi:LateForSchool","floor":7.0},{"not_picked":["theSenshi:HesSoDreamy","theSenshi:SailorMercuryAssists","theSenshi:SailorMarsAssists"],"picked":"SKIP","floor":10.0},{"not_picked":["theSenshi:MoonsReflection","theSenshi:MoonKick"],"picked":"theSenshi:MoonPrincessHalation","floor":12.0},{"not_picked":["theSenshi:SailorUranusAssists","theSenshi:TallSilhouette"],"picked":"theSenshi:ChibiMoonsLove","floor":13.0},{"not_picked":["theSenshi:UranusStrength","theSenshi:LateForSchool"],"picked":"theSenshi:KlutzyLuck","floor":14.0},{"not_picked":["theSenshi:SilverMoonCrystalPowerKiss","theSenshi:FatedKiss"],"picked":"theSenshi:SailorCosmosAssists","floor":16.0},{"not_picked":["theSenshi:MoonsReflection+1","theSenshi:SupersonicWaves+1"],"picked":"theSenshi:MoonTiaraMagic+1","floor":18.0},{"not_picked":["theSenshi:SupersonicWaves+1","theSenshi:SteeledNerves"],"picked":"theSenshi:InTheNickOfTime+1","floor":21.0},{"not_picked":["theSenshi:OdangoHead","theSenshi:Sidestep","theSenshi:LunasBite"],"picked":"SKIP","floor":22.0},{"not_picked":["theSenshi:SailorUranusAssists+1","theSenshi:MoonKick","theSenshi:SailorStarFighterAssists"],"picked":"SKIP","floor":23},{"not_picked":["theSenshi:MoonsReflection","theSenshi:SailorMarsAssists"],"picked":"theSenshi:LateForSchool+1","floor":25},{"not_picked":["theSenshi:MoonsReflection","theSenshi:EncouragingSpeech"],"picked":"theSenshi:MoonCosmicPowerMakeUp","floor":27},{"not_picked":["theSenshi:SupersonicWaves","theSenshi:SaturnsMystery","theSenshi:MoonTiaraMagic"],"picked":"SKIP","floor":28},{"not_picked":["theSenshi:HesSoDreamy","theSenshi:SailorMercuryAssists"],"picked":"theSenshi:SailorStarHealerAssists","floor":31},{"not_picked":["theSenshi:InTheNameOfTheMoon","theSenshi:MoonGorgeousMeditation"],"picked":"theSenshi:SailorCosmosAssists","floor":33},{"not_picked":["theSenshi:SaturnsMystery+1","theSenshi:MoonsReflection+1"],"picked":"theSenshi:MoonCrystalPowerMakeUp","floor":35},{"not_picked":["theSenshi:SailorMercuryAssists","theSenshi:CrisisMakeUp"],"picked":"theSenshi:MercurysCunning+1","floor":36},{"not_picked":["theSenshi:MoonPrincessHalation","theSenshi:MoonsReflection"],"picked":"theSenshi:MoonHealingEscalation+1","floor":37},{"not_picked":["theSenshi:MoonTiaraMagic+1","theSenshi:Sidestep+1"],"picked":"theSenshi:SailorChibiMoonAssists+1","floor":39},{"not_picked":["theSenshi:GatheringStrength","theSenshi:MoonsReflection"],"picked":"theSenshi:DramaticEntrance+1","floor":41},{"not_picked":["theSenshi:MoonTiaraMagic","theSenshi:MoonsReflection"],"picked":"theSenshi:SailorV+1","floor":42},{"not_picked":["theSenshi:MoonsReflection+1","theSenshi:LunaWiseMentor","theSenshi:LunasBite+1"],"picked":"SKIP","floor":45},{"not_picked":["theSenshi:MoonPrincessHalation","theSenshi:SupersonicWaves"],"picked":"theSenshi:MoonHealingEscalation+1","floor":47},{"not_picked":["theSenshi:SailorNeptuneAssists+1","theSenshi:MoonKick"],"picked":"theSenshi:LateForSchool","floor":48},{"not_picked":["theSenshi:SailorV+1","theSenshi:LunasBite+1"],"picked":"theSenshi:TallSilhouette+1","floor":54}],"player_experience":168962,"relics_obtained":[{"floor":9.0,"key":"Old Coin"},{"floor":10.0,"key":"Boot"},{"floor":13.0,"key":"reliquary:HotPoker"},{"floor":23,"key":"Oddly Smooth Stone"},{"floor":26,"key":"Shovel"},{"floor":28,"key":"reliquary:Firecrackers"},{"floor":30,"key":"Necronomicon"},{"floor":32,"key":"Bottled Lightning"},{"floor":36,"key":"Gambling Chip"},{"floor":40,"key":"Bottled Tornado"},{"floor":41,"key":"CaptainsWheel"},{"floor":44,"key":"Whetstone"},{"floor":47,"key":"reliquary:SculptingSteel"},{"floor":49,"key":"potionbrewer:AlchemistFlask"},{"floor":52,"key":"potionbrewer:BottledElixir"},{"floor":54,"key":"Shuriken"}],"event_choices":[{"damage_healed":0.0,"max_hp_gain":0.0,"max_hp_loss":0.0,"gold_gain":0.0,"event_name":"Big Fish","player_choice":"Box","floor":2.0,"gold_loss":0.0,"damage_taken":0.0,"relics_obtained":["theSenshi:CutieMoonRodRelic"],"cards_obtained":["Regret"]},{"damage_healed":0.0,"max_hp_gain":0.0,"max_hp_loss":0.0,"gold_gain":0.0,"event_name":"Golden Idol","player_choice":"Take Wound","floor":4.0,"gold_loss":0.0,"damage_taken":0.0,"relics_obtained":["Golden Idol"],"cards_obtained":["Injury"]},{"cards_removed":["Regret"],"damage_healed":0.0,"max_hp_gain":0.0,"max_hp_loss":0.0,"gold_gain":0.0,"event_name":"Living Wall","player_choice":"Forget","floor":5.0,"gold_loss":0.0,"damage_taken":0.0},{"damage_healed":0.0,"max_hp_gain":0.0,"max_hp_loss":0.0,"gold_gain":0.0,"event_name":"Drug Dealer","player_choice":"Inject Mutagens","floor":19.0,"gold_loss":0.0,"damage_taken":0.0,"relics_obtained":["MutagenicStrength"]},{"damage_healed":0.0,"max_hp_gain":0.0,"max_hp_loss":0.0,"gold_gain":0.0,"event_name":"Ghosts","player_choice":"Ignored","floor":20.0,"gold_loss":0.0,"damage_taken":0.0},{"damage_healed":0,"gold_gain":0,"player_choice":"Obtained Book","damage_taken":16,"max_hp_gain":0,"max_hp_loss":0,"event_name":"Cursed Tome","floor":30,"gold_loss":0},{"damage_healed":0,"gold_gain":0,"player_choice":"Fight","damage_taken":0,"max_hp_gain":0,"max_hp_loss":0,"event_name":"MindBloom","floor":36,"gold_loss":0},{"cards_removed":["theSenshi:SailorKick"],"damage_healed":0,"gold_gain":0,"player_choice":"Removed Attack","damage_taken":0,"max_hp_gain":0,"max_hp_loss":0,"event_name":"Falling","floor":38,"gold_loss":0}],"is_beta":false,"boss_relics":[{"not_picked":["Snecko Eye","Pandora\u0027s Box"],"picked":"Fusion Hammer"},{"not_picked":["reliquary:WritOfMandamus","Busted Crown"],"picked":"reliquary:RedPaperclip"}],"items_purged_floors":[11,29,46],"is_endless":false,"potions_floor_spawned":[3,10,12,21,22,31,33,35,36,37,41],"killed_by":"The Heart","ascension_level":0}}