{"host":"0u8wq8q0l49hd262","time":1612788039,"event":{"mods":["2.2 Compatiblity","AchievementEnabler","Act Like it!","BaseMod","Better Note","Better Third Choice","Block Reminder","Colored Map","Colored Powertips","GifTheSpireLib","Highlight Path","Minty Spire (QoL Compilation)","Pale of the Ancients","Permanent Neow","Quick Restart","Rare Cards Sparkle","Relic Sorter","Relic Stats","StSLib","Transform Curses","egg","everything is the same but u backflip on backflip"],"gold_per_floor":[119,137,137,87,87,87,107,107,154,182,199,226,45,60,60,165,165,182,182,198,123,140,140,174,74,74,99,119,119,134,154,154,254,254,294,335,245,258,110,110,137,137,210,227,267,302,321,48,48,48,59,75,75,75,75,75,75,75,99,99],"floor_reached":0,"language":"ENG","playtime":4960,"items_purged":["Defend_P","Strike_P","LessonLearned+1"],"score":580,"play_id":"992d5ff3-396a-41b2-8fa4-edc16248a926","local_time":"20210208134039","is_ascension_mode":true,"campfire_choices":[{"data":"MentalFortress","floor":6.0,"key":"SMITH"},{"data":"Eruption","floor":8.0,"key":"SMITH"},{"data":"Tantrum","floor":15.0,"key":"SMITH"},{"data":"LikeWater","floor":23.0,"key":"SMITH"},{"floor":29.0,"key":"REST"},{"floor":32.0,"key":"REST"},{"floor":40.0,"key":"REST"},{"floor":42.0,"key":"RECALL"},{"floor":49.0,"key":"REST"},{"data":"Fasting2","floor":55.0,"key":"SMITH"},{"floor":57.0,"key":"REST"}],"circlet_count":0,"master_deck":["Vigilance","Eruption","Defend_P","Defend_P","Defend_P","Defend_P","Strike_P","Strike_P","Strike_P","Strike_P"],"relics":["PureWater","paleoftheancients:Timepiece"],"acts_visited":["Exordium","TheCity","TheBeyond","TheBeyond"],"potions_floor_usage":[],"damage_taken":[{"damage":8.0,"enemies":"2 Louse","floor":1.0,"turns":3.0},{"damage":4.0,"enemies":"Jaw Worm","floor":2.0,"turns":4.0},{"damage":0.0,"enemies":"Cultist","floor":7.0,"turns":3.0},{"damage":1.0,"enemies":"Lagavulin","floor":10.0,"turns":7.0},{"damage":6.0,"enemies":"Exordium Thugs","floor":11.0,"turns":4.0},{"damage":26.0,"enemies":"Gremlin Nob","floor":12.0,"turns":3.0},{"damage":0.0,"enemies":"Red Slaver","floor":14.0,"turns":2.0},{"damage":0.0,"enemies":"The Guardian","floor":16.0,"turns":9.0},{"damage":8.0,"enemies":"2 Thieves","floor":18.0,"turns":4.0},{"damage":0.0,"enemies":"Shell Parasite","floor":20.0,"turns":4.0},{"damage":9.0,"enemies":"Centurion and Healer","floor":22.0,"turns":3.0},{"damage":8.0,"enemies":"Gremlin Leader","floor":24.0,"turns":4.0},{"damage":4.0,"enemies":"Slavers","floor":27.0,"turns":3.0},{"damage":0.0,"enemies":"Cultist and Chosen","floor":28.0,"turns":4.0},{"damage":0.0,"enemies":"Snecko","floor":30.0,"turns":2.0},{"damage":31.0,"enemies":"Shelled Parasite and Fungi","floor":31.0,"turns":3.0},{"damage":0.0,"enemies":"Champ","floor":33.0,"turns":8.0},{"damage":31.0,"enemies":"3 Darklings","floor":35.0,"turns":4.0},{"damage":0.0,"enemies":"Orb Walker","floor":36.0,"turns":3.0},{"damage":0.0,"enemies":"Spire Growth","floor":38.0,"turns":4.0},{"damage":1.0,"enemies":"Reptomancer","floor":41.0,"turns":4.0},{"damage":19.0,"enemies":"4 Shapes","floor":44.0,"turns":3.0},{"damage":0.0,"enemies":"3 Darklings","floor":45.0,"turns":5.0},{"damage":26.0,"enemies":"Nemesis","floor":46.0,"turns":3.0},{"damage":4.0,"enemies":"Spire Growth","floor":47.0,"turns":3.0},{"damage":0.0,"enemies":"Awakened One","floor":50.0,"turns":6.0},{"damage":0.0,"enemies":"Awakened One","floor":51.0,"turns":4.0},{"damage":0.0,"enemies":"Awakened One","floor":52.0,"turns":3.0},{"damage":392.0,"enemies":"Awakened One","floor":56.0,"turns":2.0}],"seed_played":"2986139984672383409","potions_obtained":[{"floor":1.0,"key":"SneckoOil"},{"floor":2.0,"key":"Fire Potion"},{"floor":12.0,"key":"GamblersBrew"},{"floor":16.0,"key":"SneckoOil"},{"floor":20.0,"key":"StancePotion"},{"floor":30.0,"key":"PowerPotion"},{"floor":38.0,"key":"FearPotion"},{"floor":41.0,"key":"Fruit Juice"},{"floor":45.0,"key":"SteroidPotion"}],"is_trial":false,"path_per_floor":["M","M","?","?","?","R","M","R","T","E","M","E","$","M","R","B",null,"M","?","M","?","M","R","E","$","T","E","M","R","M","M","R","B",null,"M","M","?","M","$","R","E","R","T","M","M","E","M","$","R","B","M","M","?","$","R","M","R","T","?"],"character_chosen":"WATCHER","items_purchased":["Adaptation","Tantrum","Frozen Eye","Chemical X"],"campfire_rested":5,"item_purchase_floors":[13,13,39,48],"current_hp_per_floor":[64,60,65,65,65,65,65,65,65,64,58,32,32,32,32,32,77,69,69,69,69,60,60,52,52,52,48,48,71,71,40,63,63,77,46,46,46,46,46,69,73,73,73,54,54,28,24,24,48,82,82,82,92,92,92,92,92,92,0,0],"gold":99,"neow_bonus":"REMOVE_CARD","is_daily":false,"chose_seed":false,"campfire_upgraded":5,"win_rate":0.0,"timestamp":1612788039,"path_taken":["M","M","?","?","?","R","M","R","T","E","?","E","?","M","R","BOSS","M","?","M","?","M","R","E","$","T","E","M","R","M","M","R","BOSS","M","M","?","?","?","R","E","R","T","M","M","E","M","$","R","BOSS","M","M","?","$","R","M","R","T","?"],"items_purchased_type":["Card","Card","Relic","Relic"],"build_version":"2020-12-22","purchased_purges":3,"victory":false,"max_hp_per_floor":[72,72,77,77,77,77,77,77,77,77,77,77,77,77,77,77,77,77,77,77,77,77,77,77,77,77,77,77,77,77,77,77,77,77,77,77,77,77,77,77,82,82,82,82,82,82,82,82,82,82,82,82,92,92,92,92,92,92,72,72],"relic_stats":{"counters":[29,114],"obtain_stats":[{"paleoftheancients:KeyRelic":50,"Calipers":24,"Happy Flower":9,"Gremlin Horn":50,"Damaru":46,"Oddly Smooth Stone":50,"Pen Nib":41,"TeardropLocket":43,"Boot":27,"Empty Cage":34,"paleoftheancients:Timepiece":50,"Sozu":50,"Frozen Eye":39,"Anchor":12,"Mummified Hand":10,"Pantograph":58,"Kunai":26,"Chemical X":48,"PureWater":0,"Runic Pyramid":17,"paleoftheancients:SoulOfTheIroncluck":51},{"paleoftheancients:KeyRelic":26,"Calipers":12,"Happy Flower":3,"Gremlin Horn":26,"Damaru":24,"Oddly Smooth Stone":26,"Pen Nib":21,"TeardropLocket":21,"Boot":13,"Empty Cage":17,"paleoftheancients:Timepiece":26,"Sozu":26,"Frozen Eye":20,"Anchor":6,"Mummified Hand":4,"Pantograph":29,"Kunai":12,"Chemical X":25,"PureWater":0,"Runic Pyramid":8,"paleoftheancients:SoulOfTheIroncluck":27},{"paleoftheancients:KeyRelic":105,"Calipers":50,"Happy Flower":10,"Gremlin Horn":105,"Damaru":96,"Oddly Smooth Stone":105,"Pen Nib":85,"TeardropLocket":85,"Boot":53,"Empty Cage":70,"paleoftheancients:Timepiece":105,"Sozu":105,"Frozen Eye":81,"Anchor":24,"Mummified Hand":17,"Pantograph":114,"Kunai":50,"Chemical X":99,"PureWater":0,"Runic Pyramid":35,"paleoftheancients:SoulOfTheIroncluck":109}]},"card_choices":[{"not_picked":["Pray","ForeignInfluence"],"picked":"Wireheading","floor":1.0},{"not_picked":["Worship","ForeignInfluence"],"picked":"MentalFortress","floor":2.0},{"not_picked":["Wireheading","Evaluate","JustLucky"],"picked":"SKIP","floor":7.0},{"not_picked":["Scrawl","BowlingBash"],"picked":"LikeWater","floor":10.0},{"not_picked":["SashWhip","ThirdEye"],"picked":"CutThroughFate","floor":11.0},{"not_picked":["EmptyBody","Indignation"],"picked":"InnerPeace","floor":12.0},{"not_picked":["CrushJoints","JustLucky"],"picked":"EmptyBody","floor":14.0},{"not_picked":["ConjureBlade","Brilliance"],"picked":"LessonLearned","floor":16.0},{"not_picked":["EmptyFist","SashWhip"],"picked":"FearNoEvil","floor":18.0},{"not_picked":["BattleHymn","Crescendo","Protect"],"picked":"SKIP","floor":20.0},{"not_picked":["Crescendo","ClearTheMind+1"],"picked":"Consecrate+1","floor":22.0},{"not_picked":["FlyingSleeves","SashWhip"],"picked":"ConjureBlade","floor":24.0},{"not_picked":["Protect+1","ClearTheMind","EmptyFist"],"picked":"SKIP","floor":27.0},{"not_picked":["EmptyFist","CarveReality","Consecrate"],"picked":"SKIP","floor":28.0},{"not_picked":["Crescendo","Halt","FearNoEvil"],"picked":"SKIP","floor":30.0},{"not_picked":["Prostrate","WreathOfFlame"],"picked":"CrushJoints","floor":31.0},{"not_picked":["Vault","Ragnarok"],"picked":"Wish","floor":33.0},{"not_picked":["Evaluate","Consecrate+1","Crescendo"],"picked":"SKIP","floor":35.0},{"not_picked":["Swivel+1","Prostrate"],"picked":"Wallop+1","floor":36.0},{"not_picked":["Indignation+1","Protect","FlyingSleeves"],"picked":"SKIP","floor":38.0},{"not_picked":["Meditate","Conclude+1"],"picked":"FollowUp+1","floor":41.0},{"not_picked":["CarveReality+1","Vengeance"],"picked":"FlurryOfBlows+1","floor":44.0},{"not_picked":["ConjureBlade","Evaluate","FlyingSleeves+1"],"picked":"SKIP","floor":45.0},{"not_picked":["Fasting2+1","Crescendo+1","Consecrate+1"],"picked":"SKIP","floor":46.0},{"not_picked":["BowlingBash","WreathOfFlame","Conclude"],"picked":"SKIP","floor":47.0},{"not_picked":["WreathOfFlame+1","BowlingBash+1","PathToVictory"],"picked":"SKIP","floor":51.0},{"not_picked":["Scrawl","FlurryOfBlows+1"],"picked":"Fasting2","floor":52.0}],"player_experience":389098,"relics_obtained":[{"floor":9.0,"key":"Happy Flower"},{"floor":10.0,"key":"Mummified Hand"},{"floor":12.0,"key":"Anchor"},{"floor":24.0,"key":"Calipers"},{"floor":26.0,"key":"Kunai"},{"floor":27.0,"key":"Boot"},{"floor":41.0,"key":"Pen Nib"},{"floor":43.0,"key":"TeardropLocket"},{"floor":46.0,"key":"Damaru"},{"floor":51.0,"key":"paleoftheancients:SoulOfTheIroncluck"},{"floor":58,"key":"Pantograph"}],"event_choices":[{"damage_healed":0.0,"max_hp_gain":5.0,"max_hp_loss":0.0,"gold_gain":0.0,"event_name":"Big Fish","player_choice":"Donut","floor":3.0,"gold_loss":0.0,"damage_taken":0.0},{"cards_removed":["Strike_P"],"damage_healed":0.0,"max_hp_gain":0.0,"max_hp_loss":0.0,"gold_gain":0.0,"event_name":"The Cleric","player_choice":"Card Removal","floor":4.0,"gold_loss":50.0,"damage_taken":0.0},{"cards_removed":["Defend_P"],"damage_healed":0.0,"max_hp_gain":0.0,"max_hp_loss":0.0,"gold_gain":0.0,"event_name":"Purifier","player_choice":"Purged","floor":5.0,"gold_loss":0.0,"damage_taken":0.0},{"damage_healed":0.0,"max_hp_gain":0.0,"max_hp_loss":0.0,"gold_gain":0.0,"event_name":"Vampires","player_choice":"Ignored","floor":19.0,"gold_loss":0.0,"damage_taken":0.0},{"cards_removed":["Strike_P"],"damage_healed":0.0,"max_hp_gain":0.0,"max_hp_loss":0.0,"gold_gain":0.0,"event_name":"Beggar","player_choice":"Gave Gold","floor":21.0,"gold_loss":75.0,"damage_taken":0.0},{"cards_removed":["CrushJoints"],"damage_healed":0.0,"max_hp_gain":0.0,"max_hp_loss":0.0,"gold_gain":0.0,"event_name":"Designer","player_choice":"Upgrade and Remove","floor":37.0,"gold_loss":90.0,"damage_taken":0.0,"cards_upgraded":["Wish"]},{"cards_removed":["Wish"],"damage_healed":0.0,"max_hp_gain":10.0,"max_hp_loss":0.0,"gold_gain":0.0,"event_name":"Bonfire Elementals","player_choice":"Offered Rare","floor":53.0,"gold_loss":0.0,"damage_taken":0.0}],"is_beta":false,"boss_relics":[{"not_picked":["Black Star","Coffee Dripper"],"picked":"Runic Pyramid"},{"not_picked":["Astrolabe","Calling Bell"],"picked":"Empty Cage"}],"items_purged_floors":[13,25,48],"is_endless":false,"potions_floor_spawned":[1,2,12,16,20,22,24,30,38,41,45,47,51],"ascension_level":4}}