{"host":"roqoyek1hn7n931r","time":1612818709,"event":{"mods":["A Magickal Journey","Act Like it!","Arknights","Aspiration","BaseMod","CapriCore","Colored Map","Colored Powertips","Conspire","Downfall","Duelist Mod","GifTheSpireLib","Hermit","Hubris","Infinite Spire","Jorbs\u0027s Wanderer Trilogy","Koishi","Marisa????????","Minty Spire (QoL Compilation)","READ ME - Guardian Mod","READ ME - Snecko Mod","Reliquary","Remilia??????","Replay The Spire","Shade Mod","Shop Mod","StSLib","The Alterego","The Animator","The Bug Knight","The Cursed","The Disciple","The Forsaken","The Gatherer","The Hierophant","The Marked","The Mystic","The Necromancer","The Runesmith","The Servant 0.9.4","TheVacant"],"gold_per_floor":[99,113,26,44,62,62,62,47,57,77,89,74,74,74,91,188,188,188,199,210,210,225,225,225,225,185,185,185,218,231,241,252,252,252],"floor_reached":33,"language":"ENG","playtime":4580,"items_purged":[],"score":261,"play_id":"2703aeaa-7e31-4db1-9713-1097a491b3a6","local_time":"20210208221149","is_ascension_mode":false,"campfire_choices":[{"data":"RedMoon","floor":1,"key":"SMITH"},{"data":"DemonKingCradle","floor":13,"key":"SMITH"},{"data":"QueenOfMidnight","floor":18,"key":"SMITH"},{"data":"TwelveNightmare","floor":23,"key":"SMITH"},{"data":"ScarletDream","floor":25,"key":"SMITH"},{"data":"StarOfDavid","floor":27,"key":"SMITH"}],"circlet_count":0,"master_deck":["Strike_RM+1","Strike_RM+1","Strike_RM+1","Strike_RM+1","Defend_RM","Defend_RM","Defend_RM","RedMoon+1","ScarletShoot","CharismaGuard+1","EndlessAdversity","DemonKingCradle+1","StarOfDavid","BombardNight","EternalNight","TwelveNightmare+1","RedRainbow","Stigmanizer","RedRainbow","QueenOfMidnight+1","ScarletDream+1","ChainGang","UltimateOffering","StarOfDavid+1","BombardNight","VampirishNight","ScarletCoffin","DiffusionOfMisfortune"],"relics":["ScarletHat","Replay:Bottled Eggs","Ring of Chaos","infinitespire:Beetle Shell","theForsaken:ScaryMask","ClockworkSouvenir","alterego_mod:SomeoneToFightFor","reliquary:PartyBalloon"],"acts_visited":["Exordium","TheCity"],"potions_floor_usage":[8,12,12,12,20,26,26,29,33],"damage_taken":[{"damage":0,"enemies":"Jaw Worm","floor":2,"turns":4},{"damage":0,"enemies":"downfall:FleeingMerchant","floor":3,"turns":4},{"damage":2,"enemies":"Cultist","floor":4,"turns":4},{"damage":3,"enemies":"Small Slimes","floor":5,"turns":4},{"damage":0,"enemies":"downfall:FleeingMerchant","floor":8,"turns":4},{"damage":8,"enemies":"Red Slaver","floor":9,"turns":3},{"damage":10,"enemies":"Large Slime","floor":10,"turns":5},{"damage":1,"enemies":"Exordium Wildlife","floor":11,"turns":3},{"damage":4,"enemies":"downfall:FleeingMerchant","floor":12,"turns":4},{"damage":24,"enemies":"Exordium Thugs","floor":15,"turns":3},{"damage":33,"enemies":"IC_STATUS_ARCHETYPE","floor":16,"turns":8},{"damage":63,"enemies":"Chosen","floor":19,"turns":4},{"damage":20,"enemies":"3 Byrds","floor":20,"turns":5},{"damage":23,"enemies":"Sentry and Sphere","floor":22,"turns":6},{"damage":18,"enemies":"downfall:FleeingMerchant","floor":26,"turns":4},{"damage":29,"enemies":"Nightmare","floor":29,"turns":6},{"damage":8,"enemies":"3 Cultists","floor":30,"turns":3},{"damage":0,"enemies":"Snecko","floor":31,"turns":3},{"damage":8,"enemies":"Shelled Parasite and Fungi","floor":32,"turns":4},{"damage":82,"enemies":"DF_ARCHETYPE_CLAW","floor":33,"turns":6}],"seed_played":"-1007543509297687433","potions_obtained":[{"floor":2,"key":"DuplicationPotion"},{"floor":4,"key":"SteroidPotion"},{"floor":5,"key":"Weak Potion"},{"floor":10,"key":"AttackPotion"},{"floor":16,"key":"Explosive Potion"},{"floor":19,"key":"champ:CounterPotion"},{"floor":22,"key":"SkillPotion"},{"floor":22,"key":"DistilledChaos"},{"floor":32,"key":"hexamod:SoulburnPotion"}],"is_trial":false,"path_per_floor":["R","M","$","M","M","?","T","$","M","M","M","$","R","?","M","B",null,"R_BF","M","M","?","M","R","T","R","$","R","?","NM","M","M","M","B"],"character_chosen":"REMILIA","items_purchased":["DemonKingCradle","theForsaken:ScaryMask","ClockworkSouvenir"],"campfire_rested":0,"item_purchase_floors":[3,26,26],"current_hp_per_floor":[82,82,82,80,77,77,77,80,72,67,66,63,63,63,60,29,82,82,79,64,64,46,46,46,46,40,40,40,18,31,40,51,0,0],"gold":252,"neow_bonus":"TEN_PERCENT_HP_BONUS","is_daily":false,"chose_seed":false,"campfire_upgraded":6,"win_rate":0.0,"timestamp":1612818709,"path_taken":["R","M","$","M","M","?","T","?","M","M","M","$","R","?","M","BOSS","R_BF","M","M","?","M","R","T","R","$","R","?","NM","?","M","M","BOSS"],"items_purchased_type":["Card","Relic","Relic"],"build_version":"2020-12-22","purchased_purges":0,"victory":false,"max_hp_per_floor":[82,82,82,82,82,82,82,82,82,82,82,82,82,82,82,82,82,82,82,82,82,82,82,82,82,82,82,82,82,82,82,82,82,82],"card_choices":[{"not_picked":["ChainGang","UnderTheZenith"],"picked":"CharismaGuard","floor":2},{"not_picked":["ScarletDevil","UnderTheZenith"],"picked":"EndlessAdversity","floor":3},{"not_picked":["ScarletImprint","NightDance"],"picked":"StarOfDavid","floor":4},{"not_picked":["RedMagic","VampireSweep"],"picked":"BombardNight","floor":5},{"not_picked":["TransientEternity","CharismaGuard"],"picked":"EternalNight","floor":8},{"not_picked":["ReincarnationDial","RedNightlessCastle"],"picked":"TwelveNightmare","floor":9},{"not_picked":["VampireKiss","NightLord"],"picked":"RedRainbow","floor":10},{"not_picked":["ScarletImprint","EndlessAdversity","VampireSweep"],"picked":"SKIP","floor":11},{"not_picked":["BloodHunter","BombardNight"],"picked":"Stigmanizer","floor":12},{"not_picked":["ScarletDevil","VampireKiss"],"picked":"RedRainbow","floor":15},{"not_picked":["TricksterDevil","HellCatastrophe"],"picked":"QueenOfMidnight","floor":16},{"not_picked":["FavorOfDestiny","VampireKiss+1"],"picked":"ScarletDream","floor":19},{"not_picked":["CharismaGuard+1","NightLord","FavorOfDestiny"],"picked":"SKIP","floor":20},{"not_picked":["ScarletMeister","UnderTheZenith"],"picked":"UltimateOffering","floor":22},{"not_picked":["RedRainbow","MastersStateliness"],"picked":"StarOfDavid","floor":26},{"not_picked":["EndlessAdversity","Maim"],"picked":"BombardNight","floor":29},{"not_picked":["HunterOfTheNight+1","ScarletDevil+1"],"picked":"VampirishNight","floor":30},{"not_picked":["DiffusionOfMisfortune","UnderTheZenith"],"picked":"ScarletCoffin","floor":31},{"not_picked":["EternalNight","Stigmanizer"],"picked":"DiffusionOfMisfortune","floor":32}],"player_experience":117084,"relics_obtained":[{"floor":7,"key":"Replay:Bottled Eggs"},{"floor":24,"key":"infinitespire:Beetle Shell"},{"floor":29,"key":"reliquary:PartyBalloon"}],"event_choices":[{"cards_removed":["Defend_RM"],"damage_healed":0,"gold_gain":0,"player_choice":"Offered Basic","damage_taken":0,"max_hp_gain":0,"max_hp_loss":0,"event_name":"Bonfire Elementals","floor":6,"gold_loss":0},{"damage_healed":0,"gold_gain":0,"player_choice":"Read","damage_taken":0,"max_hp_gain":0,"max_hp_loss":0,"event_name":"The Library","floor":21,"gold_loss":0,"cards_obtained":["ChainGang"]},{"damage_healed":0,"gold_gain":0,"player_choice":"Choice 2","damage_taken":0,"relics_obtained":["alterego_mod:SomeoneToFightFor"],"max_hp_gain":0,"max_hp_loss":0,"event_name":"Secret Garden","floor":28,"gold_loss":0}],"is_beta":false,"boss_relics":[{"not_picked":["infinitespire:Cupcake","Replay:Wanted Poster"],"picked":"Ring of Chaos"}],"items_purged_floors":[],"is_endless":true,"potions_floor_spawned":[2,4,5,10,11,16,19,22,32],"killed_by":"DF_ARCHETYPE_CLAW","ascension_level":0}}