{"host":"Ringo","time":1612797467,"event":{"mods":["BaseMod","Colored Map","Conspire","Dota2Spire","Hubris","Minty Spire (QoL Compilation)","Replay The Spire","StSLib","The Construct","[IsaacMod]ÒÔÈö¼âËþ","¡¾ÒÅÎï¿¨ÅÆ¡¿REMEMod"],"gold_per_floor":[112,126,144,160,160,195,225,251,251,286,315,376,408,433,433,451,66,66,81,94,119,153,182,235,267,277,303,316,347,347,422,422,442,454,474,85,99,134,134,160,160,187,215,248,274,308,308,324,339,339,339,122,152,186,211,261,261,261,293,193,219,219,219,219],"floor_reached":52,"language":"ZHS","playtime":1692,"items_purged":["Armaments","Writhe"],"score":3915,"play_id":"bbd0497f-a615-4342-a605-6a4ed8334662","local_time":"20210208231747","daily_mods":["SealedDeck","Vintage","Red Cards","Purple Cards","Colorless Cards","Heirloom","Time Dilation","Flight","DeadlyEvents","Elite Swarm","Lethality","Binary"],"is_ascension_mode":true,"campfire_choices":[{"data":"Thunderclap","floor":15.0,"key":"SMITH"},{"data":"Replay:Vibes","floor":30,"key":"SMITH"},{"data":"Worship","floor":39,"key":"SMITH"},{"data":"Rage","floor":47,"key":"SMITH"},{"data":"Armaments","floor":44,"key":"SMITH"},{"data":"Armaments","floor":45,"key":"SMITH"},{"data":"Evaluate","floor":49,"key":"SMITH"}],"circlet_count":0,"master_deck":["AscendersBane","SashWhip","ReplayTheSpireMod:Corrosion Curse+1","FlyingSleeves","Pommel Strike+1","ThirdEye","CutThroughFate","Consecrate","Thunderclap+1","Flex","Replay:Undeath\u0027s Touch","Wireheading+1","Warcry","WreathOfFlame","Indignation","Worship+1","Clash","Cleave","Replay:ManipulateFuture","Evaluate+1","Replay:Vibes+1","FollowUp","Prostrate","Rage+1","Armaments+1","ReplayTheSpireMod:Stacked","Armaments+1","PathToVictory","Armaments"],"relics":["Burning Blood","Busted Crown","HushsDoor","REME_ComplimentaryCards","replay:Trail_Library","Dota2Spire:Butterfly","GuppysPaw","conspire:BottledYoYo","Dota2Spire:UrnOfShadows","Bottled Flame","Vajra","Centennial Puzzle","Dota2Spire:LotusOrb","Thread and Needle","Replay:Baseball","Darkstone Periapt","Dota2Spire:ArcaneBoots","hubris:TenFootPole","BookOfRevelations","replay:Trail_Library","Gambling Chip","Blood Vial","Happy Flower","Toolbox","hubris:CrystalStatue","Replay:Mystery Machine","Blue Doll","BookofShadows","Dota2Spire:EyeOfSkadi","Bronze Scales","hubris:OldNail","BelialBook","hubris:CuriousFeather","DoctorsRemote","Onion Ring","conspire:SpecialSausage","Incubus","AnarchistCookbook","Pet Ghost","hubris:IronBody","Pear","Replay:Wax Seal","The Courier","Dota2Spire:PhaseBoots","ReplayTheSpireMod:Shallot","Dota2Spire:Mjollnir","Oddly Smooth Stone","hubris:BundleOfHerbs","Chameleon Ring","MealTicket","Dota2Spire:EtherealBlade","Frozen Egg 2","Guide Book","Calipers","Self Forming Clay","Dota2Spire:CrimsonGuard","Dota2Spire:BladeMail","HornCleat","hubris:Metronome"],"acts_visited":["Exordium","TheCity"],"potions_floor_usage":[51,51],"damage_taken":[{"damage":0.0,"enemies":"Small Slimes","floor":1.0,"turns":2.0},{"damage":0.0,"enemies":"2 Louse","floor":2.0,"turns":1.0},{"damage":0.0,"enemies":"Cultist","floor":3.0,"turns":1.0},{"damage":0.0,"enemies":"3 Louse","floor":4.0,"turns":2.0},{"damage":0.0,"enemies":"Lagavulin","floor":6.0,"turns":1.0},{"damage":0.0,"enemies":"Gremlin Nob","floor":7.0,"turns":2.0},{"damage":0.0,"enemies":"3 Sentries","floor":8.0,"turns":2.0},{"damage":0.0,"enemies":"Lagavulin","floor":10.0,"turns":2.0},{"damage":0.0,"enemies":"3 Sentries","floor":11.0,"turns":2.0},{"damage":0.0,"enemies":"Lagavulin","floor":12.0,"turns":2.0},{"damage":0.0,"enemies":"3 Sentries","floor":13.0,"turns":2.0},{"damage":0.0,"enemies":"Gremlin Nob","floor":14.0,"turns":1.0},{"damage":0,"enemies":"Jaw Worm","floor":16,"turns":1},{"damage":0,"enemies":"2 Louse","floor":19,"turns":1},{"damage":0,"enemies":"Small Slimes","floor":20,"turns":1},{"damage":0,"enemies":"Lagavulin","floor":21,"turns":2},{"damage":0,"enemies":"Gremlin Nob","floor":22,"turns":1},{"damage":0,"enemies":"3 Sentries","floor":23,"turns":1},{"damage":0,"enemies":"Gremlin Nob","floor":25,"turns":1},{"damage":0,"enemies":"2 Fungi Beasts","floor":26,"turns":1},{"damage":0,"enemies":"Lagavulin","floor":27,"turns":2},{"damage":0,"enemies":"Lots of Slimes","floor":28,"turns":1},{"damage":0,"enemies":"Gremlin Nob","floor":29,"turns":1},{"damage":0,"enemies":"Slime Boss","floor":31,"turns":1},{"damage":0,"enemies":"conspire:FuzzyDice","floor":33,"turns":1},{"damage":0,"enemies":"Shell Parasite","floor":34,"turns":1},{"damage":0,"enemies":"Snake Plant","floor":35,"turns":1},{"damage":0,"enemies":"Shelled Parasite and Fungi","floor":37,"turns":1},{"damage":0,"enemies":"REME_1_Revenger","floor":38,"turns":1},{"damage":0,"enemies":"Replay:Snechameleon","floor":40,"turns":1},{"damage":0,"enemies":"REME_1_Revenger","floor":42,"turns":1},{"damage":0,"enemies":"Slavers","floor":43,"turns":1},{"damage":0,"enemies":"conspire:Head Lice","floor":44,"turns":2},{"damage":0,"enemies":"REME_1_Revenger","floor":45,"turns":1},{"damage":0,"enemies":"Book of Stabbing","floor":46,"turns":1},{"damage":0,"enemies":"Orb Walker","floor":35,"turns":1},{"damage":0,"enemies":"3 Shapes","floor":36,"turns":1},{"damage":0,"enemies":"R_Hoarder","floor":40,"turns":1},{"damage":0,"enemies":"Giant Head","floor":41,"turns":3},{"damage":0,"enemies":"R_Hoarder","floor":42,"turns":2},{"damage":0,"enemies":"Nemesis","floor":46,"turns":1},{"damage":0,"enemies":"Reptomancer","floor":48,"turns":1},{"damage":0,"enemies":"Time Eater","floor":50,"turns":1},{"damage":0,"enemies":"Awakened One","floor":51,"turns":3}],"seed_played":"660486366671325193","potions_obtained":[{"floor":2.0,"key":"LiquidMemories"},{"floor":7.0,"key":"Reflective Coating"},{"floor":10.0,"key":"Energy Potion"},{"floor":11.0,"key":"REME_GoldPotion"},{"floor":12.0,"key":"AttackPotion"}],"is_trial":true,"path_per_floor":["M","M","M","M","?","E","E","E","T","E","E","E","E","E","R","M","$","?","M","M","E","E","E","T","E","M","E","M","E","R","B",null,"M","M","M","$","M","E","R","E","T","E","E","E","E","E","R","M","M","?","?","$","E","E","E","T","R","R","E","NS","E","R","B","B",null],"character_chosen":"IRONCLAD","items_purchased":["Happy Flower","Toolbox","Prostrate","Incubus","Rage","Pear","Armaments","Guide Book"],"campfire_rested":0,"item_purchase_floors":[17,17,17,32,32,36,36,39],"current_hp_per_floor":[60,60,60,60,60,60,60,60,60,60,60,60,60,60,60,60,60,60,60,60,60,60,65,65,65,65,65,65,65,65,65,42,42,42,42,52,52,52,52,52,52,52,52,52,52,52,52,52,52,58,58,58,58,58,58,58,58,58,58,58,58,58,58,58],"gold":219,"neow_bonus":"","is_daily":false,"chose_seed":false,"campfire_upgraded":7,"win_rate":0.0,"timestamp":1612797467,"path_taken":["M","M","M","M","?","E","E","E","T","E","E","E","E","?","R","M","$","?","M","M","E","E","E","T","E","M","E","M","E","R","BOSS","M","M","M","$","M","E","R","E","T","E","E","E","E","E","R","M","M","?","?","$","E","E","?","T","R","R","E","NS","E","R","BOSS","BOSS"],"items_purchased_type":["Relic","Relic","Card","Relic","Card","Relic","Card","Relic"],"build_version":"2020-12-18","purchased_purges":2,"victory":true,"max_hp_per_floor":[60,60,60,60,60,60,60,60,60,60,60,60,60,60,60,60,60,60,60,60,60,60,65,65,65,65,65,65,65,65,65,42,42,42,42,52,52,52,52,52,52,52,52,52,52,52,52,52,52,58,58,58,58,58,58,58,58,58,58,58,58,58,58,58],"card_choices":[],"player_experience":665031,"relics_obtained":[{"floor":1.0,"key":"conspire:BottledYoYo"},{"floor":2.0,"key":"Dota2Spire:UrnOfShadows"},{"floor":3.0,"key":"Bottled Flame"},{"floor":4.0,"key":"Vajra"},{"floor":6.0,"key":"Centennial Puzzle"},{"floor":7.0,"key":"Dota2Spire:LotusOrb"},{"floor":8.0,"key":"Thread and Needle"},{"floor":9.0,"key":"ForgetMeNow"},{"floor":10.0,"key":"Replay:Baseball"},{"floor":11.0,"key":"Darkstone Periapt"},{"floor":12.0,"key":"Dota2Spire:ArcaneBoots"},{"floor":13.0,"key":"hubris:TenFootPole"},{"floor":14.0,"key":"BookOfRevelations"},{"floor":16,"key":"Blood Vial"},{"floor":19,"key":"hubris:CrystalStatue"},{"floor":20,"key":"Replay:Mystery Machine"},{"floor":21,"key":"Blue Doll"},{"floor":22,"key":"BookofShadows"},{"floor":23,"key":"Dota2Spire:EyeOfSkadi"},{"floor":24,"key":"Bronze Scales"},{"floor":25,"key":"hubris:OldNail"},{"floor":26,"key":"BelialBook"},{"floor":27,"key":"hubris:CuriousFeather"},{"floor":28,"key":"DoctorsRemote"},{"floor":29,"key":"Onion Ring"},{"floor":33,"key":"AnarchistCookbook"},{"floor":34,"key":"Pet Ghost"},{"floor":35,"key":"hubris:IronBody"},{"floor":37,"key":"Replay:Wax Seal"},{"floor":38,"key":"The Courier"},{"floor":40,"key":"Dota2Spire:PhaseBoots"},{"floor":41,"key":"ReplayTheSpireMod:Shallot"},{"floor":42,"key":"Dota2Spire:Mjollnir"},{"floor":43,"key":"Oddly Smooth Stone"},{"floor":44,"key":"hubris:BundleOfHerbs"},{"floor":45,"key":"Chameleon Ring"},{"floor":46,"key":"MealTicket"},{"floor":35,"key":"Dota2Spire:EtherealBlade"},{"floor":36,"key":"Frozen Egg 2"},{"floor":40,"key":"Calipers"},{"floor":41,"key":"Self Forming Clay"},{"floor":42,"key":"Dota2Spire:CrimsonGuard"},{"floor":43,"key":"Dota2Spire:BladeMail"},{"floor":46,"key":"HornCleat"},{"floor":48,"key":"hubris:Metronome"}],"event_choices":[{"damage_healed":0,"gold_gain":0,"player_choice":"Ignored","damage_taken":0,"max_hp_gain":0,"max_hp_loss":0,"event_name":"Liars Game","floor":18,"gold_loss":0},{"damage_healed":10,"gold_gain":0,"player_choice":"Writhe","damage_taken":0,"max_hp_gain":0,"max_hp_loss":0,"event_name":"Winding Halls","floor":37,"gold_loss":0,"cards_obtained":["Writhe"]}],"is_beta":true,"boss_relics":[{"not_picked":["Abe\u0027s Treasure","REME_DuelDisc"],"picked":"conspire:SpecialSausage"},{"not_picked":[]}],"items_purged_floors":[36,39],"is_endless":false,"potions_floor_spawned":[2,7,10,11,12,14,16,22,23,25,27,29,38,40,43,44,46,40,48],"ascension_level":20}}