{"host":"3498uni0c31c9bdm","time":1612776649,"event":{"mods":["BaseMod","Better Match","Better Note","Better Sensory Stone","Better Skull","Better Third Choice","Colored Map","Minty Spire (QoL Compilation)","Quick Restart","RNG Fix","Random Character Button","Replay The Spire","Shop Mod","Smile Girya","StSLib","Unceasing Turn Reminder"],"gold_per_floor":[111,111,159,185,205,205,225,259,259,271,293,293,313,62,62,166,166,151,151,204,204,188,188,201,213,285,285,314,68,95,113,113,113,113],"floor_reached":33,"language":"ENG","playtime":1177,"items_purged":[],"score":533,"play_id":"111f8c09-e5ac-403d-bd61-8f1fcb507e76","local_time":"20210208203049","is_ascension_mode":true,"campfire_choices":[{"data":"Bash","floor":6,"key":"SMITH"},{"data":"Armaments","floor":12,"key":"SMITH"},{"data":"Flame Barrier","floor":12,"key":"SMITH"},{"floor":15,"key":"RECALL"},{"floor":23,"key":"REST"},{"floor":27,"key":"REST"}],"circlet_count":0,"master_deck":["AscendersBane","Strike_R+1","Strike_R","Strike_R","Strike_R","Strike_R","Defend_R","Defend_R","Defend_R","Defend_R","Bash+1","Regret","Shrug It Off+1","ReplayTheSpireMod:Splinters","Dropkick","Twin Strike","Sword Boomerang","Armaments+1","Power Through","Immolate","Flame Barrier+1","Flame Barrier","Clothesline+1","Feed","Pommel Strike","Blind","ReplayTheSpireMod:Uncanny Aura","ReplayTheSpireMod:IOU","Decay","Thunderclap+1","ReplayTheSpireMod:Stacked+1","Normality","Inflame","Shame","Perfected Strike"],"relics":["Burning Blood","Replay:Baseball","Nunchaku","ReplayTheSpireMod:Lightbulb","Red Skull","Odd Mushroom","PreservedInsect","MerchantsRug","Fusion Hammer","Cursed Key","Black Star","Bag of Preparation","Toolbox","Blue Candle","Regal Pillow","Membership Card","Bag of Marbles","Whetstone"],"acts_visited":["Exordium","TheCity"],"potions_floor_usage":[8,16,33],"damage_taken":[{"damage":10,"enemies":"2 Louse","floor":1,"turns":4},{"damage":8,"enemies":"Cultist","floor":5,"turns":3},{"damage":3,"enemies":"Small Slimes","floor":7,"turns":3},{"damage":14,"enemies":"Gremlin Nob","floor":8,"turns":2},{"damage":2,"enemies":"2 Fungi Beasts","floor":10,"turns":3},{"damage":0,"enemies":"The Mushroom Lair","floor":11,"turns":1},{"damage":12,"enemies":"Large Slime","floor":13,"turns":5},{"damage":35,"enemies":"Hexaghost","floor":16,"turns":12},{"damage":10,"enemies":"2 Thieves","floor":18,"turns":4},{"damage":16,"enemies":"Shell Parasite","floor":24,"turns":5},{"damage":5,"enemies":"Snake Plant","floor":25,"turns":3},{"damage":12,"enemies":"Slavers","floor":28,"turns":4},{"damage":25,"enemies":"Centurion and Healer","floor":31,"turns":4},{"damage":102,"enemies":"Collector","floor":33,"turns":10}],"seed_played":"5081660173496339133","potions_obtained":[{"floor":2,"key":"Death Potion"},{"floor":2,"key":"Languid Potion"},{"floor":10,"key":"Venom Potion"},{"floor":11,"key":"Strength Potion"},{"floor":18,"key":"Dexterity Potion"}],"is_trial":false,"path_per_floor":["M","?","?","T","M","R","M","E","T","M","?","R","M","$","R","B",null,"M","?","T","?","$","R","M","M","T","R","E","$","T","M","R_BF","B"],"character_chosen":"IRONCLAD","items_purchased":["PreservedInsect","MerchantsRug","Clothesline","Toolbox","Membership Card","Bag of Marbles","Whetstone"],"campfire_rested":2,"item_purchase_floors":[14,14,14,22,29,29,29],"current_hp_per_floor":[68,68,68,68,66,66,69,61,61,65,71,71,65,65,65,36,69,68,68,68,68,68,83,73,74,74,83,77,77,77,58,83,0,0],"gold":113,"neow_bonus":"RANDOM_EVENT","is_daily":false,"chose_seed":false,"campfire_upgraded":3,"win_rate":0.0,"timestamp":1612776649,"path_taken":["M","?","?","?","M","R","M","E","T","M","?","R","M","$","R","BOSS","M","?","?","?","$","R","M","M","T","R","E","$","?","?","R_BF","BOSS"],"items_purchased_type":["Relic","Relic","Card","Relic","Relic","Relic","Relic"],"build_version":"2020-12-22","purchased_purges":0,"victory":false,"max_hp_per_floor":[80,80,80,80,80,80,80,80,80,80,80,80,80,80,80,80,80,83,83,83,83,83,83,83,83,83,83,83,83,83,83,83,83,83],"card_choices":[{"not_picked":["Massacre","Replay:Undeath\u0027s Touch"],"picked":"Shrug It Off","floor":1},{"not_picked":["ReplayTheSpireMod:Stacked","Power Through"],"picked":"Dropkick","floor":3},{"not_picked":["Replay:Undeath\u0027s Touch","ReplayTheSpireMod:Strike From Hell"],"picked":"Twin Strike","floor":3},{"not_picked":["Replay:Undeath\u0027s Touch","Run Through"],"picked":"Sword Boomerang","floor":5},{"not_picked":["Body Slam","Inflame"],"picked":"Armaments","floor":7},{"not_picked":["Hemokinesis","Pommel Strike"],"picked":"Power Through","floor":8},{"not_picked":["ReplayTheSpireMod:Corrosion Curse","Thunderclap"],"picked":"Immolate","floor":10},{"not_picked":["Inflame","ReplayTheSpireMod:Strike From Hell"],"picked":"Flame Barrier","floor":11},{"not_picked":["Sword Boomerang","Havoc"],"picked":"Flame Barrier","floor":13},{"not_picked":["Demonic Infusion","Fiend Fire"],"picked":"Feed","floor":16},{"not_picked":["Massacre+1","Body Slam"],"picked":"Pommel Strike","floor":18},{"not_picked":["Purity","PanicButton"],"picked":"Blind","floor":19},{"not_picked":["Secret Weapon","Enlightenment"],"picked":"ReplayTheSpireMod:Uncanny Aura","floor":19},{"not_picked":["Heavy Blade+1","Pommel Strike"],"picked":"Thunderclap+1","floor":24},{"not_picked":["Battle Trance","ReplayTheSpireMod:Strike From Hell"],"picked":"ReplayTheSpireMod:Stacked+1","floor":25},{"not_picked":["Sentinel","Twin Strike+1"],"picked":"Inflame","floor":28},{"not_picked":["Twin Strike","Defy Death"],"picked":"Perfected Strike","floor":31}],"player_experience":850074,"relics_obtained":[{"floor":3,"key":"Nunchaku"},{"floor":4,"key":"ReplayTheSpireMod:Lightbulb"},{"floor":8,"key":"Red Skull"},{"floor":9,"key":"Replay:Arrowhead"},{"floor":11,"key":"Odd Mushroom"},{"floor":20,"key":"Bag of Preparation"},{"floor":26,"key":"Blue Candle"},{"floor":28,"key":"Regal Pillow"},{"floor":28,"key":"MawBank"}],"event_choices":[{"damage_healed":0,"gold_gain":0,"player_choice":"Box","damage_taken":0,"relics_obtained":["Replay:Baseball"],"max_hp_gain":0,"max_hp_loss":0,"event_name":"Big Fish","floor":0,"gold_loss":0,"cards_obtained":["Regret"]},{"damage_healed":0,"gold_gain":0,"player_choice":"Got Potions","damage_taken":0,"max_hp_gain":0,"max_hp_loss":0,"event_name":"Lab","floor":2,"gold_loss":0},{"damage_healed":0,"gold_gain":0,"player_choice":"Fought Mushrooms","damage_taken":0,"max_hp_gain":0,"max_hp_loss":0,"event_name":"Mushrooms","floor":11,"gold_loss":0},{"damage_healed":0,"gold_gain":2,"player_choice":"1","damage_taken":0,"max_hp_gain":0,"max_hp_loss":0,"event_name":"betterStone:BetterStone","floor":19,"gold_loss":0},{"damage_healed":0,"gold_gain":0,"player_choice":"Cursed","damage_taken":0,"max_hp_gain":0,"max_hp_loss":0,"event_name":"Wheel of Change","floor":21,"gold_loss":0,"cards_obtained":["Decay"]}],"is_beta":false,"boss_relics":[{"not_picked":["Ooze Armor","Honey Jar"],"picked":"Replay:Grab Bag"},{"not_picked":["Replay:Wanted Poster","Busted Crown"],"picked":"Fusion Hammer"},{"not_picked":["ReplayTheSpireMod:DimensionalGlitch","ReplayTheSpireMod:Onyx Gauntlets"],"picked":"Cursed Key"},{"not_picked":["Empty Cage","SlaversCollar"],"picked":"Black Star"}],"items_purged_floors":[],"is_endless":false,"potions_floor_spawned":[7,10,11,18,28,31],"killed_by":"Collector","ascension_level":11}}