{"host":"tknto047uabgu3zm","time":1612764497,"event":{"mods":["AchievementEnabler","BaseMod","Bestiary","Block Reminder","Colored Map","Colored Powertips","Highlight Path","Minty Spire (QoL Compilation)","MonsterHotkey","Permanent Neow","Random Character Button","Rare Cards Sparkle","Relic Sorter","Relic Stats","StSLib"],"gold_per_floor":[139,179,179,179,254,254,104,142,142,142,211,211,350,609,609,974,974,1293,1552,1691,1691,1216,1216,1434,1434,1484,1484,1399,1399,1658,1737,1737,2102,2102,2151,2151,1269,1398,1677,2070,2070,2714,2714,2878,2878,2987,2362,2362,2362,2362],"floor_reached":51,"language":"ENG","playtime":5661,"items_purged":["Injury","Grand Finale","Glass Knife"],"score":847,"play_id":"000d4adf-3374-41aa-9838-b7e29cf5cd89","local_time":"20210207220817","daily_mods":["Shiny","Green Cards","Terminal"],"is_ascension_mode":false,"campfire_choices":[{"data":"Wraith Form v2","floor":6,"key":"SMITH"},{"data":"Wish","floor":12,"key":"SMITH"},{"data":"Well Laid Plans","floor":15,"key":"SMITH"},{"floor":23,"key":"REST"},{"floor":25,"key":"REST"},{"data":"DevaForm","floor":27,"key":"SMITH"},{"floor":32,"key":"REST"},{"data":"Malaise","floor":41,"key":"SMITH"},{"data":"Wish","floor":45,"key":"SMITH"},{"data":"Burst","floor":49,"key":"SMITH"}],"circlet_count":0,"master_deck":["Venomology+1","Corpse Explosion+1","Malaise+1","Phantasmal Killer","Die Die Die","Adrenaline","Doppelganger+1","Burst+1","Wraith Form v2+1","Tools of the Trade","Night Terror+1","Unload+1","After Image+1","Bullet Time+1","Storm of Steel+1","A Thousand Cuts","Judgement+1","ConjureBlade","MasterReality","Brilliance+1","Devotion+1","Blasphemy+1","Ragnarok","LessonLearned+1","Scrawl","Vault","Alpha+1","Wish+1","Omniscience+1","Establishment+1","SpiritShield","DevaForm+1","DeusExMachina+1","Caltrops+1","Well Laid Plans+1","Night Terror+1","Malaise+1","WaveOfTheHand+1","Wraith Form v2+1","Wish+1"],"relics":["PureWater","Darkstone Periapt","Golden Idol","PreservedInsect","Ancient Tea Set","Pen Nib","Black Star","Nilry\u0027s Codex","Pear","Cauldron","Calipers","Oddly Smooth Stone","Bag of Marbles","MealTicket","Snecko Eye","Potion Belt","DollysMirror","Ornamental Fan","Pantograph","Vajra","War Paint","Frozen Eye","CeramicFish","Blood Vial"],"acts_visited":["Exordium","TheCity","TheBeyond"],"potions_floor_usage":[13,18,19,20,24,29,31,44,50],"damage_taken":[{"damage":6,"enemies":"Small Slimes","floor":1,"turns":8},{"damage":0,"enemies":"2 Louse","floor":2,"turns":6},{"damage":4,"enemies":"3 Sentries","floor":8,"turns":3},{"damage":2,"enemies":"Jaw Worm","floor":11,"turns":6},{"damage":0,"enemies":"Gremlin Gang","floor":13,"turns":8},{"damage":0,"enemies":"Large Slime","floor":14,"turns":12},{"damage":12,"enemies":"Hexaghost","floor":16,"turns":15},{"damage":11,"enemies":"Chosen","floor":18,"turns":15},{"damage":5,"enemies":"3 Byrds","floor":19,"turns":9},{"damage":15,"enemies":"Centurion and Healer","floor":20,"turns":8},{"damage":27,"enemies":"Slavers","floor":24,"turns":8},{"damage":21,"enemies":"Colosseum Slavers","floor":29,"turns":5},{"damage":8,"enemies":"Snake Plant","floor":30,"turns":9},{"damage":1,"enemies":"Snecko","floor":31,"turns":6},{"damage":26,"enemies":"Champ","floor":33,"turns":12},{"damage":14,"enemies":"3 Darklings","floor":35,"turns":4},{"damage":15,"enemies":"3 Shapes","floor":38,"turns":8},{"damage":0,"enemies":"Spire Growth","floor":39,"turns":9},{"damage":0,"enemies":"Nemesis","floor":40,"turns":9},{"damage":0,"enemies":"4 Shapes","floor":42,"turns":10},{"damage":0,"enemies":"Jaw Worm Horde","floor":44,"turns":7},{"damage":0,"enemies":"Sphere and 2 Shapes","floor":46,"turns":6},{"damage":0,"enemies":"Time Eater","floor":50,"turns":8}],"seed_played":"-2425098010432476902","potions_obtained":[{"floor":11,"key":"DistilledChaos"},{"floor":18,"key":"Ancient Potion"},{"floor":19,"key":"LiquidMemories"},{"floor":22,"key":"FairyPotion"},{"floor":39,"key":"Block Potion"}],"is_trial":false,"path_per_floor":["M","M","?","?","?","R","$","E","T","?","M","R","M","M","R","B",null,"M","M","M","?","$","R","E","R","T","R","?","?","M","M","R","B",null,"M","?","$","M","M","E","R","M","T","M","R","M","$","?","R","B",null],"character_chosen":"WATCHER","items_purchased":["PreservedInsect","Pear","Cauldron","Potion Belt","DollysMirror","Regen Potion","Ornamental Fan","Wish","Frozen Eye","CeramicFish","Blood Vial","BottledMiracle"],"campfire_rested":3,"item_purchase_floors":[7,22,22,37,37,37,37,37,47,47,47,47],"current_hp_per_floor":[65,65,58,64,53,53,53,49,49,54,52,52,52,52,52,40,65,54,49,49,33,43,64,37,57,57,57,57,36,28,27,45,19,58,44,44,55,40,40,40,40,40,40,40,40,40,45,35,35,42],"gold":2362,"neow_bonus":"","is_daily":true,"chose_seed":false,"campfire_upgraded":7,"win_rate":0.0,"timestamp":1612764497,"path_taken":["M","M","?","?","?","R","$","E","T","?","M","R","?","M","R","BOSS","M","M","?","?","$","R","E","R","T","R","?","?","?","M","R","BOSS","M","?","$","?","M","E","R","M","T","M","R","M","$","?","R","BOSS"],"items_purchased_type":["Relic","Relic","Relic","Relic","Relic","Potion","Relic","Card","Relic","Relic","Relic","Potion"],"build_version":"2020-12-22","purchased_purges":3,"victory":true,"max_hp_per_floor":[70,69,68,73,72,71,70,69,68,72,71,70,69,68,67,66,65,64,63,62,61,70,69,68,67,66,65,64,63,62,61,60,59,58,57,56,55,54,53,52,51,50,49,48,47,46,45,44,43,42],"relic_stats":{"Darkstone Periapt":6,"counters":[23,191],"Golden Idol":155,"CeramicFish":0,"PreservedInsect":118,"Pen Nib":[10],"War Paint":["Bullet Time","Alpha"],"Blood Vial":2,"Ornamental Fan":[36],"Pantograph":6,"Snecko Eye":[88,102,91,88],"MealTicket":18,"Black Star":2,"obtain_stats":[{"Darkstone Periapt":3,"Potion Belt":37,"Pear":22,"Calipers":24,"Golden Idol":4,"Nilry\u0027s Codex":21,"CeramicFish":47,"Oddly Smooth Stone":24,"Vajra":40,"PreservedInsect":7,"Pen Nib":9,"War Paint":43,"Ancient Tea Set":8,"Blood Vial":47,"Cauldron":22,"Frozen Eye":47,"DollysMirror":37,"Ornamental Fan":37,"Pantograph":40,"Snecko Eye":34,"MealTicket":28,"Black Star":17,"Bag of Marbles":26,"PureWater":0},{"Darkstone Periapt":2,"Potion Belt":16,"Pear":10,"Calipers":11,"Golden Idol":2,"Nilry\u0027s Codex":10,"CeramicFish":22,"Oddly Smooth Stone":11,"Vajra":19,"PreservedInsect":2,"Pen Nib":3,"War Paint":20,"Ancient Tea Set":3,"Blood Vial":22,"Cauldron":10,"Frozen Eye":22,"DollysMirror":16,"Ornamental Fan":16,"Pantograph":19,"Snecko Eye":15,"MealTicket":11,"Black Star":7,"Bag of Marbles":11,"PureWater":0},{"Darkstone Periapt":14,"Potion Belt":134,"Pear":90,"Calipers":98,"Golden Idol":14,"Nilry\u0027s Codex":90,"CeramicFish":183,"Oddly Smooth Stone":98,"Vajra":160,"PreservedInsect":14,"Pen Nib":17,"War Paint":170,"Ancient Tea Set":17,"Blood Vial":183,"Cauldron":90,"Frozen Eye":183,"DollysMirror":134,"Ornamental Fan":134,"Pantograph":160,"Snecko Eye":130,"MealTicket":98,"Black Star":58,"Bag of Marbles":98,"PureWater":0}]},"card_choices":[{"not_picked":["FlyingSleeves","Endless Agony"],"picked":"Caltrops","floor":1},{"not_picked":["Cloak And Dagger","LikeWater","PathToVictory"],"picked":"SKIP","floor":2},{"not_picked":["FollowUp","Distraction","ReachHeaven"],"picked":"SKIP","floor":8},{"not_picked":["Reflex","Halt","Prepared"],"picked":"SKIP","floor":11},{"not_picked":["Halt","Outmaneuver"],"picked":"Well Laid Plans","floor":13},{"not_picked":["PathToVictory","Study","Riddle With Holes"],"picked":"SKIP","floor":14},{"not_picked":["Burst","Storm of Steel"],"picked":"Night Terror","floor":16},{"not_picked":["Outmaneuver","Crippling Poison","Collect"],"picked":"SKIP","floor":18},{"not_picked":["Protect","Prepared","FollowUp+1"],"picked":"SKIP","floor":19},{"not_picked":["FlurryOfBlows+1","Dagger Spray","Slice"],"picked":"SKIP","floor":20},{"not_picked":["Noxious Fumes+1","Sanctity","Vengeance+1"],"picked":"SKIP","floor":24},{"not_picked":["ClearTheMind","Outmaneuver","Evaluate"],"picked":"SKIP","floor":30},{"not_picked":["LikeWater+1","Predator","Protect"],"picked":"SKIP","floor":31},{"not_picked":["Doppelganger","Envenom"],"picked":"Malaise","floor":33},{"not_picked":["Halt+1","Backflip+1","FlurryOfBlows"],"picked":"SKIP","floor":35},{"not_picked":["Protect","Weave","JustLucky+1"],"picked":"SKIP","floor":38},{"not_picked":["Dodge and Roll","LessonLearned","Dagger Throw"],"picked":"SKIP","floor":39},{"not_picked":["Caltrops","Choke","Blade Dance+1"],"picked":"SKIP","floor":40},{"not_picked":["FlurryOfBlows+1","ThirdEye","Nirvana+1"],"picked":"SKIP","floor":42},{"not_picked":["Prepared+1","FollowUp+1","Riddle With Holes+1"],"picked":"SKIP","floor":44},{"not_picked":["Prepared","Sucker Punch+1","Adrenaline"],"picked":"SKIP","floor":46}],"player_experience":511532,"relics_obtained":[{"floor":8,"key":"Ancient Tea Set"},{"floor":9,"key":"Pen Nib"},{"floor":21,"key":"Nilry\u0027s Codex"},{"floor":24,"key":"Calipers"},{"floor":24,"key":"Oddly Smooth Stone"},{"floor":26,"key":"Bag of Marbles"},{"floor":40,"key":"Pantograph"},{"floor":40,"key":"Vajra"},{"floor":43,"key":"War Paint"}],"event_choices":[{"damage_healed":0,"gold_gain":0,"player_choice":"Success","damage_taken":7,"relics_obtained":["Darkstone Periapt"],"max_hp_gain":0,"max_hp_loss":0,"event_name":"Scrap Ooze","floor":3,"gold_loss":0},{"damage_healed":0,"gold_gain":0,"player_choice":"Take Wound","damage_taken":0,"relics_obtained":["Golden Idol"],"max_hp_gain":0,"max_hp_loss":0,"event_name":"Golden Idol","floor":4,"gold_loss":0,"cards_obtained":["Injury"]},{"damage_healed":0,"gold_gain":75,"player_choice":"Gather Gold","damage_taken":11,"max_hp_gain":0,"max_hp_loss":0,"event_name":"World of Goop","floor":5,"gold_loss":0},{"damage_healed":0,"gold_gain":0,"player_choice":"Donut","damage_taken":0,"max_hp_gain":5,"max_hp_loss":0,"event_name":"Big Fish","floor":10,"gold_loss":0},{"damage_healed":0,"gold_gain":0,"player_choice":"Obtained Book","damage_taken":16,"max_hp_gain":0,"max_hp_loss":0,"event_name":"Cursed Tome","floor":21,"gold_loss":0},{"damage_healed":0,"gold_gain":0,"player_choice":"Obtained Relic","damage_taken":0,"relics_obtained":["MealTicket"],"max_hp_gain":0,"max_hp_loss":0,"event_name":"Addict","floor":28,"gold_loss":85},{"damage_healed":0,"gold_gain":0,"player_choice":"Fight","damage_taken":0,"max_hp_gain":0,"max_hp_loss":0,"event_name":"Colosseum","floor":29,"gold_loss":0},{"damage_healed":0,"gold_gain":0,"player_choice":"Fled From Nobs","damage_taken":0,"max_hp_gain":0,"max_hp_loss":0,"event_name":"Colosseum","floor":29,"gold_loss":0},{"damage_healed":0,"gold_gain":0,"cards_transformed":["Envenom"],"player_choice":"Transformed","damage_taken":0,"max_hp_gain":0,"max_hp_loss":0,"event_name":"Transmorgrifier","floor":36,"gold_loss":0,"cards_obtained":["WaveOfTheHand"]},{"damage_healed":0,"gold_gain":0,"player_choice":"Memory 3","damage_taken":10,"max_hp_gain":0,"max_hp_loss":0,"event_name":"SensoryStone","floor":48,"gold_loss":0}],"is_beta":false,"boss_relics":[{"not_picked":["Cursed Key","Ectoplasm"],"picked":"Black Star"},{"not_picked":["Tiny House","Fusion Hammer"],"picked":"Snecko Eye"}],"items_purged_floors":[22,37,47],"is_endless":false,"potions_floor_spawned":[11,14,16,18,19,20,39,46],"ascension_level":0}}