{"host":"sav7uxregyirlf69","time":1612742513,"event":{"mods":["AchievementEnabler","BaseMod","Colored Map","DeckTracker","Keyboard Shortcuts","Minty Spire (QoL Compilation)","READ ME - Guardian Mod","StSLib","SuperFastMode"],"gold_per_floor":[125,137,169,181,212,243,255,295,334,421,452,477,489,501,513,599,611,639,661,723,745,757,769,130,130,130,163,163,88,99,114,114,114,114],"floor_reached":33,"language":"KOR","playtime":595,"items_purged":["Strike_B"],"score":534,"play_id":"0e4dfc45-ecd7-40b9-98d7-9a32e65fd13a","local_time":"20210208090153","is_ascension_mode":true,"campfire_choices":[{"data":"Zap","floor":7,"key":"SMITH"},{"data":"Creative AI","floor":13,"key":"SMITH"},{"data":"Loop","floor":15,"key":"SMITH"},{"data":"Dualcast","floor":23,"key":"SMITH"},{"data":"Go for the Eyes","floor":25,"key":"SMITH"},{"data":"Turbo","floor":32,"key":"SMITH"}],"circlet_count":0,"master_deck":["AscendersBane","Strike_B","Defend_B","Defend_B","Defend_B","Defend_B","Zap+1","Dualcast+1","BootSequence","Conserve Battery","Ball Lightning","Compile Driver","Loop+1","Cold Snap","Electrodynamics","Cold Snap","Go for the Eyes+1","Fusion","Reinforced Body","Echo Form","Ghostly","Ghostly","Ghostly","Turbo+1","Compile Driver"],"relics":["Cracked Core","MawBank","DataDisk","Bag of Marbles","Coffee Dripper","Lantern","InkBottle","Toy Ornithopter"],"acts_visited":["Exordium","TheCity"],"potions_floor_usage":[12,16,21,33,33],"damage_taken":[{"damage":0,"enemies":"2 Louse","floor":1,"turns":2},{"damage":6,"enemies":"Cultist","floor":3,"turns":4},{"damage":4,"enemies":"Small Slimes","floor":5,"turns":4},{"damage":2,"enemies":"2 Fungi Beasts","floor":6,"turns":3},{"damage":15,"enemies":"Lagavulin","floor":8,"turns":7},{"damage":1,"enemies":"Large Slime","floor":11,"turns":3},{"damage":0,"enemies":"Lots of Slimes","floor":12,"turns":2},{"damage":42,"enemies":"Slime Boss","floor":16,"turns":9},{"damage":3,"enemies":"Chosen","floor":18,"turns":4},{"damage":8,"enemies":"Shell Parasite","floor":19,"turns":4},{"damage":22,"enemies":"Snake Plant","floor":21,"turns":4},{"damage":22,"enemies":"Book of Stabbing","floor":27,"turns":5},{"damage":0,"enemies":"Shelled Parasite and Fungi","floor":30,"turns":6},{"damage":8,"enemies":"3 Cultists","floor":31,"turns":5},{"damage":42,"enemies":"Automaton","floor":33,"turns":12}],"seed_played":"5970737305842911823","potions_obtained":[{"floor":1,"key":"Ancient Potion"},{"floor":5,"key":"Explosive Potion"},{"floor":12,"key":"DuplicationPotion"},{"floor":19,"key":"EssenceOfSteel"},{"floor":21,"key":"Weak Potion"},{"floor":31,"key":"PowerPotion"}],"is_trial":false,"path_per_floor":["M","?","M","?","M","M","R","E","T","?","M","M","R","?","R","B",null,"M","M","?","M","?","R","$","R","T","E","?","?","M","M","R","B"],"character_chosen":"DEFECT","items_purchased":["Lantern","InkBottle","Fusion","Reinforced Body"],"campfire_rested":0,"item_purchase_floors":[24,24,24,24],"current_hp_per_floor":[64,64,58,58,54,52,52,37,37,26,25,25,25,81,81,39,71,68,60,60,38,38,38,38,38,38,16,16,16,16,8,8,0,0],"gold":114,"neow_bonus":"RANDOM_COMMON_RELIC","is_daily":false,"chose_seed":false,"campfire_upgraded":6,"win_rate":0.0,"timestamp":1612742513,"path_taken":["M","?","?","?","M","M","R","E","T","?","M","M","R","?","R","BOSS","M","?","?","M","?","R","$","R","T","E","?","?","M","M","R","BOSS"],"items_purchased_type":["Relic","Relic","Card","Card"],"build_version":"2020-12-22","purchased_purges":1,"victory":false,"max_hp_per_floor":[71,71,71,71,71,71,71,71,71,71,71,71,71,81,81,81,81,81,81,81,81,81,81,81,81,81,81,40,40,40,40,40,40,40],"card_choices":[{"not_picked":["Redo","Hologram"],"picked":"BootSequence","floor":1},{"not_picked":["Compile Driver","Turbo"],"picked":"Ball Lightning","floor":3},{"not_picked":["Ball Lightning","Aggregate"],"picked":"Compile Driver","floor":5},{"not_picked":["Reprogram","Conserve Battery","Scrape"],"picked":"SKIP","floor":6},{"not_picked":["Sweeping Beam","Blizzard"],"picked":"Creative AI","floor":8},{"not_picked":["Skim","Barrage"],"picked":"Loop","floor":11},{"not_picked":["Consume","Chill"],"picked":"Cold Snap","floor":12},{"not_picked":["Rainbow","Biased Cognition"],"picked":"Electrodynamics","floor":16},{"not_picked":["Loop","Steam+1"],"picked":"Cold Snap","floor":18},{"not_picked":["Barrage","Static Discharge","Compile Driver"],"picked":"SKIP","floor":19},{"not_picked":["Compile Driver","Redo"],"picked":"Go for the Eyes","floor":21},{"not_picked":["Doom and Gloom","Recycle+1"],"picked":"Echo Form","floor":27},{"not_picked":["Streamline+1","Gash"],"picked":"Turbo","floor":30},{"not_picked":["Static Discharge+1","Conserve Battery"],"picked":"Compile Driver","floor":31}],"player_experience":1516475,"relics_obtained":[{"floor":8,"key":"DataDisk"},{"floor":9,"key":"Bag of Marbles"},{"floor":27,"key":"Toy Ornithopter"}],"event_choices":[{"damage_healed":0,"gold_gain":0,"cards_transformed":["Strike_B"],"player_choice":"Transformed","damage_taken":0,"max_hp_gain":0,"max_hp_loss":0,"event_name":"Transmorgrifier","floor":2,"gold_loss":0,"cards_obtained":["Conserve Battery"]},{"damage_healed":0,"gold_gain":0,"player_choice":"Ignored","damage_taken":0,"max_hp_gain":0,"max_hp_loss":0,"event_name":"Liars Game","floor":4,"gold_loss":0},{"damage_healed":0,"gold_gain":75,"player_choice":"Gather Gold","damage_taken":11,"max_hp_gain":0,"max_hp_loss":0,"event_name":"World of Goop","floor":10,"gold_loss":0},{"cards_removed":["Creative AI"],"damage_healed":46,"gold_gain":0,"player_choice":"Offered Rare","damage_taken":0,"max_hp_gain":10,"max_hp_loss":0,"event_name":"Bonfire Elementals","floor":14,"gold_loss":0},{"damage_healed":0,"gold_gain":50,"player_choice":"Stole From Cult","damage_taken":0,"max_hp_gain":0,"max_hp_loss":0,"event_name":"Nest","floor":20,"gold_loss":0},{"damage_healed":0,"gold_gain":0,"player_choice":"Ignored","damage_taken":0,"max_hp_gain":0,"max_hp_loss":0,"event_name":"Cursed Tome","floor":22,"gold_loss":0},{"damage_healed":0,"gold_gain":0,"player_choice":"Became a Ghost","damage_taken":0,"max_hp_gain":0,"max_hp_loss":41,"event_name":"Ghosts","floor":28,"gold_loss":0,"cards_obtained":["Ghostly","Ghostly","Ghostly"]},{"cards_removed":["Strike_B"],"damage_healed":0,"gold_gain":0,"player_choice":"Gave Gold","damage_taken":0,"max_hp_gain":0,"max_hp_loss":0,"event_name":"Beggar","floor":29,"gold_loss":75}],"is_beta":false,"boss_relics":[{"not_picked":["Astrolabe","Cursed Key"],"picked":"Coffee Dripper"}],"items_purged_floors":[24],"is_endless":false,"potions_floor_spawned":[1,5,8,12,19,21,31],"killed_by":"Automaton","ascension_level":20}}