{"host":"6rz02yiipefhcw4r","time":1612776806,"event":{"mods":["2.2 Compatiblity","BaseMod","Block Reminder","Colored Map","Curses Come First","DeckTracker","Googly Eyes","Minty Spire (QoL Compilation)","Quick Restart","Rare Cards Sparkle","StSLib"],"gold_per_floor":[109,184,184,95,116,116,155,155,155,170,211,225,19,39,39,39,39],"floor_reached":16,"language":"ENG","playtime":554,"items_purged":["Decay"],"score":270,"play_id":"1b888d0a-db0f-4d0c-bfa1-b429fbe1df0c","local_time":"20210208073326","is_ascension_mode":true,"campfire_choices":[{"data":"Crippling Poison","floor":6,"key":"SMITH"},{"floor":15,"key":"REST"}],"circlet_count":0,"master_deck":["AscendersBane","Strike_G","Strike_G","Strike_G","Strike_G","Strike_G","Defend_G","Defend_G","Defend_G","Defend_G","Defend_G","Survivor","Neutralize","Deadly Poison","Leg Sweep","Crippling Poison+1","Deadly Poison","Prepared","Well Laid Plans","Flechettes"],"relics":["Ring of the Snake","NeowsBlessing","Golden Idol","Bronze Scales","The Specimen","Regal Pillow"],"acts_visited":["Exordium"],"potions_floor_usage":[11,16],"damage_taken":[{"damage":0,"enemies":"Cultist","floor":1,"turns":1},{"damage":0,"enemies":"Jaw Worm","floor":5,"turns":1},{"damage":0,"enemies":"Gremlin Nob","floor":7,"turns":1},{"damage":4,"enemies":"Small Slimes","floor":10,"turns":3},{"damage":26,"enemies":"Lagavulin","floor":11,"turns":7},{"damage":15,"enemies":"Exordium Thugs","floor":12,"turns":5},{"damage":2,"enemies":"Large Slime","floor":14,"turns":6},{"damage":28,"enemies":"Slime Boss","floor":16,"turns":9}],"seed_played":"-766222178901477068","potions_obtained":[{"floor":5,"key":"Weak Potion"},{"floor":7,"key":"PowerPotion"}],"is_trial":false,"path_per_floor":["M","?","?","$","M","R","E","?","T","M","E","M","$","M","R","B"],"character_chosen":"THE_SILENT","items_purchased":["Leg Sweep","Well Laid Plans","Block Potion"],"campfire_rested":1,"item_purchase_floors":[4,13,13],"current_hp_per_floor":[59,48,48,48,48,48,48,48,48,44,18,3,3,1,34,6,6],"gold":39,"neow_bonus":"THREE_ENEMY_KILL","is_daily":false,"chose_seed":false,"campfire_upgraded":1,"win_rate":0.0,"timestamp":1612776806,"path_taken":["M","?","?","$","M","R","E","?","T","M","E","M","$","M","R","BOSS"],"items_purchased_type":["Card","Card","Potion"],"build_version":"2020-12-22","purchased_purges":1,"victory":false,"max_hp_per_floor":[66,66,60,60,60,60,60,60,60,60,60,60,60,60,60,60,60],"card_choices":[{"not_picked":["Bane","Dagger Throw"],"picked":"Deadly Poison","floor":1},{"not_picked":["Acrobatics","Escape Plan"],"picked":"Crippling Poison","floor":5},{"not_picked":["Cloak And Dagger","Tactician","Slice"],"picked":"SKIP","floor":7},{"not_picked":["Prepared","Night Terror","Dagger Throw"],"picked":"SKIP","floor":10},{"not_picked":["Backflip","Sucker Punch"],"picked":"Deadly Poison","floor":11},{"not_picked":["Dagger Throw","Dash"],"picked":"Prepared","floor":12},{"not_picked":["Backstab","Outmaneuver"],"picked":"Flechettes","floor":14}],"player_experience":806233,"relics_obtained":[{"floor":7,"key":"Bronze Scales"},{"floor":9,"key":"The Specimen"},{"floor":11,"key":"Regal Pillow"}],"event_choices":[{"damage_healed":0,"gold_gain":75,"player_choice":"Gather Gold","damage_taken":11,"max_hp_gain":0,"max_hp_loss":0,"event_name":"World of Goop","floor":2,"gold_loss":0},{"damage_healed":0,"gold_gain":0,"player_choice":"Lose Max HP","damage_taken":0,"relics_obtained":["Golden Idol"],"max_hp_gain":0,"max_hp_loss":6,"event_name":"Golden Idol","floor":3,"gold_loss":0},{"damage_healed":0,"gold_gain":0,"player_choice":"Cursed","damage_taken":0,"max_hp_gain":0,"max_hp_loss":0,"event_name":"Wheel of Change","floor":8,"gold_loss":0,"cards_obtained":["Decay"]}],"is_beta":false,"boss_relics":[],"items_purged_floors":[13],"is_endless":false,"potions_floor_spawned":[5,7],"killed_by":"Slime Boss","ascension_level":20}}