{"host":"bz6w3lfmpwgz81o3","time":1612748094,"event":{"mods":["BaseMod","Downfall","Hermit","Minty Spire (QoL Compilation)","StSLib"],"gold_per_floor":[99,118,103,115,127,142,142,161,172,188,188,208,208,283,303,399,399,399,411,425,445,459,459,459,459],"floor_reached":23,"language":"ENG","playtime":1095,"items_purged":[],"score":191,"play_id":"89f4139d-215f-4290-8202-f33ce738e985","local_time":"20210208023454","is_ascension_mode":false,"campfire_choices":[{"data":"Slimebound:Split","floor":1,"key":"SMITH"},{"floor":11,"key":"REST"},{"data":"Slimebound:Prepare","floor":13,"key":"SMITH"},{"data":"Slimebound:SelfFormingGoo","floor":18,"key":"SMITH"}],"circlet_count":0,"master_deck":["Slimebound:Strike_Slimebound","Slimebound:Strike_Slimebound","Slimebound:Strike_Slimebound","Slimebound:Tackle","Slimebound:Defend_Slimebound","Slimebound:Defend_Slimebound","Slimebound:Defend_Slimebound","Slimebound:Defend_Slimebound","Slimebound:Split+1","Slimebound:CorrosiveSpit","Slimebound:SplitBruiser","Slimebound:LivingWall","Slimebound:SelfFormingGoo+1","Slimebound:GoopTackle","Slimebound:RollThrough","Slimebound:Prepare+1","Slimebound:Equalize","Slimebound:Grow","Slimebound:Overexert","Slimebound:MegaLick+1","Slimebound:LivingWall+1"],"relics":["Black Star","Bottled Lightning","Busted Crown"],"acts_visited":["Exordium","TheCity"],"potions_floor_usage":[9,12,16,16,19,23],"damage_taken":[{"damage":5,"enemies":"Small Slimes","floor":2,"turns":3},{"damage":5,"enemies":"downfall:FleeingMerchant","floor":3,"turns":4},{"damage":0,"enemies":"Cultist","floor":4,"turns":3},{"damage":2,"enemies":"Jaw Worm","floor":5,"turns":5},{"damage":19,"enemies":"Large Slime","floor":6,"turns":5},{"damage":7,"enemies":"Blue Slaver","floor":8,"turns":3},{"damage":20,"enemies":"2 Fungi Beasts","floor":9,"turns":3},{"damage":7,"enemies":"Blue Slaver","floor":10,"turns":4},{"damage":3,"enemies":"Exordium Thugs","floor":12,"turns":3},{"damage":12,"enemies":"3 Louse","floor":15,"turns":3},{"damage":26,"enemies":"WA_ARCHETYPE_RETAIN","floor":16,"turns":9},{"damage":5,"enemies":"Chosen","floor":19,"turns":4},{"damage":18,"enemies":"Shelled Parasite and Fungi","floor":20,"turns":5},{"damage":13,"enemies":"Snecko","floor":21,"turns":5},{"damage":17,"enemies":"3 Cultists","floor":22,"turns":5},{"damage":43,"enemies":"Gremlin Leader","floor":23,"turns":5}],"seed_played":"-1959889076919626947","potions_obtained":[{"floor":4,"key":"Ancient Potion"},{"floor":8,"key":"Regen Potion"},{"floor":9,"key":"LiquidBronze"},{"floor":10,"key":"sneckomod:MuddlingPotion"},{"floor":12,"key":"FearPotion"},{"floor":16,"key":"FearPotion"},{"floor":20,"key":"Strength Potion"},{"floor":21,"key":"Ancient Potion"}],"is_trial":false,"path_per_floor":["R","M","$","M","M","M","T","M","M","M","R","M","R","?","M","B",null,"R","M","M","M","M","E"],"character_chosen":"SLIMEBOUND","items_purchased":[],"campfire_rested":1,"item_purchase_floors":[],"current_hp_per_floor":[65,60,55,55,53,34,34,27,16,9,28,25,25,25,21,3,65,65,60,50,45,28,0,0,0],"gold":459,"neow_bonus":"BOSS_RELIC","is_daily":false,"chose_seed":false,"campfire_upgraded":3,"win_rate":0.0,"timestamp":1612748094,"path_taken":["R","M","$","M","M","M","T","M","M","M","R","M","R","?","M","BOSS","R","M","M","M","M","E"],"items_purchased_type":[],"build_version":"2020-12-22","purchased_purges":0,"victory":false,"max_hp_per_floor":[65,65,65,65,65,65,65,65,65,65,65,65,65,65,65,65,65,65,65,65,65,65,65,65,65],"card_choices":[{"not_picked":["Slimebound:SplitAcid","Slimebound:SlimeSpikes"],"picked":"Slimebound:SplitBruiser","floor":2},{"not_picked":["Slimebound:FormOfPuddle","Slimebound:LeadByExample"],"picked":"Slimebound:LivingWall","floor":3},{"not_picked":["Slimebound:SplitMire","Slimebound:MegaLick"],"picked":"Slimebound:SelfFormingGoo","floor":4},{"not_picked":["Slimebound:Equalize","Slimebound:RainOfGoop"],"picked":"Slimebound:GoopTackle","floor":5},{"not_picked":["Slimebound:FinishingTackle","Slimebound:SplitAcid"],"picked":"Slimebound:RollThrough","floor":6},{"not_picked":["Slimebound:Replication","Slimebound:SamplingLick","Slimebound:SplitBruiser"],"picked":"SKIP","floor":8},{"not_picked":["Slimebound:SplitAcid","Slimebound:SlimeBarrage"],"picked":"Slimebound:Prepare","floor":9},{"not_picked":["Slimebound:FinishingTackle","Slimebound:Chomp"],"picked":"Slimebound:Equalize","floor":10},{"not_picked":["Slimebound:SplitBruiser","Slimebound:MegaLick","Slimebound:Prepare"],"picked":"SKIP","floor":12},{"not_picked":["Slimebound:LeechEnergy","Slimebound:SlimeSpikes"],"picked":"Slimebound:Grow","floor":15},{"not_picked":["Slimebound:WasteNot","Slimebound:RallyTheTroops"],"picked":"Slimebound:Overexert","floor":16},{"not_picked":[],"picked":"Slimebound:MegaLick+1","floor":19},{"not_picked":["Slimebound:ForwardTackle"],"picked":"SKIP","floor":20},{"not_picked":[],"picked":"Slimebound:LivingWall+1","floor":21},{"not_picked":["Slimebound:LivingWall"],"picked":"SKIP","floor":22}],"player_experience":8306,"relics_obtained":[{"floor":7,"key":"Bottled Lightning"}],"event_choices":[],"is_beta":false,"boss_relics":[{"not_picked":["Velvet Choker","Runic Dome"],"picked":"Busted Crown"}],"items_purged_floors":[],"is_endless":false,"potions_floor_spawned":[4,8,9,10,12,16,20,21],"killed_by":"Gremlin Leader","ascension_level":0}}