{"host":"o9lehcdjc4u6j9un","time":1612797175,"event":{"mods":["BaseMod","Better-Laid Plans","Colored Map","Downfall","Hermit","Koishi","Marisa£®ÏF”Í°°ƒß¿Ì…≥£©","Minty Spire (QoL Compilation)","Reimu£®≤©¿ˆ¡È√Œ£©","Remilia£®¿Ÿ√◊¿Ú—«£©","StSLib","The Alterego","The Runesmith","The Senshi","Youmu£®ªÍ∆«—˝√Œ£©"],"gold_per_floor":[115,40,40,53,72,72,72],"floor_reached":6,"language":"ZHS","playtime":484,"items_purged":["alterego_mod:Strike"],"score":36,"play_id":"60a49c9e-f29e-4715-9be3-fa3afa40a110","local_time":"20210208231255","is_ascension_mode":false,"campfire_choices":[],"circlet_count":0,"master_deck":["alterego_mod:Strike","alterego_mod:Strike","alterego_mod:Defend","alterego_mod:Defend","alterego_mod:Defend","alterego_mod:Defend","alterego_mod:Impale","alterego_mod:BigMeatyClaws","alterego_mod:BrynhildrsRune","alterego_mod:GoddessCore","alterego_mod:Jiggle","alterego_mod:GoddessCore"],"relics":["alterego_mod:MasochisticConstitution"],"acts_visited":["Exordium"],"potions_floor_usage":[],"damage_taken":[{"damage":4,"enemies":"Jaw Worm","floor":1,"turns":6},{"damage":12,"enemies":"Cultist","floor":4,"turns":6},{"damage":7,"enemies":"2 Louse","floor":5,"turns":5},{"damage":72,"enemies":"Lagavulin","floor":6,"turns":12}],"seed_played":"-2373150283732425372","potions_obtained":[],"is_trial":false,"path_per_floor":["M","$","?","M","M","E"],"character_chosen":"The_Alterego","items_purchased":[],"campfire_rested":0,"item_purchase_floors":[],"current_hp_per_floor":[74,74,74,70,71,0,0],"gold":72,"neow_bonus":"TEN_PERCENT_HP_BONUS","is_daily":false,"chose_seed":false,"campfire_upgraded":0,"win_rate":0.0,"timestamp":1612797175,"path_taken":["M","$","?","?","M","E"],"items_purchased_type":[],"build_version":"2020-12-22","purchased_purges":1,"victory":false,"max_hp_per_floor":[78,78,78,79,80,80,80],"card_choices":[{"not_picked":["alterego_mod:MagicResistance","alterego_mod:DustData"],"picked":"alterego_mod:GoddessCore","floor":1},{"not_picked":["alterego_mod:BiFurious","alterego_mod:Cooking"],"picked":"alterego_mod:Jiggle","floor":4},{"not_picked":["alterego_mod:Rip","alterego_mod:Jiggle"],"picked":"alterego_mod:GoddessCore","floor":5}],"player_experience":149634,"relics_obtained":[],"event_choices":[{"cards_removed":["alterego_mod:Strike"],"damage_healed":0,"gold_gain":0,"player_choice":"Offered Basic","damage_taken":0,"max_hp_gain":0,"max_hp_loss":0,"event_name":"Bonfire Elementals","floor":3,"gold_loss":0}],"is_beta":false,"boss_relics":[],"items_purged_floors":[2],"is_endless":false,"potions_floor_spawned":[],"killed_by":"Lagavulin","ascension_level":0}}