{"host":"uceopoba4zvqsgiy","time":1612805103,"event":{"mods":["2.2 Compatiblity","Act Like it!","BaseMod","Better Skull","Better Third Choice","Elementarium","Evolution","GifTheSpireLib","Hermit","Humility","Infinite Spire","Jorbs\u0027s Wanderer Trilogy","Marked Mod","Minty Spire (QoL Compilation)","Potionbrewer","Reliquary","Replay The Spire","Robot Space Explorer","Shade Mod","Spicy Shops","StS++","StSLib","Stuff the Spire","The Blue Laboratory","The Caster","The Cursed","The Dragon Tamer","The Hierophant","The Judge","The Jungle","TheSurvivalist","Wandering Minibosses"],"gold_per_floor":[115,115,115,115,43,72,72,97,172,199,210,226,226,20,20,117,117,75,75,75,75,92,92,127,127,127,151,151,151],"floor_reached":28,"language":"ENG","playtime":1557,"items_purged":[],"score":489,"play_id":"1b40ee04-f0df-4549-ac69-7c8293eb744a","local_time":"20210209035503","is_ascension_mode":true,"campfire_choices":[{"floor":7,"key":"REST"},{"floor":13,"key":"REST"},{"data":"Biased Cognition","floor":15,"key":"SMITH"},{"data":"Storm","floor":23,"key":"SMITH"},{"floor":25,"key":"REST"},{"data":"Storm","floor":25,"key":"SMITH"}],"circlet_count":0,"master_deck":["Ball Lightning","Ball Lightning","Ball Lightning","Strike_B","Defend_B","Defend_B","Defend_B","Zap","Dualcast","Genetic Algorithm","Collect","Amnesia","Self Repair","Ball Lightning","Consume","Biased Cognition+1","Storm+1","Storm+1","Self Repair","StSpp:CopyPaste","ReplayTheSpireMod:Calculation Training","StuffTheSpire:Ambrosia"],"relics":["Cracked Core","EVO:Axolotl","NeowsBlessing","Lantern","ReplayTheSpireMod:Ring of Collecting","ReplayTheSpireMod:Ring of Addiction","Potion Belt","Toy Ornithopter","reliquary:PorcupineQuills","HornCleat","Replay:Bottled Steam","White Beast Statue","DollysMirror","Black Star","infinitespire:Magic Flask","reliquary:Firecrackers","Ring of Fury","Question Card","potionbrewer:MortarAndPestle","StuffTheSpire:HeavyRock"],"acts_visited":["Exordium","TheCity"],"potions_floor_usage":[10,10,12,16,16,18,22,24,27],"damage_taken":[{"damage":0,"enemies":"Jaw Worm","floor":1,"turns":1},{"damage":0,"enemies":"Gremlin Nob","floor":6,"turns":1},{"damage":0,"enemies":"Lagavulin","floor":8,"turns":2},{"damage":30,"enemies":"Gremlin Nob","floor":10,"turns":3},{"damage":1,"enemies":"Small Slimes","floor":11,"turns":3},{"damage":0,"enemies":"2 Louse","floor":12,"turns":2},{"damage":59,"enemies":"Hexaghost","floor":16,"turns":7},{"damage":2,"enemies":"Chosen","floor":18,"turns":6},{"damage":0,"enemies":"Spheric Guardian","floor":22,"turns":3},{"damage":21,"enemies":"Nightmare","floor":24,"turns":4},{"damage":67,"enemies":"Gremlin Leader","floor":27,"turns":5},{"damage":25,"enemies":"Shelled Parasite and Fungi","floor":28,"turns":2}],"seed_played":"-5613409488638525065","potions_obtained":[{"floor":4,"key":"blueLaboratory:HeartbeatPotion"},{"floor":4,"key":"Fire Potion"},{"floor":4,"key":"blueLaboratory:HeartbeatPotion"},{"floor":11,"key":"BlessingOfTheForge"},{"floor":12,"key":"potionbrewer:NoxiousPotion"},{"floor":16,"key":"DistilledChaos"},{"floor":18,"key":"LiquidBronze"},{"floor":22,"key":"potionbrewer:DiscountPotion"},{"floor":24,"key":"StSpp:InhibitionPotion"},{"floor":27,"key":"blueLaboratory:BottleOfVodka"}],"is_trial":false,"path_per_floor":["M","?","?","?","$","E","R","E","T","E","M","M","R","$","R","B",null,"M","?","?","?","M","R","NM","R","T","E","M"],"character_chosen":"DEFECT","items_purchased":["Self Repair","Storm","DollysMirror"],"campfire_rested":3,"item_purchase_floors":[5,14,14],"current_hp_per_floor":[68,68,23,23,23,30,52,52,52,39,45,50,71,71,71,26,60,71,54,54,41,61,61,60,76,76,24,0,0],"gold":151,"neow_bonus":"THREE_ENEMY_KILL","is_daily":false,"chose_seed":false,"campfire_upgraded":3,"win_rate":0.0,"timestamp":1612805103,"path_taken":["M","?","?","?","?","E","R","E","T","E","M","M","R","$","R","BOSS","M","?","?","?","M","R","NM","R","T","E","M"],"items_purchased_type":["Card","Card","Relic"],"build_version":"2020-12-22","purchased_purges":0,"victory":false,"max_hp_per_floor":[75,75,75,75,75,75,75,73,73,73,73,73,73,73,73,71,71,71,71,71,76,75,75,76,76,76,77,78,78],"card_choices":[{"not_picked":["Fusion","Leap"],"picked":"Genetic Algorithm","floor":1},{"not_picked":["Cold Snap","Rebound"],"picked":"Ball Lightning","floor":6},{"not_picked":["Streamline","Leap"],"picked":"Consume","floor":8},{"not_picked":["Rebound","StuffTheSpire:ShieldGenerator"],"picked":"Biased Cognition","floor":10},{"not_picked":["Hologram","Time Bomb","Panic Button"],"picked":"SKIP","floor":11},{"not_picked":["Compile Driver","Redo","Rebound"],"picked":"SKIP","floor":12},{"not_picked":["Reboot","StuffTheSpire:LaunchingStrike"],"picked":"StSpp:CopyPaste","floor":16},{"not_picked":["Leap","Compile Driver+1"],"picked":"ReplayTheSpireMod:Calculation Training","floor":18},{"not_picked":["Hello World","Coolheaded","Steam"],"picked":"SKIP","floor":22},{"not_picked":["ReplayTheSpireMod:System Scan","Barrage+1","Seek"],"picked":"SKIP","floor":24},{"not_picked":["Coolheaded","Conserve Battery","StuffTheSpire:LoadUp","FTL"],"picked":"SKIP","floor":27}],"player_experience":1779698,"relics_obtained":[{"floor":4,"key":"ReplayTheSpireMod:Ring of Collecting"},{"floor":4,"key":"ReplayTheSpireMod:Ring of Addiction"},{"floor":4,"key":"Potion Belt"},{"floor":4,"key":"Toy Ornithopter"},{"floor":6,"key":"reliquary:PorcupineQuills"},{"floor":8,"key":"HornCleat"},{"floor":9,"key":"Replay:Bottled Steam"},{"floor":10,"key":"White Beast Statue"},{"floor":24,"key":"infinitespire:Magic Flask"},{"floor":24,"key":"reliquary:Firecrackers"},{"floor":26,"key":"Ring of Fury"},{"floor":26,"key":"Question Card"},{"floor":27,"key":"potionbrewer:MortarAndPestle"},{"floor":27,"key":"StuffTheSpire:HeavyRock"}],"event_choices":[{"damage_healed":0,"gold_gain":0,"player_choice":"Shed Blood","damage_taken":18,"max_hp_gain":5,"max_hp_loss":0,"event_name":"Forgotten Altar","floor":21,"gold_loss":0}],"is_beta":false,"boss_relics":[{"not_picked":["SlaversCollar","Tiny House"],"picked":"Black Star"}],"items_purged_floors":[],"is_endless":false,"potions_floor_spawned":[11,12,16,18,22,24,27],"killed_by":"Shelled Parasite and Fungi","ascension_level":9,"is_humility":true}}