{"host":"j5j96s76v36ug78u","time":1612808642,"event":{"mods":["BaseMod","Better Third Choice","Highlight Path","Minty Spire (QoL Compilation)","Potion Indicator Mod","Potionbrewer","Reliquary","StSLib","The Alterego","The Blackbeard","The Hierophant","The Senshi","The Servant 0.9.4","The Showman"],"gold_per_floor":[110,110,110,110,122,156,331,348,348,348,374,1,29,47,47,148,148,167,167,167,167,177,177,177,177,177],"floor_reached":25,"language":"ENG","playtime":1332,"items_purged":[],"score":292,"play_id":"7a0151b9-6872-4bf4-be75-4852e8ed7731","local_time":"20210208152402","is_ascension_mode":false,"campfire_choices":[{"data":"theShowman:SleeveStash","floor":10,"key":"SMITH"},{"data":"Apotheosis","floor":15,"key":"SMITH"},{"data":"theShowman:ThrowingCards","floor":23,"key":"SMITH"}],"circlet_count":0,"master_deck":["theShowman:VanishingStrike","theShowman:BasicStrike","theShowman:BasicDefend","theShowman:BasicDefend","theShowman:VanishingDefend","theShowman:CardPickup52","theShowman:StageHook","theShowman:PocketSand","theShowman:UpMySleeve","theShowman:UpMySleeve","theShowman:SleightedFlourish","theShowman:SleightedFlourish","theShowman:SleeveStash+1","theShowman:NowYouSeeMe","theShowman:RazzleDazzle","theShowman:ThrowingCards+1","theShowman:VanDeGraaffsRevenge","Apotheosis+1","theShowman:Prestidigitation","theShowman:HypeTheCrowd","theShowman:PerfectedPerformance","theShowman:GrandGambit+1","Insight","theShowman:NothingInMyHands+1"],"relics":["theShowman:ThirdTimeCharm","NeowsBlessing","Ice Cream","Boot","Matryoshka","reliquary:PurpleTingedLeaf","reliquary:Stiletto","reliquary:IridiumChain","Cursed Key"],"acts_visited":["Exordium","TheCity"],"potions_floor_usage":[16,18],"damage_taken":[{"damage":0,"enemies":"Cultist","floor":1,"turns":1},{"damage":0,"enemies":"Small Slimes","floor":5,"turns":1},{"damage":0,"enemies":"3 Sentries","floor":6,"turns":2},{"damage":0,"enemies":"2 Louse","floor":8,"turns":2},{"damage":30,"enemies":"Lagavulin","floor":11,"turns":7},{"damage":15,"enemies":"3 Sentries","floor":13,"turns":6},{"damage":10,"enemies":"2 Fungi Beasts","floor":14,"turns":3},{"damage":0,"enemies":"Slime Boss","floor":16,"turns":4},{"damage":22,"enemies":"2 Thieves","floor":18,"turns":4},{"damage":10,"enemies":"Shell Parasite","floor":22,"turns":3},{"damage":39,"enemies":"Slavers","floor":25,"turns":3}],"seed_played":"-1467441767696520767","potions_obtained":[{"floor":8,"key":"DuplicationPotion"},{"floor":14,"key":"LiquidBronze"},{"floor":18,"key":"potionbrewer:NoxiousPotion"}],"is_trial":false,"path_per_floor":["M","T","?","?","M","E","?","M","T","R","E","$","E","M","R","B",null,"M","?","?","?","M","R","?","E"],"character_chosen":"THE_SHOWMAN","items_purchased":["reliquary:Stiletto","Apotheosis","Fire Potion"],"campfire_rested":0,"item_purchase_floors":[12,12,12],"current_hp_per_floor":[75,75,75,68,68,68,68,68,68,68,38,38,24,14,14,14,75,54,54,54,54,44,44,44,6,6],"gold":177,"neow_bonus":"THREE_ENEMY_KILL","is_daily":false,"chose_seed":false,"campfire_upgraded":3,"win_rate":0.0,"timestamp":1612808642,"path_taken":["M","?","?","?","M","E","?","?","T","R","E","$","E","M","R","BOSS","M","?","?","?","?","R","?","E"],"items_purchased_type":["Relic","Card","Potion"],"build_version":"2020-12-22","purchased_purges":0,"victory":false,"max_hp_per_floor":[75,75,75,75,75,75,75,75,75,75,75,75,75,75,75,75,75,75,75,75,75,75,75,75,75,75],"card_choices":[{"not_picked":["theShowman:WildFlourish","theShowman:NowYouSeeMe"],"picked":"theShowman:PocketSand","floor":1},{"not_picked":["theShowman:BafflingShuffle","theShowman:StartlingShowmanship"],"picked":"theShowman:NowYouSeeMe","floor":5},{"not_picked":["theShowman:GotYourNose","theShowman:Toro"],"picked":"theShowman:RazzleDazzle","floor":6},{"not_picked":["theShowman:Columbify","theShowman:PocketSand"],"picked":"theShowman:ThrowingCards","floor":8},{"not_picked":["theShowman:OneUp","theShowman:WildFlourish"],"picked":"theShowman:VanDeGraaffsRevenge","floor":11},{"not_picked":["theShowman:NowYouDont","theShowman:StartlingShowmanship"],"picked":"theShowman:Prestidigitation","floor":13},{"not_picked":["theShowman:FlashyFlourish","theShowman:BottomDoubleDeal"],"picked":"theShowman:HypeTheCrowd","floor":14},{"not_picked":["theShowman:WillingVolunteer","theShowman:Columbify"],"picked":"theShowman:PerfectedPerformance","floor":16},{"not_picked":["theShowman:NowYouSeeMe+1","theShowman:OneUp"],"picked":"theShowman:GrandGambit+1","floor":18},{"not_picked":["theShowman:FistFullOfCards","theShowman:OneUp","theShowman:NowYouDont"],"picked":"SKIP","floor":22}],"player_experience":176982,"relics_obtained":[{"floor":2,"key":"Ice Cream"},{"floor":6,"key":"Boot"},{"floor":9,"key":"Matryoshka"},{"floor":11,"key":"reliquary:PurpleTingedLeaf"},{"floor":13,"key":"reliquary:IridiumChain"}],"event_choices":[{"cards_removed":["theShowman:BasicStrike"],"damage_healed":0,"gold_gain":0,"player_choice":"Card Removal","damage_taken":7,"max_hp_gain":0,"max_hp_loss":0,"event_name":"Golden Wing","floor":4,"gold_loss":0},{"damage_healed":0,"gold_gain":175,"player_choice":"AGREE","damage_taken":156,"max_hp_gain":0,"max_hp_loss":0,"event_name":"betterThird:BetterSerpent","floor":7,"gold_loss":0},{"damage_healed":0,"gold_gain":0,"player_choice":"Insight","damage_taken":0,"max_hp_gain":0,"max_hp_loss":0,"event_name":"betterThird:BetterWriting","floor":19,"gold_loss":0,"cards_obtained":["Insight"]},{"damage_healed":0,"gold_gain":0,"player_choice":"Read","damage_taken":0,"max_hp_gain":0,"max_hp_loss":0,"event_name":"The Library","floor":20,"gold_loss":0,"cards_obtained":["theShowman:NothingInMyHands"]},{"damage_healed":0,"gold_gain":0,"player_choice":"Upgraded","damage_taken":0,"max_hp_gain":0,"max_hp_loss":0,"event_name":"Upgrade Shrine","floor":21,"gold_loss":0,"cards_upgraded":["theShowman:NothingInMyHands"]},{"cards_removed":["Doubt"],"damage_healed":0,"gold_gain":0,"player_choice":"Removed Curses","damage_taken":0,"max_hp_gain":0,"max_hp_loss":0,"event_name":"Fountain of Cleansing","floor":24,"gold_loss":0}],"is_beta":false,"boss_relics":[{"not_picked":["Ectoplasm","Runic Pyramid"],"picked":"Cursed Key"}],"items_purged_floors":[],"is_endless":false,"potions_floor_spawned":[8,14,18],"killed_by":"Slavers","ascension_level":0}}