{"host":"h5zpfgbmg5lkfv2z","time":1612742450,"event":{"mods":["BaseMod","Downfall","Highlight Path","Hubris","Infinite Spire","Minty Spire (QoL Compilation)","Replay The Spire","StSLib","The Blue Laboratory"],"gold_per_floor":[113,130,143,156,173,173,200,200,200,220,20,52,127,127,127,224,224,236,236,248,260,260,260,260,260,280,280,280],"floor_reached":27,"language":"ENG","playtime":2789,"items_purged":[],"score":250,"play_id":"b0a0ba2e-7a39-4309-8db9-e4bc40d9765a","local_time":"20210207160050","is_ascension_mode":false,"campfire_choices":[{"data":"Eruption","floor":6,"key":"SMITH"},{"floor":8,"key":"REST"},{"data":"SandsOfTime","floor":15,"key":"SMITH"},{"floor":25,"key":"REST"}],"circlet_count":0,"master_deck":["Strike_P","Strike_P","Strike_P","Strike_P","Defend_P","Defend_P","Defend_P","Defend_P","Eruption+1","Vigilance","EmptyMind","SandsOfTime+1","Meditate","Replay:Battleflow","Protect","JustLucky","Replay:AtTheReady","SashWhip","Vault+1","SashWhip+1","Replay:Anticipation+1","ClearTheMind"],"relics":["PureWater","TungstenRod","Snack Pack","Potion Belt","Replay:Baseball","SlaversCollar"],"acts_visited":["Exordium","TheCity"],"potions_floor_usage":[7,12,26],"damage_taken":[{"damage":0,"enemies":"Cultist","floor":1,"turns":2},{"damage":11,"enemies":"Jaw Worm","floor":2,"turns":3},{"damage":4,"enemies":"2 Louse","floor":3,"turns":4},{"damage":2,"enemies":"2 Fungi Beasts","floor":4,"turns":3},{"damage":12,"enemies":"Blue Slaver","floor":5,"turns":4},{"damage":25,"enemies":"3 Sentries","floor":7,"turns":9},{"damage":0,"enemies":"Looter","floor":10,"turns":3},{"damage":0,"enemies":"Lagavulin","floor":12,"turns":5},{"damage":5,"enemies":"Fading Forest","floor":16,"turns":11},{"damage":11,"enemies":"2 Thieves","floor":18,"turns":6},{"damage":28,"enemies":"3 Byrds","floor":20,"turns":8},{"damage":29,"enemies":"Sentry and Sphere","floor":21,"turns":7},{"damage":24,"enemies":"3 Cultists","floor":26,"turns":7},{"damage":44,"enemies":"Cultist and Chosen","floor":27,"turns":8}],"seed_played":"8513075104885553848","potions_obtained":[{"floor":2,"key":"blueLaboratory:BottleOfVodka"},{"floor":4,"key":"LiquidBronze"},{"floor":5,"key":"blueLaboratory:AbyssPotion"},{"floor":16,"key":"SteroidPotion"},{"floor":21,"key":"blueLaboratory:BottleOfRum"},{"floor":26,"key":"Fruit Juice"}],"is_trial":false,"path_per_floor":["M","M","M","M","M","R","E","R","T","M","$","E","?","?","R","B",null,"M","?","M","M","AVR","PTL","PTL","R","M","M"],"character_chosen":"WATCHER","items_purchased":["Potion Belt","Replay:AtTheReady"],"campfire_rested":2,"item_purchase_floors":[11,11],"current_hp_per_floor":[79,68,64,62,50,50,25,48,48,48,48,52,42,42,42,57,79,72,72,50,23,23,23,23,46,29,0,0],"gold":280,"neow_bonus":"TEN_PERCENT_HP_BONUS","is_daily":false,"chose_seed":false,"campfire_upgraded":2,"win_rate":0.0,"timestamp":1612742450,"path_taken":["M","M","M","M","M","R","E","R","T","?","?","E","?","?","R","BOSS","M","?","M","M","AVR","PTL","PTL","R","M","M"],"items_purchased_type":["Relic","Card"],"build_version":"2020-12-22","purchased_purges":0,"victory":false,"max_hp_per_floor":[79,79,79,79,79,79,79,79,79,79,79,79,79,79,79,79,79,79,79,79,79,79,79,79,79,84,84,84],"card_choices":[{"not_picked":["PathToVictory","Replay:BluntJabs"],"picked":"EmptyMind","floor":1},{"not_picked":["Protect","CrushJoints"],"picked":"SandsOfTime","floor":2},{"not_picked":["Replay:Vibes","CrushJoints"],"picked":"Meditate","floor":3},{"not_picked":["Replay:Hum","Replay:Cycle"],"picked":"Replay:Battleflow","floor":4},{"not_picked":["Tantrum","Replay:ManipulateFuture"],"picked":"Protect","floor":5},{"not_picked":["Pray","Nirvana","EmptyBody"],"picked":"SKIP","floor":7},{"not_picked":["Evaluate","Prostrate"],"picked":"JustLucky","floor":10},{"not_picked":["BowlingBash","Replay:Cycle"],"picked":"SashWhip","floor":12},{"not_picked":["Replay:AllIn","MasterReality"],"picked":"Vault","floor":16},{"not_picked":["ThirdEye","FlyingSleeves"],"picked":"SashWhip+1","floor":18},{"not_picked":["Study","CarveReality","Replay:ManipulateFuture+1"],"picked":"SKIP","floor":20},{"not_picked":["Replay:Cycle+1","JustLucky"],"picked":"Replay:Anticipation+1","floor":21},{"not_picked":["ReachHeaven","Replay:Anticipation"],"picked":"ClearTheMind","floor":26}],"player_experience":38644,"relics_obtained":[{"floor":7,"key":"TungstenRod"},{"floor":9,"key":"Snack Pack"},{"floor":12,"key":"Replay:Baseball"}],"event_choices":[{"damage_healed":0,"gold_gain":75,"player_choice":"Gather Gold","damage_taken":11,"max_hp_gain":0,"max_hp_loss":0,"event_name":"World of Goop","floor":13,"gold_loss":0},{"damage_healed":0,"gold_gain":0,"player_choice":"Ignored","damage_taken":0,"max_hp_gain":0,"max_hp_loss":0,"event_name":"Liars Game","floor":14,"gold_loss":0}],"is_beta":false,"boss_relics":[{"not_picked":["hubris:Stopwatch","Ring of Chaos"],"picked":"SlaversCollar"}],"items_purged_floors":[],"is_endless":false,"potions_floor_spawned":[2,4,5,16,21,26],"killed_by":"Cultist and Chosen","ascension_level":0}}