{"host":"08t08ld674si40tv","time":1612786561,"event":{"mods":["AchievementEnabler","BaseMod","Colored Map","Minty Spire (QoL Compilation)","StSLib","SuperFastMode"],"gold_per_floor":[110,110,128,128,148,148,474,524,524,534,152,177,177,177,177,251,251,266,86,86,99,99,115,144,194,194,194,221,191,209,222,222,300,300,320,156,173,48,60,60,93,109,157,170,170,20,20,31,31,31,31],"floor_reached":50,"language":"KOR","playtime":1219,"items_purged":["Defend_R","Strike_R","Strike_R","Parasite"],"score":1144,"play_id":"434a6303-c329-4a4e-a673-b6285614bd45","local_time":"20210208211601","is_ascension_mode":true,"campfire_choices":[{"data":"Bash","floor":6,"key":"SMITH"},{"data":"Barricade","floor":13,"key":"SMITH"},{"data":"Immolate","floor":15,"key":"SMITH"},{"data":"Double Tap","floor":32,"key":"SMITH"},{"data":"Battle Trance","floor":40,"key":"SMITH"},{"floor":49,"key":"RECALL"}],"circlet_count":0,"master_deck":["AscendersBane","Strike_R","Defend_R","Defend_R","Defend_R","Bash+1","Ghostly Armor","Pommel Strike","Wild Strike","Bludgeon","Feel No Pain","Shrug It Off","Battle Trance+1","Barricade+1","Immolate+1","Evolve","Bloodletting","Body Slam+1","Shockwave","Double Tap+1","Battle Trance"],"relics":["Burning Blood","Paper Crane","Paper Frog","Champion Belt","NeowsBlessing","Old Coin","Thread and Needle","Orrery","Orichalcum","Coffee Dripper","Art of War","Vajra","Ancient Tea Set","Black Star","Medical Kit","TungstenRod","Anchor","Centennial Puzzle","Eternal Feather"],"acts_visited":["Exordium","TheCity","TheBeyond"],"potions_floor_usage":[7,16,22,24,33,33,39,48],"damage_taken":[{"damage":0,"enemies":"Small Slimes","floor":1,"turns":1},{"damage":0,"enemies":"Cultist","floor":3,"turns":1},{"damage":0,"enemies":"Jaw Worm","floor":5,"turns":1},{"damage":30,"enemies":"Lagavulin","floor":7,"turns":6},{"damage":8,"enemies":"Exordium Wildlife","floor":10,"turns":4},{"damage":15,"enemies":"3 Sentries","floor":12,"turns":11},{"damage":29,"enemies":"Slime Boss","floor":16,"turns":8},{"damage":7,"enemies":"3 Byrds","floor":18,"turns":5},{"damage":20,"enemies":"2 Thieves","floor":21,"turns":4},{"damage":0,"enemies":"3 Cultists","floor":22,"turns":2},{"damage":5,"enemies":"Centurion and Healer","floor":23,"turns":5},{"damage":6,"enemies":"Book of Stabbing","floor":24,"turns":5},{"damage":8,"enemies":"Gremlin Leader","floor":28,"turns":5},{"damage":0,"enemies":"Sentry and Sphere","floor":30,"turns":4},{"damage":0,"enemies":"Snecko","floor":31,"turns":4},{"damage":16,"enemies":"Automaton","floor":33,"turns":7},{"damage":0,"enemies":"Orb Walker","floor":35,"turns":4},{"damage":25,"enemies":"3 Shapes","floor":37,"turns":4},{"damage":24,"enemies":"Jaw Worm Horde","floor":39,"turns":4},{"damage":29,"enemies":"Reptomancer","floor":41,"turns":5},{"damage":7,"enemies":"Transient","floor":42,"turns":6},{"damage":2,"enemies":"Writhing Mass","floor":44,"turns":5},{"damage":13,"enemies":"Maw","floor":48,"turns":6},{"damage":19,"enemies":"Awakened One","floor":50,"turns":9}],"seed_played":"-2623936572371603491","potions_obtained":[{"floor":3,"key":"AttackPotion"},{"floor":10,"key":"Fire Potion"},{"floor":12,"key":"Ancient Potion"},{"floor":21,"key":"SmokeBomb"},{"floor":23,"key":"SkillPotion"},{"floor":29,"key":"Explosive Potion"},{"floor":29,"key":"FearPotion"},{"floor":30,"key":"Dexterity Potion"},{"floor":33,"key":"PowerPotion"},{"floor":37,"key":"LiquidBronze"},{"floor":42,"key":"GamblersBrew"}],"is_trial":false,"path_per_floor":["M","?","M","?","M","R","E","?","T","M","$","E","R","T","R","B",null,"M","$","?","M","M","M","E","?","T","?","E","?","M","M","R","B",null,"M","$","M","$","M","R","E","M","T","M","T","$","?","M","R","B"],"character_chosen":"IRONCLAD","items_purchased":["Shrug It Off","Battle Trance","Orrery","Bloodletting","Medical Kit"],"campfire_rested":0,"item_purchase_floors":[11,11,11,19,36],"current_hp_per_floor":[74,74,75,80,80,80,56,56,56,54,54,45,45,45,45,22,66,65,65,44,30,36,37,37,37,37,14,12,12,18,24,24,14,67,73,73,54,54,36,36,13,12,12,16,16,16,16,9,21,2,2],"gold":31,"neow_bonus":"THREE_ENEMY_KILL","is_daily":false,"chose_seed":false,"campfire_upgraded":5,"win_rate":0.0,"timestamp":1612786561,"path_taken":["M","?","?","?","M","R","E","?","T","?","$","E","R","?","R","BOSS","M","$","?","M","M","M","E","?","T","?","E","?","M","M","R","BOSS","M","?","?","$","M","R","E","M","T","M","?","$","?","?","R","BOSS"],"items_purchased_type":["Card","Card","Relic","Card","Relic"],"build_version":"2020-12-22","purchased_purges":4,"victory":false,"max_hp_per_floor":[75,75,75,80,80,80,80,80,80,80,80,80,80,80,80,80,80,80,80,80,80,80,80,80,80,80,85,85,85,85,85,85,85,85,85,85,85,85,85,85,85,85,85,85,85,82,82,82,82,82,82],"card_choices":[{"not_picked":["Sword Boomerang","Twin Strike"],"picked":"Ghostly Armor","floor":1},{"not_picked":["Heavy Blade","Flex"],"picked":"Pommel Strike","floor":3},{"not_picked":["Pommel Strike","Dark Embrace"],"picked":"Wild Strike","floor":5},{"not_picked":["Flex","Pommel Strike"],"picked":"Bludgeon","floor":7},{"not_picked":["Anger","Cleave"],"picked":"Feel No Pain","floor":10},{"not_picked":["Ghostly Armor","Evolve"],"picked":"Barricade","floor":11},{"not_picked":["Flex","Dropkick"],"picked":"Immolate","floor":12},{"not_picked":["Dual Wield","Sword Boomerang+1"],"picked":"Evolve","floor":18},{"not_picked":["Wild Strike","Fire Breathing"],"picked":"Body Slam+1","floor":21},{"not_picked":["Armaments","Pommel Strike+1"],"picked":"Shockwave","floor":23},{"not_picked":["Shrug It Off","Pummel","Reckless Charge"],"picked":"SKIP","floor":24},{"not_picked":["Flex","Anger+1"],"picked":"Double Tap","floor":28},{"not_picked":["Flex","Warcry","Sentinel"],"picked":"SKIP","floor":30},{"not_picked":["Bloodletting","Headbutt","Ghostly Armor"],"picked":"SKIP","floor":31},{"not_picked":["Iron Wave","Infernal Blade","Perfected Strike"],"picked":"SKIP","floor":35},{"not_picked":["Burning Pact","Thunderclap","Wild Strike+1"],"picked":"SKIP","floor":37},{"not_picked":["Ghostly Armor","Sever Soul","Pommel Strike"],"picked":"SKIP","floor":39},{"not_picked":["Rampage+1","Sentinel","Bloodletting"],"picked":"SKIP","floor":41},{"not_picked":["Iron Wave","Anger","Rupture"],"picked":"SKIP","floor":42},{"not_picked":["Pommel Strike+1","Anger","Flex"],"picked":"SKIP","floor":44},{"not_picked":["Carnage","Whirlwind","Combust+1"],"picked":"SKIP","floor":48}],"player_experience":300261,"relics_obtained":[{"floor":7,"key":"Old Coin"},{"floor":9,"key":"Thread and Needle"},{"floor":12,"key":"Orichalcum"},{"floor":24,"key":"Art of War"},{"floor":26,"key":"Vajra"},{"floor":28,"key":"Ancient Tea Set"},{"floor":41,"key":"TungstenRod"},{"floor":41,"key":"Anchor"},{"floor":43,"key":"Centennial Puzzle"},{"floor":45,"key":"Eternal Feather"}],"event_choices":[{"cards_removed":["Strike_R"],"damage_healed":0,"gold_gain":0,"player_choice":"Purged","damage_taken":0,"max_hp_gain":0,"max_hp_loss":0,"event_name":"Purifier","floor":2,"gold_loss":0},{"damage_healed":0,"gold_gain":0,"player_choice":"Donut","damage_taken":0,"max_hp_gain":5,"max_hp_loss":0,"event_name":"Big Fish","floor":4,"gold_loss":0},{"damage_healed":0,"gold_gain":50,"player_choice":"Pray","damage_taken":0,"max_hp_gain":0,"max_hp_loss":0,"event_name":"Golden Shrine","floor":8,"gold_loss":0},{"damage_healed":0,"gold_gain":0,"player_choice":"Obtained Book","damage_taken":21,"max_hp_gain":0,"max_hp_loss":0,"event_name":"Cursed Tome","floor":20,"gold_loss":0},{"damage_healed":0,"gold_gain":50,"player_choice":"Stole From Cult","damage_taken":0,"max_hp_gain":0,"max_hp_loss":0,"event_name":"Nest","floor":25,"gold_loss":0},{"damage_healed":0,"gold_gain":0,"player_choice":"Shed Blood","damage_taken":28,"max_hp_gain":5,"max_hp_loss":0,"event_name":"Forgotten Altar","floor":27,"gold_loss":0},{"damage_healed":0,"gold_gain":0,"player_choice":"Bought 2 Potions","damage_taken":0,"max_hp_gain":0,"max_hp_loss":0,"event_name":"The Woman in Blue","floor":29,"gold_loss":0},{"damage_healed":0,"gold_gain":0,"cards_transformed":["Strike_R"],"player_choice":"Transformed","damage_taken":0,"max_hp_gain":0,"max_hp_loss":0,"event_name":"Transmorgrifier","floor":47,"gold_loss":0,"cards_obtained":["Battle Trance"]}],"is_beta":false,"boss_relics":[{"not_picked":["Busted Crown","SlaversCollar"],"picked":"Coffee Dripper"},{"not_picked":["Calling Bell","Fusion Hammer"],"picked":"Black Star"}],"items_purged_floors":[11,19,38,46],"is_endless":false,"potions_floor_spawned":[3,10,12,21,23,30,33,37,42],"killed_by":"Awakened One","ascension_level":20}}