{"host":"7jl4uf745pjtflnx","time":1612757743,"event":{"mods":["BaseMod","BetterRewards","Hubris","Minty Spire (QoL Compilation)","Reliquary","Replay The Spire","StSLib","SuperFastMode","The Construct"],"gold_per_floor":[118,130,148,168,26,26,26,36,59,59,15,15,26,60,60,138,138,151,151,171,189,189,189,189,189],"floor_reached":24,"language":"ENG","playtime":640,"items_purged":["Strike_B","Strike_B","Strike_B"],"score":596,"play_id":"afb367c7-eee8-412e-935e-95855be7f575","local_time":"20210207231543","is_ascension_mode":true,"campfire_choices":[{"floor":6,"key":"REST"},{"data":"hubris:EnhanceAbility","floor":10,"key":"SMITH"},{"data":"Defragment","floor":12,"key":"SMITH"},{"data":"Loop","floor":15,"key":"SMITH"},{"floor":23,"key":"REST"}],"circlet_count":0,"master_deck":["AscendersBane","Defend_B","Defend_B","Defend_B","Dualcast","hubris:EnhanceAbility+1","Storm","Barrage","Defragment+1","FTL","Cold Snap","Loop+1","Storm","Leap","Auto Shields","Turbo","Consume","Cold Snap","Machine Learning","Coolheaded","Self Repair","FIFO Queue"],"relics":["Cracked Core","Mango","Membership Card","Runic Capacitor","MealTicket","Replay:Antivirus Software","Replay:Drink Me","Enchiridion","hubris:Towel"],"acts_visited":["Exordium","TheCity"],"potions_floor_usage":[2,24,24],"damage_taken":[{"damage":1,"enemies":"Cultist","floor":1,"turns":3},{"damage":2,"enemies":"Jaw Worm","floor":2,"turns":3},{"damage":14,"enemies":"Small Slimes","floor":3,"turns":3},{"damage":7,"enemies":"Blue Slaver","floor":4,"turns":4},{"damage":0,"enemies":"Looter","floor":8,"turns":4},{"damage":10,"enemies":"Large Slime","floor":13,"turns":4},{"damage":8,"enemies":"Gremlin Nob","floor":14,"turns":3},{"damage":31,"enemies":"Hexaghost","floor":16,"turns":6},{"damage":0,"enemies":"Spheric Guardian","floor":18,"turns":4},{"damage":4,"enemies":"Shell Parasite","floor":20,"turns":4},{"damage":20,"enemies":"3 Cultists","floor":21,"turns":6},{"damage":45,"enemies":"Slavers","floor":24,"turns":3}],"seed_played":"595669513427092389","potions_obtained":[{"floor":1,"key":"SpeedPotion"},{"floor":3,"key":"SteroidPotion"},{"floor":14,"key":"Languid Potion"},{"floor":18,"key":"Fire Potion"}],"is_trial":false,"path_per_floor":["M","M","M","M","$","R","?","M","T","R","$","R","M","E","R","B",null,"M","?","M","M","?","R","E"],"character_chosen":"DEFECT","items_purchased":["hubris:EnhanceAbility","Storm","Barrage","Defragment","Mango","FTL","Membership Card","Cold Snap","Loop","Runic Capacitor","Consume"],"campfire_rested":2,"item_purchase_floors":[0,0,0,0,0,0,0,0,0,5,11],"current_hp_per_floor":[36,34,20,13,13,38,66,66,66,66,81,81,71,63,63,32,56,56,35,31,18,18,37,0,0],"gold":189,"neow_bonus":"","is_daily":false,"chose_seed":false,"campfire_upgraded":3,"win_rate":0.0,"timestamp":1612757743,"path_taken":["M","M","?","M","$","R","?","M","T","R","$","R","M","E","R","BOSS","M","?","M","M","?","R","E"],"items_purchased_type":["Card","Card","Card","Card","Relic","Card","Relic","Card","Card","Relic","Card"],"build_version":"2020-12-22","purchased_purges":3,"victory":false,"max_hp_per_floor":[85,85,85,85,85,85,85,85,85,85,85,85,85,85,85,85,64,64,64,64,64,64,64,64,64],"card_choices":[{"not_picked":["Scrape","Turbo"],"picked":"Storm","floor":1},{"not_picked":["Gash","Recycle","Hologram"],"picked":"SKIP","floor":2},{"not_picked":["Rebound","Beam Cell"],"picked":"Leap","floor":3},{"not_picked":["Barrage","Sweeping Beam"],"picked":"Auto Shields","floor":4},{"not_picked":["Hologram","Stack"],"picked":"Turbo","floor":8},{"not_picked":["Beam Cell","Ball Lightning","Turbo"],"picked":"SKIP","floor":13},{"not_picked":["Core Surge","Reprogram"],"picked":"Cold Snap","floor":14},{"not_picked":["All For One","Buffer"],"picked":"Machine Learning","floor":16},{"not_picked":["Gash+1","ReplaySolidLightProjector"],"picked":"Coolheaded","floor":18},{"not_picked":["Gash","Chill"],"picked":"Self Repair","floor":20},{"not_picked":["Consume","Steam Power"],"picked":"FIFO Queue","floor":21}],"player_experience":770486,"relics_obtained":[{"floor":9,"key":"MealTicket"},{"floor":14,"key":"Replay:Antivirus Software"},{"floor":19,"key":"Enchiridion"}],"event_choices":[{"damage_healed":28,"gold_gain":0,"player_choice":"Banana","damage_taken":0,"max_hp_gain":0,"max_hp_loss":0,"event_name":"Big Fish","floor":7,"gold_loss":0},{"damage_healed":0,"gold_gain":0,"player_choice":"Obtained Book","damage_taken":21,"max_hp_gain":0,"max_hp_loss":0,"event_name":"Cursed Tome","floor":19,"gold_loss":0}],"is_beta":false,"boss_relics":[{"not_picked":["Pandora\u0027s Box","Replay:Ancient Bell"],"picked":"Replay:Drink Me"}],"items_purged_floors":[0,0,5],"is_endless":false,"potions_floor_spawned":[1,3,14,18],"killed_by":"Slavers","ascension_level":20}}