{"host":"t0r9wuv4zaiwets7","time":1612761135,"event":{"mods":["AchievementEnabler","BaseMod","Bestiary","Colored Map","Colored Powertips","Downfall","Highlight Path","Minty Spire (QoL Compilation)","StSLib"],"gold_per_floor":[199,219,237,256,2,13,66,66,101,114,132,132,165,182,195,300,300,300,320,320,103,122,122,170,270,270,270,283,283,297,330,342,447,447,447,466,188,207,207,207,256,290,4,35,53,65,65,77,97,97],"floor_reached":51,"language":"ENG","playtime":4986,"items_purged":["Guardian:Strike_Guardian"],"score":881,"play_id":"19671ec8-1e7f-4b6f-ba2c-e9afe2a6bb4a","local_time":"20210207211215","is_ascension_mode":true,"campfire_choices":[{"data":"Guardian:CurlUp","floor":1.0,"key":"SMITH"},{"data":"Guardian:SentryBeam","floor":8.0,"key":"SMITH"},{"floor":12.0,"key":"REST"},{"data":"Guardian:TimeSifter","floor":18.0,"key":"SMITH"},{"data":"Guardian:TemporalShield","floor":23.0,"key":"SMITH"},{"data":"Guardian:DecasProtection","floor":27.0,"key":"SMITH"},{"data":"Guardian:StasisStrike","floor":29.0,"key":"SMITH"},{"data":"Guardian:ConstructionForm","floor":35.0,"key":"SMITH"},{"data":"expansioncontent:DashGenerateEvil","floor":40.0,"key":"SMITH"},{"floor":47.0,"key":"REST"}],"circlet_count":0,"master_deck":["Guardian:Defend_Guardian","Guardian:Defend_Guardian","Guardian:Defend_Guardian","Guardian:Defend_Guardian","Guardian:CurlUp+1","Guardian:TwinSlam","Guardian:ChargeCore","Guardian:SentryBeam+1","Guardian:TemporalStrike","Guardian:TimeSifter+1","Sadistic Nature","Guardian:DecasProtection+1","Guardian:VentSteam","Guardian:DonusPower","Guardian:StasisStrike+1","Guardian:Preprogram","Bite","Bite","Bite","Bite","Bite","Guardian:SentryBeam","Guardian:TemporalShield+1","Guardian:Suspension+1","Guardian:ShieldCharger","Guardian:CrystalBeam+1","Guardian:DecasProtection+1","Guardian:PrimingBeam+1","Guardian:ConstructionForm+1","Guardian:ChargeCore","Guardian:ShieldCharger+1","Guardian:FloatingOrbs","expansioncontent:DashGenerateEvil+1","Guardian:ArmoredProtocol+1","Guardian:ConstructionForm+1","Guardian:SpikerProtocol","expansioncontent:QuickStudy+1","Forethought+1","Guardian:Recover+1","Guardian:FloatingOrbs","Guardian:Suspension+1","Guardian:Clone+1"],"relics":["Guardian:ModeShifter","Centennial Puzzle","Ancient Tea Set","Oddly Smooth Stone","Sozu","Medical Kit","Strawberry","Peace Pipe","Shuriken","Mercury Hourglass","Mummified Hand","Busted Crown","PreservedInsect","Toxic Egg 2","Bottled Tornado","Nunchaku"],"acts_visited":["Exordium","TheCity","TheBeyond"],"potions_floor_usage":[],"damage_taken":[{"damage":2.0,"enemies":"Small Slimes","floor":2.0,"turns":3.0},{"damage":2.0,"enemies":"2 Louse","floor":3.0,"turns":3.0},{"damage":3.0,"enemies":"Jaw Worm","floor":4.0,"turns":4.0},{"damage":10.0,"enemies":"downfall:FleeingMerchant","floor":5.0,"turns":4.0},{"damage":1.0,"enemies":"Exordium Wildlife","floor":6.0,"turns":4.0},{"damage":18.0,"enemies":"Gremlin Nob","floor":9.0,"turns":4.0},{"damage":8.0,"enemies":"Red Slaver","floor":10.0,"turns":3.0},{"damage":0.0,"enemies":"3 Louse","floor":11.0,"turns":2.0},{"damage":6.0,"enemies":"3 Sentries","floor":13.0,"turns":7.0},{"damage":3.0,"enemies":"Lots of Slimes","floor":14.0,"turns":4.0},{"damage":6.0,"enemies":"2 Fungi Beasts","floor":15.0,"turns":3.0},{"damage":39.0,"enemies":"WA_ARCHETYPE_RETAIN","floor":16.0,"turns":9.0},{"damage":5.0,"enemies":"3 Byrds","floor":19.0,"turns":4.0},{"damage":8.0,"enemies":"downfall:FleeingMerchant","floor":21.0,"turns":4.0},{"damage":10.0,"enemies":"Spheric Guardian","floor":22.0,"turns":3.0},{"damage":23.0,"enemies":"Colosseum Nobs","floor":25.0,"turns":5.0},{"damage":12.0,"enemies":"3 Cultists","floor":28.0,"turns":4.0},{"damage":4.0,"enemies":"Snake Plant","floor":30.0,"turns":4.0},{"damage":26.0,"enemies":"Gremlin Leader","floor":31.0,"turns":6.0},{"damage":0.0,"enemies":"Sentry and Sphere","floor":32.0,"turns":5.0},{"damage":11.0,"enemies":"DF_ARCHETYPE_CLAW","floor":33.0,"turns":6.0},{"damage":21.0,"enemies":"3 Darklings","floor":36.0,"turns":5.0},{"damage":0.0,"enemies":"downfall:FleeingMerchant","floor":37.0,"turns":4.0},{"damage":17.0,"enemies":"3 Shapes","floor":38.0,"turns":3.0},{"damage":26.0,"enemies":"Reptomancer","floor":42.0,"turns":3.0},{"damage":0.0,"enemies":"downfall:FleeingMerchant","floor":43.0,"turns":4.0},{"damage":0.0,"enemies":"Giant Head","floor":44.0,"turns":5.0},{"damage":0.0,"enemies":"3 Darklings","floor":45.0,"turns":4.0},{"damage":0.0,"enemies":"Sphere and 2 Shapes","floor":46.0,"turns":4.0},{"damage":0.0,"enemies":"Maw","floor":48.0,"turns":6.0},{"damage":8,"enemies":"3 Darklings","floor":49,"turns":4},{"damage":0,"enemies":"IC_BLOCK_ARCHETYPE","floor":50,"turns":8}],"seed_played":"-3130114381249757758","potions_obtained":[{"floor":6.0,"key":"ColorlessPotion"},{"floor":9.0,"key":"Explosive Potion"},{"floor":10.0,"key":"Fire Potion"},{"floor":13.0,"key":"Dexterity Potion"},{"floor":16.0,"key":"Fire Potion"}],"is_trial":false,"path_per_floor":["R","M","M","M","$","M","T","R","E","M","M","R","E","M","M","B",null,"R","M","?","$","M","R","T","?","T","R","M","R","M","E","M","B",null,"R","M","$","M","?","R","T","E","$","E","M","M","R","M","M","B",null],"character_chosen":"GUARDIAN","items_purchased":["Sadistic Nature","Guardian:TemporalShield","Medical Kit","Guardian:FloatingOrbs","expansioncontent:DashGenerateEvil","Bottled Tornado","Guardian:SpikerProtocol","expansioncontent:QuickStudy","Forethought+1","Guardian:Recover+1"],"campfire_rested":2,"item_purchase_floors":[5,21,21,37,37,43,43,43,43,43],"current_hp_per_floor":[80,78,76,73,63,62,62,62,44,36,36,60,54,51,45,6,80,80,75,56,52,48,48,55,42,42,42,40,40,44,34,44,41,63,63,52,60,50,50,50,50,30,32,36,38,46,63,63,59,63],"gold":97,"neow_bonus":"HUNDRED_GOLD","is_daily":false,"chose_seed":false,"campfire_upgraded":8,"win_rate":0.0,"timestamp":1612761135,"path_taken":["R","M","M","M","$","M","T","R","E","M","M","R","E","M","M","BOSS","R","M","?","$","M","R","T","?","?","R","M","R","M","E","M","BOSS","R","M","$","M","?","R","T","E","$","E","M","?","R","M","M","BOSS"],"items_purchased_type":["Card","Card","Relic","Card","Card","Relic","Card","Card","Card","Card"],"build_version":"2020-12-22","purchased_purges":1,"victory":true,"max_hp_per_floor":[80,80,80,80,80,80,80,80,80,80,80,80,80,80,80,80,80,80,80,56,56,56,56,63,63,63,63,63,63,63,63,63,63,63,63,63,63,63,63,63,63,63,63,63,63,63,63,63,63,63],"card_choices":[{"not_picked":["Guardian:RollAttack","Guardian:Gem_Red"],"picked":"Guardian:ChargeCore","floor":2.0},{"not_picked":["Guardian:Recover","Guardian:Planning"],"picked":"Guardian:SentryBeam","floor":3.0},{"not_picked":["Guardian:TemporalShield","Guardian:WalkerClaw"],"picked":"Guardian:TemporalStrike","floor":4.0},{"not_picked":["Guardian:Suspension","Guardian:DecasProtection"],"picked":"Guardian:TimeSifter","floor":5.0},{"not_picked":["Guardian:Suspension","Guardian:RollAttack"],"picked":"Guardian:DecasProtection","floor":6.0},{"not_picked":["Guardian:Gem_Cyan","Guardian:TemporalShield"],"picked":"Guardian:Gem_Orange","floor":9.0},{"not_picked":["Guardian:Gem_Lightblue","Guardian:Incinerate"],"picked":"Guardian:Gem_Yellow","floor":10.0},{"not_picked":["Guardian:PiercingHide","Guardian:RollAttack"],"picked":"Guardian:Gem_Cyan","floor":11.0},{"not_picked":["Guardian:ShieldCharger","Guardian:PrimingBeam"],"picked":"Guardian:VentSteam","floor":13.0},{"not_picked":["Guardian:RefractedBeam","Guardian:DecasProtection"],"picked":"Guardian:Gem_Fragmented","floor":14.0},{"not_picked":["Guardian:Suspension","Guardian:MultiBeam"],"picked":"Guardian:DonusPower","floor":15.0},{"not_picked":["Guardian:StasisField","Guardian:GatlingBeam"],"picked":"Guardian:StasisStrike","floor":16.0},{"not_picked":["Guardian:ChargeCore","Guardian:Gem_Lightblue"],"picked":"Guardian:Preprogram","floor":19.0},{"not_picked":["Guardian:VentSteam","Guardian:Gem_Lightblue"],"picked":"Guardian:SentryBeam","floor":21.0},{"not_picked":["Guardian:PiercingHide","Guardian:PrismaticBeam+1"],"picked":"Guardian:Suspension+1","floor":22.0},{"not_picked":["Guardian:TimeBomb","Guardian:Reroute"],"picked":"Guardian:ShieldCharger","floor":28.0},{"not_picked":["Guardian:GatlingBeam","Guardian:PrimingBeam"],"picked":"Guardian:CrystalBeam+1","floor":30.0},{"not_picked":["Guardian:Incinerate","Guardian:TemporalShield"],"picked":"Guardian:DecasProtection+1","floor":31.0},{"not_picked":["Guardian:Planning+1","Guardian:Suspension"],"picked":"Guardian:PrimingBeam+1","floor":32.0},{"not_picked":["Guardian:StasisStrike","Guardian:FastForward"],"picked":"Guardian:ConstructionForm","floor":33.0},{"not_picked":[],"picked":"Guardian:ChargeCore","floor":36.0},{"not_picked":[],"picked":"Guardian:ShieldCharger+1","floor":37.0},{"not_picked":[],"picked":"Guardian:ArmoredProtocol+1","floor":38.0},{"not_picked":["Guardian:PrismaticBarrier+1"],"picked":"SKIP","floor":42.0},{"not_picked":["Guardian:GuardianWhirl+1"],"picked":"SKIP","floor":43.0},{"not_picked":[],"picked":"Guardian:Gem_Lightblue","floor":44.0},{"not_picked":[],"picked":"Guardian:FloatingOrbs","floor":45.0},{"not_picked":[],"picked":"Guardian:Suspension+1","floor":46.0},{"not_picked":[],"picked":"Guardian:Clone+1","floor":48.0},{"not_picked":["Guardian:Gem_Yellow"],"picked":"SKIP","floor":49}],"player_experience":192850,"relics_obtained":[{"floor":7.0,"key":"Centennial Puzzle"},{"floor":9.0,"key":"Ancient Tea Set"},{"floor":13.0,"key":"Oddly Smooth Stone"},{"floor":24.0,"key":"Strawberry"},{"floor":25.0,"key":"Peace Pipe"},{"floor":25.0,"key":"Shuriken"},{"floor":26.0,"key":"Mercury Hourglass"},{"floor":31.0,"key":"Mummified Hand"},{"floor":41.0,"key":"PreservedInsect"},{"floor":42.0,"key":"Toxic Egg 2"},{"floor":44.0,"key":"Nunchaku"}],"event_choices":[{"damage_healed":0.0,"max_hp_gain":0.0,"max_hp_loss":24.0,"gold_gain":0.0,"event_name":"Vampires","player_choice":"Became a vampire","floor":20.0,"gold_loss":0.0,"damage_taken":0.0,"cards_obtained":["Bite","Bite","Bite","Bite","Bite"]}],"is_beta":false,"boss_relics":[{"not_picked":["Black Star","Pandora\u0027s Box"],"picked":"Sozu"},{"not_picked":["Snecko Eye","Philosopher\u0027s Stone"],"picked":"Busted Crown"}],"items_purged_floors":[5],"is_endless":false,"potions_floor_spawned":[6,9,10,13,16,19,22,25,28,36,42,44,46],"ascension_level":1}}