{"host":"vm8b3ptwl81uq21f","time":1612815436,"event":{"mods":["Act Like it!","Aspiration","BaseMod","BetterRewards","Colored Map","Colored Powertips","Conspire","Gensokyo","GifTheSpireLib","Googly Eyes","GungeonMod","Halation","Hallownest","Hubris","Infinite Spire","Minty Spire (QoL Compilation)","Quick Restart","Rare Cards Sparkle","Reliquary","Replay The Spire","Shop Mod","Spicy Shops","Spire Arcade","StSLib","Stuff the Spire","The IronCluck","The Jungle","[IsaacMod]????"],"gold_per_floor":[115,115,131,131,56,90,90,90,90],"floor_reached":8,"language":"ENG","playtime":744,"items_purged":["Hallownest:curseDreamersLament"],"score":110,"play_id":"2f9b47d3-8c66-4d08-8725-677c818a54df","local_time":"20210208151716","is_ascension_mode":true,"campfire_choices":[],"circlet_count":0,"master_deck":["AscendersBane","Secret Technique+1","Strike_G","Strike_G","Strike_G","Strike_G","Strike_G","Survivor","Neutralize","Prepared","Prepared","Acrobatics","Hidden Blade","StuffTheSpire:ClusterCrunch","Hallownest:skillSlugHide","Hallownest:skillSlugHide","Hallownest:skillSlugHide","Hallownest:skillSlugHide","Hallownest:skillSlugHide"],"relics":["Ring of the Snake","HushsDoor","Void","Unceasing Top","Tough Bandages","MerchantsRug","TheAbacus","Hallownest:TeacherSealRelic","Juzu Bracelet"],"acts_visited":["Exordium"],"potions_floor_usage":[6,6],"damage_taken":[{"damage":2,"enemies":"Hallownest:monsterHuskGuard","floor":1,"turns":4},{"damage":0,"enemies":"Hallownest:2_Baldur","floor":3,"turns":5},{"damage":19,"enemies":"Hallownest:eliteMossKnight","floor":6,"turns":26},{"damage":12,"enemies":"Hallownest:eliteCrystalGuardian","floor":8,"turns":6}],"seed_played":"8339225450461861677","potions_obtained":[{"floor":3,"key":"SkillPotion"}],"is_trial":false,"path_per_floor":["M","?","M","?","$","E","?","E"],"character_chosen":"THE_SILENT","items_purchased":["Unceasing Top","Tough Bandages","MerchantsRug","Prepared","TheAbacus","Acrobatics","DemoMod:LeadSkinPotion"],"campfire_rested":0,"item_purchase_floors":[0,0,0,0,0,0,0],"current_hp_per_floor":[29,29,29,29,29,10,10,0,0],"gold":90,"neow_bonus":"","is_daily":false,"chose_seed":false,"campfire_upgraded":0,"win_rate":0.0,"timestamp":1612815436,"path_taken":["M","?","M","?","$","E","?","E"],"items_purchased_type":["Relic","Relic","Relic","Card","Relic","Card","Undefined"],"build_version":"2020-12-22","purchased_purges":1,"victory":false,"max_hp_per_floor":[66,66,66,66,66,66,66,66,66],"card_choices":[{"not_picked":["Acrobatics","Deadly Poison"],"picked":"Hidden Blade","floor":1},{"not_picked":["Skewer","Sucker Punch","Quick Slash"],"picked":"SKIP","floor":3},{"not_picked":["Backflip","Atom Bomb"],"picked":"StuffTheSpire:ClusterCrunch","floor":6}],"player_experience":398015,"relics_obtained":[{"floor":6,"key":"Juzu Bracelet"}],"event_choices":[],"is_beta":false,"boss_relics":[],"items_purged_floors":[5],"is_endless":false,"potions_floor_spawned":[3],"killed_by":"Hallownest:eliteCrystalGuardian","ascension_level":14}}