{"host":"8ki4rp59nppvqwda","time":1612748830,"event":{"mods":["AlwaysNeverKeys","BaseMod","Hermit","Minty Spire (QoL Compilation)","Robot Space Explorer","SacredBarkPlus","StSLib","The Cursed","The Necromancer","The Trickster"],"gold_per_floor":[110,110,110,385,395,426,440,473,499,527,527,492,492,492,492,587,587,600,369,386,301,45,71,71,103,103,103,115,115,129,148,148,249,249,266,266,266,276,289,323,351,363,430,442,116,131,144,160,160,160],"floor_reached":51,"language":"ENG","playtime":5830,"items_purged":["Regret","RobotSpaceExplorer:Strike"],"score":1103,"play_id":"957f3894-917a-4c13-a524-984827a0e9a1","local_time":"20210207204710","is_ascension_mode":true,"campfire_choices":[{"data":"RobotSpaceExplorer:PowerGlove","floor":11.0,"key":"SMITH"},{"floor":13.0,"key":"REST"},{"data":"RobotSpaceExplorer:RigExplosive","floor":15.0,"key":"SMITH"},{"data":"RobotSpaceExplorer:Explosion","floor":27.0,"key":"SMITH"},{"data":"RobotSpaceExplorer:LuckyStrike","floor":32.0,"key":"SMITH"},{"data":"RobotSpaceExplorer:ShockMissile","floor":42.0,"key":"SMITH"},{"data":"RobotSpaceExplorer:DroneSwarm","floor":44.0,"key":"SMITH"},{"data":"RobotSpaceExplorer:StarLightning","floor":49.0,"key":"SMITH"}],"circlet_count":0,"master_deck":["RobotSpaceExplorer:Strike","RobotSpaceExplorer:Strike","RobotSpaceExplorer:Strike","RobotSpaceExplorer:Defend","RobotSpaceExplorer:Defend","RobotSpaceExplorer:Defend+1","RobotSpaceExplorer:Scan+1","RobotSpaceExplorer:MiniLasers","RobotSpaceExplorer:RigExplosive+1","RobotSpaceExplorer:SurgingShield","RobotSpaceExplorer:PowerGlove+1","RobotSpaceExplorer:ShockMissile+1","RobotSpaceExplorer:ScrapMissile","RobotSpaceExplorer:ScrapToss","RobotSpaceExplorer:Explosion+1","RobotSpaceExplorer:ImprovisedAttack+1","RobotSpaceExplorer:StunGrenade+1","RobotSpaceExplorer:MiniDrones+1","RobotSpaceExplorer:GlueShot+1","RobotSpaceExplorer:Reload+1","RobotSpaceExplorer:LuckyStrike+1","RobotSpaceExplorer:Probe+1","Writhe","RobotSpaceExplorer:BigMissile","RobotSpaceExplorer:StarLightning+1","RobotSpaceExplorer:GlueShot+1","RobotSpaceExplorer:FranticSearch+1","RobotSpaceExplorer:Autoloader","RobotSpaceExplorer:PlasmaMissile+1","RobotSpaceExplorer:Counterblock+1","RobotSpaceExplorer:Pulsar+1","RobotSpaceExplorer:Ammunition+1","RobotSpaceExplorer:Ammunition+1","RobotSpaceExplorer:BigMissile+1","RobotSpaceExplorer:FrostMissile+1","RobotSpaceExplorer:DroneSwarm+1","Discovery+1","RobotSpaceExplorer:Pulsar+1","RobotSpaceExplorer:MiniDrones+1","RobotSpaceExplorer:DualCore","RobotSpaceExplorer:FranticSearch+1","RobotSpaceExplorer:StarLightning+1","RobotSpaceExplorer:BlastShield+1"],"relics":["RobotSpaceExplorer:RoboCore","Prayer Wheel","Potion Belt","Nunchaku","RobotSpaceExplorer:FoglandsKnife","Mercury Hourglass","Toy Ornithopter","Coffee Dripper","Lee\u0027s Waffle","Dead Branch","Toxic Egg 2","Bag of Marbles","Pantograph","Ornamental Fan","Oddly Smooth Stone","Kunai","MealTicket","Philosopher\u0027s Stone","Omamori","MawBank","Bronze Scales","War Paint"],"acts_visited":["Exordium","TheCity","TheBeyond"],"potions_floor_usage":[50,50,50,50,50],"damage_taken":[{"damage":3.0,"enemies":"2 Louse","floor":1.0,"turns":3.0},{"damage":5.0,"enemies":"Jaw Worm","floor":5.0,"turns":4.0},{"damage":27.0,"enemies":"Lagavulin","floor":6.0,"turns":6.0},{"damage":3.0,"enemies":"Small Slimes","floor":7.0,"turns":4.0},{"damage":17.0,"enemies":"3 Sentries","floor":8.0,"turns":6.0},{"damage":0.0,"enemies":"Gremlin Nob","floor":10.0,"turns":2.0},{"damage":40.0,"enemies":"The Guardian","floor":16.0,"turns":15.0},{"damage":0.0,"enemies":"Spheric Guardian","floor":18.0,"turns":2.0},{"damage":8.0,"enemies":"Shell Parasite","floor":20.0,"turns":3.0},{"damage":12.0,"enemies":"Gremlin Leader","floor":23.0,"turns":4.0},{"damage":0.0,"enemies":"Slavers","floor":25.0,"turns":2.0},{"damage":0.0,"enemies":"Sentry and Sphere","floor":28.0,"turns":3.0},{"damage":0.0,"enemies":"Snake Plant","floor":30.0,"turns":3.0},{"damage":0.0,"enemies":"Centurion and Healer","floor":31.0,"turns":3.0},{"damage":0.0,"enemies":"Collector","floor":33.0,"turns":6.0},{"damage":0.0,"enemies":"3 Darklings","floor":35.0,"turns":3.0},{"damage":20.0,"enemies":"3 Shapes","floor":38.0,"turns":2.0},{"damage":0.0,"enemies":"Transient","floor":39.0,"turns":5.0},{"damage":0.0,"enemies":"Giant Head","floor":40.0,"turns":8.0},{"damage":0.0,"enemies":"3 Darklings","floor":41.0,"turns":1.0},{"damage":0.0,"enemies":"Writhing Mass","floor":46.0,"turns":4.0},{"damage":0.0,"enemies":"Maw","floor":47.0,"turns":6.0},{"damage":18.0,"enemies":"Jaw Worm Horde","floor":48.0,"turns":2.0},{"damage":1,"enemies":"Donu and Deca","floor":50,"turns":7}],"seed_played":"6999170465894218376","potions_obtained":[{"floor":5.0,"key":"SneckoOil"},{"floor":7.0,"key":"Explosive Potion"},{"floor":10.0,"key":"Weak Potion"},{"floor":18.0,"key":"LiquidBronze"},{"floor":20.0,"key":"Ancient Potion"},{"floor":28.0,"key":"PowerPotion"},{"floor":30.0,"key":"BlessingOfTheForge"},{"floor":39.0,"key":"Explosive Potion"},{"floor":40.0,"key":"RobotSpaceExplorer:RecyclePotion"},{"floor":47.0,"key":"Energy Potion"}],"is_trial":false,"path_per_floor":["M","?","?","?","M","E","M","E","T","E","R","?","R","?","R","B",null,"M","$","M","?","$","E","?","E","T","R","M","?","M","M","R","B",null,"M","?","T","M","M","E","M","R","T","R","$","M","M","M","R","B",null],"character_chosen":"RobotSpaceExplorer","items_purchased":["Lee\u0027s Waffle","Toxic Egg 2","War Paint","Discovery+1"],"campfire_rested":1,"item_purchase_floors":[19,22,45,45],"current_hp_per_floor":[65,70,63,63,58,31,28,11,11,11,11,29,50,38,38,3,56,61,80,77,77,77,70,70,75,75,75,75,75,80,80,80,80,80,80,80,80,70,70,75,80,80,80,80,80,80,80,67,67,80],"gold":160,"neow_bonus":"ONE_RARE_RELIC","is_daily":false,"chose_seed":false,"campfire_upgraded":7,"win_rate":0.0,"timestamp":1612748830,"path_taken":["M","?","?","?","M","E","?","E","T","E","R","?","R","?","R","BOSS","M","$","M","?","$","E","?","E","T","R","?","?","M","M","R","BOSS","M","?","?","M","M","E","M","R","T","R","$","M","M","M","R","BOSS"],"items_purchased_type":["Relic","Relic","Relic","Card"],"build_version":"2020-12-22","purchased_purges":2,"victory":true,"max_hp_per_floor":[68,73,73,73,73,73,73,73,73,73,73,73,73,73,73,73,73,73,80,80,80,80,80,80,80,80,80,80,80,80,80,80,80,80,80,80,80,80,80,80,80,80,80,80,80,80,80,80,80,80],"card_choices":[{"not_picked":["RobotSpaceExplorer:Smokescreen","RobotSpaceExplorer:MiniDrones"],"picked":"RobotSpaceExplorer:RigExplosive","floor":1.0},{"not_picked":["RobotSpaceExplorer:ImprovisedAttack","RobotSpaceExplorer:ExhaustFan"],"picked":"RobotSpaceExplorer:SurgingShield","floor":1.0},{"not_picked":["RobotSpaceExplorer:SwiftStep","RobotSpaceExplorer:SurgingShield"],"picked":"RobotSpaceExplorer:PowerGlove","floor":5.0},{"not_picked":["RobotSpaceExplorer:Counterblock","RobotSpaceExplorer:SwiftStep","RobotSpaceExplorer:SelfCleaning"],"picked":"SKIP","floor":5.0},{"not_picked":["RobotSpaceExplorer:Smokescreen","RobotSpaceExplorer:Counterblock"],"picked":"RobotSpaceExplorer:ShockMissile","floor":6.0},{"not_picked":["RobotSpaceExplorer:ShockKick","RobotSpaceExplorer:Discharger"],"picked":"RobotSpaceExplorer:ScrapMissile","floor":7.0},{"not_picked":["RobotSpaceExplorer:Blitz","RobotSpaceExplorer:ExhaustFan","RobotSpaceExplorer:MetalStrike"],"picked":"SKIP","floor":7.0},{"not_picked":["RobotSpaceExplorer:Pulsar","RobotSpaceExplorer:FranticSearch"],"picked":"RobotSpaceExplorer:ScrapToss","floor":8.0},{"not_picked":["RobotSpaceExplorer:Probe","RobotSpaceExplorer:GlueShot","RobotSpaceExplorer:SurgingShield"],"picked":"SKIP","floor":10.0},{"not_picked":["RobotSpaceExplorer:Asteroid","RobotSpaceExplorer:ShockMissile"],"picked":"RobotSpaceExplorer:Explosion","floor":16.0},{"not_picked":["RobotSpaceExplorer:ExhaustFan","RobotSpaceExplorer:Smokescreen"],"picked":"RobotSpaceExplorer:ImprovisedAttack+1","floor":18.0},{"not_picked":["RobotSpaceExplorer:ShovelStrike","RobotSpaceExplorer:SlimeMissile","RobotSpaceExplorer:GlueShot"],"picked":"SKIP","floor":18.0},{"not_picked":["RobotSpaceExplorer:ShovelStrike","RobotSpaceExplorer:SlimeMissile","RobotSpaceExplorer:GlueShot"],"picked":"SKIP","floor":18.0},{"not_picked":["RobotSpaceExplorer:BigMissile+1","RobotSpaceExplorer:MakeshiftVolley+1"],"picked":"RobotSpaceExplorer:StunGrenade+1","floor":20.0},{"not_picked":["RobotSpaceExplorer:Pulsar","RobotSpaceExplorer:MetalStrike"],"picked":"RobotSpaceExplorer:MiniDrones+1","floor":20.0},{"not_picked":["RobotSpaceExplorer:ExhaustFan","RobotSpaceExplorer:Smokescreen+1"],"picked":"RobotSpaceExplorer:GlueShot+1","floor":23.0},{"not_picked":["RobotSpaceExplorer:ImprovisedAttack","RobotSpaceExplorer:Probe"],"picked":"RobotSpaceExplorer:Exploration+1","floor":25.0},{"not_picked":["RobotSpaceExplorer:ScrapMissile","RobotSpaceExplorer:ShockKick"],"picked":"RobotSpaceExplorer:LuckyStrike","floor":28.0},{"not_picked":["RobotSpaceExplorer:MetalStrike","RobotSpaceExplorer:SurgingStrike"],"picked":"RobotSpaceExplorer:Probe+1","floor":28.0},{"not_picked":["RobotSpaceExplorer:SlimeMissile","RobotSpaceExplorer:MiniDrones"],"picked":"RobotSpaceExplorer:BigMissile","floor":30.0},{"not_picked":["RobotSpaceExplorer:Pulsar+1","RobotSpaceExplorer:SurgingShield+1"],"picked":"RobotSpaceExplorer:StarLightning+1","floor":30.0},{"not_picked":["RobotSpaceExplorer:ShockKick","RobotSpaceExplorer:StarDust"],"picked":"RobotSpaceExplorer:GlueShot+1","floor":31.0},{"not_picked":["RobotSpaceExplorer:Probe+1","RobotSpaceExplorer:PowerCollector"],"picked":"RobotSpaceExplorer:FranticSearch+1","floor":31.0},{"not_picked":["RobotSpaceExplorer:Scanner","RobotSpaceExplorer:TrailblazerForm"],"picked":"RobotSpaceExplorer:Autoloader","floor":33.0},{"not_picked":["RobotSpaceExplorer:FreezingShield+1","RobotSpaceExplorer:Jetpack+1"],"picked":"RobotSpaceExplorer:PlasmaMissile+1","floor":35.0},{"not_picked":["RobotSpaceExplorer:ImprovisedAttack+1","RobotSpaceExplorer:Jetpack+1","RobotSpaceExplorer:ToxicBomb+1"],"picked":"SKIP","floor":35.0},{"not_picked":["RobotSpaceExplorer:FrostMissile+1","RobotSpaceExplorer:ImprovisedAttack+1"],"picked":"RobotSpaceExplorer:Counterblock+1","floor":38.0},{"not_picked":["RobotSpaceExplorer:PowerCollector+1","RobotSpaceExplorer:Counterblock+1"],"picked":"RobotSpaceExplorer:Pulsar+1","floor":38.0},{"not_picked":["RobotSpaceExplorer:Reload+1","RobotSpaceExplorer:TurboDodge+1"],"picked":"RobotSpaceExplorer:Ammunition+1","floor":39.0},{"not_picked":["RobotSpaceExplorer:ShovelStrike","RobotSpaceExplorer:SelfCleaning+1"],"picked":"RobotSpaceExplorer:Ammunition+1","floor":39.0},{"not_picked":["RobotSpaceExplorer:FreezingShield+1","RobotSpaceExplorer:SurgingShield+1"],"picked":"RobotSpaceExplorer:BigMissile+1","floor":40.0},{"not_picked":["RobotSpaceExplorer:GlueShot+1","RobotSpaceExplorer:TurboDodge+1"],"picked":"RobotSpaceExplorer:FrostMissile+1","floor":41.0},{"not_picked":["RobotSpaceExplorer:Electropulse+1","RobotSpaceExplorer:ExhaustFan+1"],"picked":"RobotSpaceExplorer:DroneSwarm","floor":41.0},{"not_picked":["RobotSpaceExplorer:DoubleBlock+1","RobotSpaceExplorer:MiniDrones"],"picked":"RobotSpaceExplorer:Pulsar+1","floor":46.0},{"not_picked":["RobotSpaceExplorer:GlueShot+1","RobotSpaceExplorer:SurgingStrike"],"picked":"RobotSpaceExplorer:MiniDrones+1","floor":46.0},{"not_picked":["RobotSpaceExplorer:ShockKick","RobotSpaceExplorer:ImprovisedAttack+1"],"picked":"RobotSpaceExplorer:DualCore","floor":47.0},{"not_picked":["RobotSpaceExplorer:StarDust","RobotSpaceExplorer:MiniDrones+1"],"picked":"RobotSpaceExplorer:FranticSearch+1","floor":47.0},{"not_picked":["RobotSpaceExplorer:ShockKick","RobotSpaceExplorer:Counterblock+1"],"picked":"RobotSpaceExplorer:StarLightning","floor":48.0},{"not_picked":["RobotSpaceExplorer:MiniDrones+1","RobotSpaceExplorer:ImprovisedAttack+1"],"picked":"RobotSpaceExplorer:BlastShield+1","floor":48.0}],"player_experience":1291316,"relics_obtained":[{"floor":6.0,"key":"Potion Belt"},{"floor":8.0,"key":"Nunchaku"},{"floor":9.0,"key":"RobotSpaceExplorer:FoglandsKnife"},{"floor":10.0,"key":"Mercury Hourglass"},{"floor":23.0,"key":"Bag of Marbles"},{"floor":25.0,"key":"Pantograph"},{"floor":26.0,"key":"Ornamental Fan"},{"floor":28.0,"key":"Oddly Smooth Stone"},{"floor":30.0,"key":"MealTicket"},{"floor":37.0,"key":"Omamori"},{"floor":40.0,"key":"MawBank"},{"floor":43.0,"key":"Bronze Scales"}],"event_choices":[{"damage_healed":0.0,"max_hp_gain":5.0,"max_hp_loss":0.0,"gold_gain":0.0,"event_name":"Big Fish","player_choice":"Donut","floor":2.0,"gold_loss":0.0,"damage_taken":0.0},{"cards_removed":["RobotSpaceExplorer:Defend"],"damage_healed":0.0,"max_hp_gain":0.0,"max_hp_loss":0.0,"gold_gain":0.0,"event_name":"Golden Wing","player_choice":"Card Removal","floor":3.0,"gold_loss":0.0,"damage_taken":7.0},{"damage_healed":0.0,"max_hp_gain":0.0,"max_hp_loss":0.0,"gold_gain":275.0,"event_name":"Golden Shrine","player_choice":"Desecrate","floor":4.0,"gold_loss":0.0,"damage_taken":0.0,"cards_obtained":["Regret"]},{"damage_healed":18.0,"max_hp_gain":0.0,"max_hp_loss":0.0,"gold_gain":0.0,"event_name":"The Cleric","player_choice":"Healed","floor":12.0,"gold_loss":35.0,"damage_taken":0.0},{"damage_healed":0.0,"max_hp_gain":0.0,"max_hp_loss":0.0,"gold_gain":0.0,"event_name":"Scrap Ooze","player_choice":"Success","floor":14.0,"gold_loss":0.0,"damage_taken":12.0,"relics_obtained":["Toy Ornithopter"]},{"damage_healed":0.0,"max_hp_gain":0.0,"max_hp_loss":0.0,"gold_gain":0.0,"event_name":"Addict","player_choice":"Obtained Relic","floor":21.0,"gold_loss":85.0,"damage_taken":0.0,"relics_obtained":["Dead Branch"]},{"damage_healed":0.0,"max_hp_gain":0.0,"max_hp_loss":0.0,"gold_gain":0.0,"event_name":"Match and Keep!","player_choice":"2 cards matched","floor":24.0,"gold_loss":0.0,"damage_taken":0.0,"cards_obtained":["RobotSpaceExplorer:Reload","RobotSpaceExplorer:LuckyFind"]},{"damage_healed":0.0,"max_hp_gain":0.0,"max_hp_loss":0.0,"gold_gain":0.0,"event_name":"The Mausoleum","player_choice":"Opened","floor":29.0,"gold_loss":0.0,"damage_taken":0.0,"relics_obtained":["Kunai"],"cards_obtained":["Writhe"]},{"damage_healed":0.0,"max_hp_gain":0.0,"max_hp_loss":0.0,"gold_gain":0.0,"event_name":"Tomb of Lord Red Mask","player_choice":"Ignored","floor":36.0,"gold_loss":0.0,"damage_taken":0.0}],"is_beta":false,"boss_relics":[{"not_picked":["RobotSpaceExplorer:Reprocessor","SacredBark"],"picked":"Coffee Dripper"},{"not_picked":["Empty Cage","Black Star"],"picked":"Philosopher\u0027s Stone"}],"items_purged_floors":[19,45],"is_endless":false,"potions_floor_spawned":[5,7,10,18,20,28,30,39,40,46,47],"ascension_level":6}}