{"host":"p1xsuo25udtrkbq2","time":1612764469,"event":{"mods":["BaseMod","Colored Map","Googly Eyes","Highlight Path","Minty Spire (QoL Compilation)","Quick Restart","Rare Cards Sparkle","Relic Stats","Slay the Relics Exporter","StSLib","everything is the same but u backflip on backflip"],"gold_per_floor":[114,114,19,38,49,77,77,77,77],"floor_reached":8,"language":"ENG","playtime":345,"items_purged":[],"score":98,"play_id":"852b5eb8-9346-447b-8448-dc76995b5a46","local_time":"20210208010749","is_ascension_mode":true,"campfire_choices":[{"floor":7,"key":"REST"}],"circlet_count":0,"master_deck":["AscendersBane","Strike_G","Strike_G","Strike_G","Strike_G","Strike_G","Defend_G","Defend_G","Defend_G","Defend_G","Defend_G","Survivor","Neutralize","Bane","Dramatic Entrance","Blade Dance","Backflip","Catalyst"],"relics":["Ring of the Snake","NeowsBlessing","Snake Skull","Mercury Hourglass"],"acts_visited":["Exordium"],"potions_floor_usage":[6,6],"damage_taken":[{"damage":0,"enemies":"Jaw Worm","floor":1,"turns":1},{"damage":0,"enemies":"Cultist","floor":4,"turns":1},{"damage":0,"enemies":"Small Slimes","floor":5,"turns":1},{"damage":42,"enemies":"Lagavulin","floor":6,"turns":8},{"damage":36,"enemies":"Gremlin Nob","floor":8,"turns":4}],"seed_played":"-3702018346291483160","potions_obtained":[{"floor":1,"key":"Block Potion"},{"floor":5,"key":"LiquidBronze"}],"is_trial":false,"path_per_floor":["M","?","$","M","M","E","R","E"],"character_chosen":"THE_SILENT","items_purchased":["Dramatic Entrance"],"campfire_rested":1,"item_purchase_floors":[3],"current_hp_per_floor":[59,48,48,48,48,6,25,0,0],"gold":77,"neow_bonus":"THREE_ENEMY_KILL","is_daily":false,"chose_seed":false,"campfire_upgraded":0,"win_rate":0.0,"timestamp":1612764469,"path_taken":["M","?","$","M","M","E","R","E"],"items_purchased_type":["Card"],"build_version":"2020-12-22","purchased_purges":0,"victory":false,"max_hp_per_floor":[66,66,66,66,66,66,66,66,66],"relic_stats":{"counters":[5,15],"Snake Skull":[0],"obtain_stats":[{"NeowsBlessing":0,"Snake Skull":2,"Ring of the Snake":0,"Mercury Hourglass":6},{"NeowsBlessing":0,"Snake Skull":1,"Ring of the Snake":0,"Mercury Hourglass":4},{"NeowsBlessing":0,"Snake Skull":1,"Ring of the Snake":0,"Mercury Hourglass":11}],"Ring of the Snake":[10],"Mercury Hourglass":[12]},"card_choices":[{"not_picked":["Reflex","Tactician"],"picked":"Bane","floor":1},{"not_picked":["Dodge and Roll","All Out Attack"],"picked":"Blade Dance","floor":4},{"not_picked":["Skewer","Acrobatics"],"picked":"Backflip","floor":5},{"not_picked":["Blade Dance","Slice"],"picked":"Catalyst","floor":6}],"player_experience":1027285,"relics_obtained":[{"floor":6,"key":"Mercury Hourglass"}],"event_choices":[{"damage_healed":0,"gold_gain":0,"player_choice":"Success","damage_taken":11,"relics_obtained":["Snake Skull"],"max_hp_gain":0,"max_hp_loss":0,"event_name":"Scrap Ooze","floor":2,"gold_loss":0}],"is_beta":false,"boss_relics":[],"items_purged_floors":[],"is_endless":false,"potions_floor_spawned":[1,5],"killed_by":"Gremlin Nob","ascension_level":15}}