{"host":"qy1e0kd24tpj3i2m","time":1612817154,"event":{"mods":["Act Like it!","Alarm Clock","BaseMod","Better Skull","Better Vampires","Colored Map","Colored Powertips","Custom Start","Faster Ascension Climbing","Friendly Minions","GifTheSpireLib","Gremlin Skip","Highlight Path","Minty Spire (QoL Compilation)","Permanent Neow","Poor People Problems","Quick Restart","Red Circlet Mod","Relic Filter Mod","Relic Sorter","Reorder Act Four","SacredBarkPlus","Shop Mod","StSLib","SuperFastMode","Transform Curses","没有小屋子和绿帽子啦"],"gold_per_floor":[111,111,123,123,142,142,175,175,175,187,214,214,239,250,250,324,324,340,25,25,40,40,40],"floor_reached":22,"language":"ZHS","playtime":1054,"items_purged":[],"score":408,"play_id":"464d63ea-76a7-45ba-aa02-f65571a3c31c","local_time":"20210209054554","is_ascension_mode":true,"campfire_choices":[{"data":"True Grit","floor":6.0,"key":"SMITH"},{"data":"Entrench","floor":8.0,"key":"SMITH"},{"data":"Dark Embrace","floor":12.0,"key":"SMITH"},{"data":"Disarm","floor":15.0,"key":"SMITH"}],"circlet_count":0,"master_deck":["AscendersBane","Strike_R","Strike_R","Strike_R","Strike_R","Strike_R","Defend_R","Defend_R","Defend_R","Defend_R","Bash","Rage","Iron Wave","Dark Embrace+1","Disarm+1","True Grit+1","Reckless Charge","Entrench+1","Ghostly Armor","Juggernaut","Pommel Strike","Iron Wave","Impervious","Uppercut","Iron Wave","Ghostly Armor+1","Body Slam"],"relics":["Burning Blood","Prayer Wheel","Dead Branch","Blue Candle","Ginger","Happy Flower","MealTicket","Sozu","Calipers","MutagenicStrength"],"acts_visited":["Exordium","TheCity"],"potions_floor_usage":[21],"damage_taken":[{"damage":10.0,"enemies":"Small Slimes","floor":1.0,"turns":3.0},{"damage":1.0,"enemies":"Cultist","floor":3.0,"turns":4.0},{"damage":0.0,"enemies":"2 Louse","floor":5.0,"turns":3.0},{"damage":9.0,"enemies":"Lagavulin","floor":7.0,"turns":5.0},{"damage":4.0,"enemies":"Lots of Slimes","floor":10.0,"turns":5.0},{"damage":26.0,"enemies":"3 Sentries","floor":11.0,"turns":8.0},{"damage":32.0,"enemies":"Gremlin Nob","floor":13.0,"turns":4.0},{"damage":0.0,"enemies":"Large Slime","floor":14.0,"turns":7.0},{"damage":8.0,"enemies":"Hexaghost","floor":16.0,"turns":10.0},{"damage":2.0,"enemies":"Chosen","floor":18.0,"turns":5.0},{"damage":16,"enemies":"Shell Parasite","floor":21,"turns":2},{"damage":5,"enemies":"Snake Plant","floor":22,"turns":5}],"seed_played":"3761571492463771584","potions_obtained":[{"floor":3.0,"key":"Strength Potion"},{"floor":11.0,"key":"Energy Potion"},{"floor":14.0,"key":"ElixirPotion"},{"floor":16.0,"key":"AttackPotion"}],"is_trial":false,"path_per_floor":["M","?","M","?","M","R","E","R","T","M","E","R","E","M","R","B",null,"M","$","?","M","M"],"character_chosen":"IRONCLAD","items_purchased":["Calipers"],"campfire_rested":0,"item_purchase_floors":[19],"current_hp_per_floor":[46,46,51,51,57,57,54,54,54,56,36,36,10,16,16,14,60,64,75,75,65,60,60],"gold":40,"neow_bonus":"ONE_RARE_RELIC","is_daily":false,"chose_seed":false,"campfire_upgraded":4,"win_rate":0.0,"timestamp":1612817154,"path_taken":["M","?","M","?","M","R","E","R","T","M","E","R","E","M","R","BOSS","M","$","?","M","M"],"items_purchased_type":["Relic"],"build_version":"2020-12-22","purchased_purges":0,"victory":false,"max_hp_per_floor":[75,75,75,75,75,75,75,75,75,75,75,75,75,75,75,75,75,75,75,75,75,75,75],"card_choices":[{"not_picked":["Sword Boomerang","Headbutt"],"picked":"Rage","floor":1.0},{"not_picked":["Rampage","Thunderclap"],"picked":"Iron Wave","floor":1.0},{"not_picked":["Hemokinesis","Blood for Blood"],"picked":"Dark Embrace","floor":3.0},{"not_picked":["Havoc","Intimidate"],"picked":"Disarm","floor":3.0},{"not_picked":["Havoc","Perfected Strike"],"picked":"True Grit","floor":5.0},{"not_picked":["Inflame","Carnage"],"picked":"Reckless Charge","floor":5.0},{"not_picked":["Disarm","Burning Pact"],"picked":"Entrench","floor":7.0},{"not_picked":["True Grit","Clothesline"],"picked":"Ghostly Armor","floor":10.0},{"not_picked":["Twin Strike","Seeing Red"],"picked":"Juggernaut","floor":10.0},{"not_picked":["Searing Blow","Cleave","Battle Trance"],"picked":"SKIP","floor":11.0},{"not_picked":["Spot Weakness","Searing Blow"],"picked":"Pommel Strike","floor":13.0},{"not_picked":["Flex","Clothesline"],"picked":"Iron Wave","floor":14.0},{"not_picked":["Second Wind","True Grit","Heavy Blade"],"picked":"SKIP","floor":14.0},{"not_picked":["Double Tap","Offering"],"picked":"Impervious","floor":16.0},{"not_picked":["Twin Strike","Blood for Blood"],"picked":"Uppercut","floor":18.0},{"not_picked":["Havoc","Dropkick"],"picked":"Iron Wave","floor":18.0},{"not_picked":["Thunderclap","Combust"],"picked":"Ghostly Armor+1","floor":21},{"not_picked":["Battle Trance","Headbutt"],"picked":"Body Slam","floor":21}],"player_experience":990160,"relics_obtained":[{"floor":7.0,"key":"Blue Candle"},{"floor":9.0,"key":"Ginger"},{"floor":11.0,"key":"Happy Flower"},{"floor":13.0,"key":"MealTicket"}],"event_choices":[{"damage_healed":0.0,"max_hp_gain":0.0,"max_hp_loss":0.0,"gold_gain":0.0,"event_name":"Shining Light","player_choice":"Ignored","floor":2.0,"gold_loss":0.0,"damage_taken":0.0},{"damage_healed":0.0,"max_hp_gain":0.0,"max_hp_loss":0.0,"gold_gain":0.0,"event_name":"WeMeetAgain","player_choice":"Gave Potion","floor":4.0,"gold_loss":0.0,"damage_taken":0.0,"relics_obtained":["Dead Branch"]},{"damage_healed":0,"gold_gain":0,"player_choice":"Inject Mutagens","damage_taken":0,"relics_obtained":["MutagenicStrength"],"max_hp_gain":0,"max_hp_loss":0,"event_name":"Drug Dealer","floor":20,"gold_loss":0}],"is_beta":false,"boss_relics":[{"not_picked":["Calling Bell","Philosopher\u0027s Stone"],"picked":"Sozu"}],"items_purged_floors":[],"is_endless":false,"potions_floor_spawned":[3,11,14,16,18,21],"killed_by":"Snake Plant","ascension_level":20}}