{"host":"53w25izqmiakdcya","time":1612759861,"event":{"mods":["BaseMod","Colored Powertips","Downfall","Minty Spire (QoL Compilation)","Quick Restart","Rare Cards Sparkle","StSLib"],"gold_per_floor":[99,109,125,142,187,203,281,308,320,320,220,220,220,236,251,356,356,256,274,292,303,403,503,526,536,552,136,36,59,59,92,112,214,214,214,232,242,261,311,311,335,335,347,347,137,137,152,152,172,172,172,201,40,40,40,40,40,40],"floor_reached":56,"language":"ENG","playtime":4262,"items_purged":[],"score":823,"play_id":"9b6aec0a-5d5d-4e38-8e42-d0a521a515ec","local_time":"20210207225101","is_ascension_mode":false,"campfire_choices":[{"data":"bronze:Replicate","floor":1.0,"key":"SMITH"},{"data":"bronze:Shell","floor":11.0,"key":"SMITH"},{"floor":13.0,"key":"RECALL"},{"data":"bronze:Boost","floor":18.0,"key":"SMITH"},{"floor":28,"key":"REST"},{"data":"bronze:HardenedForm","floor":35,"key":"SMITH"},{"data":"bronze:Terminator","floor":42,"key":"SMITH"},{"data":"bronze:Format","floor":44,"key":"SMITH"},{"data":"bronze:Iterate","floor":46,"key":"SMITH"},{"floor":54,"key":"REST"}],"circlet_count":0,"master_deck":["bronze:Strike","bronze:Strike+1","bronze:Defend","bronze:Defend","bronze:Defend","bronze:Defend","bronze:Replicate+1","bronze:Goto","bronze:HardenedForm+1","bronze:InfiniteBeams","bronze:WhirlingStrike","bronze:Branch","bronze:Shell+1","bronze:CloningBeam+1","bronze:Fortify","bronze:Boost+1","bronze:Iterate+1","bronze:InfiniteLoop","bronze:DelayedSlice+1","bronze:Separator+1","bronze:DecaBeam","bronze:DelayedSlice","bronze:Constructor+1","bronze:DelayedGuard","bronze:Branch","bronze:WhirlingStrike","bronze:Iterate","bronze:DelayedSlice","bronze:DelayedSlice","bronze:Format+1","bronze:Terminator+1","bronze:BitShift","bronze:Branch","bronze:Terminator+1","bronze:Iterate+1","bronze:DelayedSlice","bronze:DelayedSlice","bronze:BitShift","bronze:BronzeOrb+1","bronze:HardenedForm","expansioncontent:Chronoboost"],"relics":["bronze:BronzeCore","Oddly Smooth Stone","Bottled Tornado","Strawberry","downfall:HeartBlessingGreen","Tiny Chest","Empty Cage","downfall:HeartBlessingRed","downfall:GremlinWheel","Nunchaku","Ancient Tea Set","downfall:HeartBlessingBlue","Orichalcum","Peace Pipe","SacredBark","Happy Flower","Prayer Wheel","Whetstone","Lee\u0027s Waffle","Gremlin Horn","Blood Vial"],"acts_visited":["Exordium","TheCity","TheBeyond","TheEnding"],"potions_floor_usage":[31,31,33,33,50,50,50,55],"damage_taken":[{"damage":5.0,"enemies":"Cultist","floor":2.0,"turns":4.0},{"damage":1.0,"enemies":"Jaw Worm","floor":3.0,"turns":3.0},{"damage":5.0,"enemies":"Small Slimes","floor":4.0,"turns":4.0},{"damage":11.0,"enemies":"Exordium Wildlife","floor":6.0,"turns":5.0},{"damage":9.0,"enemies":"3 Sentries","floor":8.0,"turns":6.0},{"damage":10.0,"enemies":"Gremlin Gang","floor":9.0,"turns":4.0},{"damage":7.0,"enemies":"Blue Slaver","floor":14.0,"turns":2.0},{"damage":11.0,"enemies":"Exordium Wildlife","floor":15.0,"turns":2.0},{"damage":15.0,"enemies":"WA_ARCHETYPE_RETAIN","floor":16.0,"turns":7.0},{"damage":5.0,"enemies":"3 Byrds","floor":19.0,"turns":4.0},{"damage":10.0,"enemies":"Spheric Guardian","floor":20.0,"turns":3.0},{"damage":0.0,"enemies":"Cultist and Chosen","floor":21.0,"turns":5.0},{"damage":14,"enemies":"Cultist and Chosen","floor":22,"turns":4},{"damage":0,"enemies":"Cultist and Chosen","floor":23,"turns":3},{"damage":2,"enemies":"Shelled Parasite and Fungi","floor":25,"turns":4},{"damage":0,"enemies":"Centurion and Healer","floor":26,"turns":4},{"damage":0,"enemies":"downfall:FleeingMerchant","floor":27,"turns":4},{"damage":0,"enemies":"Gremlin Leader","floor":31,"turns":5},{"damage":1,"enemies":"Cultist and Chosen","floor":32,"turns":4},{"damage":38,"enemies":"DF_ARCHETYPE_CLAW","floor":33,"turns":8},{"damage":4,"enemies":"Orb Walker","floor":36,"turns":2},{"damage":0,"enemies":"3 Darklings","floor":37,"turns":4},{"damage":7,"enemies":"Writhing Mass","floor":38,"turns":6},{"damage":0,"enemies":"Writhing Mass","floor":39,"turns":5},{"damage":0,"enemies":"Transient","floor":43,"turns":5},{"damage":0,"enemies":"downfall:FleeingMerchant","floor":45,"turns":4},{"damage":14,"enemies":"Spire Growth","floor":47,"turns":4},{"damage":2,"enemies":"Sphere and 2 Shapes","floor":49,"turns":5},{"damage":13,"enemies":"SI_POISON_ARCHETYPE","floor":50,"turns":11},{"damage":93,"enemies":"downfall:CharBossMerchant","floor":52,"turns":11},{"damage":4,"enemies":"downfall:NeowBoss","floor":55,"turns":14},{"damage":30,"enemies":"downfall:NeowBossFinal","floor":56,"turns":3}],"seed_played":"7792377293070865328","potions_obtained":[{"floor":3.0,"key":"SteroidPotion"},{"floor":4.0,"key":"Explosive Potion"},{"floor":8.0,"key":"Strength Potion"},{"floor":9.0,"key":"DuplicationPotion"},{"floor":20.0,"key":"SkillPotion"},{"floor":21.0,"key":"champ:CounterPotion"},{"floor":31,"key":"LiquidBronze"},{"floor":37,"key":"LiquidBronze"},{"floor":39,"key":"champ:CounterPotion"},{"floor":43,"key":"LiquidBronze"}],"is_trial":false,"path_per_floor":["R","M","M","M","T","M","T","E","M","?","R","?","R","M","M","B",null,"R","M","M","M","?","?","T","M","M","$","R","T","?","E","M","B",null,"R","M","M","M","?","?","T","R","M","R","$","R","M","T","M","B",null,"E","$","R","B","B"],"character_chosen":"THE_AUTOMATON","items_purchased":["Nunchaku","Ancient Tea Set","bronze:WhirlingStrike","bronze:Iterate","bronze:DelayedSlice","Lee\u0027s Waffle","expansioncontent:Chronoboost","Guardian:BlockOnCardUsePotion"],"campfire_rested":2,"item_purchase_floors":[27,27,27,27,45,45,53,53],"current_hp_per_floor":[70,65,64,59,59,48,48,46,36,61,61,58,58,51,40,25,77,77,72,62,62,48,48,48,46,46,46,82,82,82,82,81,43,87,87,83,83,76,76,76,76,76,76,76,94,94,80,80,78,65,94,1,1,29,27,0,0,0],"gold":40,"neow_bonus":"ONE_RANDOM_RARE_CARD","is_daily":false,"chose_seed":false,"campfire_upgraded":7,"win_rate":0.0,"timestamp":1612759861,"path_taken":["R","M","M","M","?","M","T","E","M","?","R","?","R","M","M","BOSS","R","M","M","M","?","?","T","?","M","$","R","?","?","E","M","BOSS","R","M","M","M","?","?","T","R","M","R","$","R","M","?","M","BOSS","E","$","R","BOSS","BOSS"],"items_purchased_type":["Relic","Relic","Card","Card","Card","Relic","Card","Potion"],"build_version":"2020-12-22","purchased_purges":0,"victory":false,"max_hp_per_floor":[70,70,70,70,70,70,70,77,77,77,77,77,77,77,77,77,77,77,77,77,77,77,77,77,77,77,77,87,87,87,87,87,87,87,87,87,87,87,87,87,87,87,87,87,94,94,94,94,94,94,94,94,94,94,94,94,94,94],"card_choices":[{"not_picked":["bronze:Invalidate","bronze:Safeguard"],"picked":"bronze:InfiniteBeams","floor":2.0},{"not_picked":["bronze:OilSpill","bronze:Deprecate"],"picked":"bronze:WhirlingStrike","floor":3.0},{"not_picked":["bronze:Repulsor","bronze:ItsAFeature"],"picked":"bronze:Branch","floor":4.0},{"not_picked":["bronze:ChildClass","bronze:Return"],"picked":"bronze:Shell","floor":6.0},{"not_picked":["bronze:Repulsor","bronze:Shield"],"picked":"bronze:CloningBeam","floor":8.0},{"not_picked":["bronze:Overheat","bronze:Shell"],"picked":"bronze:Fortify","floor":9.0},{"not_picked":["bronze:Branch","bronze:Iterate"],"picked":"bronze:Boost","floor":14.0},{"not_picked":["bronze:OilSpill","bronze:Shield"],"picked":"bronze:Iterate","floor":15.0},{"not_picked":["bronze:Format","bronze:ShipIt"],"picked":"bronze:InfiniteLoop","floor":16.0},{"not_picked":["bronze:Separator","bronze:Optimize"],"picked":"bronze:DelayedSlice+1","floor":19.0},{"not_picked":["bronze:CutThrough","bronze:BronzeArmor","bronze:ItsAFeature"],"picked":"SKIP","floor":20.0},{"not_picked":["bronze:Shield","bronze:ForceShield+1"],"picked":"bronze:Separator+1","floor":21.0},{"not_picked":[],"picked":"bronze:DecaBeam","floor":22},{"not_picked":["bronze:OilSpill","bronze:Deprecate+1"],"picked":"bronze:DelayedSlice","floor":22},{"not_picked":["bronze:Overheat","bronze:Safeguard+1"],"picked":"bronze:Constructor+1","floor":25},{"not_picked":["bronze:BugBarrage","bronze:NullPointer+1"],"picked":"bronze:DelayedGuard","floor":26},{"not_picked":["bronze:Break","bronze:OilSpill"],"picked":"bronze:Branch","floor":27},{"not_picked":["bronze:Turbo","bronze:WildBeam"],"picked":"bronze:DelayedSlice","floor":31},{"not_picked":["bronze:InfiniteBeams","bronze:Optimize+1"],"picked":"bronze:DelayedSlice","floor":32},{"not_picked":["bronze:ShipIt","bronze:HyperBeam"],"picked":"bronze:Format","floor":33},{"not_picked":["bronze:Branch+1","bronze:DigitalCarnage+1"],"picked":"bronze:Terminator","floor":36},{"not_picked":["bronze:WhirlingStrike+1","bronze:Optimize+1"],"picked":"bronze:BitShift","floor":37},{"not_picked":["bronze:BugBarrage+1","bronze:BitShift"],"picked":"bronze:Branch","floor":38},{"not_picked":["bronze:ChildClass","bronze:WhirlingStrike+1"],"picked":"bronze:Terminator+1","floor":39},{"not_picked":["bronze:Format","bronze:Turbo"],"picked":"bronze:Iterate+1","floor":43},{"not_picked":["bronze:Invalidate+1","bronze:OilSpill","bronze:NullPointer"],"picked":"SKIP","floor":43},{"not_picked":["bronze:BronzeArmor","bronze:WhirlingStrike+1"],"picked":"bronze:DelayedSlice","floor":45},{"not_picked":["bronze:Invalidate","bronze:DigitalCarnage+1","bronze:Safeguard+1"],"picked":"SKIP","floor":47},{"not_picked":["bronze:Repulsor","bronze:Turbo+1","bronze:BuggyMess"],"picked":"SKIP","floor":47},{"not_picked":["bronze:Separator","bronze:WhirlingStrike+1"],"picked":"bronze:BitShift","floor":49},{"not_picked":["bronze:CutThrough+1","bronze:Invalidate"],"picked":"bronze:BronzeOrb+1","floor":49},{"not_picked":["bronze:Iterate","bronze:BugBarrage"],"picked":"bronze:HardenedForm","floor":52}],"player_experience":582448,"relics_obtained":[{"floor":5.0,"key":"Oddly Smooth Stone"},{"floor":7.0,"key":"Bottled Tornado"},{"floor":8.0,"key":"Strawberry"},{"floor":23,"key":"downfall:GremlinWheel"},{"floor":29,"key":"Orichalcum"},{"floor":31,"key":"Peace Pipe"},{"floor":35,"key":"Happy Flower"},{"floor":39,"key":"Prayer Wheel"},{"floor":41,"key":"Whetstone"},{"floor":48,"key":"Gremlin Horn"},{"floor":52,"key":"Blood Vial"}],"event_choices":[{"damage_healed":25.0,"max_hp_gain":0.0,"max_hp_loss":0.0,"gold_gain":0.0,"event_name":"Big Fish","player_choice":"Banana","floor":10.0,"gold_loss":0.0,"damage_taken":0.0},{"damage_healed":0.0,"max_hp_gain":0.0,"max_hp_loss":0.0,"gold_gain":0.0,"event_name":"Scrap Ooze","player_choice":"Success","floor":12.0,"gold_loss":0.0,"damage_taken":3.0,"relics_obtained":["Tiny Chest"]},{"damage_healed":0,"gold_gain":0,"player_choice":"Ignored","damage_taken":0,"max_hp_gain":0,"max_hp_loss":0,"event_name":"Vampires","floor":30,"gold_loss":0},{"damage_healed":0,"gold_gain":0,"player_choice":"Relic","damage_taken":0,"max_hp_gain":0,"max_hp_loss":0,"event_name":"Wheel of Change","floor":35,"gold_loss":0},{"damage_healed":0,"gold_gain":0,"player_choice":"Ignored","damage_taken":0,"max_hp_gain":0,"max_hp_loss":0,"event_name":"NoteForYourself","floor":40,"gold_loss":0}],"is_beta":false,"boss_relics":[{"not_picked":["Sozu","Snecko Eye"],"picked":"Empty Cage"},{"not_picked":["Tiny House","Fusion Hammer"],"picked":"SacredBark"}],"items_purged_floors":[],"is_endless":false,"potions_floor_spawned":[3,4,8,9,14,20,21,23,31,37,39,43,47,49],"killed_by":"downfall:NeowBossFinal","ascension_level":0}}