{"host":"hf83sijwe64ts2lm","time":1612748253,"event":{"mods":["2.2 Compatiblity","BaseMod","Better Altar","Better Match","Better Note","Better Sensory Stone","Better Skull","Better Third Choice","Colored Map","Colored Powertips","Highlight Path","Hubris","Infinite Spire","Minty Spire (QoL Compilation)","Quick Restart","Rare Cards Sparkle","Relic Stats","Reliquary","Replay The Spire","Shop Mod","Spicy Shops","Spire Arcade","StSLib","Thieving Mod"],"gold_per_floor":[115,75,89,58,71,71,84,114,141,141,104,122,122,133,210,307,307,325,344,344,344,407,407,432,458,458,203,230,242,261,280,280,280,280],"floor_reached":33,"language":"ENG","playtime":969,"items_purged":[],"score":359,"play_id":"b50eee77-725a-4153-be01-dea89f6e3e17","local_time":"20210207203733","is_ascension_mode":true,"campfire_choices":[{"floor":6,"key":"RECALL"},{"data":"Armaments","floor":10,"key":"SMITH"},{"floor":23,"key":"REST"},{"floor":32,"key":"REST"}],"circlet_count":0,"master_deck":["Strike_R","Strike_R","Strike_R","Strike_R","Strike_R","Defend_R","Defend_R","Defend_R","Defend_R","Bash","Carnage","Armaments+1","Delirium","Evolve","Spot Weakness","Ghostly Armor","Bludgeon","Shrug It Off+1","Thunderclap","Anger","Barricade","Perfected Strike","Hemokinesis","Twin Strike","Cleave","Whirlwind+1","Sword Boomerang","Dark Embrace+1","ReplayTheSpireMod:Muscle Training"],"relics":["Black Blood","ReplayTheSpireMod:CursedCoin","Vajra","TungstenRod","reliquary:RoseTintedGlasses","hubris:Towel","Girya","reliquary:TuningFork","Bag of Marbles","reliquary:TridentHead","Frozen Egg 2","Champion Belt"],"acts_visited":["Exordium","TheCity"],"potions_floor_usage":[7,7,8,8,16,16,19,24,24,24,24,29,33],"damage_taken":[{"damage":6,"enemies":"Cultist","floor":1,"turns":4},{"damage":12,"enemies":"Jaw Worm","floor":3,"turns":2},{"damage":1,"enemies":"Small Slimes","floor":5,"turns":4},{"damage":7,"enemies":"Exordium Wildlife","floor":7,"turns":4},{"damage":30,"enemies":"Lagavulin","floor":8,"turns":5},{"damage":0,"enemies":"2 Fungi Beasts","floor":12,"turns":3},{"damage":7,"enemies":"Blue Slaver","floor":14,"turns":3},{"damage":47,"enemies":"Hexaghost","floor":16,"turns":9},{"damage":16,"enemies":"Chosen","floor":18,"turns":6},{"damage":18,"enemies":"Shell Parasite","floor":19,"turns":4},{"damage":34,"enemies":"Book of Stabbing","floor":24,"turns":5},{"damage":42,"enemies":"Gremlin Leader","floor":28,"turns":8},{"damage":1,"enemies":"Centurion and Healer","floor":29,"turns":5},{"damage":7,"enemies":"Snecko","floor":30,"turns":3},{"damage":16,"enemies":"Snake Plant","floor":31,"turns":2},{"damage":68,"enemies":"Automaton","floor":33,"turns":6}],"seed_played":"5185714926243632975","potions_obtained":[{"floor":2,"key":"Toxic Potion"},{"floor":2,"key":"Adrenaline Potion"},{"floor":2,"key":"BloodPotion"},{"floor":3,"key":"SkillPotion"},{"floor":7,"key":"BloodPotion"},{"floor":8,"key":"Dexterity Potion"},{"floor":18,"key":"Weak Potion"},{"floor":19,"key":"Fire Potion"},{"floor":22,"key":"PowerPotion"},{"floor":22,"key":"Flashbang"},{"floor":22,"key":"Regen Potion"},{"floor":28,"key":"PowerPotion"},{"floor":30,"key":"Venom Potion"}],"is_trial":false,"path_per_floor":["M","?","M","$","M","R","M","E","T","R","$","M","?","M","R_BF","B",null,"M","M","?","T","?","R","E","T","T","$","E","M","M","M","R","B"],"character_chosen":"IRONCLAD","items_purchased":["ReplayTheSpireMod:CursedCoin","Vajra","Evolve","Shrug It Off+1","Frozen Egg 2"],"campfire_rested":2,"item_purchase_floors":[4,4,4,11,27],"current_hp_per_floor":[88,88,82,82,87,87,86,79,79,79,79,85,85,84,84,60,81,77,71,71,71,37,63,55,55,55,55,25,36,41,37,63,0,0],"gold":280,"neow_bonus":"TEN_PERCENT_HP_BONUS","is_daily":false,"chose_seed":false,"campfire_upgraded":1,"win_rate":0.0,"timestamp":1612748253,"path_taken":["M","?","M","?","M","R","M","E","T","R","$","M","?","?","R_BF","BOSS","M","M","?","?","?","R","E","?","T","$","E","M","?","M","R","BOSS"],"items_purchased_type":["Relic","Relic","Card","Card","Relic"],"build_version":"2020-12-22","purchased_purges":0,"victory":false,"max_hp_per_floor":[88,88,88,88,88,88,88,88,88,88,88,88,88,88,88,88,88,88,88,88,88,88,88,88,88,88,88,88,88,88,88,88,88,88],"relic_stats":{"counters":[16,73],"Black Blood":132,"Champion Belt":[11],"obtain_stats":[{"Girya":21,"ReplayTheSpireMod:CursedCoin":4,"Vajra":4,"Black Blood":17,"hubris:Towel":20,"Frozen Egg 2":27,"Burning Blood":0,"reliquary:TridentHead":26,"reliquary:RoseTintedGlasses":13,"reliquary:TuningFork":24,"Bag of Marbles":25,"Champion Belt":28,"TungstenRod":8},{"Girya":10,"ReplayTheSpireMod:CursedCoin":2,"Vajra":2,"Black Blood":8,"hubris:Towel":10,"Frozen Egg 2":11,"Burning Blood":0,"reliquary:TridentHead":11,"reliquary:RoseTintedGlasses":6,"reliquary:TuningFork":11,"Bag of Marbles":11,"Champion Belt":12,"TungstenRod":5},{"Girya":44,"ReplayTheSpireMod:CursedCoin":6,"Vajra":6,"Black Blood":34,"hubris:Towel":44,"Frozen Egg 2":49,"Burning Blood":0,"reliquary:TridentHead":49,"reliquary:RoseTintedGlasses":22,"reliquary:TuningFork":49,"Bag of Marbles":49,"Champion Belt":57,"TungstenRod":19}],"TungstenRod":51},"card_choices":[{"not_picked":["ReplayReversal","Heavy Blade"],"picked":"Carnage","floor":1},{"not_picked":["Fire Breathing","Replay:Undeath\u0027s Touch"],"picked":"Armaments","floor":3},{"not_picked":["Battle Trance","Rampage"],"picked":"Spot Weakness","floor":5},{"not_picked":["Clothesline","Brutality"],"picked":"Ghostly Armor","floor":7},{"not_picked":["ReplayTheSpireMod:Strike From Hell","Perfected Strike"],"picked":"Bludgeon","floor":8},{"not_picked":["Pommel Strike","Shrug It Off"],"picked":"Thunderclap","floor":12},{"not_picked":["Clothesline","ReplayTheSpireMod:Limb From Limb"],"picked":"Anger","floor":14},{"not_picked":["Impervious","Corruption"],"picked":"Barricade","floor":16},{"not_picked":["ReplayTheSpireMod:Strike From Hell","Iron Wave"],"picked":"Perfected Strike","floor":18},{"not_picked":["Pommel Strike","Bloodletting"],"picked":"Hemokinesis","floor":19},{"not_picked":["Dual Wield","Battle Trance"],"picked":"Twin Strike","floor":22},{"not_picked":["Power Through","Headbutt"],"picked":"Cleave","floor":24},{"not_picked":["Flex+1","True Grit"],"picked":"Whirlwind+1","floor":28},{"not_picked":["Wild Strike","Pommel Strike"],"picked":"Sword Boomerang","floor":29},{"not_picked":["Armaments","Run Through"],"picked":"Dark Embrace+1","floor":30},{"not_picked":["Wild Strike+1","True Grit"],"picked":"ReplayTheSpireMod:Muscle Training","floor":31}],"player_experience":157472,"relics_obtained":[{"floor":8,"key":"TungstenRod"},{"floor":13,"key":"reliquary:RoseTintedGlasses"},{"floor":21,"key":"Girya"},{"floor":24,"key":"reliquary:TuningFork"},{"floor":25,"key":"Bag of Marbles"},{"floor":26,"key":"reliquary:TridentHead"},{"floor":28,"key":"Champion Belt"}],"event_choices":[{"damage_healed":0,"gold_gain":0,"player_choice":"Bought 3 Potions","damage_taken":0,"max_hp_gain":0,"max_hp_loss":0,"event_name":"The Woman in Blue","floor":2,"gold_loss":0},{"damage_healed":0,"gold_gain":0,"player_choice":"Relic","damage_taken":0,"max_hp_gain":0,"max_hp_loss":0,"event_name":"Wheel of Change","floor":13,"gold_loss":0}],"is_beta":false,"boss_relics":[{"not_picked":["hubris:VirtuousBlindfold","hubris:HollowSoul"],"picked":"Black Blood"}],"items_purged_floors":[],"is_endless":false,"potions_floor_spawned":[3,7,8,18,19,28,30],"killed_by":"Automaton","ascension_level":5}}