{"host":"7f01flv6y0vhl3vt","time":1612749038,"event":{"mods":["Act Like it!","BaseMod","Downfall","Minty Spire (QoL Compilation)","StSLib"],"gold_per_floor":[99,113,126,145,162,174,174,74,74,74,74,109,128,145,156,258,258,158,158,174,174,188,203,227,244,255,255,8,33,33,52,71,170,170,170,184,202,13,13,24,70,12,12,12,12,25,25,36,46,46,46,46],"floor_reached":50,"language":"ENG","playtime":8053,"items_purged":["Guardian:Strike_Guardian"],"score":496,"play_id":"29164319-75be-4842-bf77-4c67b838e1db","local_time":"20210207205038","is_ascension_mode":true,"campfire_choices":[{"floor":1.0,"key":"RECALL"},{"floor":8.0,"key":"REST"},{"data":"Guardian:ChargeUp","floor":10.0,"key":"SMITH"},{"data":"Guardian:BaubleBeam","floor":18.0,"key":"SMITH"},{"floor":27,"key":"REST"},{"data":"Guardian:FastForward","floor":35,"key":"SMITH"},{"floor":45,"key":"REST"},{"floor":47,"key":"REST"}],"circlet_count":0,"master_deck":["Guardian:Strike_Guardian","Guardian:Defend_Guardian+1","Guardian:CurlUp+1","Guardian:TwinSlam","Guardian:ChargeUp+1","Guardian:SpikerProtocol","Guardian:BodySlam","Guardian:PrismaticBeam","Guardian:Suspension","Guardian:BronzeOrb","Guardian:Preprogram","Guardian:BaubleBeam+1","Guardian:GuardianWhirl+1","Guardian:Orbwalk","Guardian:BodySlam","Guardian:Planning+1","Guardian:Clone","Guardian:PolyBeam","Guardian:FastForward+1","Guardian:ArmoredProtocol","Guardian:Repulse+1","Guardian:TimeSifter","Guardian:Reroute+1","Guardian:PiercingHide+1","Guardian:PrismaticBeam","Guardian:ShieldCharger","Guardian:RefractedBeam+1","Guardian:ExploitGems","Guardian:VentSteam","Guardian:RefractedBeam+1"],"relics":["Guardian:ModeShifter","Bag of Preparation","downfall:HeartBlessingBlue","Anchor","Empty Cage","downfall:HeartBlessingRed","GremlinMask","Nunchaku","Akabeko","Mercury Hourglass","SlaversCollar","OrangePellets","War Paint","Kunai","Vajra"],"acts_visited":["TheBeyond"],"potions_floor_usage":[23,26,31,33,38,48,49,50],"damage_taken":[{"damage":11.0,"enemies":"Jaw Worm","floor":2.0,"turns":4.0},{"damage":12.0,"enemies":"2 Louse","floor":3.0,"turns":3.0},{"damage":12.0,"enemies":"Cultist","floor":4.0,"turns":5.0},{"damage":11.0,"enemies":"Exordium Wildlife","floor":5.0,"turns":5.0},{"damage":5.0,"enemies":"Lots of Slimes","floor":6.0,"turns":5.0},{"damage":12.0,"enemies":"Gremlin Nob","floor":12.0,"turns":5.0},{"damage":0.0,"enemies":"Gremlin Gang","floor":13.0,"turns":5.0},{"damage":1.0,"enemies":"Large Slime","floor":14.0,"turns":5.0},{"damage":12.0,"enemies":"Exordium Thugs","floor":15.0,"turns":5.0},{"damage":67.0,"enemies":"WA_ARCHETYPE_RETAIN","floor":16.0,"turns":13.0},{"damage":0,"enemies":"Shell Parasite","floor":20,"turns":3},{"damage":13,"enemies":"Chosen","floor":22,"turns":6},{"damage":22,"enemies":"Snecko","floor":23,"turns":6},{"damage":13,"enemies":"3 Cultists","floor":25,"turns":5},{"damage":14,"enemies":"Shelled Parasite and Fungi","floor":26,"turns":5},{"damage":0,"enemies":"downfall:FleeingMerchant","floor":28,"turns":4},{"damage":31,"enemies":"Gremlin Leader","floor":29,"turns":5},{"damage":9,"enemies":"Snecko","floor":31,"turns":4},{"damage":0,"enemies":"Chosen and Byrds","floor":32,"turns":6},{"damage":21,"enemies":"DF_ARCHETYPE_CLAW","floor":33,"turns":5},{"damage":25,"enemies":"3 Darklings","floor":36,"turns":3},{"damage":29,"enemies":"Orb Walker","floor":37,"turns":5},{"damage":10,"enemies":"downfall:FleeingMerchant","floor":38,"turns":4},{"damage":25,"enemies":"Maw","floor":40,"turns":6},{"damage":0,"enemies":"downfall:FleeingMerchant","floor":42,"turns":4},{"damage":0,"enemies":"Jaw Worm Horde","floor":46,"turns":4},{"damage":25,"enemies":"4 Shapes","floor":48,"turns":3},{"damage":7,"enemies":"3 Darklings","floor":49,"turns":5},{"damage":45,"enemies":"SI_POISON_ARCHETYPE","floor":50,"turns":6}],"seed_played":"-510213214642431728","potions_obtained":[{"floor":4.0,"key":"Guardian:DefensiveModePotion"},{"floor":6.0,"key":"ColorlessPotion"},{"floor":12.0,"key":"Weak Potion"},{"floor":13.0,"key":"FairyPotion"},{"floor":14.0,"key":"FairyPotion"},{"floor":16.0,"key":"Ancient Potion"},{"floor":22,"key":"Ancient Potion"},{"floor":26,"key":"sneckomod:MuddlingPotion"},{"floor":30,"key":"CultistPotion"},{"floor":33,"key":"DistilledChaos"},{"floor":46,"key":"Block Potion"},{"floor":48,"key":"Regen Potion"},{"floor":49,"key":"ColorlessPotion"}],"is_trial":false,"path_per_floor":["R","M","M","M","M","M","T","R","?","R","?","E","M","M","M","B",null,"R","?","M","?","M","M","T","M","M","R","$","E","?","M","M","B",null,"R","M","M","$","?","M","T","$","?","?","R","M","R","M","M","B"],"character_chosen":"GUARDIAN","items_purchased":["Akabeko","OrangePellets","Guardian:ShieldCharger","Kunai","Vajra"],"campfire_rested":4,"item_purchase_floors":[28,38,38,42,42],"current_hp_per_floor":[80,69,57,45,34,29,29,66,66,66,66,54,54,53,41,1,90,90,90,90,90,77,55,55,42,28,55,55,24,24,15,15,27,90,90,65,36,26,26,1,1,1,1,1,28,28,55,30,35,0,0,0],"gold":46,"neow_bonus":"RANDOM_COMMON_RELIC","is_daily":false,"chose_seed":false,"campfire_upgraded":3,"win_rate":0.0,"timestamp":1612749038,"path_taken":["R","M","M","M","M","M","T","R","?","R","?","E","M","M","M","BOSS","R","?","?","?","?","?","T","M","M","R","$","E","?","M","M","BOSS","R","M","M","$","?","?","T","?","?","?","R","M","R","?","M","BOSS"],"items_purchased_type":["Relic","Relic","Card","Relic","Relic"],"build_version":"2020-12-22","purchased_purges":1,"victory":false,"max_hp_per_floor":[80,80,80,80,80,80,80,90,90,90,90,90,90,90,90,90,90,90,90,90,90,90,90,90,90,90,90,90,90,90,90,90,90,90,90,90,90,90,90,90,90,90,90,90,90,90,90,90,90,90,90,90],"card_choices":[{"not_picked":["Guardian:Gem_Red","Guardian:VentSteam"],"picked":"Guardian:ChargeUp","floor":2.0},{"not_picked":["Guardian:DecasProtection","Guardian:Gem_Red"],"picked":"Guardian:SpikerProtocol","floor":3.0},{"not_picked":["Guardian:PiercingHide","Guardian:WalkerClaw"],"picked":"Guardian:BodySlam","floor":4.0},{"not_picked":["Guardian:ChargeCore","Guardian:Planning"],"picked":"Guardian:PrismaticBeam","floor":5.0},{"not_picked":["Guardian:Planning","Guardian:TemporalShield"],"picked":"Guardian:Suspension","floor":6.0},{"not_picked":["Guardian:PolyBeam","Guardian:Planning"],"picked":"Guardian:Gem_Synthetic","floor":12.0},{"not_picked":["Guardian:FuturePlans","Guardian:WalkerClaw"],"picked":"Guardian:BronzeOrb","floor":13.0},{"not_picked":["Guardian:FuturePlans","Guardian:PiercingHide"],"picked":"Guardian:Gem_Crimson","floor":14.0},{"not_picked":["Guardian:PiercingHide","Guardian:DonusPower"],"picked":"Guardian:Preprogram","floor":15.0},{"not_picked":["Guardian:ExploitGems","Guardian:RevengeProtocol"],"picked":"Guardian:BaubleBeam","floor":16.0},{"not_picked":["Guardian:Gem_Lightblue","Guardian:Gem_Cyan"],"picked":"Guardian:GuardianWhirl+1","floor":20},{"not_picked":["Guardian:VentSteam","Guardian:RollAttack"],"picked":"Guardian:Orbwalk","floor":22},{"not_picked":["Guardian:Incinerate","Guardian:PrimingBeam+1"],"picked":"Guardian:BodySlam","floor":23},{"not_picked":["Guardian:PrimingBeam","Guardian:Gem_Red"],"picked":"Guardian:Planning+1","floor":25},{"not_picked":["Guardian:Gem_Cyan","Guardian:Recover"],"picked":"Guardian:Clone","floor":26},{"not_picked":["Guardian:Gem_Lightblue","Guardian:ShieldCharger+1"],"picked":"Guardian:PolyBeam","floor":28},{"not_picked":["Guardian:ChargeUp+1","Guardian:DonusPower"],"picked":"Guardian:FastForward","floor":29},{"not_picked":["Guardian:Repulse","Guardian:WalkerClaw"],"picked":"Guardian:ArmoredProtocol","floor":31},{"not_picked":["Guardian:ShieldCharger+1","Guardian:PrimingBeam"],"picked":"Guardian:Repulse+1","floor":32},{"not_picked":["Guardian:Gem_Synthetic","Guardian:GatlingBeam"],"picked":"Guardian:TimeSifter","floor":33},{"not_picked":["Guardian:PiercingHide","Guardian:RollAttack"],"picked":"Guardian:Reroute+1","floor":36},{"not_picked":["Guardian:TemporalStrike","Guardian:Gem_Cyan"],"picked":"Guardian:PiercingHide+1","floor":37},{"not_picked":["Guardian:Repulse","Guardian:Recover+1"],"picked":"Guardian:PrismaticBeam","floor":38},{"not_picked":["Guardian:ChargeCore+1","Guardian:VentSteam"],"picked":"Guardian:RefractedBeam+1","floor":40},{"not_picked":["Guardian:Gem_Cyan","Guardian:Gem_Yellow"],"picked":"Guardian:ExploitGems","floor":42},{"not_picked":["Guardian:WalkerClaw+1","Guardian:TemporalStrike"],"picked":"Guardian:Gem_Crimson","floor":46},{"not_picked":["Guardian:Gem_Green","Guardian:CrystalBeam"],"picked":"Guardian:VentSteam","floor":48},{"not_picked":["Guardian:Gem_Cyan","Guardian:Harden"],"picked":"Guardian:RefractedBeam+1","floor":49}],"player_experience":1633554,"relics_obtained":[{"floor":12.0,"key":"Anchor"},{"floor":24,"key":"Nunchaku"},{"floor":29,"key":"Mercury Hourglass"},{"floor":41,"key":"War Paint"}],"event_choices":[{"cards_removed":["Guardian:Strike_Guardian"],"damage_healed":0.0,"max_hp_gain":0.0,"max_hp_loss":0.0,"gold_gain":0.0,"event_name":"The Cleric","player_choice":"Card Removal","floor":9.0,"gold_loss":0.0,"damage_taken":0.0},{"damage_healed":0,"gold_gain":0,"player_choice":"Trade","damage_taken":0,"relics_obtained":["GremlinMask"],"max_hp_gain":0,"max_hp_loss":0,"event_name":"FaceTrader","floor":21,"gold_loss":0}],"is_beta":false,"boss_relics":[{"not_picked":["Fusion Hammer","Calling Bell"],"picked":"Empty Cage"},{"not_picked":["Black Star","Astrolabe"],"picked":"SlaversCollar"}],"items_purged_floors":[28],"is_endless":false,"potions_floor_spawned":[4,6,12,13,14,16,22,26,33,46,48,49],"killed_by":"SI_POISON_ARCHETYPE","ascension_level":1}}