{"host":"rn4c402gwd40h2z6","time":1612791680,"event":{"mods":["A Penny For Your Troubles","Act Like it!","Arknights（明日方舟）","Ascension Unlocker","BaseMod","CapriCore","Card Forge","Challenge The Spire","DNKmod","Data Control","Downfall","Friendly Minions","Good Game Mod","Infinite Spire","Mimic Mod","Minty Spire (QoL Compilation)","Pale of the Ancients","Permanent Neow","Quick Restart","Random Character Button","Relic Filter Mod","RumiaBox-露米娅的神秘盒子","Spicy Shops","StSLib","The Jungle","[LAZYMAN]RSMod","noobMod","【功能Mod】混沌之环修复补丁","【功能Mod】精心准备"],"gold_per_floor":[99,109,13,13,33,46,71,86,105,5,30,41,141,141,161,239,239,39,51,70,70,70,102,128,147,147,147,147,147,164,179,194,278,278,278,301,316,336,357,376,399,399,414,431,431,468,468,500,518,523,523,528,528,528],"floor_reached":52,"language":"ZHS","playtime":8830,"items_purged":[],"score":1649,"play_id":"9e3e349b-b5ba-49f2-b721-16ee932e0837","local_time":"20210208214120","is_ascension_mode":true,"campfire_choices":[{"floor":1.0,"key":"RECALL"},{"data":"hexamod:GhostflameBarrier","floor":10.0,"key":"SMITH"},{"floor":18.0,"key":"REST"},{"floor":28.0,"key":"REST"},{"floor":35.0,"key":"REST"},{"floor":47.0,"key":"REST"}],"circlet_count":0,"master_deck":["AscendersBane","Arknights_Angel","Arknights_Texas","hexamod:RainOfEmbers+1","Arknights_Bluep","Arknights_Haze","Arknights_Eyjafjalla","Arknights_Red","Ghostly+1","Ghostly+1","Ghostly+1","Arknights_Jessica","Arknights_SilverAsh","Arknights_Liskarm"],"relics":["hexamod:SpiritBrand","Hammer of Thor","Seething Fire","Anvil of the Gods","REME:ComplimentaryCards","ice","Arknights_BattleRecord","dwlrmod:ProjectRecorder","downfall:HeartBlessingRed","Happy Flower","EasyGame_NEW","downfall:HeartBlessingGreen","downfall:HeartBlessingBlue","Ccalipers","infinitespire:PuzzleCube","Nilry\u0027s Codex","downfall:KnowingSkull","expansioncontent:StudyCardRelic","MealTicket","SecretRecord","Orichalcum"],"acts_visited":["Exordium","TheCity","TheBeyond","TheEnding"],"potions_floor_usage":[],"damage_taken":[{"damage":6.0,"enemies":"Cultist","floor":2.0,"turns":2.0},{"damage":15.0,"enemies":"downfall:FleeingMerchant","floor":3.0,"turns":4.0},{"damage":11.0,"enemies":"Small Slimes","floor":5.0,"turns":4.0},{"damage":21.0,"enemies":"2 Louse","floor":6.0,"turns":4.0},{"damage":25.0,"enemies":"Red Slaver","floor":8.0,"turns":5.0},{"damage":28.0,"enemies":"2 Fungi Beasts","floor":9.0,"turns":3.0},{"damage":4.0,"enemies":"Gremlin Nob","floor":11.0,"turns":2.0},{"damage":0.0,"enemies":"Gremlin Gang","floor":12.0,"turns":5.0},{"damage":0.0,"enemies":"downfall:FleeingMerchant","floor":13.0,"turns":2.0},{"damage":4.0,"enemies":"Blue Slaver","floor":15.0,"turns":4.0},{"damage":8.0,"enemies":"WA_ARCHETYPE_RETAIN","floor":16.0,"turns":2.0},{"damage":0.0,"enemies":"Chosen","floor":19.0,"turns":7.0},{"damage":0.0,"enemies":"Cultist and Chosen","floor":20.0,"turns":6.0},{"damage":4.0,"enemies":"Gremlin Leader","floor":23.0,"turns":5.0},{"damage":5.0,"enemies":"Centurion and Healer","floor":25.0,"turns":5.0},{"damage":0.0,"enemies":"3 Cultists","floor":30.0,"turns":5.0},{"damage":5.0,"enemies":"Sentry and Sphere","floor":31.0,"turns":8.0},{"damage":0.0,"enemies":"Cultist and Chosen","floor":32.0,"turns":5.0},{"damage":5.0,"enemies":"DF_ARCHETYPE_CLAW","floor":33.0,"turns":4.0},{"damage":6.0,"enemies":"Orb Walker","floor":36.0,"turns":5.0},{"damage":10.0,"enemies":"3 Darklings","floor":37.0,"turns":8.0},{"damage":0.0,"enemies":"Jaw Worm Horde","floor":38.0,"turns":7.0},{"damage":0.0,"enemies":"Writhing Mass","floor":39.0,"turns":6.0},{"damage":0.0,"enemies":"Sphere and 2 Shapes","floor":40.0,"turns":7.0},{"damage":0.0,"enemies":"Spire Growth","floor":43.0,"turns":10.0},{"damage":0.0,"enemies":"Transient","floor":44.0,"turns":10.0},{"damage":0.0,"enemies":"4 Shapes","floor":46.0,"turns":12.0},{"damage":0.0,"enemies":"Giant Head","floor":48.0,"turns":11.0},{"damage":12,"enemies":"4 Shapes","floor":49,"turns":13},{"damage":0,"enemies":"SI_POISON_ARCHETYPE","floor":50,"turns":7}],"seed_played":"4243004892960984160","potions_obtained":[{"floor":2.0,"key":"BlessingOfTheForge"},{"floor":5.0,"key":"Weak Potion"},{"floor":21.0,"key":"CultistPotion"}],"is_trial":false,"path_per_floor":["R","M","$","?","M","M","T","M","M","R","E","M","$","?","M","B",null,"R","M","M","?","?","E","T","M","?","$","R","?","M","M","M","B",null,"R","M","M","M","M","M","T","AVR","M","M","?","MIM","R","E","M","B",null,"E"],"character_chosen":"THE_SPIRIT","items_purchased":["hexamod:RainOfEmbers","expansioncontent:StudyTheSpire"],"campfire_rested":4,"item_purchase_floors":[3,13],"current_hp_per_floor":[57,51,36,36,25,4,4,40,12,12,8,8,8,13,9,89,89,99,99,99,99,49,45,45,40,19,19,34,20,20,15,15,10,45,57,51,41,41,41,41,41,41,41,41,41,41,59,59,47,47,58,58,58,58],"gold":528,"neow_bonus":"RANDOM_COLORLESS","is_daily":false,"chose_seed":false,"campfire_upgraded":1,"win_rate":0.0,"timestamp":1612791680,"path_taken":["R","M","?","?","M","?","T","M","M","R","E","M","$","?","M","BOSS","R","M","M","?","?","E","T","M","?","$","R","?","M","M","M","BOSS","R","M","M","M","?","M","T","AVR","M","M","?","?","R","E","M","BOSS","E"],"items_purchased_type":["Card","Card"],"build_version":"2020-12-22","purchased_purges":0,"victory":false,"max_hp_per_floor":[63,63,63,63,63,63,63,73,84,84,85,86,86,86,87,89,89,99,99,99,99,49,50,50,52,52,52,52,52,52,54,55,57,57,57,58,61,61,61,61,61,61,61,61,61,61,61,61,61,61,61,61,61,61],"card_choices":[{"not_picked":["PanicButton","Purity"],"picked":"Trip","floor":0.0},{"not_picked":["Arknights_ThermalEX","Arknights_Durin"],"picked":"Arknights_Popukar","floor":2.0},{"not_picked":["hexamod:SuperheatedStrike","hexamod:FlamesFromBeyond"],"picked":"hexamod:ShieldOfDarkness","floor":2.0},{"not_picked":["Arknights_Spot","Arknights_Rangers"],"picked":"Arknights_Steward","floor":3.0},{"not_picked":["hexamod:RadiantFlame","hexamod:HauntingEcho"],"picked":"hexamod:CatchUp","floor":3.0},{"not_picked":["hexamod:GhostLash","hexamod:EmpoweredFlame"],"picked":"hexamod:NightmareGuise","floor":5.0},{"not_picked":["Arknights_12F","Arknights_Lappland"],"picked":"Arknights_Bluep","floor":5.0},{"not_picked":["Arknights_SilverAsh","Arknights_Gitano"],"picked":"Arknights_ThermalEX","floor":6.0},{"not_picked":["hexamod:PowerFromBeyond","hexamod:FastForward"],"picked":"hexamod:GhostflameBarrier","floor":6.0},{"not_picked":["Arknights_Lava","Arknights_Lappland"],"picked":"Arknights_Haze","floor":8.0},{"not_picked":["hexamod:GhostLash","hexamod:FastForward"],"picked":"hexamod:BacktrackSmack","floor":8.0},{"not_picked":["Arknights_Durin","Arknights_Red"],"picked":"Arknights_12F","floor":9.0},{"not_picked":["hexamod:NecessarySacrifice","hexamod:NightmareStrike","hexamod:RadiantFlame"],"picked":"SKIP","floor":9.0},{"not_picked":["Arknights_Kroos","Arknights_Spot"],"picked":"Arknights_Eyjafjalla","floor":11.0},{"not_picked":["hexamod:ChargedBarrage","hexamod:Hexaguard","hexamod:ShieldOfDarkness"],"picked":"SKIP","floor":11.0},{"not_picked":["Arknights_Durin","Arknights_Rangers"],"picked":"Arknights_Red","floor":12.0},{"not_picked":["hexamod:ExtraCrispy","hexamod:SuperheatedStrike","hexamod:ApocalypseNow"],"picked":"SKIP","floor":12.0},{"not_picked":["hexamod:HauntingEcho","hexamod:NightmareGuise","hexamod:SpectersWail"],"picked":"SKIP","floor":13.0},{"not_picked":["hexamod:ExtraCrispy","hexamod:BacktrackSmack","hexamod:NightmareGuise"],"picked":"SKIP","floor":15.0},{"not_picked":["Arknights_ThermalEX","Arknights_Steward"],"picked":"Arknights_Lappland","floor":19.0},{"not_picked":["hexamod:NecessarySacrifice","hexamod:Rewind","hexamod:RetreatToShadows"],"picked":"SKIP","floor":19.0},{"not_picked":["hexamod:AdvancingGuard","hexamod:ExtraCrispy","hexamod:InspiringFlames"],"picked":"SKIP","floor":20.0},{"not_picked":["Arknights_Catapult","Arknights_Rangers"],"picked":"Arknights_Jessica","floor":23.0},{"not_picked":["hexamod:SwordOfDarkness","hexamod:GhostShield","hexamod:TimeWarp"],"picked":"SKIP","floor":23.0},{"not_picked":["hexamod:Hexaguard","hexamod:FlamesFromBeyond","hexamod:PhantomFireball"],"picked":"SKIP","floor":25.0},{"not_picked":["hexamod:SpectersWail","hexamod:ApocalypticArmor","hexamod:RainOfEmbers"],"picked":"SKIP","floor":30.0},{"not_picked":["hexamod:SpectralAdrenaline","hexamod:BurningTouch","hexamod:Firestarter"],"picked":"SKIP","floor":31.0},{"not_picked":["hexamod:GhostShield","hexamod:AdvancingGuard+1","hexamod:SpectersWail+1"],"picked":"SKIP","floor":32.0},{"not_picked":["Arknights_Ansel","Arknights_ThermalEX"],"picked":"Arknights_SilverAsh","floor":33.0},{"not_picked":["hexamod:SwordOfDarkness+1","hexamod:DynamicBlow","hexamod:GhostLash"],"picked":"SKIP","floor":36.0},{"not_picked":["hexamod:Again","hexamod:GhostShield+1","hexamod:NightmareGuise"],"picked":"SKIP","floor":37.0},{"not_picked":["hexamod:PhantomFireball","hexamod:BurningTouch","hexamod:Hexaguard"],"picked":"SKIP","floor":38.0},{"not_picked":["hexamod:ShieldOfDarkness","hexamod:SkipABeat","hexamod:SwordOfDarkness+1"],"picked":"SKIP","floor":39.0},{"not_picked":["Arknights_Durin","Arknights_Midnight"],"picked":"Arknights_Liskarm","floor":40.0},{"not_picked":["hexamod:HauntingEcho","hexamod:FastForward+1","hexamod:SpectersWail"],"picked":"SKIP","floor":40.0},{"not_picked":["hexamod:SwordOfDarkness","hexamod:UnleashSpirits","hexamod:GhostLash"],"picked":"SKIP","floor":43.0},{"not_picked":["hexamod:ThermalTransfer+1","hexamod:GhostLash+1","hexamod:SuperheatedStrike"],"picked":"SKIP","floor":44.0},{"not_picked":["hexamod:SwordOfDarkness+1","hexamod:CatchUp+1","hexamod:GhostLash+1"],"picked":"SKIP","floor":48.0},{"not_picked":["hexamod:ThirdSeal","hexamod:PowerFromBeyond","hexamod:SpectralAdrenaline"],"picked":"SKIP","floor":49}],"player_experience":136117,"relics_obtained":[{"floor":5.0,"key":"dwlrmod:ProjectRecorder"},{"floor":11.0,"key":"Happy Flower"},{"floor":23.0,"key":"Ccalipers"},{"floor":24.0,"key":"infinitespire:PuzzleCube"},{"floor":26.0,"key":"Nilry\u0027s Codex"},{"floor":41.0,"key":"MealTicket"},{"floor":46.0,"key":"SecretRecord"},{"floor":48.0,"key":"Orichalcum"}],"event_choices":[{"cards_removed":["hexamod:NightmareGuise"],"damage_healed":5.0,"max_hp_gain":0.0,"max_hp_loss":0.0,"gold_gain":0.0,"event_name":"Bonfire Elementals","player_choice":"Offered Common","floor":14.0,"gold_loss":0.0,"damage_taken":0.0},{"cards_removed":["hexamod:NightmareGuise"],"damage_healed":5.0,"max_hp_gain":0.0,"max_hp_loss":0.0,"gold_gain":0.0,"event_name":"Bonfire Elementals","player_choice":"Offered Special","floor":14.0,"gold_loss":0.0,"damage_taken":0.0}],"is_beta":false,"boss_relics":[{"not_picked":["Philosopher\u0027s Stone","Snecko Eye"],"picked":"EasyGame_NEW"},{"not_picked":["Velvet Choker","Sozu"],"picked":"expansioncontent:StudyCardRelic"}],"items_purged_floors":[],"is_endless":false,"potions_floor_spawned":[2,5,8,15,20,30,31,32,33,36,39,48,49],"killed_by":"downfall:CharBossMerchant","ascension_level":20}}