{"host":"y76clbnovzmw9ubx","time":1612787835,"event":{"mods":["AchievementEnabler","BaseMod","Minty Spire (QoL Compilation)","Permanent Neow","Relic Stats"],"gold_per_floor":[10,21,34,34,44,44,62,62,62],"floor_reached":8,"language":"ENG","playtime":512,"items_purged":[],"score":100,"play_id":"8581fbbd-b37b-4a29-9611-abda2b5bf7f8","local_time":"20210208073715","is_ascension_mode":true,"campfire_choices":[{"data":"Leg Sweep","floor":6,"key":"SMITH"}],"circlet_count":0,"master_deck":["AscendersBane","Strike_G","Strike_G","Strike_G","Strike_G","Strike_G","Defend_G","Defend_G","Defend_G","Defend_G","Survivor","Neutralize","Leg Sweep+1","Deflect","Terror","Flying Knee","Cloak And Dagger"],"relics":["Ring of the Snake","Calipers"],"acts_visited":["Exordium"],"potions_floor_usage":[7],"damage_taken":[{"damage":2,"enemies":"Jaw Worm","floor":1,"turns":5},{"damage":4,"enemies":"Cultist","floor":2,"turns":7},{"damage":1,"enemies":"Small Slimes","floor":3,"turns":4},{"damage":1,"enemies":"Blue Slaver","floor":5,"turns":6},{"damage":12,"enemies":"3 Louse","floor":7,"turns":5},{"damage":45,"enemies":"3 Sentries","floor":8,"turns":14}],"seed_played":"7998590901552193077","potions_obtained":[{"floor":1,"key":"Ancient Potion"},{"floor":2,"key":"ColorlessPotion"}],"is_trial":false,"path_per_floor":["M","M","M","?","M","R","M","E"],"character_chosen":"THE_SILENT","items_purchased":[],"campfire_rested":0,"item_purchase_floors":[],"current_hp_per_floor":[57,53,52,52,51,51,39,0,0],"gold":62,"neow_bonus":"ONE_RARE_RELIC","is_daily":false,"chose_seed":false,"campfire_upgraded":1,"win_rate":0.0,"timestamp":1612787835,"path_taken":["M","M","M","?","M","R","M","E"],"items_purchased_type":[],"build_version":"2020-12-22","purchased_purges":0,"victory":false,"max_hp_per_floor":[66,66,66,66,66,66,66,66,66],"relic_stats":{"counters":[6,41],"obtain_stats":[{"Calipers":0,"Ring of the Snake":0},{"Calipers":0,"Ring of the Snake":0},{"Calipers":0,"Ring of the Snake":0}],"Ring of the Snake":[12]},"card_choices":[{"not_picked":["Bane","Underhanded Strike"],"picked":"Leg Sweep","floor":1},{"not_picked":["Masterful Stab","Sucker Punch"],"picked":"Deflect","floor":2},{"not_picked":["Caltrops","Sucker Punch"],"picked":"Terror","floor":3},{"not_picked":["Leg Sweep","Expertise"],"picked":"Flying Knee","floor":5},{"not_picked":["Dagger Throw","Expertise"],"picked":"Cloak And Dagger","floor":7}],"player_experience":3210856,"relics_obtained":[],"event_choices":[{"cards_removed":["Defend_G"],"damage_healed":0,"gold_gain":0,"player_choice":"Purged","damage_taken":0,"max_hp_gain":0,"max_hp_loss":0,"event_name":"Purifier","floor":4,"gold_loss":0}],"is_beta":false,"boss_relics":[],"items_purged_floors":[],"is_endless":false,"potions_floor_spawned":[1,2],"killed_by":"3 Sentries","ascension_level":20}}