{"host":"0mk07bycsqo1qk03","time":1612818810,"event":{"mods":["BaseMod","Downfall","Hermit","Hubris","Minty Spire (QoL Compilation)","Reliquary","Replay The Spire","StSLib","The Cursed"],"gold_per_floor":[113,113,38,38,38,38,54,82,82,107,134,134,134,8,18,18,18,91,91,107,107,107,125,125,125,140,166,166,181,210,228,247,272,272,355,355,377,435,435,450,450,450,450,450,450,488,0,37,37,37,37,37],"floor_reached":53,"language":"ENG","playtime":3174,"items_purged":["Regret","hubris:Lust"],"score":1648,"play_id":"a215408d-bd52-4f3b-a7b5-6254fc412770","local_time":"20210208221330","is_ascension_mode":true,"campfire_choices":[{"data":"Outmaneuver","floor":9.0,"key":"SMITH"},{"data":"Poisoned Stab","floor":12.0,"key":"SMITH"},{"data":"After Image","floor":25.0,"key":"SMITH"},{"floor":34.0,"key":"REST"},{"data":"1","floor":42.0,"key":"LIFT"},{"data":"2","floor":44.0,"key":"LIFT"},{"data":"3","floor":49.0,"key":"LIFT"},{"floor":51.0,"key":"REST"}],"circlet_count":0,"master_deck":["AscendersBane","Survivor","Neutralize","Poisoned Stab+1","Outmaneuver+1","Flying Knee","Footwork+1","Slice","Slice","Tools of the Trade","Acrobatics","hubris:Counter+1","Heel Hook+1","After Image+1","Dash","Noxious Fumes","ReplayTheSpireMod:Shiv Toss","PiercingWail","Tools of the Trade","Flying Knee","Calculated Gamble","Slimebound:CheckThePlaybook","downfall:Icky","Blade Dance","Draining Mist","Adrenaline","Infinite Blades","Choke","hubris:Greed","After Image","Clumsy","ReplayTheSpireMod:Splinters","Hallucinations","Slice","Writhe","hubris:EnhanceAbility","Footwork"],"relics":["Ring of the Snake","NeowsBlessing","ReplayTheSpireMod:Lightbulb","reliquary:TridentHead","Darkstone Periapt","Anchor","Pandora\u0027s Box","Ring of Misfortune","ReplayTheSpireMod:Ring of Collecting","MutagenicStrength","reliquary:QuartzCube","Ring of Fury","Blue Candle","Art of War","Ring of Hypnosis","Blood Vial","Replay:Ancient Bell","hubris:AncientText","Garlic","TungstenRod","Girya","Ring of Fangs","White Beast Statue","reliquary:SilkGlove","Snake Skull","Omamori","hubris:SphereOfDissonance","Lantern","Whetstone","Tough Bandages"],"acts_visited":["Exordium","TheCity","TheBeyond"],"potions_floor_usage":[52],"damage_taken":[{"damage":0.0,"enemies":"Cultist","floor":1.0,"turns":1.0},{"damage":0.0,"enemies":"Small Slimes","floor":7.0,"turns":1.0},{"damage":0.0,"enemies":"Lagavulin","floor":8.0,"turns":1.0},{"damage":24.0,"enemies":"Replay:BlueRogue","floor":10.0,"turns":12.0},{"damage":0.0,"enemies":"Jaw Worm","floor":15.0,"turns":3.0},{"damage":21.0,"enemies":"Hexaghost","floor":18.0,"turns":13.0},{"damage":9.0,"enemies":"3 Byrds","floor":20.0,"turns":5.0},{"damage":0.0,"enemies":"Spheric Guardian","floor":23.0,"turns":4.0},{"damage":10.0,"enemies":"Snecko","floor":26.0,"turns":6.0},{"damage":0.0,"enemies":"Gremlin Leader","floor":27.0,"turns":7.0},{"damage":4.0,"enemies":"Shelled Parasite and Fungi","floor":29.0,"turns":5.0},{"damage":10.0,"enemies":"Slavers","floor":30.0,"turns":5.0},{"damage":0.0,"enemies":"3 Cultists","floor":31.0,"turns":4.0},{"damage":0.0,"enemies":"Centurion and Healer","floor":32.0,"turns":4.0},{"damage":49.0,"enemies":"hubris:MusketHawk","floor":35.0,"turns":9.0},{"damage":0.0,"enemies":"3 Shapes","floor":37.0,"turns":3.0},{"damage":11.0,"enemies":"2 Orb Walkers","floor":38.0,"turns":6.0},{"damage":0.0,"enemies":"3 Darklings","floor":40.0,"turns":6.0},{"damage":0.0,"enemies":"R_Hoarder","floor":46.0,"turns":8.0},{"damage":0.0,"enemies":"Reptomancer","floor":48.0,"turns":6.0},{"damage":55,"enemies":"Time Eater","floor":52,"turns":11}],"seed_played":"-8796966650011404439","potions_obtained":[{"floor":7.0,"key":"CultistPotion"},{"floor":10.0,"key":"Reflective Coating"},{"floor":15.0,"key":"Elixir"},{"floor":20.0,"key":"BlessingOfTheForge"},{"floor":26.0,"key":"ColorlessPotion"},{"floor":30.0,"key":"Adrenaline Potion"},{"floor":40.0,"key":"champ:CounterPotion"},{"floor":46.0,"key":"sneckomod:MuddlingPotion"}],"is_trial":false,"path_per_floor":["M","?","$","?","PTL","PTL","M","E","R","E","T","R","$","$","M","?","R","B",null,"M","?","?","M","?","R","M","E","T","M","E","M","M","T","R","B",null,"M","?","?","M","?","R","?","R","T","E","$","E","R","$","R","B",null],"character_chosen":"THE_SILENT","items_purchased":["Footwork","Slice","Snake Skull","Dexterity Potion","FairyPotion","hubris:EnhanceAbility","hubris:SphereOfDissonance","Lantern","Whetstone","Tough Bandages","Doom Potion"],"campfire_rested":2,"item_purchase_floors":[14,14,47,47,47,47,50,50,50,50,50],"current_hp_per_floor":[63,63,63,63,63,63,63,63,63,39,39,39,39,39,39,25,46,25,59,50,56,62,62,62,62,52,52,52,48,38,38,38,38,62,21,89,91,82,82,84,84,84,112,112,112,112,112,112,112,46,79,26],"gold":37,"neow_bonus":"THREE_ENEMY_KILL","is_daily":false,"chose_seed":false,"campfire_upgraded":3,"win_rate":0.0,"timestamp":1612818810,"path_taken":["M","?","$","?","PTL","PTL","M","E","R","E","T","R","?","$","M","?","R","BOSS","M","?","?","M","?","R","M","E","T","M","E","M","?","?","R","BOSS","M","?","?","?","?","R","?","R","T","E","$","E","R","?","R","BOSS"],"items_purchased_type":["Card","Card","Relic","Potion","Potion","Card","Relic","Relic","Relic","Relic","Potion"],"build_version":"2020-12-22","purchased_purges":2,"victory":true,"max_hp_per_floor":[70,70,70,70,70,70,70,70,70,70,70,70,70,70,70,70,70,70,70,70,76,82,82,82,82,82,82,82,82,82,82,82,82,82,88,106,106,106,106,106,106,106,112,112,112,112,112,112,112,112,112,112],"card_choices":[{"not_picked":["Poisoned Stab","Calculated Gamble"],"picked":"Quick Slash","floor":1.0},{"not_picked":["ReplayTheSpireMod:Exploit Weakness","Prepared"],"picked":"Poisoned Stab","floor":7.0},{"not_picked":["Hidden Blade","Cloak And Dagger"],"picked":"Outmaneuver","floor":8.0},{"not_picked":["Poisoned Stab","Blade Dance"],"picked":"Flying Knee","floor":10.0},{"not_picked":["Dagger Spray","Hidden Blade"],"picked":"Slice","floor":15.0},{"not_picked":["Wraith Form v2","Phantasmal Killer"],"picked":"Tools of the Trade","floor":18.0},{"not_picked":["Quick Slash","Sucker Punch"],"picked":"Calculated Gamble","floor":20.0},{"not_picked":["Deflect","Prepared"],"picked":"Blade Dance","floor":23.0},{"not_picked":["Sucker Punch","Blade Dance"],"picked":"Draining Mist","floor":26.0},{"not_picked":["Finisher","Distraction"],"picked":"Adrenaline","floor":27.0},{"not_picked":["Dodge and Roll","Outmaneuver","Flying Knee"],"picked":"SKIP","floor":29.0},{"not_picked":["Deadly Poison","Flying Knee"],"picked":"Infinite Blades","floor":30.0},{"not_picked":["Caltrops","Quick Slash+1","Poisoned Stab"],"picked":"SKIP","floor":31.0},{"not_picked":["Dagger Spray+1","Blade Dance"],"picked":"Choke","floor":32.0},{"not_picked":["Grand Finale","ReplayTheSpireMod:From All Sides"],"picked":"After Image","floor":35.0},{"not_picked":["Injury","ReplayTheSpireMod:IOU"],"picked":"Clumsy","floor":36.0},{"not_picked":["hubris:Wrath","Hallucinations"],"picked":"ReplayTheSpireMod:Splinters","floor":36.0},{"not_picked":["hubris:Sloth","hubris:Lust"],"picked":"Hallucinations","floor":36.0},{"not_picked":["Heel Hook+1","Endless Agony"],"picked":"Slice","floor":37.0},{"not_picked":["Finisher","Night Terror","Backflip"],"picked":"SKIP","floor":40.0},{"not_picked":["Deflect","Concentrate","Masterful Stab"],"picked":"SKIP","floor":46.0},{"not_picked":["Poisoned Stab","Sucker Punch"],"picked":"Footwork","floor":48.0}],"player_experience":1025254,"relics_obtained":[{"floor":8.0,"key":"reliquary:TridentHead"},{"floor":10.0,"key":"Darkstone Periapt"},{"floor":11.0,"key":"Anchor"},{"floor":21.0,"key":"Ring of Misfortune"},{"floor":21.0,"key":"ReplayTheSpireMod:Ring of Collecting"},{"floor":27.0,"key":"reliquary:QuartzCube"},{"floor":28.0,"key":"Ring of Fury"},{"floor":28.0,"key":"Blue Candle"},{"floor":30.0,"key":"Art of War"},{"floor":33.0,"key":"Ring of Hypnosis"},{"floor":33.0,"key":"Blood Vial"},{"floor":38.0,"key":"Girya"},{"floor":45.0,"key":"Ring of Fangs"},{"floor":45.0,"key":"White Beast Statue"},{"floor":46.0,"key":"reliquary:SilkGlove"},{"floor":48.0,"key":"Omamori"}],"event_choices":[{"damage_healed":0.0,"max_hp_gain":0.0,"max_hp_loss":0.0,"gold_gain":0.0,"event_name":"Big Fish","player_choice":"Box","floor":2.0,"gold_loss":0.0,"damage_taken":0.0,"relics_obtained":["ReplayTheSpireMod:Lightbulb"],"cards_obtained":["Regret"]},{"damage_healed":0.0,"max_hp_gain":0.0,"max_hp_loss":0.0,"gold_gain":0.0,"event_name":"The Cleric","player_choice":"Leave","floor":4.0,"gold_loss":0.0,"damage_taken":0.0},{"damage_healed":0.0,"max_hp_gain":0.0,"max_hp_loss":0.0,"gold_gain":0.0,"event_name":"Shining Light","player_choice":"Entered Light","floor":16.0,"gold_loss":0.0,"damage_taken":14.0,"cards_upgraded":["Strike_G","Footwork"]},{"damage_healed":0.0,"max_hp_gain":0.0,"max_hp_loss":0.0,"gold_gain":0.0,"event_name":"Drug Dealer","player_choice":"Inject Mutagens","floor":24.0,"gold_loss":0.0,"damage_taken":0.0,"relics_obtained":["MutagenicStrength"]},{"damage_healed":0.0,"max_hp_gain":0.0,"max_hp_loss":0.0,"gold_gain":0.0,"event_name":"Mysterious Sphere","player_choice":"Fight","floor":38.0,"gold_loss":0.0,"damage_taken":0.0},{"damage_healed":0.0,"max_hp_gain":0.0,"max_hp_loss":0.0,"gold_gain":0.0,"event_name":"Match and Keep!","player_choice":"0 cards matched","floor":39.0,"gold_loss":0.0,"damage_taken":0.0,"cards_obtained":[]},{"cards_removed":["Quick Slash"],"damage_healed":0.0,"max_hp_gain":0.0,"max_hp_loss":0.0,"gold_gain":0.0,"event_name":"Falling","player_choice":"Removed Attack","floor":41.0,"gold_loss":0.0,"damage_taken":0.0},{"damage_healed":27.0,"max_hp_gain":0.0,"max_hp_loss":0.0,"gold_gain":0.0,"event_name":"Winding Halls","player_choice":"Writhe","floor":43.0,"gold_loss":0.0,"damage_taken":0.0,"cards_obtained":["Writhe"]}],"is_beta":false,"boss_relics":[{"not_picked":["Snecko Eye","hubris:VirtuousBlindfold"],"picked":"Pandora\u0027s Box"},{"not_picked":["Black Star","Runic Pyramid"],"picked":"Replay:Ancient Bell"},{"not_picked":["Replay:Mystery Machine","Replay:Baseball"],"picked":"hubris:AncientText"},{"not_picked":["Mirror","Gremlin Horn"],"picked":"Garlic"},{"not_picked":["Vampiric Spirits","Byrd Skull"],"picked":"TungstenRod"}],"items_purged_floors":[3,50],"is_endless":false,"potions_floor_spawned":[7,10,15,20,26,30,40,46,48],"ascension_level":13}}