{"host":"sir4nii948aluuji","time":1612763918,"event":{"mods":["AchievementEnabler","BaseMod","Better Third Choice","BetterRewards","Colored Map","Colored Powertips","Conspire","Minty Spire (QoL Compilation)","Rare Cards Sparkle","Shop Mod","Spicy Shops","StSLib","Waifu the Spire"],"gold_per_floor":[110,124,124,135,154,154,154,166,251,294,306,39,39,39],"floor_reached":13,"language":"ENG","playtime":410,"items_purged":[],"score":91,"play_id":"248e1666-4a37-4075-b35b-d89772145479","local_time":"20210208145838","is_ascension_mode":true,"campfire_choices":[{"data":"Gash","floor":6,"key":"SMITH"},{"data":"Dualcast","floor":8,"key":"SMITH"}],"circlet_count":0,"master_deck":["Strike_B","Strike_B","Strike_B","Strike_B","Defend_B","Defend_B","Defend_B","Defend_B","Zap","Dualcast+1","Loop","Conserve Battery","Gash+1","Regret","Stack","Dark Shackles"],"relics":["Cracked Core","NeowsBlessing","MawBank","Sundial","conspire:TopHat","Golden Idol"],"acts_visited":["Exordium"],"potions_floor_usage":[],"damage_taken":[{"damage":0,"enemies":"Small Slimes","floor":1,"turns":1},{"damage":0,"enemies":"Cultist","floor":2,"turns":1},{"damage":0,"enemies":"2 Louse","floor":4,"turns":1},{"damage":5,"enemies":"2 Fungi Beasts","floor":5,"turns":3},{"damage":31,"enemies":"3 Sentries","floor":10,"turns":9},{"damage":45,"enemies":"Gremlin Nob","floor":13,"turns":4}],"seed_played":"4959649761949771797","potions_obtained":[{"floor":1,"key":"Energy Potion"},{"floor":5,"key":"Dexterity Potion"}],"is_trial":false,"path_per_floor":["M","M","?","M","M","R","?","R","T","E","?","$","E"],"character_chosen":"DEFECT","items_purchased":["Dark Shackles"],"campfire_rested":0,"item_purchase_floors":[12],"current_hp_per_floor":[75,75,75,75,70,70,70,70,70,39,21,21,0,0],"gold":39,"neow_bonus":"THREE_ENEMY_KILL","is_daily":false,"chose_seed":false,"campfire_upgraded":2,"win_rate":0.0,"timestamp":1612763918,"path_taken":["M","M","?","M","?","R","?","R","T","E","?","$","E"],"items_purchased_type":["Card"],"build_version":"2020-12-22","purchased_purges":0,"victory":false,"max_hp_per_floor":[75,75,75,75,75,75,75,75,75,75,75,75,75,75],"card_choices":[{"not_picked":["Heatsinks","Cold Snap"],"picked":"Auto Shields","floor":1},{"not_picked":["Barrage","Hologram"],"picked":"Loop","floor":2},{"not_picked":["Stack","Seek"],"picked":"Conserve Battery","floor":4},{"not_picked":["Sweeping Beam","Stack"],"picked":"Gash","floor":5},{"not_picked":["Reinforced Body","Consume"],"picked":"Stack","floor":10}],"player_experience":285940,"relics_obtained":[{"floor":9,"key":"Sundial"},{"floor":10,"key":"conspire:TopHat"}],"event_choices":[{"cards_removed":["Auto Shields"],"damage_healed":0,"gold_gain":0,"player_choice":"Offered Uncommon","damage_taken":0,"max_hp_gain":0,"max_hp_loss":0,"event_name":"Bonfire Elementals","floor":3,"gold_loss":0},{"damage_healed":0,"gold_gain":0,"player_choice":"Box","damage_taken":0,"relics_obtained":["MawBank"],"max_hp_gain":0,"max_hp_loss":0,"event_name":"Big Fish","floor":7,"gold_loss":0,"cards_obtained":["Regret"]},{"damage_healed":0,"gold_gain":0,"player_choice":"Take Damage","damage_taken":18,"relics_obtained":["Golden Idol"],"max_hp_gain":0,"max_hp_loss":0,"event_name":"Golden Idol","floor":11,"gold_loss":0}],"is_beta":false,"boss_relics":[],"items_purged_floors":[],"is_endless":false,"potions_floor_spawned":[1,5],"killed_by":"Gremlin Nob","ascension_level":2}}