{"host":"f5akwxsmb9r0twid","time":1612785925,"event":{"mods":["BaseMod","Colored Map","Minty Spire (QoL Compilation)"],"gold_per_floor":[119,137,150,167,167,199,216,391,391,391,391,403,403,14,14,114,114,132,149,162,14,14,44,44,44,44],"floor_reached":25,"language":"ENG","playtime":1743,"items_purged":["Defend_R"],"score":234,"play_id":"c14a00bd-689e-4a9a-b29c-86eb9c6627e6","local_time":"20210208150525","is_ascension_mode":true,"campfire_choices":[{"floor":10,"key":"REST"},{"data":"Infernal Blade","floor":13,"key":"SMITH"},{"data":"Apotheosis","floor":15,"key":"SMITH"},{"floor":24,"key":"REST"}],"circlet_count":0,"master_deck":["Strike_R","Strike_R","Strike_R","Strike_R","Defend_R","Defend_R","Defend_R","Bash","Second Wind","Clash","Iron Wave","Infernal Blade+1","Bludgeon","Doubt","Dual Wield","Burning Pact","Apotheosis+1","Pummel","Reaper","Wild Strike+1","Cleave+1","Flex","Shrug It Off","Flex+1"],"relics":["Burning Blood","NeowsBlessing","HornCleat","Bottled Lightning","Lee\u0027s Waffle","Black Star","Charon\u0027s Ashes","Gremlin Horn"],"acts_visited":["Exordium","TheCity"],"potions_floor_usage":[4,6,16,18,19,19,23,23],"damage_taken":[{"damage":0,"enemies":"Cultist","floor":1,"turns":1},{"damage":0,"enemies":"2 Louse","floor":2,"turns":1},{"damage":0,"enemies":"Jaw Worm","floor":3,"turns":1},{"damage":13,"enemies":"Large Slime","floor":4,"turns":8},{"damage":24,"enemies":"Gremlin Nob","floor":6,"turns":5},{"damage":13,"enemies":"Gremlin Gang","floor":7,"turns":4},{"damage":5,"enemies":"Lots of Slimes","floor":12,"turns":4},{"damage":59,"enemies":"Hexaghost","floor":16,"turns":11},{"damage":10,"enemies":"2 Thieves","floor":18,"turns":3},{"damage":13,"enemies":"Chosen","floor":19,"turns":5},{"damage":15,"enemies":"Snecko","floor":20,"turns":5},{"damage":74,"enemies":"Gremlin Leader","floor":23,"turns":8},{"damage":43,"enemies":"Book of Stabbing","floor":25,"turns":5}],"seed_played":"1550562024472408512","potions_obtained":[{"floor":1,"key":"PowerPotion"},{"floor":3,"key":"SkillPotion"},{"floor":6,"key":"Energy Potion"},{"floor":12,"key":"Fire Potion"},{"floor":16,"key":"DuplicationPotion"},{"floor":18,"key":"AttackPotion"},{"floor":20,"key":"Fire Potion"}],"is_trial":false,"path_per_floor":["M","M","M","M","?","E","M","?","T","R","?","M","R","$","R","B",null,"M","M","M","$","?","E","R","E"],"character_chosen":"IRONCLAD","items_purchased":["Apotheosis","Lee\u0027s Waffle","Pummel","Shrug It Off","Explosive Potion"],"campfire_rested":2,"item_purchase_floors":[14,14,14,21,21],"current_hp_per_floor":[80,80,80,73,40,22,15,15,15,39,39,40,40,87,87,34,87,83,83,74,74,58,8,34,0,0],"gold":44,"neow_bonus":"THREE_ENEMY_KILL","is_daily":false,"chose_seed":false,"campfire_upgraded":2,"win_rate":0.0,"timestamp":1612785925,"path_taken":["M","M","?","M","?","E","M","?","T","R","?","M","R","$","R","BOSS","M","M","?","?","?","E","R","E"],"items_purchased_type":["Card","Relic","Card","Card","Potion"],"build_version":"2020-12-22","purchased_purges":1,"victory":false,"max_hp_per_floor":[80,80,80,80,80,80,80,80,80,80,80,80,80,87,87,87,87,87,87,87,87,87,87,87,87,87],"card_choices":[{"not_picked":["Whirlwind","Clothesline"],"picked":"Second Wind","floor":1},{"not_picked":["Wild Strike","Headbutt"],"picked":"Clash","floor":2},{"not_picked":["Sever Soul","Dual Wield"],"picked":"Iron Wave","floor":3},{"not_picked":["Havoc","Body Slam"],"picked":"Infernal Blade","floor":4},{"not_picked":["Whirlwind","Wild Strike"],"picked":"Bludgeon","floor":6},{"not_picked":["Fire Breathing","Wild Strike","Metallicize"],"picked":"SKIP","floor":7},{"not_picked":["Perfected Strike","Flame Barrier"],"picked":"Burning Pact","floor":12},{"not_picked":["Corruption","Bludgeon"],"picked":"Reaper","floor":16},{"not_picked":["Battle Trance","Perfected Strike"],"picked":"Wild Strike+1","floor":18},{"not_picked":["Body Slam","Thunderclap"],"picked":"Cleave+1","floor":19},{"not_picked":["Rampage","Iron Wave"],"picked":"Flex","floor":20},{"not_picked":["Perfected Strike","Burning Pact"],"picked":"Flex+1","floor":23}],"player_experience":300752,"relics_obtained":[{"floor":6,"key":"Bottled Lightning"},{"floor":23,"key":"Charon\u0027s Ashes"},{"floor":23,"key":"Gremlin Horn"}],"event_choices":[{"damage_healed":0,"gold_gain":0,"player_choice":"Success","damage_taken":33,"relics_obtained":["HornCleat"],"max_hp_gain":0,"max_hp_loss":0,"event_name":"Scrap Ooze","floor":5,"gold_loss":0},{"damage_healed":0,"gold_gain":175,"player_choice":"AGREE","damage_taken":0,"max_hp_gain":0,"max_hp_loss":0,"event_name":"Liars Game","floor":8,"gold_loss":0,"cards_obtained":["Doubt"]},{"damage_healed":0,"gold_gain":0,"cards_transformed":["Strike_R"],"player_choice":"Transformed","damage_taken":0,"max_hp_gain":0,"max_hp_loss":0,"event_name":"Transmorgrifier","floor":11,"gold_loss":0,"cards_obtained":["Dual Wield"]},{"damage_healed":0,"gold_gain":0,"player_choice":"Obtained Book","damage_taken":16,"max_hp_gain":0,"max_hp_loss":0,"event_name":"Cursed Tome","floor":22,"gold_loss":0}],"is_beta":false,"boss_relics":[{"not_picked":["Runic Cube","SlaversCollar"],"picked":"Black Star"}],"items_purged_floors":[21],"is_endless":false,"potions_floor_spawned":[1,3,6,12,16,18,20],"killed_by":"Book of Stabbing","ascension_level":1}}