{"host":"2wp95sdfrgw3k439","time":1612824368,"event":{"mods":["BaseMod","Better Altar","Better Skull","Better Third Choice","Curses Come First","Minty Spire (QoL Compilation)","Permanent Neow","StSLib"],"gold_per_floor":[116,191,207,382,392,392,420,420,468,505,531,563,540,569,581,694,706,729,711,723,723],"floor_reached":20,"language":"ENG","playtime":837,"items_purged":[],"score":270,"play_id":"3a0b7819-44c8-4b1b-8e79-f70fb42d903e","local_time":"20210208154608","is_ascension_mode":true,"campfire_choices":[{"data":"Conserve Battery","floor":6,"key":"SMITH"},{"floor":8,"key":"REST"},{"floor":15,"key":"REST"}],"circlet_count":0,"master_deck":["Strike_B","Strike_B","Strike_B","Strike_B","Defend_B","Defend_B","Defend_B","Defend_B","Zap","Dualcast","Conserve Battery+1","Self Repair","Doubt","Reinforced Body","Cold Snap","Ball Lightning","Defragment","Beam Cell","Rainbow","Undo","Glacier+1"],"relics":["Cracked Core","Thread and Needle","Potion Belt","MawBank","PreservedInsect","Nuclear Battery"],"acts_visited":["Exordium","TheCity"],"potions_floor_usage":[10,12,16,16,19],"damage_taken":[{"damage":0,"enemies":"Cultist","floor":1,"turns":3},{"damage":0,"enemies":"2 Louse","floor":3,"turns":2},{"damage":4,"enemies":"Small Slimes","floor":5,"turns":4},{"damage":29,"enemies":"Lagavulin","floor":7,"turns":9},{"damage":38,"enemies":"Gremlin Nob","floor":10,"turns":6},{"damage":0,"enemies":"Blue Slaver","floor":11,"turns":3},{"damage":0,"enemies":"Lots of Slimes","floor":12,"turns":1},{"damage":22,"enemies":"Exordium Wildlife","floor":14,"turns":6},{"damage":22,"enemies":"Slime Boss","floor":16,"turns":15},{"damage":10,"enemies":"3 Byrds","floor":18,"turns":5},{"damage":26,"enemies":"2 Thieves","floor":19,"turns":5},{"damage":63,"enemies":"Masked Bandits","floor":20,"turns":3}],"seed_played":"2646550648578337659","potions_obtained":[{"floor":1,"key":"SpeedPotion"},{"floor":5,"key":"BlessingOfTheForge"},{"floor":7,"key":"AttackPotion"},{"floor":11,"key":"AttackPotion"},{"floor":14,"key":"SneckoOil"},{"floor":19,"key":"Fruit Juice"}],"is_trial":false,"path_per_floor":["M","?","M","?","M","R","E","R","T","E","M","M","?","M","R","B",null,"M","M","?"],"character_chosen":"DEFECT","items_purchased":[],"campfire_rested":2,"item_purchase_floors":[],"current_hp_per_floor":[50,39,39,39,42,42,20,42,42,11,18,18,36,21,43,31,64,61,47,0,0],"gold":723,"neow_bonus":"ONE_RARE_RELIC","is_daily":false,"chose_seed":false,"campfire_upgraded":1,"win_rate":0.0,"timestamp":1612824368,"path_taken":["M","?","M","?","M","R","E","R","T","E","M","M","?","M","R","BOSS","M","M","?"],"items_purchased_type":[],"build_version":"2020-12-22","purchased_purges":0,"victory":false,"max_hp_per_floor":[75,75,75,75,75,75,75,75,75,75,75,75,75,75,75,75,75,75,80,80,80],"card_choices":[{"not_picked":["Scrape","Stack"],"picked":"Conserve Battery","floor":1},{"not_picked":["Chill","Streamline"],"picked":"Self Repair","floor":3},{"not_picked":["Hologram","Compile Driver"],"picked":"Reinforced Body","floor":5},{"not_picked":["Steam Power","Redo"],"picked":"Cold Snap","floor":7},{"not_picked":["Aggregate","Leap"],"picked":"Ball Lightning","floor":10},{"not_picked":["Storm","Sweeping Beam"],"picked":"Defragment","floor":11},{"not_picked":["Reprogram","Conserve Battery"],"picked":"Beam Cell","floor":12},{"not_picked":["Chill","Barrage","Hologram"],"picked":"SKIP","floor":14},{"not_picked":["Buffer","Meteor Strike"],"picked":"Rainbow","floor":16},{"not_picked":["Go for the Eyes","Sweeping Beam"],"picked":"Undo","floor":18},{"not_picked":["Steam","Coolheaded"],"picked":"Glacier+1","floor":19}],"player_experience":567324,"relics_obtained":[{"floor":7,"key":"Potion Belt"},{"floor":9,"key":"MawBank"},{"floor":10,"key":"PreservedInsect"}],"event_choices":[{"damage_healed":0,"gold_gain":75,"player_choice":"Gold","damage_taken":11,"max_hp_gain":0,"max_hp_loss":0,"event_name":"betterThird:BetterGoop","floor":2,"gold_loss":0},{"damage_healed":0,"gold_gain":175,"player_choice":"AGREE","damage_taken":207,"max_hp_gain":0,"max_hp_loss":0,"event_name":"betterThird:BetterSerpent","floor":4,"gold_loss":0},{"damage_healed":18,"gold_gain":0,"player_choice":"Healed","damage_taken":0,"max_hp_gain":0,"max_hp_loss":0,"event_name":"The Cleric","floor":13,"gold_loss":35},{"damage_healed":0,"gold_gain":0,"player_choice":"Fought Bandits","damage_taken":0,"max_hp_gain":0,"max_hp_loss":0,"event_name":"Masked Bandits","floor":20,"gold_loss":0}],"is_beta":false,"boss_relics":[{"not_picked":["Velvet Choker","Pandora\u0027s Box"],"picked":"Nuclear Battery"}],"items_purged_floors":[],"is_endless":false,"potions_floor_spawned":[1,5,7,11,14,19],"killed_by":"Masked Bandits","ascension_level":9}}