{"host":"am0cr9xwekqmrere","time":1612822001,"event":{"mods":["AchievementEnabler","Act Like it!","BaseMod","Better Altar","Better Match","Better Note","Better Sensory Stone","Better Skull","Better Third Choice","BetterRewards","Conspire","Downfall","Hubris","Infinite Spire","Minty Spire (QoL Compilation)","Rare Cards Sparkle","Spicy Shops","StSLib","Unceasing Turn Reminder"],"gold_per_floor":[99,115,115,131,149,149,176,193,218,228,403,39,39,49,69,69,69,69],"floor_reached":16,"language":"ENG","playtime":638,"items_purged":[],"score":104,"play_id":"d6ffc0f9-a3ee-4293-bb1c-cc1f6893d30f","local_time":"20210208160641","is_ascension_mode":false,"campfire_choices":[{"data":"bronze:Replicate","floor":1,"key":"SMITH"},{"floor":6,"key":"REST"},{"floor":13,"key":"REST"}],"circlet_count":0,"master_deck":["bronze:Strike","bronze:Strike","bronze:Strike","bronze:Strike","bronze:Defend","bronze:Defend","bronze:Defend","bronze:Defend","bronze:Replicate+1","bronze:Goto","bronze:Repulsor","bronze:Repulsor","bronze:Overheat","bronze:Separator","bronze:Flail","bronze:WildBeam","bronze:ClassDefault","Doubt","bronze:BronzeArmor","bronze:Safeguard","bronze:Virus"],"relics":["bronze:BronzeCore","hubris:Metronome","hubris:EmptyBottle","ClockworkSouvenir"],"acts_visited":["Exordium"],"potions_floor_usage":[9,16,16,16],"damage_taken":[{"damage":0,"enemies":"Cultist","floor":2,"turns":3},{"damage":6,"enemies":"conspire:RoseBush","floor":4,"turns":4},{"damage":12,"enemies":"Small Slimes","floor":5,"turns":4},{"damage":14,"enemies":"3 Louse","floor":8,"turns":3},{"damage":35,"enemies":"Lagavulin","floor":9,"turns":5},{"damage":6,"enemies":"2 Fungi Beasts","floor":10,"turns":2},{"damage":10,"enemies":"downfall:FleeingMerchant","floor":12,"turns":4},{"damage":0,"enemies":"Large Slime","floor":14,"turns":5},{"damage":2,"enemies":"Exordium Wildlife","floor":15,"turns":3},{"damage":38,"enemies":"DF_ARCHETYPE_STREAMLINE","floor":16,"turns":5}],"seed_played":"-8049810980476217920","potions_obtained":[{"floor":2,"key":"Guardian:BlockOnCardUsePotion"},{"floor":4,"key":"SteroidPotion"},{"floor":14,"key":"champ:CounterPotion"}],"is_trial":false,"path_per_floor":["R","M","?","M","M","R","T","M","E","M","?","$","R","M","M","B"],"character_chosen":"THE_AUTOMATON","items_purchased":["hubris:EmptyBottle","ClockworkSouvenir","ColorlessPotion"],"campfire_rested":2,"item_purchase_floors":[12,12,12],"current_hp_per_floor":[77,77,77,71,59,77,77,63,28,22,22,12,35,35,33,0,0,0],"gold":69,"neow_bonus":"TEN_PERCENT_HP_BONUS","is_daily":false,"chose_seed":false,"campfire_upgraded":1,"win_rate":0.0,"timestamp":1612822001,"path_taken":["R","M","?","M","M","R","T","?","E","M","?","$","R","M","M","BOSS"],"items_purchased_type":["Relic","Relic","Potion"],"build_version":"2020-12-22","purchased_purges":0,"victory":false,"max_hp_per_floor":[77,77,77,77,77,77,77,77,77,77,77,77,77,77,77,77,77,77],"card_choices":[{"not_picked":["bronze:ForceShield","bronze:Overload"],"picked":"bronze:Repulsor","floor":2},{"not_picked":["bronze:BugBarrage","bronze:Fortify"],"picked":"bronze:Overheat","floor":4},{"not_picked":["bronze:Fortify","bronze:Deprecate"],"picked":"bronze:Separator","floor":5},{"not_picked":["bronze:ThunderWave","bronze:Iterate"],"picked":"bronze:Flail","floor":8},{"not_picked":["bronze:Separator","bronze:Deprecate"],"picked":"bronze:WildBeam","floor":9},{"not_picked":["bronze:ForLoop","bronze:Turbo"],"picked":"bronze:ClassDefault","floor":10},{"not_picked":["bronze:Overheat","bronze:Invalidate"],"picked":"bronze:BronzeArmor","floor":12},{"not_picked":["bronze:WildBeam","bronze:Turbo"],"picked":"bronze:Safeguard","floor":14},{"not_picked":["bronze:Invalidate","bronze:ForLoop"],"picked":"bronze:Virus","floor":15}],"player_experience":2746100,"relics_obtained":[{"floor":9,"key":"hubris:Metronome"}],"event_choices":[],"is_beta":false,"boss_relics":[],"items_purged_floors":[],"is_endless":false,"potions_floor_spawned":[2,4,14,15],"killed_by":"DF_ARCHETYPE_STREAMLINE","ascension_level":0}}