{"host":"Lrdox","time":1612826398,"event":{"mods":["BaseMod","Colored Map","Minty Spire (QoL Compilation)","Relic Stats"],"gold_per_floor":[109,125,139,159,11,37,56,91,91,91,16,45,63,80,80,176,176,189,189,189,199,217,217,230,84,84,84,94,109,144,154,154,257,257,269,280,30,43,53,53,53,70,70,70,70,70,81,101,101,101],"floor_reached":51,"language":"ENG","playtime":2586,"items_purged":["Strike_B"],"score":1026,"play_id":"df61764d-ec2a-4ad6-b01c-256a5073dc2f","local_time":"20210209001958","is_ascension_mode":true,"campfire_choices":[{"floor":10.0,"key":"REST"},{"floor":15.0,"key":"REST"},{"floor":23.0,"key":"REST"},{"floor":27.0,"key":"REST"},{"floor":32.0,"key":"REST"},{"floor":40.0,"key":"REST"},{"floor":44.0,"key":"REST"},{"floor":49.0,"key":"REST"}],"circlet_count":0,"master_deck":["Strike_B","Defend_B","Defend_B","Defend_B","Zap","Dualcast","Ball Lightning","Sweeping Beam","Conserve Battery","Creative AI","Compile Driver","Doom and Gloom","Electrodynamics","Cold Snap","Glacier","Fission","Capacitor","Fission","Multi-Cast","Coolheaded","Chill+1","Conserve Battery","Force Field","Self Repair","Defragment","Loop","Coolheaded","Coolheaded+1","Loop+1","Barrage+1"],"relics":["Cracked Core","NeowsBlessing","Dream Catcher","Matryoshka","Cables","Dead Branch","StrikeDummy","Fusion Hammer","Toy Ornithopter","Omamori","Bottled Tornado","Art of War","Cursed Key","Mercury Hourglass","Bottled Lightning"],"acts_visited":["Exordium","TheCity","TheBeyond"],"potions_floor_usage":[50,50],"damage_taken":[{"damage":0.0,"enemies":"Cultist","floor":1.0,"turns":1.0},{"damage":0.0,"enemies":"Small Slimes","floor":2.0,"turns":1.0},{"damage":0.0,"enemies":"Jaw Worm","floor":3.0,"turns":1.0},{"damage":16.0,"enemies":"Lots of Slimes","floor":4.0,"turns":3.0},{"damage":13.0,"enemies":"Lagavulin","floor":6.0,"turns":8.0},{"damage":7.0,"enemies":"2 Fungi Beasts","floor":7.0,"turns":3.0},{"damage":18.0,"enemies":"3 Sentries","floor":8.0,"turns":5.0},{"damage":30.0,"enemies":"Lagavulin","floor":12.0,"turns":6.0},{"damage":5.0,"enemies":"3 Louse","floor":13.0,"turns":2.0},{"damage":14.0,"enemies":"Red Slaver","floor":14.0,"turns":3.0},{"damage":0.0,"enemies":"Slime Boss","floor":16.0,"turns":4.0},{"damage":22.0,"enemies":"Shell Parasite","floor":18.0,"turns":6.0},{"damage":5.0,"enemies":"Chosen","floor":21.0,"turns":4.0},{"damage":24.0,"enemies":"Snake Plant","floor":22.0,"turns":4.0},{"damage":7.0,"enemies":"Centurion and Healer","floor":24.0,"turns":6.0},{"damage":6.0,"enemies":"Sentry and Sphere","floor":28.0,"turns":4.0},{"damage":17.0,"enemies":"Snecko","floor":29.0,"turns":4.0},{"damage":3.0,"enemies":"Gremlin Leader","floor":30.0,"turns":7.0},{"damage":0.0,"enemies":"Centurion and Healer","floor":31.0,"turns":5.0},{"damage":27.0,"enemies":"Collector","floor":33.0,"turns":12.0},{"damage":9.0,"enemies":"Orb Walker","floor":35.0,"turns":3.0},{"damage":3.0,"enemies":"3 Darklings","floor":36.0,"turns":9.0},{"damage":24.0,"enemies":"Maw","floor":38.0,"turns":9.0},{"damage":27.0,"enemies":"Writhing Mass","floor":39.0,"turns":9.0},{"damage":15.0,"enemies":"3 Darklings","floor":42.0,"turns":4.0},{"damage":2.0,"enemies":"Sphere and 2 Shapes","floor":47.0,"turns":6.0},{"damage":47.0,"enemies":"Transient","floor":48.0,"turns":5.0},{"damage":46,"enemies":"Time Eater","floor":50,"turns":15}],"seed_played":"-5294933186800832403","potions_obtained":[{"floor":2.0,"key":"Fire Potion"},{"floor":4.0,"key":"Block Potion"},{"floor":7.0,"key":"FairyPotion"},{"floor":8.0,"key":"SkillPotion"},{"floor":13.0,"key":"Fire Potion"},{"floor":22.0,"key":"Dexterity Potion"},{"floor":28.0,"key":"SmokeBomb"},{"floor":29.0,"key":"LiquidMemories"},{"floor":31.0,"key":"Block Potion"},{"floor":36.0,"key":"Weak Potion"},{"floor":47.0,"key":"SkillPotion"}],"is_trial":false,"path_per_floor":["M","M","M","M","$","E","M","E","T","R","$","E","M","M","R","B",null,"M","?","?","M","M","R","M","$","T","R","M","M","E","M","R","B",null,"M","M","$","M","M","R","?","M","T","R","?","$","M","M","R","B",null],"character_chosen":"DEFECT","items_purchased":["Creative AI","Toy Ornithopter","Mercury Hourglass"],"campfire_rested":8,"item_purchase_floors":[5,25,37],"current_hp_per_floor":[68,68,68,52,52,39,32,14,14,36,36,6,1,22,44,44,67,45,45,45,40,16,38,31,31,31,53,47,30,27,39,61,41,67,65,69,69,52,32,54,54,46,46,67,67,67,71,36,57,28],"gold":101,"neow_bonus":"THREE_ENEMY_KILL","is_daily":false,"chose_seed":false,"campfire_upgraded":0,"win_rate":0.0,"timestamp":1612826398,"path_taken":["M","?","M","M","$","E","M","E","T","R","?","E","?","M","R","BOSS","M","?","?","M","M","R","M","$","T","R","M","?","E","M","R","BOSS","M","?","$","M","M","R","?","M","T","R","?","$","M","M","R","BOSS"],"items_purchased_type":["Card","Relic","Relic"],"build_version":"2020-12-18","purchased_purges":1,"victory":true,"max_hp_per_floor":[75,75,75,75,75,75,75,75,75,75,75,75,75,75,75,75,75,75,75,75,75,75,75,75,75,75,75,75,75,75,75,75,75,75,75,75,75,75,75,75,71,71,71,71,71,71,71,71,71,71],"relic_stats":{"Dream Catcher":8,"counters":[28,147],"Dead Branch":[26],"Art of War":[22],"Cursed Key":1,"obtain_stats":[{"NeowsBlessing":0,"Dead Branch":9,"Omamori":26,"Bottled Tornado":26,"Cursed Key":34,"Cables":9,"Mercury Hourglass":37,"Dream Catcher":6,"Matryoshka":8,"Fusion Hammer":17,"Art of War":30,"Bottled Lightning":43,"Cracked Core":0,"StrikeDummy":12,"Toy Ornithopter":25},{"NeowsBlessing":0,"Dead Branch":7,"Omamori":15,"Bottled Tornado":15,"Cursed Key":20,"Cables":7,"Mercury Hourglass":22,"Dream Catcher":5,"Matryoshka":7,"Fusion Hammer":11,"Art of War":18,"Bottled Lightning":25,"Cracked Core":0,"StrikeDummy":8,"Toy Ornithopter":15},{"NeowsBlessing":0,"Dead Branch":22,"Omamori":57,"Bottled Tornado":57,"Cursed Key":89,"Cables":22,"Mercury Hourglass":101,"Dream Catcher":14,"Matryoshka":22,"Fusion Hammer":37,"Art of War":72,"Bottled Lightning":121,"Cracked Core":0,"StrikeDummy":28,"Toy Ornithopter":57}],"Toy Ornithopter":20,"Cables":[110,55,47,5,3],"Mercury Hourglass":[135]},"card_choices":[{"not_picked":["Sweeping Beam","Static Discharge"],"picked":"Ball Lightning","floor":1.0},{"not_picked":["Barrage","Stack","Leap"],"picked":"SKIP","floor":2.0},{"not_picked":["Streamline","FTL"],"picked":"Sweeping Beam","floor":3.0},{"not_picked":["Skim","Leap"],"picked":"Conserve Battery","floor":4.0},{"not_picked":["Ball Lightning","Turbo","Skim"],"picked":"SKIP","floor":6.0},{"not_picked":["Ball Lightning","Turbo","Skim"],"picked":"SKIP","floor":6.0},{"not_picked":["Streamline","Conserve Battery","Scrape"],"picked":"SKIP","floor":7.0},{"not_picked":["Creative AI","Barrage"],"picked":"Compile Driver","floor":8.0},{"not_picked":["Gash","Streamline"],"picked":"Doom and Gloom","floor":12.0},{"not_picked":["White Noise","Gash"],"picked":"Electrodynamics","floor":13.0},{"not_picked":["Coolheaded","Double Energy"],"picked":"Cold Snap","floor":14.0},{"not_picked":["Leap","Sweeping Beam"],"picked":"Glacier","floor":15.0},{"not_picked":["Amplify","Thunder Strike"],"picked":"Fission","floor":16.0},{"not_picked":["Static Discharge","Stack+1"],"picked":"Capacitor","floor":18.0},{"not_picked":["Go for the Eyes","Steam"],"picked":"Coolheaded","floor":21.0},{"not_picked":["Hologram+1","Blizzard"],"picked":"Chill+1","floor":22.0},{"not_picked":["Fusion","Rebound+1","Sweeping Beam"],"picked":"SKIP","floor":24.0},{"not_picked":["Sweeping Beam","Multi-Cast"],"picked":"Conserve Battery","floor":27.0},{"not_picked":["Steam Power","Hello World"],"picked":"Force Field","floor":28.0},{"not_picked":["Auto Shields+1","Melter"],"picked":"Sunder+1","floor":29.0},{"not_picked":["Fusion","BootSequence"],"picked":"Self Repair","floor":30.0},{"not_picked":["Ball Lightning","Streamline"],"picked":"Defragment","floor":31.0},{"not_picked":["Sweeping Beam","Recycle"],"picked":"Loop","floor":32.0},{"not_picked":["Ball Lightning","Compile Driver","Go for the Eyes+1"],"picked":"SKIP","floor":35.0},{"not_picked":["Chill+1","Barrage"],"picked":"Coolheaded","floor":36.0},{"not_picked":["Leap","Ball Lightning+1","Stack"],"picked":"SKIP","floor":38.0},{"not_picked":["Conserve Battery+1","Reinforced Body"],"picked":"Coolheaded+1","floor":39.0},{"not_picked":["Lockon","Conserve Battery","Fission"],"picked":"SKIP","floor":42.0},{"not_picked":["Capacitor+1","Streamline"],"picked":"Loop+1","floor":44.0},{"not_picked":["Lockon+1","Hologram","Gash"],"picked":"SKIP","floor":47.0},{"not_picked":["FTL","Sweeping Beam+1"],"picked":"Barrage+1","floor":48.0}],"player_experience":240713,"relics_obtained":[{"floor":6.0,"key":"Dream Catcher"},{"floor":8.0,"key":"Matryoshka"},{"floor":9.0,"key":"Cables"},{"floor":9.0,"key":"Dead Branch"},{"floor":12.0,"key":"StrikeDummy"},{"floor":26.0,"key":"Omamori"},{"floor":26.0,"key":"Bottled Tornado"},{"floor":30.0,"key":"Art of War"},{"floor":43.0,"key":"Bottled Lightning"}],"event_choices":[{"damage_healed":0.0,"max_hp_gain":0.0,"max_hp_loss":0.0,"gold_gain":0.0,"cards_transformed":["Strike_B","Defend_B"],"event_name":"Drug Dealer","player_choice":"Became Test Subject","floor":19.0,"gold_loss":0.0,"damage_taken":0.0,"cards_obtained":["Fission","Multi-Cast"]},{"cards_removed":["Strike_B"],"damage_healed":0.0,"max_hp_gain":0.0,"max_hp_loss":0.0,"gold_gain":0.0,"event_name":"Purifier","player_choice":"Purged","floor":20.0,"gold_loss":0.0,"damage_taken":0.0},{"damage_healed":0.0,"max_hp_gain":0.0,"max_hp_loss":4.0,"gold_gain":0.0,"event_name":"Winding Halls","player_choice":"Max HP","floor":41.0,"gold_loss":0.0,"damage_taken":0.0},{"cards_removed":["Sunder"],"damage_healed":0.0,"max_hp_gain":0.0,"max_hp_loss":0.0,"gold_gain":0.0,"event_name":"Falling","player_choice":"Removed Attack","floor":45.0,"gold_loss":0.0,"damage_taken":0.0}],"is_beta":true,"boss_relics":[{"not_picked":["Velvet Choker","Empty Cage"],"picked":"Fusion Hammer"},{"not_picked":["Nuclear Battery","SlaversCollar"],"picked":"Cursed Key"}],"items_purged_floors":[11],"is_endless":false,"potions_floor_spawned":[2,4,7,8,13,22,28,29,31,33,36,38,47],"ascension_level":8}}