{"host":"92wx9z21c4p52du4","time":1612763308,"event":{"mods":["Act Like it!","Arknights","Bard","BaseMod","Infinite Spire","Lobotomy","Minty Spire (QoL Compilation)","Reliquary","Robot Space Explorer","StSLib","SuperFastMode","The Blue Laboratory","The Disciple","The Hierophant","The Jungle","The Runesmith","TheSurvivalist"],"gold_per_floor":[118,118,134,154,154,154,171,171,171,14,34,34,109,139,139,139,139],"floor_reached":16,"language":"ENG","playtime":562,"items_purged":[],"score":117,"play_id":"767c6803-3991-445d-9666-10ede50850b8","local_time":"20210207234828","is_ascension_mode":false,"campfire_choices":[{"data":"hierophant:ChurchCoffers","floor":6,"key":"SMITH"},{"data":"hierophant:Exaltation","floor":8,"key":"SMITH"},{"data":"hierophant:SealAway","floor":12,"key":"SMITH"},{"floor":15,"key":"REST"}],"circlet_count":0,"master_deck":["hierophant:Strike_Hierophant","hierophant:Strike_Hierophant","hierophant:Strike_Hierophant","hierophant:Strike_Hierophant","hierophant:Punish","hierophant:Defend_Hierophant","hierophant:Defend_Hierophant","hierophant:Defend_Hierophant","hierophant:Defend_Hierophant","hierophant:ChurchCoffers+1","hierophant:SealAway+1","hierophant:Alms","hierophant:Exaltation+1","hierophant:EyeForCoin+1","hierophant:Doubloon+1","hierophant:Martyrdom","hierophant:Doubloon+1","hierophant:Encroach","hierophant:Doubloon+1","hierophant:HammerAndAnvil","hierophant:Doubloon+1"],"relics":["hierophant:PropheticMaskRelic","Chemical X"],"acts_visited":["Exordium"],"potions_floor_usage":[3],"damage_taken":[{"damage":3,"enemies":"Jaw Worm","floor":1,"turns":3},{"damage":0,"enemies":"Small Slimes","floor":3,"turns":2},{"damage":1,"enemies":"Cultist","floor":4,"turns":3},{"damage":16,"enemies":"Blue Slaver","floor":7,"turns":4},{"damage":18,"enemies":"Exordium Wildlife","floor":11,"turns":4},{"damage":14,"enemies":"3 Louse","floor":14,"turns":3},{"damage":34,"enemies":"The Guardian","floor":16,"turns":6}],"seed_played":"-4093254230662802450","potions_obtained":[{"floor":1,"key":"LiquidMemories"},{"floor":7,"key":"blueLaboratory:Moonshine"},{"floor":14,"key":"blueLaboratory:CorrosionFlask"}],"is_trial":false,"path_per_floor":["M","?","M","M","?","R","M","R","T","$","M","R","?","M","R","B"],"character_chosen":"HIEROPHANT","items_purchased":["Chemical X"],"campfire_rested":1,"item_purchase_floors":[10],"current_hp_per_floor":[72,72,72,71,71,71,55,55,55,55,37,37,26,12,34,0,0],"gold":139,"neow_bonus":"THREE_CARDS","is_daily":false,"chose_seed":false,"campfire_upgraded":3,"win_rate":0.0,"timestamp":1612763308,"path_taken":["M","?","M","M","?","R","?","R","T","$","M","R","?","M","R","BOSS"],"items_purchased_type":["Relic"],"build_version":"2020-12-22","purchased_purges":0,"victory":false,"max_hp_per_floor":[75,75,75,75,75,75,75,75,75,75,75,75,75,75,75,75,75],"card_choices":[{"not_picked":["hierophant:Empathy","hierophant:PassingBell"],"picked":"hierophant:SealAway","floor":0},{"not_picked":["hierophant:Racketeering","hierophant:Encroach"],"picked":"hierophant:Alms","floor":1},{"not_picked":["hierophant:Doubloon","hierophant:Glossolalia"],"picked":"hierophant:Exaltation","floor":3},{"not_picked":["hierophant:MorningPrayer","hierophant:Patience"],"picked":"hierophant:EyeForCoin","floor":4},{"not_picked":["hierophant:Sermon","hierophant:HolyVerse"],"picked":"hierophant:Martyrdom","floor":7},{"not_picked":["hierophant:Purify","hierophant:FlamingChariot"],"picked":"hierophant:Encroach","floor":11},{"not_picked":["hierophant:Glossolalia","hierophant:Purify"],"picked":"hierophant:HammerAndAnvil","floor":14}],"player_experience":229815,"relics_obtained":[],"event_choices":[{"damage_healed":0,"gold_gain":0,"player_choice":"Upgraded","damage_taken":0,"max_hp_gain":0,"max_hp_loss":0,"event_name":"Upgrade Shrine","floor":5,"gold_loss":0,"cards_upgraded":["hierophant:EyeForCoin"]},{"damage_healed":0,"gold_gain":75,"player_choice":"Gather Gold","damage_taken":11,"max_hp_gain":0,"max_hp_loss":0,"event_name":"World of Goop","floor":13,"gold_loss":0}],"is_beta":false,"boss_relics":[],"items_purged_floors":[],"is_endless":false,"potions_floor_spawned":[1,7,14],"killed_by":"The Guardian","ascension_level":0}}