{"host":"ttt10ghevkhyjkzb","time":1612812101,"event":{"mods":["2.2 Compatiblity","AchievementEnabler","BaseMod","Googly Eyes","Minty Spire (QoL Compilation)","StSLib","The IronCluck"],"gold_per_floor":[116,116,66,66,66,109,129,173,173,189,224,224,24,24,24,144,144,157,4,22,22,22,22,53,53,53,78,78,78],"floor_reached":28,"language":"ENG","playtime":967,"items_purged":["Strike_B"],"score":343,"play_id":"85736ebd-de5f-4245-88eb-a42fe9583bc1","local_time":"20210208202141","is_ascension_mode":true,"campfire_choices":[{"floor":15,"key":"REST"},{"floor":23,"key":"REST"}],"circlet_count":0,"master_deck":["Strike_B","Strike_B","Defend_B","Defend_B","Defend_B","Defend_B","Zap","Dualcast","Lockon","Defragment","Darkness","Rainbow","Beam Cell","Chaos","Gash","Gash","Amplify","Loop+1","Leap","Storm+1"],"relics":["Cracked Core","NeowsBlessing","Golden Idol","Kunai","Sundial","Frozen Egg 2","Du-Vu Doll","DollysMirror","Akabeko","Black Star","Nloth\u0027s Gift","Toxic Egg 2","DataDisk","PreservedInsect"],"acts_visited":["Exordium","TheCity"],"potions_floor_usage":[11,11,24,24],"damage_taken":[{"damage":0,"enemies":"Jaw Worm","floor":1,"turns":1},{"damage":0,"enemies":"Gremlin Nob","floor":6,"turns":1},{"damage":0,"enemies":"2 Louse","floor":7,"turns":1},{"damage":29,"enemies":"3 Sentries","floor":8,"turns":8},{"damage":3,"enemies":"Cultist","floor":10,"turns":3},{"damage":27,"enemies":"Gremlin Nob","floor":11,"turns":4},{"damage":0,"enemies":"Slime Boss","floor":16,"turns":9},{"damage":14,"enemies":"Shell Parasite","floor":18,"turns":6},{"damage":31,"enemies":"3 Byrds","floor":20,"turns":4},{"damage":35,"enemies":"Book of Stabbing","floor":24,"turns":5},{"damage":26,"enemies":"Snecko","floor":27,"turns":5},{"damage":25,"enemies":"3 Cultists","floor":28,"turns":3}],"seed_played":"7072397774857771099","potions_obtained":[{"floor":1,"key":"SpeedPotion"},{"floor":6,"key":"Energy Potion"},{"floor":10,"key":"SteroidPotion"},{"floor":11,"key":"FairyPotion"},{"floor":16,"key":"Fire Potion"},{"floor":20,"key":"PowerPotion"}],"is_trial":false,"path_per_floor":["M","?","?","$","?","E","M","E","T","M","E","T","$","?","R","B",null,"M","$","M","?","?","R","E","$","T","M","M"],"character_chosen":"DEFECT","items_purchased":["Gash","DollysMirror","Loop+1"],"campfire_rested":2,"item_purchase_floors":[13,13,19],"current_hp_per_floor":[75,57,57,57,75,75,75,46,46,43,16,16,16,9,40,40,75,61,61,30,30,30,52,17,17,17,22,0,0],"gold":78,"neow_bonus":"THREE_ENEMY_KILL","is_daily":false,"chose_seed":false,"campfire_upgraded":0,"win_rate":0.0,"timestamp":1612812101,"path_taken":["M","?","?","?","?","E","M","E","T","?","E","?","$","?","R","BOSS","M","$","M","?","?","R","E","$","T","M","M"],"items_purchased_type":["Card","Relic","Card"],"build_version":"2020-12-22","purchased_purges":1,"victory":false,"max_hp_per_floor":[75,75,75,75,75,75,75,75,75,75,75,75,75,75,75,75,75,75,75,75,75,75,75,75,75,75,75,75,75],"card_choices":[{"not_picked":["Rebound","Steam"],"picked":"Lockon","floor":1},{"not_picked":["Chaos","Compile Driver"],"picked":"Defragment","floor":6},{"not_picked":["Reprogram","Reinforced Body"],"picked":"Darkness","floor":7},{"not_picked":["Hello World","BootSequence"],"picked":"Rainbow","floor":8},{"not_picked":["Hologram","Auto Shields"],"picked":"Beam Cell","floor":10},{"not_picked":["Reprogram","Darkness"],"picked":"Chaos","floor":11},{"not_picked":["Buffer+1","Core Surge"],"picked":"Amplify","floor":16},{"not_picked":["Turbo","Coolheaded+1","Compile Driver"],"picked":"SKIP","floor":18},{"not_picked":["Sweeping Beam","Turbo+1"],"picked":"Leap","floor":20},{"not_picked":["Rainbow+1","Tempest+1"],"picked":"Storm+1","floor":24},{"not_picked":["Consume+1","Lockon+1","Rebound"],"picked":"SKIP","floor":27}],"player_experience":131180,"relics_obtained":[{"floor":6,"key":"Kunai"},{"floor":8,"key":"Sundial"},{"floor":9,"key":"Frozen Egg 2"},{"floor":11,"key":"Du-Vu Doll"},{"floor":12,"key":"Eternal Feather"},{"floor":24,"key":"Toxic Egg 2"},{"floor":24,"key":"DataDisk"},{"floor":26,"key":"PreservedInsect"}],"event_choices":[{"damage_healed":0,"gold_gain":0,"player_choice":"Take Damage","damage_taken":18,"relics_obtained":["Golden Idol"],"max_hp_gain":0,"max_hp_loss":0,"event_name":"Golden Idol","floor":2,"gold_loss":0},{"cards_removed":["Strike_B"],"damage_healed":0,"gold_gain":0,"player_choice":"Card Removal","damage_taken":0,"max_hp_gain":0,"max_hp_loss":0,"event_name":"The Cleric","floor":3,"gold_loss":50},{"damage_healed":25,"gold_gain":0,"player_choice":"Banana","damage_taken":0,"max_hp_gain":0,"max_hp_loss":0,"event_name":"Big Fish","floor":5,"gold_loss":0},{"damage_healed":0,"gold_gain":0,"player_choice":"Success","damage_taken":7,"relics_obtained":["Akabeko"],"max_hp_gain":0,"max_hp_loss":0,"event_name":"Scrap Ooze","floor":14,"gold_loss":0},{"damage_healed":0,"gold_gain":0,"player_choice":"Ignored","damage_taken":0,"max_hp_gain":0,"max_hp_loss":0,"event_name":"Cursed Tome","floor":21,"gold_loss":0},{"damage_healed":0,"gold_gain":0,"player_choice":"Traded Relic","damage_taken":0,"relics_obtained":["Nloth\u0027s Gift"],"max_hp_gain":0,"max_hp_loss":0,"event_name":"N\u0027loth","floor":22,"relics_lost":["Eternal Feather"],"gold_loss":0}],"is_beta":false,"boss_relics":[{"not_picked":["SacredBark","Coffee Dripper"],"picked":"Black Star"}],"items_purged_floors":[19],"is_endless":false,"potions_floor_spawned":[1,6,10,11,16,18,20],"killed_by":"3 Cultists","ascension_level":1}}