{"host":"92ge7uk92o4z80va","time":1612750872,"event":{"mods":["AchievementEnabler","Act Like it!","Aspiration","BaseMod","Beaked The Cultist","Better Third Choice","BetterRewards","Conspire","Curses Come First","Evolution","Hermit","Hubris","Infinite Spire","Koishi","Lobotomy","LobotomyExtend","Marisa????????","Minty Spire (QoL Compilation)","Quick Restart","Replay The Spire","Robot Space Explorer","Spire Arcade","StSLib","The Blue Laboratory","The Bug Knight","The Runesmith","The Saiyan"],"gold_per_floor":[156,231,231,272,200,230,243,22,47,47,96,96,96,135,135,135,135],"floor_reached":16,"language":"ENG","playtime":870,"items_purged":[],"score":106,"play_id":"e130136d-3a5e-40c4-a97c-0f6836701b1b","local_time":"20210207212112","is_ascension_mode":false,"campfire_choices":[{"floor":10,"key":"REST"},{"data":"Koishi:BramblyRoseGarden","floor":13,"key":"SMITH"}],"circlet_count":0,"master_deck":["Koishi:BasicStrike+1","Koishi:BasicStrike","Koishi:BasicStrike+1","Koishi:BasicStrike+1","Koishi:BasicDefend","Koishi:BasicDefend","Koishi:BasicDefend","Koishi:BasicDefend","Koishi:Provoke","Koishi:HauntingSlash","Koishi:SubterraneanRose+1","HandOfGreed","Koishi:FidgetySnatcher","Koishi:JumpScare","Injury","Koishi:PhilosophyOfTheDespised","Koishi:TremblingHands+1","Koishi:Vanish","Koishi:PredatoryInstincts","Koishi:FidgetySnatcher","Koishi:BramblyRoseGarden+1","Koishi:RacingHeart+1"],"relics":["Koishi:ImaginaryFriend","EVO:Axolotl","Replay:Multitool","Guide Book","hubris:DeckOfHolding","LetterFromLob","Molten Egg 2","Whetstone","Lantern","conspire:TreasureMap","Ancient Tea Set","aspiration:Lifesprig"],"acts_visited":["Exordium"],"potions_floor_usage":[6,11,11],"damage_taken":[{"damage":2,"enemies":"2 Louse","floor":1,"turns":4},{"damage":7,"enemies":"conspire:MimicChest","floor":4,"turns":8},{"damage":13,"enemies":"Lagavulin","floor":6,"turns":8},{"damage":10,"enemies":"Small Slimes","floor":7,"turns":5},{"damage":9,"enemies":"Gremlin Nob","floor":11,"turns":4},{"damage":0,"enemies":"Cultist","floor":14,"turns":4},{"damage":51,"enemies":"The Guardian","floor":16,"turns":10}],"seed_played":"-291288092347729461","potions_obtained":[{"floor":4,"key":"blueLaboratory:HorrorPotion"},{"floor":6,"key":"blueLaboratory:RecallPotion"},{"floor":7,"key":"Fire Potion"}],"is_trial":false,"path_per_floor":["M","?","?","?","$","E","M","$","T","R","E","?","R","M","R","B"],"character_chosen":"KOISHI","items_purchased":["Koishi:SubterraneanRose","Guide Book","HandOfGreed","Koishi:TremblingHands+1","Koishi:FidgetySnatcher","conspire:TreasureMap"],"campfire_rested":1,"item_purchase_floors":[0,0,0,5,8,8],"current_hp_per_floor":[32,21,21,18,18,10,3,3,3,21,20,40,40,46,46,0,0],"gold":135,"neow_bonus":"","is_daily":false,"chose_seed":false,"campfire_upgraded":1,"win_rate":0.0,"timestamp":1612750872,"path_taken":["M","?","?","?","$","E","?","$","T","R","E","?","R","M","R","BOSS"],"items_purchased_type":["Card","Relic","Card","Card","Card","Relic"],"build_version":"2020-12-22","purchased_purges":0,"victory":false,"max_hp_per_floor":[60,60,60,60,60,60,60,60,60,60,60,60,60,60,60,60,60],"card_choices":[{"not_picked":["Koishi:GeneticsOfTheUnconscious","Koishi:ApparitionsStalkTheNight"],"picked":"Koishi:JumpScare","floor":1},{"not_picked":["Koishi:UnconsciousUprising","Koishi:FleetingPhantom"],"picked":"Koishi:PhilosophyOfTheDespised","floor":4},{"not_picked":["Koishi:Prune+1","Koishi:Bloodlust"],"picked":"Koishi:Vanish","floor":6},{"not_picked":["Koishi:ParalyzingFear+1","Koishi:Heartbroken"],"picked":"Koishi:PredatoryInstincts","floor":7},{"not_picked":["Koishi:SpiritedAway+1","Koishi:DNAsFlaw"],"picked":"Koishi:BramblyRoseGarden","floor":11},{"not_picked":["Koishi:HeartfeltFancy","Koishi:ParalyzingFear+1"],"picked":"Koishi:RacingHeart+1","floor":14}],"player_experience":48319,"relics_obtained":[{"floor":1,"key":"LetterFromLob"},{"floor":4,"key":"Whetstone"},{"floor":6,"key":"Lantern"},{"floor":9,"key":"Ancient Tea Set"},{"floor":11,"key":"aspiration:Lifesprig"}],"event_choices":[{"damage_healed":0,"gold_gain":75,"player_choice":"Gold","damage_taken":11,"max_hp_gain":0,"max_hp_loss":0,"event_name":"betterThird:BetterGoop","floor":2,"gold_loss":0},{"damage_healed":20,"gold_gain":0,"player_choice":"Banana","damage_taken":0,"max_hp_gain":0,"max_hp_loss":0,"event_name":"Big Fish","floor":12,"gold_loss":0}],"is_beta":false,"boss_relics":[],"items_purged_floors":[],"is_endless":false,"potions_floor_spawned":[4,6,7],"killed_by":"The Guardian","ascension_level":0}}