{"host":"0r2yuz9akuqaukjg","time":1612785473,"event":{"mods":["2.2 Compatiblity","AchievementEnabler","BaseMod","Dota2Spire","Downfall","Friendly Minions","Hermit","HumanHunterMod(????mod)","Infinite Spire","Jorbs\u0027s Wanderer Trilogy","Lobotomy","LobotomyExtend","Minty Spire (QoL Compilation)","Reliquary","Replay The Spire","Spicy Shops","StSLib","The Bug Knight","The Construct","The Cursed","The Disciple","The Hierophant","The Jungle","The Marked","The Mystic","The Runesmith","The Servant 0.9.4","Trackpad"],"gold_per_floor":[114,114,114,128,144,171,171,186,186,205,205,17,35,50,50,150,150,166,166,179,189,239,239,257,268,268,268,345,359,371,371,371,371,371,466,466,477,487,487,487,487,487,499,499,526,526,538,538,568,582,582,582],"floor_reached":53,"language":"ENG","playtime":3477,"items_purged":[],"score":593,"play_id":"d3b6f3eb-cd93-44dc-841f-ac813ec8400c","local_time":"20210208055753","daily_mods":["SealedDeck","Specialized","Vintage","Colorless Cards"],"is_ascension_mode":false,"campfire_choices":[{"data":"Blind","floor":11,"key":"SMITH"},{"data":"Flex","floor":15,"key":"SMITH"},{"data":"Chrysalis","floor":23,"key":"SMITH"},{"data":"Replay:Undeath\u0027s Touch","floor":31,"key":"SMITH"},{"data":"Dark Embrace","floor":34,"key":"SMITH"},{"data":"Replay:Undeath\u0027s Touch","floor":42,"key":"SMITH"},{"floor":51,"key":"REST"}],"circlet_count":0,"master_deck":["Replay:Many Hands","Replay:Many Hands","Replay:Many Hands","Replay:Many Hands","Replay:Many Hands","Blind+1","Clash","Flex+1","Replay:Undeath\u0027s Touch+1","Replay:Undeath\u0027s Touch+1","Replay:Undeath\u0027s Touch+1","Clash+1","Replay:Undeath\u0027s Touch+1","Dark Embrace+1","Flex+1","Chrysalis+1","Pot Of Greed","Pot Of Greed","ReplayTheSpireMod:Chaos Vortex","Good Instincts+1"],"relics":["HollowMod:PaleOreRelic","reliquary:BallBearing","Red Skull","ReplayTheSpireMod:TigerMarble","Ornamental Fan","Whetstone","Replay:Kaleidoscope","CaptainsWheel","Replay:WaspNest","sneckomod:SneckoTalon","Dota2Spire:EyeOfSkadi","Dota2Spire:BladeMail","Runesmith:AutoHammer","Pocketwatch","Nunchaku","reliquary:TridentHead","Darkstone Periapt","reliquary:Crutches","trackpad:ToughGloves","Oddly Smooth Stone","ReplayTheSpireMod:DimensionalGlitch","Grinning Jar","bronze:BronzeIdol","NeowsBlessing","NeowsBlessing","Dota2Spire:AghanimScepter","reliquary:RedCape","Toy Ornithopter","Replay:Ringing Soul","NeowsBlessing","Dota2Spire:DivineRapier"],"acts_visited":["Exordium","theJungle:Jungle","TheBeyond"],"potions_floor_usage":[12,16,29,52,52,52],"damage_taken":[{"damage":16,"enemies":"Jaw Worm","floor":1,"turns":3},{"damage":7,"enemies":"2 Louse","floor":4,"turns":2},{"damage":0,"enemies":"Cultist","floor":5,"turns":1},{"damage":0,"enemies":"Lagavulin","floor":6,"turns":2},{"damage":0,"enemies":"3 Louse","floor":8,"turns":1},{"damage":0,"enemies":"Large Slime","floor":10,"turns":1},{"damage":0,"enemies":"Red Slaver","floor":13,"turns":1},{"damage":0,"enemies":"Looter","floor":14,"turns":1},{"damage":32,"enemies":"Hexaghost","floor":16,"turns":3},{"damage":0,"enemies":"theJungle:MUSHROOMGANG","floor":18,"turns":3},{"damage":0,"enemies":"theJungle:Flameango_and_Byrd","floor":20,"turns":1},{"damage":0,"enemies":"theJungle:2_Snecko_Cultists","floor":21,"turns":4},{"damage":6,"enemies":"theJungle:2_Flameangoes","floor":24,"turns":3},{"damage":0,"enemies":"theJungle:Lyon","floor":25,"turns":2},{"damage":26,"enemies":"Snake Plant","floor":29,"turns":2},{"damage":0,"enemies":"theJungle:2_Snecko_Cultists","floor":30,"turns":2},{"damage":7,"enemies":"theJungle:FunGuy","floor":35,"turns":4},{"damage":4,"enemies":"3 Shapes","floor":37,"turns":2},{"damage":21,"enemies":"Orb Walker","floor":38,"turns":4},{"damage":0,"enemies":"Transient","floor":43,"turns":1},{"damage":0,"enemies":"Writhing Mass","floor":47,"turns":1},{"damage":0,"enemies":"Reptomancer","floor":49,"turns":1},{"damage":2,"enemies":"Spire Growth","floor":50,"turns":1},{"damage":43,"enemies":"Awakened One","floor":52,"turns":6}],"seed_played":"649870730175939616","potions_obtained":[{"floor":4,"key":"BloodPotion"},{"floor":10,"key":"Dota2Spire:HealingSalve"},{"floor":14,"key":"AttackPotion"},{"floor":16,"key":"SteroidPotion"},{"floor":18,"key":"PowerPotion"},{"floor":20,"key":"Slimebound:ThreeZeroPotion"},{"floor":30,"key":"Guardian:BlockOnCardUsePotion"}],"is_trial":true,"path_per_floor":["M","?","WH","M","M","E","WH","M","T","M","R","$","M","M","R","B",null,"M","WH","M","M","?","R","M","M","PTL","PTL","T","M","M","R","WH","WH","R","B",null,"M","M","WH","WH","WH","R","M","WH","T","AVR","M","WH","E","M","R","B",null],"character_chosen":"IRONCLAD","items_purchased":["Dark Embrace","Flex","Fruit Juice"],"campfire_rested":1,"item_purchase_floors":[12,12,12],"current_hp_per_floor":[70,70,70,69,75,80,56,62,62,71,71,76,82,88,88,62,88,93,93,93,93,80,80,80,86,86,86,86,66,72,72,72,72,72,71,93,92,74,74,74,83,83,86,86,86,86,86,86,89,87,105,65],"gold":582,"neow_bonus":"THREE_ENEMY_KILL","is_daily":false,"chose_seed":false,"campfire_upgraded":6,"win_rate":0.0,"timestamp":1612785473,"path_taken":["M","?","WH","M","M","E","WH","M","T","M","R","$","M","M","R","BOSS","M","WH","M","M","?","R","M","M","PTL","PTL","T","?","M","R","WH","WH","R","BOSS","M","M","WH","WH","WH","R","M","WH","T","AVR","M","WH","E","M","R","BOSS"],"items_purchased_type":["Card","Card","Potion"],"build_version":"2020-12-22","purchased_purges":0,"victory":true,"max_hp_per_floor":[80,80,80,80,80,80,80,80,80,83,83,88,88,88,88,88,88,93,93,93,93,93,93,93,93,93,93,93,93,93,93,93,93,93,93,93,93,93,93,93,102,102,102,102,102,102,102,102,105,105,105,105],"card_choices":[{"not_picked":["Heavy Blade","Thunderclap","Demonic Infusion"],"picked":"SKIP","floor":6},{"not_picked":["Violence","Hemogenesis"],"picked":"Chrysalis","floor":16},{"not_picked":["Forethought+1","Pommel Strike"],"picked":"Good Instincts+1","floor":49}],"player_experience":72028,"relics_obtained":[{"floor":1,"key":"reliquary:FerryPass"},{"floor":4,"key":"reliquary:BallBearing"},{"floor":5,"key":"Red Skull"},{"floor":6,"key":"ReplayTheSpireMod:TigerMarble"},{"floor":8,"key":"Ornamental Fan"},{"floor":9,"key":"Whetstone"},{"floor":10,"key":"Replay:Kaleidoscope"},{"floor":13,"key":"CaptainsWheel"},{"floor":14,"key":"Replay:WaspNest"},{"floor":18,"key":"Dota2Spire:EyeOfSkadi"},{"floor":18,"key":"Dota2Spire:BladeMail"},{"floor":20,"key":"Runesmith:AutoHammer"},{"floor":21,"key":"Pocketwatch"},{"floor":24,"key":"Nunchaku"},{"floor":25,"key":"reliquary:TridentHead"},{"floor":28,"key":"Darkstone Periapt"},{"floor":29,"key":"reliquary:Crutches"},{"floor":30,"key":"trackpad:ToughGloves"},{"floor":37,"key":"Grinning Jar"},{"floor":38,"key":"bronze:BronzeIdol"},{"floor":43,"key":"Dota2Spire:AghanimScepter"},{"floor":45,"key":"Toy Ornithopter"},{"floor":47,"key":"Replay:Ringing Soul"},{"floor":50,"key":"Dota2Spire:DivineRapier"}],"event_choices":[],"is_beta":false,"boss_relics":[{"not_picked":["Replay:Drink Me","infinitespire:Cupcake"],"picked":"sneckomod:SneckoTalon"},{"not_picked":["Snecko Heart","Electric Blood"],"picked":"ReplayTheSpireMod:DimensionalGlitch"}],"items_purged_floors":[],"is_endless":false,"potions_floor_spawned":[4,10,14,16,18,20,30,47],"ascension_level":0}}