{"host":"vyjryxuuuxkt43k4","time":1612782815,"event":{"mods":["AchievementEnabler","BaseMod","Colored Map","DeckTracker","Keyboard Shortcuts","Minty Spire (QoL Compilation)","Permanent Neow","Quick Restart","StSLib","SuperFastMode","everything is the same but u backflip on backflip"],"gold_per_floor":[112,37,50,61,61,61,79,79,79,79,154,167,179,197,197,197,197],"floor_reached":16,"language":"KOR","playtime":552,"items_purged":["Strike_G"],"score":188,"play_id":"3bf0f0f2-316d-45bc-9e88-0dbc37378b8a","local_time":"20210208201335","is_ascension_mode":true,"campfire_choices":[{"data":"Noxious Fumes","floor":6,"key":"SMITH"},{"data":"Cloak And Dagger","floor":8,"key":"SMITH"},{"data":"Neutralize","floor":10,"key":"SMITH"},{"data":"Finisher","floor":15,"key":"SMITH"}],"circlet_count":0,"master_deck":["AscendersBane","Strike_G","Strike_G","Strike_G","Defend_G","Defend_G","Defend_G","Defend_G","Defend_G","Survivor","Neutralize+1","Master of Strategy","Cloak And Dagger+1","Accuracy","Noxious Fumes+1","Finisher+1","Dagger Spray","Reflex"],"relics":["Ring of the Snake","Dream Catcher"],"acts_visited":["Exordium"],"potions_floor_usage":[12,16,16],"damage_taken":[{"damage":4,"enemies":"Cultist","floor":1,"turns":5},{"damage":0,"enemies":"2 Louse","floor":3,"turns":3},{"damage":3,"enemies":"Small Slimes","floor":4,"turns":4},{"damage":0,"enemies":"Looter","floor":7,"turns":5},{"damage":0,"enemies":"Large Slime","floor":12,"turns":4},{"damage":9,"enemies":"Exordium Wildlife","floor":13,"turns":4},{"damage":0,"enemies":"Looter","floor":14,"turns":4},{"damage":40,"enemies":"Hexaghost","floor":16,"turns":9}],"seed_played":"5245771718937587834","potions_obtained":[{"floor":1,"key":"AttackPotion"},{"floor":7,"key":"DistilledChaos"},{"floor":14,"key":"Regen Potion"}],"is_trial":false,"path_per_floor":["M","$","M","M","?","R","M","R","T","R","?","M","M","M","R","B"],"character_chosen":"THE_SILENT","items_purchased":[],"campfire_rested":0,"item_purchase_floors":[],"current_hp_per_floor":[55,55,55,52,45,45,45,45,45,45,34,34,25,25,25,0,0],"gold":197,"neow_bonus":"RANDOM_COLORLESS_2","is_daily":false,"chose_seed":false,"campfire_upgraded":4,"win_rate":0.0,"timestamp":1612782815,"path_taken":["M","$","M","M","?","R","M","R","T","R","?","M","M","M","R","BOSS"],"items_purchased_type":[],"build_version":"2020-12-22","purchased_purges":1,"victory":false,"max_hp_per_floor":[60,60,60,60,60,60,60,60,60,60,60,60,60,60,60,60,60],"card_choices":[{"not_picked":["Secret Technique","Magnetism"],"picked":"Master of Strategy","floor":0},{"not_picked":["Underhanded Strike","Backflip"],"picked":"Cloak And Dagger","floor":1},{"not_picked":["Acrobatics","Flying Knee"],"picked":"Accuracy","floor":3},{"not_picked":["Underhanded Strike","Terror"],"picked":"Noxious Fumes","floor":4},{"not_picked":["PiercingWail","Deflect"],"picked":"Finisher","floor":7},{"not_picked":["Expertise","Slice"],"picked":"Dagger Spray","floor":12},{"not_picked":["Acrobatics","Infinite Blades","Slice"],"picked":"SKIP","floor":13},{"not_picked":["Cloak And Dagger","Infinite Blades"],"picked":"Reflex","floor":14}],"player_experience":842200,"relics_obtained":[{"floor":9,"key":"Dream Catcher"}],"event_choices":[{"cards_removed":["Strike_G"],"damage_healed":0,"gold_gain":0,"player_choice":"Card Removal","damage_taken":7,"max_hp_gain":0,"max_hp_loss":0,"event_name":"Golden Wing","floor":5,"gold_loss":0},{"damage_healed":0,"gold_gain":75,"player_choice":"Gather Gold","damage_taken":11,"max_hp_gain":0,"max_hp_loss":0,"event_name":"World of Goop","floor":11,"gold_loss":0}],"is_beta":false,"boss_relics":[],"items_purged_floors":[2],"is_endless":false,"potions_floor_spawned":[1,7,14],"killed_by":"Hexaghost","ascension_level":20}}