{"host":"sav7uxregyirlf69","time":1612765100,"event":{"mods":["AchievementEnabler","BaseMod","Colored Map","DeckTracker","Keyboard Shortcuts","Minty Spire (QoL Compilation)","READ ME - Guardian Mod","StSLib","SuperFastMode"],"gold_per_floor":[119,28,38,38,50,83,83,116,116,132,158,158,187,197,197,298,298,317,24,24,24,24],"floor_reached":21,"language":"KOR","playtime":421,"items_purged":["Strike_B"],"score":290,"play_id":"c29574dc-82dc-4ecd-88b8-cef17ad0e4fe","local_time":"20210208151820","daily_mods":["Heirloom"],"is_ascension_mode":true,"campfire_choices":[{"data":"Sunder","floor":7.0,"key":"SMITH"},{"data":"Dualcast","floor":12.0,"key":"SMITH"},{"data":"Fusion","floor":15,"key":"SMITH"}],"circlet_count":0,"master_deck":["Strike_B","Strike_B","Strike_B","Defend_B","Defend_B","Defend_B+1","Defend_B+1","Zap","Dualcast+1","Sunder+1","Self Repair","Ball Lightning","Cold Snap","Rainbow","Compile Driver","Turbo","Undo","Fusion+1","Loop","Buffer","Cold Snap","Coolheaded"],"relics":["Cracked Core","Gambling Chip","War Paint","Regal Pillow","Potion Belt","Smiling Mask","Nuclear Battery","Pantograph"],"acts_visited":["Exordium","TheCity"],"potions_floor_usage":[21],"damage_taken":[{"damage":0.0,"enemies":"Cultist","floor":1.0,"turns":4.0},{"damage":0.0,"enemies":"Small Slimes","floor":3.0,"turns":2.0},{"damage":2.0,"enemies":"Jaw Worm","floor":5.0,"turns":2.0},{"damage":21.0,"enemies":"3 Sentries","floor":6.0,"turns":7.0},{"damage":11.0,"enemies":"Lagavulin","floor":8.0,"turns":6.0},{"damage":8.0,"enemies":"Large Slime","floor":10.0,"turns":5.0},{"damage":16.0,"enemies":"Gremlin Nob","floor":11.0,"turns":3.0},{"damage":0.0,"enemies":"3 Sentries","floor":13.0,"turns":6.0},{"damage":4,"enemies":"Red Slaver","floor":14,"turns":2},{"damage":33,"enemies":"Hexaghost","floor":16,"turns":10},{"damage":20,"enemies":"Shell Parasite","floor":18,"turns":4},{"damage":48,"enemies":"Masked Bandits","floor":21,"turns":3}],"seed_played":"3348311781338457210","potions_obtained":[{"floor":1.0,"key":"DuplicationPotion"},{"floor":5.0,"key":"SteroidPotion"},{"floor":14,"key":"SkillPotion"},{"floor":18,"key":"EssenceOfDarkness"}],"is_trial":true,"path_per_floor":["M","$","M","?","M","E","R","E","T","M","E","R","E","M","R","B",null,"M","$","?","?"],"character_chosen":"DEFECT","items_purchased":["Self Repair","Ball Lightning","Pantograph"],"campfire_rested":0,"item_purchase_floors":[2,2,19],"current_hp_per_floor":[75,75,75,75,73,59,59,55,55,54,38,38,45,41,41,15,60,47,47,47,0,0],"gold":24,"neow_bonus":"","is_daily":false,"chose_seed":false,"campfire_upgraded":3,"win_rate":0.0,"timestamp":1612765100,"path_taken":["M","?","M","?","?","E","R","E","T","M","E","R","E","M","R","BOSS","M","$","?","?"],"items_purchased_type":["Card","Card","Relic"],"build_version":"2020-12-22","purchased_purges":1,"victory":false,"max_hp_per_floor":[75,75,75,75,75,75,75,75,75,75,75,75,75,75,75,75,75,75,75,75,75,75],"card_choices":[{"not_picked":["Sweeping Beam","Doom and Gloom"],"picked":"Sunder","floor":1.0},{"not_picked":["Double Energy","Sweeping Beam"],"picked":"Cold Snap","floor":3.0},{"not_picked":["Conserve Battery","Reprogram","Skim"],"picked":"SKIP","floor":5.0},{"not_picked":["Machine Learning","Redo"],"picked":"Rainbow","floor":6.0},{"not_picked":["Gash","White Noise"],"picked":"Compile Driver","floor":8.0},{"not_picked":["Genetic Algorithm","White Noise"],"picked":"Turbo","floor":10.0},{"not_picked":["Reprogram","Melter"],"picked":"Undo","floor":11.0},{"not_picked":["Scrape","Beam Cell"],"picked":"Fusion","floor":13},{"not_picked":["Streamline","Steam Power"],"picked":"Loop","floor":14},{"not_picked":["All For One","Machine Learning"],"picked":"Buffer","floor":16},{"not_picked":["Consume","Go for the Eyes"],"picked":"Cold Snap","floor":18}],"player_experience":1520375,"relics_obtained":[{"floor":4.0,"key":"War Paint"},{"floor":8.0,"key":"Regal Pillow"},{"floor":9.0,"key":"Potion Belt"},{"floor":11.0,"key":"Smiling Mask"}],"event_choices":[{"damage_healed":0.0,"max_hp_gain":0.0,"max_hp_loss":0.0,"gold_gain":0.0,"event_name":"Wheel of Change","player_choice":"Relic","floor":4.0,"gold_loss":0.0,"damage_taken":0.0},{"damage_healed":0,"gold_gain":0,"player_choice":"Read","damage_taken":0,"max_hp_gain":0,"max_hp_loss":0,"event_name":"The Library","floor":20,"gold_loss":0,"cards_obtained":["Coolheaded"]},{"damage_healed":0,"gold_gain":0,"player_choice":"Fought Bandits","damage_taken":0,"max_hp_gain":0,"max_hp_loss":0,"event_name":"Masked Bandits","floor":21,"gold_loss":0}],"is_beta":false,"boss_relics":[{"not_picked":["Empty Cage","Runic Dome"],"picked":"Nuclear Battery"}],"items_purged_floors":[19],"is_endless":false,"potions_floor_spawned":[1,5,14,18],"killed_by":"Masked Bandits","ascension_level":5}}