{"host":"md0dejzd6k70gl1f","time":1612815699,"event":{"mods":["BaseMod","Bestiary","Minty Spire (QoL Compilation)","Quick Restart"],"gold_per_floor":[111,124,124,137,17,47,47,78,78,98,112,130,130,130,130,249,249,249,249,249,21,21,21,21,21,21,21,21,21,21,21,21,21,21],"floor_reached":33,"language":"ENG","playtime":898,"items_purged":["Zap","Dualcast"],"score":532,"play_id":"f15df249-70fc-485c-b994-3a9a5e85df9e","local_time":"20210208212139","is_ascension_mode":true,"campfire_choices":[{"data":"Beam Cell","floor":7.0,"key":"SMITH"},{"data":"Reprogram","floor":13.0,"key":"SMITH"},{"data":"Auto Shields","floor":15.0,"key":"SMITH"},{"floor":23.0,"key":"REST"},{"data":"Seek","floor":28,"key":"SMITH"},{"data":"Sunder","floor":30,"key":"SMITH"},{"data":"Sunder","floor":32,"key":"SMITH"}],"circlet_count":0,"master_deck":["AscendersBane","Strike_B","Strike_B","Strike_B","Defend_B","Defend_B","Defend_B","Defend_B","Gash","Auto Shields+1","Cold Snap","Beam Cell+1","Rebound","Seek+1","Sweeping Beam","Reprogram+1","Streamline","Beam Cell+1","Rebound+1","Sunder+1","RitualDagger","Steam+1","Sunder+1"],"relics":["Cracked Core","Regal Pillow","Bird Faced Urn","Gremlin Horn","Darkstone Periapt","Golden Idol","Ectoplasm","MutagenicStrength","DataDisk","Vajra","Enchiridion","Sundial","Bag of Preparation"],"acts_visited":["Exordium","TheCity"],"potions_floor_usage":[29],"damage_taken":[{"damage":1.0,"enemies":"Cultist","floor":1.0,"turns":3.0},{"damage":0.0,"enemies":"2 Louse","floor":2.0,"turns":2.0},{"damage":0.0,"enemies":"Small Slimes","floor":4.0,"turns":4.0},{"damage":19.0,"enemies":"3 Sentries","floor":6.0,"turns":14.0},{"damage":13.0,"enemies":"Lagavulin","floor":8.0,"turns":5.0},{"damage":0.0,"enemies":"Exordium Wildlife","floor":10.0,"turns":3.0},{"damage":6.0,"enemies":"Large Slime","floor":11.0,"turns":5.0},{"damage":2.0,"enemies":"Looter","floor":12.0,"turns":3.0},{"damage":24.0,"enemies":"The Guardian","floor":16.0,"turns":10.0},{"damage":10.0,"enemies":"Spheric Guardian","floor":18.0,"turns":4.0},{"damage":4.0,"enemies":"3 Byrds","floor":19.0,"turns":5.0},{"damage":0,"enemies":"Gremlin Leader","floor":24,"turns":4},{"damage":12,"enemies":"Cultist and Chosen","floor":25,"turns":5},{"damage":0,"enemies":"Slavers","floor":29,"turns":1},{"damage":65,"enemies":"Automaton","floor":33,"turns":6}],"seed_played":"5347049917393733603","potions_obtained":[{"floor":2.0,"key":"CultistPotion"},{"floor":4.0,"key":"EntropicBrew"},{"floor":16.0,"key":"Energy Potion"},{"floor":29,"key":"SmokeBomb"}],"is_trial":false,"path_per_floor":["M","M","?","M","$","E","R","E","T","M","M","M","R","?","R","B",null,"M","M","?","$","?","R","E","M","T","?","R","E","R","T","R","B"],"character_chosen":"DEFECT","items_purchased":["Beam Cell","Sunder","AttackPotion"],"campfire_rested":1,"item_purchase_floors":[5,21,21],"current_hp_per_floor":[67,67,67,67,67,48,48,35,35,35,29,27,27,27,27,3,53,43,39,39,39,33,68,68,56,56,40,40,42,42,42,42,0,0],"gold":21,"neow_bonus":"RANDOM_COMMON_RELIC","is_daily":false,"chose_seed":false,"campfire_upgraded":6,"win_rate":0.0,"timestamp":1612815699,"path_taken":["M","?","?","M","?","E","R","E","T","?","M","M","R","?","R","BOSS","M","M","?","$","?","R","E","M","T","?","R","E","R","?","R","BOSS"],"items_purchased_type":["Card","Card","Potion"],"build_version":"2020-12-22","purchased_purges":2,"victory":false,"max_hp_per_floor":[75,75,75,75,75,75,75,75,75,75,75,75,75,69,69,69,69,69,69,69,69,69,69,69,69,69,69,69,69,69,69,69,69,69],"card_choices":[{"not_picked":["Coolheaded","Conserve Battery"],"picked":"Gash","floor":1.0},{"not_picked":["Coolheaded","Force Field"],"picked":"Auto Shields","floor":2.0},{"not_picked":["Force Field","Turbo"],"picked":"Cold Snap","floor":4.0},{"not_picked":["Turbo","Heatsinks"],"picked":"Rebound","floor":6.0},{"not_picked":["Hello World","Rebound"],"picked":"Seek","floor":8.0},{"not_picked":["Reinforced Body","Redo"],"picked":"Sweeping Beam","floor":10.0},{"not_picked":["Stack","Redo"],"picked":"Reprogram","floor":11.0},{"not_picked":["White Noise","Beam Cell"],"picked":"Streamline","floor":12.0},{"not_picked":["Stack+1","Storm+1"],"picked":"Beam Cell+1","floor":18.0},{"not_picked":["Conserve Battery","Loop"],"picked":"Rebound+1","floor":19.0},{"not_picked":["Redo","Turbo+1"],"picked":"Steam+1","floor":24},{"not_picked":["Defragment","Tempest"],"picked":"Sunder","floor":25},{"not_picked":["Coolheaded","Barrage+1","Double Energy"],"picked":"SKIP","floor":29}],"player_experience":499648,"relics_obtained":[{"floor":6.0,"key":"Bird Faced Urn"},{"floor":8.0,"key":"Gremlin Horn"},{"floor":9.0,"key":"Darkstone Periapt"},{"floor":24,"key":"DataDisk"},{"floor":26,"key":"Vajra"},{"floor":27,"key":"Enchiridion"},{"floor":29,"key":"Sundial"},{"floor":31,"key":"Bag of Preparation"}],"event_choices":[{"cards_removed":["Strike_B"],"damage_healed":0.0,"max_hp_gain":0.0,"max_hp_loss":0.0,"gold_gain":0.0,"event_name":"Purifier","player_choice":"Purged","floor":3.0,"gold_loss":0.0,"damage_taken":0.0},{"damage_healed":0.0,"max_hp_gain":0.0,"max_hp_loss":6.0,"gold_gain":0.0,"event_name":"Golden Idol","player_choice":"Lose Max HP","floor":14.0,"gold_loss":0.0,"damage_taken":0.0,"relics_obtained":["Golden Idol"]},{"damage_healed":0.0,"max_hp_gain":0.0,"max_hp_loss":0.0,"gold_gain":0.0,"event_name":"Drug Dealer","player_choice":"Inject Mutagens","floor":20.0,"gold_loss":0.0,"damage_taken":0.0,"relics_obtained":["MutagenicStrength"]},{"damage_healed":0.0,"max_hp_gain":0.0,"max_hp_loss":0.0,"gold_gain":0.0,"event_name":"Nest","player_choice":"Joined the Cult","floor":22.0,"gold_loss":0.0,"damage_taken":6.0,"cards_obtained":["RitualDagger"]},{"damage_healed":0,"gold_gain":0,"player_choice":"Obtained Book","damage_taken":16,"max_hp_gain":0,"max_hp_loss":0,"event_name":"Cursed Tome","floor":27,"gold_loss":0}],"is_beta":false,"boss_relics":[{"not_picked":["Pandora\u0027s Box","Coffee Dripper"],"picked":"Ectoplasm"}],"items_purged_floors":[5,21],"is_endless":false,"potions_floor_spawned":[2,4,6,16,24,29],"killed_by":"Automaton","ascension_level":11}}