{"host":"3jpcvpprzj9sjffh","time":1612791891,"event":{"mods":["AchievementEnabler","BaseMod","Colored Map","Minty Spire (QoL Compilation)","Rare Cards Sparkle","SuperFastMode","everything is the same but u backflip on backflip"],"gold_per_floor":[115,115,115,135,148,177,177,196,196,196,214,314,332,364,364,364,364],"floor_reached":16,"language":"KOR","playtime":420,"items_purged":[],"score":112,"play_id":"f310a5b3-f79e-4010-85bf-7de78a6fe36c","local_time":"20210208224451","is_ascension_mode":false,"campfire_choices":[{"data":"Second Wind","floor":7,"key":"SMITH"},{"data":"Heavy Blade","floor":10,"key":"SMITH"},{"floor":15,"key":"REST"}],"circlet_count":0,"master_deck":["Strike_R","Strike_R","Strike_R","Defend_R","Defend_R","Defend_R","Defend_R","Bash","Twin Strike","Burning Pact","Wild Strike","Second Wind+1","Anger","Heavy Blade+1","Flex+1","Armaments+1","Rampage"],"relics":["Burning Blood","NeowsBlessing","Toxic Egg 2","White Beast Statue","Darkstone Periapt"],"acts_visited":["Exordium"],"potions_floor_usage":[6,6,14,16],"damage_taken":[{"damage":0,"enemies":"Small Slimes","floor":1,"turns":1},{"damage":0,"enemies":"Cultist","floor":4,"turns":1},{"damage":0,"enemies":"Jaw Worm","floor":5,"turns":1},{"damage":40,"enemies":"Lagavulin","floor":6,"turns":8},{"damage":0,"enemies":"Exordium Wildlife","floor":8,"turns":2},{"damage":12,"enemies":"Exordium Thugs","floor":11,"turns":5},{"damage":3,"enemies":"Looter","floor":13,"turns":3},{"damage":24,"enemies":"Gremlin Nob","floor":14,"turns":4},{"damage":59,"enemies":"Hexaghost","floor":16,"turns":11}],"seed_played":"377179657795488544","potions_obtained":[{"floor":1,"key":"Block Potion"},{"floor":5,"key":"Strength Potion"},{"floor":11,"key":"SpeedPotion"},{"floor":13,"key":"DistilledChaos"},{"floor":14,"key":"SpeedPotion"}],"is_trial":false,"path_per_floor":["M","?","?","M","M","E","R","M","T","R","M","?","M","E","R","B"],"character_chosen":"IRONCLAD","items_purchased":[],"campfire_rested":1,"item_purchase_floors":[],"current_hp_per_floor":[80,80,80,80,80,46,46,52,52,52,46,46,49,31,55,0,0],"gold":364,"neow_bonus":"THREE_ENEMY_KILL","is_daily":false,"chose_seed":false,"campfire_upgraded":2,"win_rate":0.0,"timestamp":1612791891,"path_taken":["M","?","?","M","?","E","R","M","T","R","M","?","M","E","R","BOSS"],"items_purchased_type":[],"build_version":"2020-12-22","purchased_purges":0,"victory":false,"max_hp_per_floor":[80,80,80,80,80,80,80,80,80,80,80,80,80,80,80,80,80],"card_choices":[{"not_picked":["Metallicize","Battle Trance"],"picked":"Twin Strike","floor":1},{"not_picked":["Havoc","Clothesline"],"picked":"Wild Strike","floor":4},{"not_picked":["Warcry","Anger"],"picked":"Second Wind","floor":5},{"not_picked":["Sever Soul","Sword Boomerang"],"picked":"Anger","floor":6},{"not_picked":["Sever Soul","Second Wind+1"],"picked":"Heavy Blade","floor":8},{"not_picked":["True Grit+1","Armaments+1"],"picked":"Flex+1","floor":11},{"not_picked":["Sword Boomerang","Havoc+1"],"picked":"Armaments+1","floor":13},{"not_picked":["Blood for Blood","Flex+1"],"picked":"Rampage","floor":14}],"player_experience":311037,"relics_obtained":[{"floor":6,"key":"Toxic Egg 2"},{"floor":9,"key":"White Beast Statue"},{"floor":14,"key":"Darkstone Periapt"}],"event_choices":[{"damage_healed":0,"gold_gain":0,"cards_transformed":["Strike_R"],"player_choice":"Change","damage_taken":0,"max_hp_gain":0,"max_hp_loss":0,"event_name":"Living Wall","floor":2,"gold_loss":0,"cards_obtained":["Burning Pact"]},{"cards_removed":["Strike_R"],"damage_healed":0,"gold_gain":0,"player_choice":"Purged","damage_taken":0,"max_hp_gain":0,"max_hp_loss":0,"event_name":"Purifier","floor":3,"gold_loss":0},{"damage_healed":0,"gold_gain":100,"player_choice":"Pray","damage_taken":0,"max_hp_gain":0,"max_hp_loss":0,"event_name":"Golden Shrine","floor":12,"gold_loss":0}],"is_beta":false,"boss_relics":[],"items_purged_floors":[],"is_endless":false,"potions_floor_spawned":[1,5,11,13,14],"killed_by":"Hexaghost","ascension_level":0}}