{"host":"85rg8sallz0lemh6","time":1612771406,"event":{"mods":["BaseMod","Bestiary","Colored Powertips","Highlight Path","Minty Spire (QoL Compilation)","Quick Restart"],"gold_per_floor":[119,119,119,119,119,160,160,205,286,331,356,399,426,610,610,730,730,745,526,539,548,572,572,572,572],"floor_reached":24,"language":"ENG","playtime":665,"items_purged":[],"score":299,"play_id":"f259fc97-6c8d-488d-8c6b-c30dd6e0d7de","local_time":"20210208020326","is_ascension_mode":true,"campfire_choices":[{"data":"Zap","floor":7,"key":"SMITH"},{"data":"Doom and Gloom","floor":15,"key":"SMITH"},{"data":"Beam Cell","floor":23,"key":"SMITH"}],"circlet_count":0,"master_deck":["Strike_B","Strike_B","Strike_B","Defend_B","Defend_B","Defend_B","Defend_B","Zap+1","Dualcast+1","Ball Lightning","Conserve Battery+1","Glacier","Auto Shields+1","Echo Form","Doom and Gloom+1","Doubt","Capacitor","Ball Lightning","Beam Cell+1"],"relics":["Cracked Core","CeramicFish","Golden Idol","Tiny Chest","InkBottle","Mercury Hourglass","Bag of Preparation","Vajra","SacredBark","War Paint"],"acts_visited":["Exordium","TheCity"],"potions_floor_usage":[12,20],"damage_taken":[{"damage":9,"enemies":"Jaw Worm","floor":1,"turns":4},{"damage":11,"enemies":"Lagavulin","floor":6,"turns":5},{"damage":3,"enemies":"Gremlin Nob","floor":8,"turns":3},{"damage":14,"enemies":"Lagavulin","floor":10,"turns":5},{"damage":1,"enemies":"Small Slimes","floor":11,"turns":2},{"damage":3,"enemies":"Gremlin Nob","floor":12,"turns":3},{"damage":0,"enemies":"Cultist","floor":13,"turns":3},{"damage":0,"enemies":"Hexaghost","floor":16,"turns":9},{"damage":6,"enemies":"Chosen","floor":18,"turns":5},{"damage":0,"enemies":"3 Byrds","floor":20,"turns":5},{"damage":43,"enemies":"Shelled Parasite and Fungi","floor":22,"turns":8},{"damage":14,"enemies":"Book of Stabbing","floor":24,"turns":4}],"seed_played":"-4333470593001140153","potions_obtained":[{"floor":6,"key":"Swift Potion"},{"floor":8,"key":"EssenceOfDarkness"},{"floor":13,"key":"Block Potion"},{"floor":20,"key":"SmokeBomb"},{"floor":22,"key":"Strength Potion"}],"is_trial":false,"path_per_floor":["M","?","?","?","$","E","R","E","T","E","M","E","M","?","R","B",null,"M","$","M","?","M","R","E"],"character_chosen":"DEFECT","items_purchased":["Capacitor","War Paint","Ball Lightning"],"campfire_rested":0,"item_purchase_floors":[19,19,19],"current_hp_per_floor":[66,66,66,66,66,55,55,52,52,38,37,34,34,34,34,34,69,63,63,63,63,20,20,6,6],"gold":572,"neow_bonus":"RANDOM_COMMON_RELIC","is_daily":false,"chose_seed":false,"campfire_upgraded":3,"win_rate":0.0,"timestamp":1612771406,"path_taken":["M","?","?","?","?","E","R","E","T","E","M","E","M","?","R","BOSS","M","$","M","?","?","R","E"],"items_purchased_type":["Card","Relic","Card"],"build_version":"2020-12-22","purchased_purges":0,"victory":false,"max_hp_per_floor":[75,75,69,69,69,69,69,69,69,69,69,69,69,69,69,69,69,69,69,69,69,69,69,69,69],"card_choices":[{"not_picked":["Consume","Sunder"],"picked":"Ball Lightning","floor":1},{"not_picked":["Stack","FTL","Barrage"],"picked":"SKIP","floor":6},{"not_picked":["Hologram","Sweeping Beam"],"picked":"Conserve Battery","floor":8},{"not_picked":["Consume","Beam Cell"],"picked":"Glacier","floor":10},{"not_picked":["Double Energy","Gash"],"picked":"Auto Shields","floor":11},{"not_picked":["Steam","Fusion"],"picked":"Echo Form","floor":12},{"not_picked":["Redo","Gash"],"picked":"Doom and Gloom","floor":13},{"not_picked":["Hello World","Streamline+1","Sweeping Beam"],"picked":"SKIP","floor":18},{"not_picked":["Barrage","Gash","Rebound+1"],"picked":"SKIP","floor":20},{"not_picked":["Steam","Sweeping Beam","Go for the Eyes+1"],"picked":"SKIP","floor":22}],"player_experience":80603,"relics_obtained":[{"floor":6,"key":"Tiny Chest"},{"floor":8,"key":"InkBottle"},{"floor":9,"key":"Mercury Hourglass"},{"floor":10,"key":"Bag of Preparation"},{"floor":12,"key":"Vajra"}],"event_choices":[{"damage_healed":0,"gold_gain":0,"player_choice":"Ignored","damage_taken":0,"max_hp_gain":0,"max_hp_loss":0,"event_name":"Golden Wing","floor":2,"gold_loss":0},{"damage_healed":0,"gold_gain":0,"player_choice":"Lose Max HP","damage_taken":0,"relics_obtained":["Golden Idol"],"max_hp_gain":0,"max_hp_loss":6,"event_name":"Golden Idol","floor":3,"gold_loss":0},{"damage_healed":0,"gold_gain":0,"player_choice":"Grow","damage_taken":0,"max_hp_gain":0,"max_hp_loss":0,"event_name":"Living Wall","floor":4,"gold_loss":0,"cards_upgraded":["Dualcast"]},{"damage_healed":0,"gold_gain":175,"player_choice":"AGREE","damage_taken":0,"max_hp_gain":0,"max_hp_loss":0,"event_name":"Liars Game","floor":14,"gold_loss":0,"cards_obtained":["Doubt"]},{"damage_healed":0,"gold_gain":0,"cards_transformed":["Strike_B"],"player_choice":"Transformed","damage_taken":0,"max_hp_gain":0,"max_hp_loss":0,"event_name":"Transmorgrifier","floor":21,"gold_loss":0,"cards_obtained":["Beam Cell"]}],"is_beta":false,"boss_relics":[{"not_picked":["Tiny House","Snecko Eye"],"picked":"SacredBark"}],"items_purged_floors":[],"is_endless":false,"potions_floor_spawned":[6,8,13,20,22],"killed_by":"Book of Stabbing","ascension_level":2}}