{"host":"q0qnzbgdx8oqogg9","time":1612826606,"event":{"mods":["BaseMod","Minty Spire (QoL Compilation)","StSLib"],"gold_per_floor":[117,137,153,228,246,246,21,50,50,85,45,45,45,75,75,173,173,188,28,39,39,39],"floor_reached":21,"language":"ENG","playtime":803,"items_purged":["Strike_B"],"score":299,"play_id":"15f28009-1970-4e31-8c6d-a295c878f1ed","local_time":"20210208182326","is_ascension_mode":true,"campfire_choices":[{"data":"Doom and Gloom","floor":6,"key":"SMITH"},{"floor":13,"key":"REST"},{"floor":15,"key":"REST"}],"circlet_count":0,"master_deck":["AscendersBane","Strike_B","Strike_B","Strike_B","Defend_B","Defend_B","Defend_B","Defend_B","Zap","Dualcast","Core Surge","Doom and Gloom+1","Cold Snap","Beam Cell","Self Repair","Steam","Static Discharge","Auto Shields","Loop","White Noise","Echo Form","Sweeping Beam","Creative AI"],"relics":["Cracked Core","Potion Belt","Mummified Hand","Question Card","Odd Mushroom","Busted Crown"],"acts_visited":["Exordium","TheCity"],"potions_floor_usage":[3,8,8],"damage_taken":[{"damage":0,"enemies":"Small Slimes","floor":1,"turns":3},{"damage":7,"enemies":"Jaw Worm","floor":2,"turns":3},{"damage":0,"enemies":"2 Louse","floor":3,"turns":2},{"damage":0,"enemies":"2 Fungi Beasts","floor":5,"turns":3},{"damage":8,"enemies":"3 Sentries","floor":8,"turns":4},{"damage":23,"enemies":"Lagavulin","floor":10,"turns":6},{"damage":15,"enemies":"The Mushroom Lair","floor":14,"turns":4},{"damage":48,"enemies":"The Guardian","floor":16,"turns":14},{"damage":2,"enemies":"Chosen","floor":18,"turns":4},{"damage":17,"enemies":"2 Thieves","floor":20,"turns":4},{"damage":70,"enemies":"Masked Bandits","floor":21,"turns":3}],"seed_played":"-8119540408151852671","potions_obtained":[{"floor":1,"key":"Dexterity Potion"},{"floor":2,"key":"CultistPotion"},{"floor":3,"key":"Fruit Juice"}],"is_trial":false,"path_per_floor":["M","M","M","?","M","R","$","E","T","E","$","?","R","?","R","B",null,"M","$","M","?"],"character_chosen":"DEFECT","items_purchased":["Self Repair","Steam","AttackPotion","Loop","Creative AI"],"campfire_rested":2,"item_purchase_floors":[7,7,7,11,19],"current_hp_per_floor":[50,43,48,37,37,37,37,36,36,20,20,13,37,29,53,12,63,75,75,65,0,0],"gold":39,"neow_bonus":"THREE_RARE_CARDS","is_daily":false,"chose_seed":false,"campfire_upgraded":1,"win_rate":0.0,"timestamp":1612826606,"path_taken":["M","M","M","?","M","R","$","E","T","E","$","?","R","?","R","BOSS","M","$","M","?"],"items_purchased_type":["Card","Card","Potion","Card","Card"],"build_version":"2020-12-22","purchased_purges":1,"victory":false,"max_hp_per_floor":[75,75,80,80,80,80,80,80,80,80,80,80,80,80,80,80,80,80,80,80,80,80],"card_choices":[{"not_picked":["Meteor Strike","Thunder Strike"],"picked":"Core Surge","floor":0},{"not_picked":["Recycle","Beam Cell"],"picked":"Doom and Gloom","floor":1},{"not_picked":["Hologram","Scrape"],"picked":"Cold Snap","floor":2},{"not_picked":["Cold Snap","Scrape"],"picked":"Beam Cell","floor":3},{"not_picked":["Reprogram","Barrage","Ball Lightning"],"picked":"SKIP","floor":5},{"not_picked":["Leap","Aggregate"],"picked":"Static Discharge","floor":8},{"not_picked":["Leap","Hologram"],"picked":"Auto Shields","floor":10},{"not_picked":["Tempest","BootSequence","Static Discharge"],"picked":"White Noise","floor":14},{"not_picked":["Rainbow","Fission","All For One"],"picked":"Echo Form","floor":16},{"not_picked":["Chaos"],"picked":"Sweeping Beam","floor":18},{"not_picked":["Chaos+1","Redo"],"picked":"SKIP","floor":20}],"player_experience":345300,"relics_obtained":[{"floor":8,"key":"Potion Belt"},{"floor":9,"key":"Mummified Hand"},{"floor":14,"key":"Odd Mushroom"}],"event_choices":[{"damage_healed":0,"gold_gain":75,"player_choice":"Gather Gold","damage_taken":11,"max_hp_gain":0,"max_hp_loss":0,"event_name":"World of Goop","floor":4,"gold_loss":0},{"damage_healed":0,"gold_gain":0,"player_choice":"Success","damage_taken":7,"relics_obtained":["Question Card"],"max_hp_gain":0,"max_hp_loss":0,"event_name":"Scrap Ooze","floor":12,"gold_loss":0},{"damage_healed":0,"gold_gain":0,"player_choice":"Fought Mushrooms","damage_taken":0,"max_hp_gain":0,"max_hp_loss":0,"event_name":"Mushrooms","floor":14,"gold_loss":0},{"damage_healed":0,"gold_gain":0,"player_choice":"Fought Bandits","damage_taken":0,"max_hp_gain":0,"max_hp_loss":0,"event_name":"Masked Bandits","floor":21,"gold_loss":0}],"is_beta":false,"boss_relics":[{"not_picked":["Empty Cage","Runic Dome"],"picked":"Busted Crown"}],"items_purged_floors":[7],"is_endless":false,"potions_floor_spawned":[1,2,3],"killed_by":"Masked Bandits","ascension_level":12}}