{"host":"fff5e1uasnm04x18","time":1612820328,"event":{"mods":["BaseMod","Highlight Path","Minty Spire (QoL Compilation)","StSLib"],"gold_per_floor":[18,29,29,49,49,49,49,49,49,49,81,81,106,118,118,118,118],"floor_reached":16,"language":"ENG","playtime":472,"items_purged":[],"score":119,"play_id":"43fcf7f5-be05-4ab7-b219-7ca4b12e1fa5","local_time":"20210208163848","is_ascension_mode":true,"campfire_choices":[{"floor":6,"key":"REST"},{"floor":8,"key":"REST"},{"floor":10,"key":"REST"},{"floor":15,"key":"REST"}],"circlet_count":0,"master_deck":["Strike_B","Strike_B","Strike_B","Strike_B","Defend_B","Defend_B","Defend_B","Defend_B","Zap","Dualcast","Amplify","Loop","Heatsinks"],"relics":["Cracked Core","Dream Catcher","PreservedInsect","Pear","Bronze Scales"],"acts_visited":["Exordium"],"potions_floor_usage":[16],"damage_taken":[{"damage":0,"enemies":"2 Louse","floor":1,"turns":3},{"damage":0,"enemies":"Cultist","floor":2,"turns":4},{"damage":0,"enemies":"Small Slimes","floor":4,"turns":3},{"damage":29,"enemies":"3 Sentries","floor":11,"turns":8},{"damage":24,"enemies":"Gremlin Nob","floor":13,"turns":4},{"damage":8,"enemies":"Blue Slaver","floor":14,"turns":3},{"damage":63,"enemies":"Hexaghost","floor":16,"turns":9}],"seed_played":"-7555835096962562381","potions_obtained":[{"floor":1,"key":"LiquidBronze"},{"floor":2,"key":"DuplicationPotion"},{"floor":13,"key":"Regen Potion"}],"is_trial":false,"path_per_floor":["M","M","$","M","?","R","$","R","T","R","E","?","E","M","R","B"],"character_chosen":"DEFECT","items_purchased":[],"campfire_rested":4,"item_purchase_floors":[],"current_hp_per_floor":[75,75,75,75,75,75,75,75,75,75,56,53,29,21,46,0,0],"gold":118,"neow_bonus":"THREE_RARE_CARDS","is_daily":false,"chose_seed":false,"campfire_upgraded":0,"win_rate":0.0,"timestamp":1612820328,"path_taken":["M","M","$","M","?","R","?","R","T","R","E","?","E","M","R","BOSS"],"items_purchased_type":[],"build_version":"2020-12-22","purchased_purges":0,"victory":false,"max_hp_per_floor":[75,75,75,75,75,75,75,75,75,75,85,85,85,85,85,85,85],"card_choices":[{"not_picked":["Hyperbeam","Fission"],"picked":"Amplify","floor":0},{"not_picked":["Reinforced Body","Hello World","Turbo"],"picked":"SKIP","floor":1},{"not_picked":["Steam","Beam Cell","Rebound"],"picked":"SKIP","floor":2},{"not_picked":["Cold Snap","Leap","Chaos"],"picked":"SKIP","floor":4},{"not_picked":["Compile Driver","Glacier"],"picked":"Loop","floor":11},{"not_picked":["Hologram","Reinforced Body","Rip and Tear"],"picked":"SKIP","floor":13},{"not_picked":["Conserve Battery","Gash","Doom and Gloom"],"picked":"SKIP","floor":14},{"not_picked":["Stack","Gash"],"picked":"Heatsinks","floor":15}],"player_experience":517263,"relics_obtained":[{"floor":9,"key":"PreservedInsect"},{"floor":11,"key":"Pear"},{"floor":13,"key":"Bronze Scales"}],"event_choices":[{"damage_healed":0,"gold_gain":0,"player_choice":"Gave Potion","damage_taken":0,"relics_obtained":["Dream Catcher"],"max_hp_gain":0,"max_hp_loss":0,"event_name":"WeMeetAgain","floor":5,"gold_loss":0},{"damage_healed":0,"gold_gain":0,"player_choice":"Fled","damage_taken":3,"max_hp_gain":0,"max_hp_loss":0,"event_name":"Scrap Ooze","floor":12,"gold_loss":0}],"is_beta":false,"boss_relics":[],"items_purged_floors":[],"is_endless":false,"potions_floor_spawned":[1,2,13],"killed_by":"Hexaghost","ascension_level":2}}