{"host":"zsf7u5n6ehqeseos","time":1612798302,"event":{"mods":["AchievementEnabler","BaseMod","Colored Map","Colored Powertips","Googly Eyes","Minty Spire (QoL Compilation)"],"gold_per_floor":[12,22,297,308,4,32,32,46,96,113,145,160,233,261,261,363,363,379,148,148,2,18,44,143,143,169,169,169,169,202,202,202,300,300,319,319,148,148,148,183,183,183,264,18,18,18,50,50,50,50],"floor_reached":51,"language":"ENG","playtime":2803,"items_purged":["Regret","Decay"],"score":1362,"play_id":"3916d7f9-c2b3-4c18-bf8b-b1ca5eee9102","local_time":"20210208163142","is_ascension_mode":true,"campfire_choices":[{"data":"Apotheosis","floor":7.0,"key":"SMITH"},{"floor":15.0,"key":"REST"},{"floor":25.0,"key":"REST"},{"floor":32.0,"key":"REST"},{"data":"Electrodynamics","floor":45,"key":"SMITH"},{"floor":49,"key":"DIG"}],"circlet_count":0,"master_deck":["Strike_B+1","Strike_B+1","Strike_B+1","Defend_B+1","Defend_B+1","Defend_B+1","Defend_B+1","Zap+1","Dualcast+1","Apotheosis+1","Doom and Gloom+1","Aggregate+1","Storm+1","Capacitor+1","Buffer+1","Compile Driver+1","Doom and Gloom+1","Rebound+1","Hologram+1","Ball Lightning+1","Amplify+1","Self Repair+1","Panacea+1","Buffer+1","Conserve Battery+1","Glacier+1","Ghostly+1","Ghostly+1","Ghostly+1","Ghostly+1","Ghostly+1","Turbo+1","Consume+1","Electrodynamics+1","Loop+1","Auto Shields+1","Blind+1","Secret Technique+1","Dark Shackles+1","Stack+1","Hello World+1"],"relics":["Cracked Core","Bag of Preparation","White Beast Statue","Centennial Puzzle","Strawberry","Toxic Egg 2","Nuclear Battery","Toolbox","Regal Pillow","DollysMirror","HornCleat","Juzu Bracelet","WingedGreaves","Emotion Chip","Velvet Choker","Pear","Bottled Tornado","Bag of Marbles","Shovel","Mark of the Bloom","Calipers"],"acts_visited":["Exordium","TheCity","TheBeyond"],"potions_floor_usage":[47,50],"damage_taken":[{"damage":5.0,"enemies":"Small Slimes","floor":1.0,"turns":4.0},{"damage":1.0,"enemies":"Cultist","floor":2.0,"turns":3.0},{"damage":4.0,"enemies":"2 Louse","floor":4.0,"turns":3.0},{"damage":0.0,"enemies":"3 Sentries","floor":6.0,"turns":2.0},{"damage":13.0,"enemies":"Blue Slaver","floor":8.0,"turns":4.0},{"damage":7.0,"enemies":"3 Louse","floor":10.0,"turns":2.0},{"damage":0.0,"enemies":"Gremlin Nob","floor":11.0,"turns":3.0},{"damage":0.0,"enemies":"Lots of Slimes","floor":12.0,"turns":1.0},{"damage":4.0,"enemies":"Lagavulin","floor":14.0,"turns":5.0},{"damage":28.0,"enemies":"The Guardian","floor":16.0,"turns":8.0},{"damage":32.0,"enemies":"Shell Parasite","floor":18.0,"turns":7.0},{"damage":0.0,"enemies":"Spheric Guardian","floor":22.0,"turns":1.0},{"damage":0.0,"enemies":"Gremlin Leader","floor":23.0,"turns":4.0},{"damage":21.0,"enemies":"Book of Stabbing","floor":30.0,"turns":7.0},{"damage":0.0,"enemies":"Collector","floor":33.0,"turns":9.0},{"damage":0.0,"enemies":"Orb Walker","floor":35.0,"turns":6.0},{"damage":0.0,"enemies":"Reptomancer","floor":40.0,"turns":5.0},{"damage":7,"enemies":"Nemesis","floor":47,"turns":9},{"damage":31,"enemies":"Donu and Deca","floor":50,"turns":7}],"seed_played":"5185456033834953597","potions_obtained":[{"floor":1.0,"key":"AttackPotion"},{"floor":2.0,"key":"Weak Potion"},{"floor":4.0,"key":"EssenceOfSteel"},{"floor":8.0,"key":"FairyPotion"},{"floor":10.0,"key":"FocusPotion"},{"floor":11.0,"key":"PowerPotion"},{"floor":12.0,"key":"ColorlessPotion"},{"floor":14.0,"key":"FearPotion"},{"floor":16.0,"key":"Energy Potion"},{"floor":18.0,"key":"SteroidPotion"},{"floor":22.0,"key":"PowerPotion"},{"floor":23.0,"key":"AttackPotion"},{"floor":30.0,"key":"FocusPotion"},{"floor":33.0,"key":"AttackPotion"},{"floor":35.0,"key":"EssenceOfSteel"},{"floor":40.0,"key":"Explosive Potion"},{"floor":47,"key":"BlessingOfTheForge"}],"is_trial":false,"path_per_floor":["M","M","?","M","$","E","R","M","T","M","E","M","?","E","R","B",null,"M","$","?","$","M","E","?","R","T","?","?","?","E","?","R","B",null,"M","?","$","?","?","E","?","?","T","$","R","$","E","?","R","B",null],"character_chosen":"DEFECT","items_purchased":["Bag of Preparation","Capacitor","Toolbox","Panacea+1","DollysMirror","Loop","Bag of Marbles","Stack+1","PowerPotion"],"campfire_rested":3,"item_purchase_floors":[5,5,19,19,21,37,44,44,44],"current_hp_per_floor":[63,62,62,58,58,58,58,45,45,38,45,45,45,41,65,37,71,39,39,39,39,39,53,53,82,82,82,41,41,20,20,41,41,41,41,41,41,39,39,49,49,39,39,39,39,39,39,39,39,8],"gold":50,"neow_bonus":"RANDOM_COLORLESS_2","is_daily":false,"chose_seed":false,"campfire_upgraded":2,"win_rate":0.0,"timestamp":1612798302,"path_taken":["M","M","?","?","$","E","R","M","T","M","E","M","?","E","R","BOSS","M","$","?","$","M","E","?","R","T","?","?","?","E","?","R","BOSS","M","?","$","?","?","E","?","?","T","$","R","?","E","?","R","BOSS"],"items_purchased_type":["Relic","Card","Relic","Card","Relic","Card","Relic","Card","Potion"],"build_version":"2020-12-22","purchased_purges":2,"victory":true,"max_hp_per_floor":[75,75,75,75,75,75,75,75,75,75,82,82,82,82,82,82,82,82,82,82,82,82,82,82,82,82,82,41,41,41,41,41,41,41,41,41,41,39,39,49,49,49,49,49,49,49,49,49,49,49],"card_choices":[{"not_picked":["Transmutation","Metamorphosis"],"picked":"Apotheosis","floor":0.0},{"not_picked":["Sweeping Beam","Turbo"],"picked":"Doom and Gloom","floor":1.0},{"not_picked":["Barrage","Beam Cell"],"picked":"Aggregate","floor":2.0},{"not_picked":["Rebound","Aggregate"],"picked":"Storm","floor":4.0},{"not_picked":["Blizzard","BootSequence"],"picked":"Buffer","floor":6.0},{"not_picked":["Streamline","Beam Cell"],"picked":"Compile Driver","floor":8.0},{"not_picked":["Streamline","Biased Cognition"],"picked":"Doom and Gloom","floor":10.0},{"not_picked":["Coolheaded","Recycle"],"picked":"Rebound","floor":11.0},{"not_picked":["Glacier","Beam Cell"],"picked":"Hologram","floor":12.0},{"not_picked":["Compile Driver","Go for the Eyes"],"picked":"Ball Lightning","floor":14.0},{"not_picked":["Biased Cognition","Creative AI"],"picked":"Amplify+1","floor":16.0},{"not_picked":["Compile Driver","Streamline"],"picked":"Self Repair","floor":18.0},{"not_picked":["BootSequence+1","Stack+1"],"picked":"Conserve Battery+1","floor":22.0},{"not_picked":["Doom and Gloom","Barrage"],"picked":"Glacier+1","floor":23.0},{"not_picked":["Compile Driver","Ball Lightning"],"picked":"Turbo+1","floor":30.0},{"not_picked":["Creative AI","Thunder Strike"],"picked":"Electrodynamics","floor":33.0},{"not_picked":["Gash","Compile Driver","Beam Cell"],"picked":"SKIP","floor":35.0},{"not_picked":["Undo+1","Ball Lightning+1"],"picked":"Auto Shields+1","floor":40.0},{"not_picked":["Swift Strike","Bandage Up+1"],"picked":"Blind+1","floor":42},{"not_picked":["Panacea+1","HandOfGreed"],"picked":"Secret Technique+1","floor":42},{"not_picked":["Thinking Ahead+1","Swift Strike"],"picked":"Dark Shackles+1","floor":42},{"not_picked":["Gash","Self Repair+1"],"picked":"Hello World","floor":47}],"player_experience":217924,"relics_obtained":[{"floor":6.0,"key":"White Beast Statue"},{"floor":9.0,"key":"Centennial Puzzle"},{"floor":11.0,"key":"Strawberry"},{"floor":14.0,"key":"Toxic Egg 2"},{"floor":23.0,"key":"HornCleat"},{"floor":26.0,"key":"Juzu Bracelet"},{"floor":30.0,"key":"Emotion Chip"},{"floor":40.0,"key":"Pear"},{"floor":43,"key":"Bottled Tornado"},{"floor":47,"key":"Shovel"},{"floor":49,"key":"Calipers"}],"event_choices":[{"damage_healed":0.0,"max_hp_gain":0.0,"max_hp_loss":0.0,"gold_gain":275.0,"event_name":"Golden Shrine","player_choice":"Desecrate","floor":3.0,"gold_loss":0.0,"damage_taken":0.0,"cards_obtained":["Regret"]},{"damage_healed":0.0,"max_hp_gain":0.0,"max_hp_loss":0.0,"gold_gain":73.0,"event_name":"Golden Wing","player_choice":"Gained Gold","floor":13.0,"gold_loss":0.0,"damage_taken":0.0},{"damage_healed":0.0,"max_hp_gain":0.0,"max_hp_loss":0.0,"gold_gain":0.0,"event_name":"The Mausoleum","player_choice":"Opened","floor":20.0,"gold_loss":0.0,"damage_taken":0.0,"relics_obtained":["Regal Pillow"]},{"damage_healed":0.0,"max_hp_gain":0.0,"max_hp_loss":0.0,"gold_gain":99.0,"event_name":"Nest","player_choice":"Stole From Cult","floor":24.0,"gold_loss":0.0,"damage_taken":0.0},{"damage_healed":0.0,"max_hp_gain":0.0,"max_hp_loss":0.0,"gold_gain":0.0,"event_name":"Wheel of Change","player_choice":"Cursed","floor":27.0,"gold_loss":0.0,"damage_taken":0.0,"cards_obtained":["Decay"]},{"damage_healed":0.0,"max_hp_gain":0.0,"max_hp_loss":41.0,"gold_gain":0.0,"event_name":"Ghosts","player_choice":"Became a Ghost","floor":28.0,"gold_loss":0.0,"damage_taken":0.0,"cards_obtained":["Ghostly","Ghostly","Ghostly","Ghostly","Ghostly"]},{"damage_healed":0.0,"max_hp_gain":0.0,"max_hp_loss":0.0,"gold_gain":0.0,"event_name":"WeMeetAgain","player_choice":"Gave Potion","floor":29.0,"gold_loss":0.0,"damage_taken":0.0,"relics_obtained":["WingedGreaves"]},{"damage_healed":0.0,"max_hp_gain":0.0,"max_hp_loss":0.0,"gold_gain":0.0,"event_name":"The Library","player_choice":"Read","floor":31.0,"gold_loss":0.0,"damage_taken":0.0,"cards_obtained":["Consume"]},{"cards_removed":["Strike_B"],"damage_healed":0.0,"max_hp_gain":0.0,"max_hp_loss":0.0,"gold_gain":0.0,"event_name":"Falling","player_choice":"Removed Attack","floor":36.0,"gold_loss":0.0,"damage_taken":0.0},{"damage_healed":0.0,"max_hp_gain":0.0,"max_hp_loss":2.0,"gold_gain":0.0,"event_name":"Winding Halls","player_choice":"Max HP","floor":38.0,"gold_loss":0.0,"damage_taken":0.0},{"damage_healed":0.0,"max_hp_gain":0.0,"max_hp_loss":0.0,"gold_gain":0.0,"event_name":"Upgrade Shrine","player_choice":"Upgraded","floor":39.0,"gold_loss":0.0,"damage_taken":0.0,"cards_upgraded":["Loop"]},{"damage_healed":0,"gold_gain":0,"player_choice":"Ignored","damage_taken":0,"max_hp_gain":0,"max_hp_loss":0,"event_name":"Tomb of Lord Red Mask","floor":41,"gold_loss":0},{"damage_healed":0,"gold_gain":0,"player_choice":"Memory 3","damage_taken":10,"max_hp_gain":0,"max_hp_loss":0,"event_name":"SensoryStone","floor":42,"gold_loss":0},{"damage_healed":0,"gold_gain":0,"player_choice":"Upgrade","damage_taken":0,"relics_obtained":["Mark of the Bloom"],"max_hp_gain":0,"max_hp_loss":0,"event_name":"MindBloom","floor":48,"gold_loss":0,"cards_upgraded":["Strike_B","Strike_B","Strike_B","Defend_B","Defend_B","Defend_B","Defend_B","Zap","Dualcast","Doom and Gloom","Aggregate","Storm","Capacitor","Buffer","Compile Driver","Doom and Gloom","Rebound","Hologram","Ball Lightning","Self Repair","Buffer","Hello World"]}],"is_beta":false,"boss_relics":[{"not_picked":["SlaversCollar","Busted Crown"],"picked":"Nuclear Battery"},{"not_picked":["Tiny House","Astrolabe"],"picked":"Velvet Choker"}],"items_purged_floors":[5,37],"is_endless":false,"potions_floor_spawned":[1,2,4,8,10,11,12,14,16,18,22,23,30,33,35,40,47],"ascension_level":9}}