{"host":"syozzdlzcqop4jia","time":1612742626,"event":{"mods":["BaseMod","Colored Map","Colored Powertips","Minty Spire (QoL Compilation)","Quick Restart"],"gold_per_floor":[115,125,144,1,76,104,104,104,104,104,136,146,173,193,193,297,297,316,316,415,7,27,53,53,64,64,64,92,103,103,131,131,227,227,245,245,261,261,261,261,273,290,313,1,12,12,12],"floor_reached":46,"language":"ENG","playtime":3274,"items_purged":["Strike_B"],"score":573,"play_id":"5055a8fd-4e42-4778-8ef2-a6dc9bc5f56f","local_time":"20210208010346","is_ascension_mode":true,"campfire_choices":[{"floor":7,"key":"REST"},{"floor":10,"key":"REST"},{"floor":15,"key":"REST"},{"floor":27,"key":"REST"},{"floor":32,"key":"REST"},{"data":"Biased Cognition","floor":40,"key":"SMITH"}],"circlet_count":0,"master_deck":["Defend_B","Defend_B","Zap","Dualcast","Go for the Eyes+1","Ball Lightning","Static Discharge","Rainbow","Hyperbeam","Ball Lightning+1","Steam+1","Steam+1","Biased Cognition+1","White Noise+1","Consume+1","Beam Cell","Loop","Darkness+1","Coolheaded+1","Decay","Redo+1","Glacier+1","Rebound+1","Bite","Bite","Bite","Bite","Bite","BootSequence+1","Amplify+1","Defragment+1","Defragment+1","Meteor Strike","Conserve Battery+1","Lockon","Coolheaded+1"],"relics":["Cracked Core","Gremlin Horn","Blue Candle","Strawberry","Toxic Egg 2","Nuclear Battery","Bronze Scales","Oddly Smooth Stone","Art of War","Mummified Hand","Potion Belt","Pear","Inserter","Whetstone","TungstenRod"],"acts_visited":["Exordium","TheCity","TheBeyond"],"potions_floor_usage":[28,41],"damage_taken":[{"damage":0,"enemies":"Small Slimes","floor":1,"turns":2},{"damage":2,"enemies":"2 Louse","floor":2,"turns":3},{"damage":0,"enemies":"Cultist","floor":3,"turns":3},{"damage":17,"enemies":"Lagavulin","floor":6,"turns":5},{"damage":30,"enemies":"Gremlin Nob","floor":11,"turns":4},{"damage":27,"enemies":"Exordium Wildlife","floor":12,"turns":3},{"damage":18,"enemies":"3 Sentries","floor":13,"turns":5},{"damage":2,"enemies":"2 Fungi Beasts","floor":14,"turns":2},{"damage":19,"enemies":"Hexaghost","floor":16,"turns":9},{"damage":3,"enemies":"Chosen","floor":18,"turns":4},{"damage":0,"enemies":"Spheric Guardian","floor":22,"turns":3},{"damage":30,"enemies":"Gremlin Leader","floor":23,"turns":5},{"damage":7,"enemies":"Snake Plant","floor":25,"turns":3},{"damage":14,"enemies":"Slavers","floor":28,"turns":3},{"damage":8,"enemies":"3 Cultists","floor":29,"turns":3},{"damage":35,"enemies":"Book of Stabbing","floor":31,"turns":4},{"damage":72,"enemies":"Champ","floor":33,"turns":11},{"damage":15,"enemies":"Orb Walker","floor":35,"turns":5},{"damage":11,"enemies":"3 Shapes","floor":37,"turns":2},{"damage":2,"enemies":"Transient","floor":41,"turns":5},{"damage":17,"enemies":"Writhing Mass","floor":42,"turns":7},{"damage":22,"enemies":"4 Shapes","floor":45,"turns":4},{"damage":48,"enemies":"Nemesis","floor":46,"turns":4}],"seed_played":"3544845635244926092","potions_obtained":[{"floor":2,"key":"FairyPotion"},{"floor":6,"key":"BlessingOfTheForge"},{"floor":13,"key":"DuplicationPotion"},{"floor":16,"key":"Fire Potion"},{"floor":29,"key":"BlessingOfTheForge"},{"floor":33,"key":"Explosive Potion"},{"floor":37,"key":"Explosive Potion"},{"floor":42,"key":"BlessingOfTheForge"}],"is_trial":false,"path_per_floor":["M","M","M","$","?","E","R","?","T","R","E","M","E","M","R","B",null,"M","?","?","$","M","E","?","M","T","R","E","M","?","E","R","B",null,"M","?","M","?","?","R","M","M","T","$","M","E"],"character_chosen":"DEFECT","items_purchased":["Rainbow","Loop","Bronze Scales","Oddly Smooth Stone","TungstenRod"],"campfire_rested":5,"item_purchase_floors":[4,21,21,21,44],"current_hp_per_floor":[82,80,80,80,69,52,76,76,76,82,59,32,14,12,38,19,89,86,86,86,86,86,56,56,49,49,75,61,53,53,34,55,21,72,59,59,50,50,50,50,58,52,52,52,34,0,0],"gold":12,"neow_bonus":"TEN_PERCENT_HP_BONUS","is_daily":false,"chose_seed":false,"campfire_upgraded":1,"win_rate":0.0,"timestamp":1612742626,"path_taken":["M","M","M","$","?","E","R","?","T","R","E","?","E","M","R","BOSS","M","?","?","$","M","E","?","M","T","R","E","?","?","E","R","BOSS","M","?","M","?","?","R","M","M","T","$","?","E"],"items_purchased_type":["Card","Card","Relic","Relic","Relic"],"build_version":"2020-12-22","purchased_purges":1,"victory":false,"max_hp_per_floor":[82,82,82,82,82,82,82,82,82,82,89,89,89,89,89,89,89,89,89,89,89,89,89,89,89,89,89,89,89,62,72,72,72,72,72,68,68,68,68,68,68,68,68,68,68,68,68],"card_choices":[{"not_picked":["Coolheaded","Cold Snap"],"picked":"Go for the Eyes","floor":1},{"not_picked":["Steam","Redo"],"picked":"Ball Lightning","floor":2},{"not_picked":["Recycle","Rebound"],"picked":"Static Discharge","floor":3},{"not_picked":["Coolheaded","Hologram"],"picked":"Hyperbeam","floor":6},{"not_picked":["FTL","Recycle","Chaos"],"picked":"SKIP","floor":11},{"not_picked":["Coolheaded","Redo"],"picked":"Ball Lightning","floor":12},{"not_picked":["Streamline","Cold Snap"],"picked":"Steam+1","floor":13},{"not_picked":["Blizzard","Barrage"],"picked":"Steam+1","floor":14},{"not_picked":["Echo Form","Core Surge"],"picked":"Biased Cognition","floor":16},{"not_picked":["Cold Snap","BootSequence+1"],"picked":"White Noise+1","floor":18},{"not_picked":["Steam+1","Barrage"],"picked":"Darkness+1","floor":22},{"not_picked":["Reprogram+1","Aggregate+1"],"picked":"Coolheaded+1","floor":23},{"not_picked":["Conserve Battery+1","Barrage"],"picked":"Redo+1","floor":25},{"not_picked":["Rebound","Auto Shields+1"],"picked":"Glacier+1","floor":28},{"not_picked":["Scrape+1","Stack+1"],"picked":"Rebound+1","floor":29},{"not_picked":["All For One","Meteor Strike"],"picked":"BootSequence+1","floor":31},{"not_picked":["Fission+1","Hyperbeam"],"picked":"Amplify+1","floor":33},{"not_picked":["Coolheaded+1","Chill+1"],"picked":"Defragment+1","floor":35},{"not_picked":["Barrage","BootSequence+1"],"picked":"Defragment+1","floor":37},{"not_picked":["Barrage+1","Chill+1"],"picked":"Conserve Battery+1","floor":41},{"not_picked":["Conserve Battery+1","Chill+1"],"picked":"Lockon","floor":42},{"not_picked":["Fission+1","Tempest+1"],"picked":"Coolheaded+1","floor":45}],"player_experience":599959,"relics_obtained":[{"floor":6,"key":"Gremlin Horn"},{"floor":9,"key":"Blue Candle"},{"floor":11,"key":"Strawberry"},{"floor":13,"key":"Toxic Egg 2"},{"floor":23,"key":"Art of War"},{"floor":26,"key":"Mummified Hand"},{"floor":28,"key":"Potion Belt"},{"floor":31,"key":"Pear"},{"floor":43,"key":"Whetstone"}],"event_choices":[{"damage_healed":0,"gold_gain":75,"player_choice":"Gather Gold","damage_taken":11,"max_hp_gain":0,"max_hp_loss":0,"event_name":"World of Goop","floor":5,"gold_loss":0},{"cards_removed":["Defend_B"],"damage_healed":0,"gold_gain":0,"player_choice":"Purged","damage_taken":0,"max_hp_gain":0,"max_hp_loss":0,"event_name":"Purifier","floor":8,"gold_loss":0},{"damage_healed":0,"gold_gain":0,"cards_transformed":["Defend_B","Strike_B"],"player_choice":"Became Test Subject","damage_taken":0,"max_hp_gain":0,"max_hp_loss":0,"event_name":"Drug Dealer","floor":19,"gold_loss":0,"cards_obtained":["Consume","Beam Cell"]},{"damage_healed":0,"gold_gain":99,"player_choice":"Stole From Cult","damage_taken":0,"max_hp_gain":0,"max_hp_loss":0,"event_name":"Nest","floor":20,"gold_loss":0},{"damage_healed":0,"gold_gain":0,"player_choice":"Cursed","damage_taken":0,"max_hp_gain":0,"max_hp_loss":0,"event_name":"Wheel of Change","floor":24,"gold_loss":0,"cards_obtained":["Decay"]},{"damage_healed":0,"gold_gain":0,"player_choice":"Became a vampire","damage_taken":0,"max_hp_gain":0,"max_hp_loss":27,"event_name":"Vampires","floor":30,"gold_loss":0,"cards_obtained":["Bite","Bite","Bite","Bite","Bite"]},{"damage_healed":0,"gold_gain":0,"player_choice":"Max HP","damage_taken":0,"max_hp_gain":0,"max_hp_loss":4,"event_name":"Winding Halls","floor":36,"gold_loss":0},{"damage_healed":0,"gold_gain":0,"player_choice":"Ignored","damage_taken":0,"max_hp_gain":0,"max_hp_loss":0,"event_name":"Tomb of Lord Red Mask","floor":38,"gold_loss":0},{"damage_healed":0,"gold_gain":0,"player_choice":"1 cards matched","damage_taken":0,"max_hp_gain":0,"max_hp_loss":0,"event_name":"Match and Keep!","floor":39,"gold_loss":0,"cards_obtained":["Meteor Strike"]}],"is_beta":false,"boss_relics":[{"not_picked":["Calling Bell","Fusion Hammer"],"picked":"Nuclear Battery"},{"not_picked":["Runic Pyramid","Black Star"],"picked":"Inserter"}],"items_purged_floors":[21],"is_endless":false,"potions_floor_spawned":[2,6,13,16,18,25,29,33,37,42],"killed_by":"Nemesis","ascension_level":1}}