{"host":"btj53a7qlsawl9sy","time":1612799963,"event":{"mods":["100% Spire Juice","ATMod(∞¢Ë™Mod)","Act Like it!","Arknights","BaseMod","Better Vampires","Colored Powertips","Dota2Spire","Gensokyo","Luminous","Marisa£®ÏF”Í°°ƒß¿Ì…≥£©","Marked Mod","Minty Spire (QoL Compilation)","Quick Restart","Reimu£®≤©¿ˆ¡È√Œ£©","Relic Stats","Remilia£®¿Ÿ√◊¿Ú—«£©","Replay The Spire","Spicy Shops","StSLib","The Administrix","The Servant 0.9.4","Yakumo Yukari mod","Youmu£®ªÍ∆«—˝√Œ£©","Yuyuko","°æ“≈ŒÔø®≈∆°øREMEMod","≤–¡Ù÷ÆŒÔ"],"gold_per_floor":[116,116,116,130,110,145,179,179,206,240,240,255,10,24,24,120,120,135,150,110,123,138,138,138],"floor_reached":23,"language":"ZHS","playtime":1273,"items_purged":[],"score":236,"play_id":"ea283ae2-ec0d-4a17-91b3-6380a5b40a14","local_time":"20210208235923","is_ascension_mode":false,"campfire_choices":[{"floor":8.0,"key":"REST"},{"data":"Moonworks:SakisCookie","floor":11.0,"key":"SMITH"},{"data":"Moonworks:CookingTime","floor":11.0,"key":"SMITH"},{"data":"Moonworks:CloudOfSeagulls","floor":15.0,"key":"SMITH"},{"data":"Moonworks:DeployBits","floor":15.0,"key":"SMITH"}],"circlet_count":0,"master_deck":["Moonworks:Strike","Moonworks:Strike","Moonworks:Strike","Moonworks:Strike","Moonworks:Defend","Moonworks:Defend","Moonworks:Defend","Moonworks:Defend","Moonworks:Ambush","Moonworks:LongDistanceShot","Moonworks:ImOnFire","Clumsy","Moonworks:Assault","Moonworks:SakisCookie+1","Moonworks:DeployBits+1","Moonworks:CookingTime+1","Moonworks:CloudOfSeagulls+1","Moonworks:CloudOfSeagulls+1","Moonworks:MeltingMemories+1","Moonworks:DeployBits+1","Moonworks:IndiscriminateFireSupport+1","Moonworks:JonathanRush+1","Moonworks:DeployBits"],"relics":["Moonworks:BrokenBomb","Moonworks:Homemark","AT_ATBox","REME_ComplimentaryCards","NeowsBlessing","Gensokyo:NagashiBinaDoll","Strawberry","Replay:Arrowhead","PlaceholderMod:DaolothFragment","AT_SpeedBoots","Nunchaku","Molten Egg 2","Replay:Grab Bag","Cursed Key","Sozu","Black Star"],"acts_visited":["Gensokyo:Gensokyo","Gensokyo:Gensokyoer"],"potions_floor_usage":[],"damage_taken":[{"damage":0.0,"enemies":"Gensokyo:3_Fairies","floor":1.0,"turns":2.0},{"damage":0.0,"enemies":"Gensokyo:2_Kodama","floor":4.0,"turns":1.0},{"damage":0.0,"enemies":"Gensokyo:Mamizou","floor":6.0,"turns":2.0},{"damage":46.0,"enemies":"Gensokyo:Aya","floor":7.0,"turns":9.0},{"damage":3.0,"enemies":"Gensokyo:Mamizou","floor":10.0,"turns":8.0},{"damage":1.0,"enemies":"Gensokyo:Python","floor":12.0,"turns":4.0},{"damage":8.0,"enemies":"Gensokyo:CorruptedTreant","floor":14.0,"turns":2.0},{"damage":41.0,"enemies":"Gensokyo:Reimu","floor":16.0,"turns":10.0},{"damage":0.0,"enemies":"Gensokyo:2_Gloops","floor":18.0,"turns":3.0},{"damage":0.0,"enemies":"Gensokyo:Chomper","floor":19.0,"turns":4.0},{"damage":34.0,"enemies":"Gensokyo:Wraith","floor":21.0,"turns":5.0},{"damage":27.0,"enemies":"Gensokyo:Monolith_and_Dog","floor":22.0,"turns":6.0},{"damage":18,"enemies":"Gensokyo:Reisen","floor":23,"turns":8}],"seed_played":"1467377895679214352","potions_obtained":[{"floor":1.0,"key":"Elixir"},{"floor":7.0,"key":"FearPotion"},{"floor":12.0,"key":"ColorlessPotion"}],"is_trial":false,"path_per_floor":["M","?","?","M","?","E","?","R","T","E","R","M","$","M","R","B",null,"M","M","?","M","M","E"],"character_chosen":"THE_STARBREAKER","items_purchased":["Molten Egg 2"],"campfire_rested":1,"item_purchase_floors":[13],"current_hp_per_floor":[60,60,57,57,67,67,21,41,41,40,40,47,47,47,47,14,67,67,67,67,38,31,16,16],"gold":138,"neow_bonus":"THREE_ENEMY_KILL","is_daily":false,"chose_seed":false,"campfire_upgraded":4,"win_rate":0.0,"timestamp":1612799963,"path_taken":["M","?","?","M","?","E","?","R","T","E","R","?","?","M","R","BOSS","M","M","?","?","M","E"],"items_purchased_type":["Relic"],"build_version":"2020-12-22","purchased_purges":0,"victory":false,"max_hp_per_floor":[60,60,67,67,67,67,67,67,67,67,67,67,67,67,67,67,67,67,67,67,67,67,67,67],"relic_stats":{"Sozu":1,"Nunchaku":[10],"counters":[13,64],"Black Star":0,"Cursed Key":0,"obtain_stats":[{"AT_ATBox":0,"NeowsBlessing":0,"PlaceholderMod:DaolothFragment":7,"Replay:Grab Bag":17,"Gensokyo:NagashiBinaDoll":2,"Cursed Key":17,"Replay:Arrowhead":6,"Sozu":17,"AT_SpeedBoots":9,"Nunchaku":10,"Moonworks:Homemark":0,"Strawberry":3,"Molten Egg 2":13,"Black Star":17,"Moonworks:BrokenBomb":0,"REME_ComplimentaryCards":0},{"AT_ATBox":0,"NeowsBlessing":0,"PlaceholderMod:DaolothFragment":4,"Replay:Grab Bag":8,"Gensokyo:NagashiBinaDoll":1,"Cursed Key":8,"Replay:Arrowhead":3,"Sozu":8,"AT_SpeedBoots":4,"Nunchaku":5,"Moonworks:Homemark":0,"Strawberry":1,"Molten Egg 2":6,"Black Star":8,"Moonworks:BrokenBomb":0,"REME_ComplimentaryCards":0},{"AT_ATBox":0,"NeowsBlessing":0,"PlaceholderMod:DaolothFragment":14,"Replay:Grab Bag":38,"Gensokyo:NagashiBinaDoll":2,"Cursed Key":38,"Replay:Arrowhead":5,"Sozu":38,"AT_SpeedBoots":14,"Nunchaku":22,"Moonworks:Homemark":0,"Strawberry":2,"Molten Egg 2":26,"Black Star":38,"Moonworks:BrokenBomb":0,"REME_ComplimentaryCards":0}]},"card_choices":[{"not_picked":["Moonworks:IntelligenceOfficer","Moonworks:NicePresent"],"picked":"Moonworks:ImOnFire","floor":1.0},{"not_picked":["Moonworks:IntelligenceOfficer","Moonworks:NicePresent"],"picked":"Moonworks:Assault","floor":4.0},{"not_picked":["Moonworks:RagingMadness","Moonworks:ImOnFire"],"picked":"Moonworks:SakisCookie","floor":6.0},{"not_picked":["Moonworks:CompletionReward","Moonworks:FinalBattle"],"picked":"Moonworks:DeployBits","floor":7.0},{"not_picked":["Moonworks:IndiscriminateFireSupport","Moonworks:ImOnFire"],"picked":"Moonworks:CookingTime","floor":10.0},{"not_picked":["Moonworks:BeyondHell","Moonworks:BigMagnum"],"picked":"Moonworks:CloudOfSeagulls","floor":12.0},{"not_picked":["Moonworks:NicePresent","Moonworks:EvilSpyWorkPreparation"],"picked":"Moonworks:CloudOfSeagulls+1","floor":14.0},{"not_picked":["Moonworks:WeAreWaruda","Moonworks:AccelHyper"],"picked":"Moonworks:MeltingMemories","floor":16.0},{"not_picked":["Moonworks:CompletionReward+1","Moonworks:RedAndBlue"],"picked":"Moonworks:DeployBits+1","floor":18.0},{"not_picked":["Moonworks:NicePresent+1","Moonworks:BigMagnum+1"],"picked":"Moonworks:IndiscriminateFireSupport+1","floor":19.0},{"not_picked":["Moonworks:IntelligenceOfficer+1","Moonworks:ImOnFire"],"picked":"Moonworks:JonathanRush+1","floor":21.0},{"not_picked":["Moonworks:SealedMemories","Moonworks:Assault+1"],"picked":"Moonworks:DeployBits","floor":22.0}],"player_experience":142756,"relics_obtained":[{"floor":6.0,"key":"Replay:Arrowhead"},{"floor":7.0,"key":"PlaceholderMod:DaolothFragment"},{"floor":9.0,"key":"AT_SpeedBoots"},{"floor":10.0,"key":"Nunchaku"}],"event_choices":[],"is_beta":false,"boss_relics":[{"not_picked":["Fusion Hammer","SacredBark"],"picked":"Replay:Grab Bag"},{"not_picked":["Busted Crown","Coffee Dripper"],"picked":"Cursed Key"},{"not_picked":["SlaversCollar","ChewingGum"],"picked":"Sozu"},{"not_picked":["Calling Bell","REME_LowDesire"],"picked":"Black Star"}],"items_purged_floors":[],"is_endless":false,"potions_floor_spawned":[1,7,12,22],"killed_by":"Gensokyo:Reisen","ascension_level":0}}