{"host":"i2ntsfwoh5q5m216","time":1612752072,"event":{"mods":["BaseMod","Colored Map","Downfall","Minty Spire (QoL Compilation)","StSLib"],"gold_per_floor":[99,115,125,125,143,171,221,221,234,266,282,296,323,341,360,464,464,464,478,478,541,419,437,513,586,586,586,586,586],"floor_reached":27,"language":"ENG","playtime":1197,"items_purged":[],"score":301,"play_id":"f1257850-bb03-486b-ac8e-81daebba2093","local_time":"20210207204112","is_ascension_mode":true,"campfire_choices":[{"data":"hexamod:Float","floor":1,"key":"SMITH"},{"data":"hexamod:ForkedFlame","floor":8,"key":"SMITH"},{"data":"hexamod:Rewind","floor":18,"key":"SMITH"},{"data":"hexamod:HexaLevel","floor":26,"key":"SMITH"}],"circlet_count":0,"master_deck":["hexamod:Strike","hexamod:Strike+1","hexamod:Strike+1","hexamod:Strike+1","hexamod:Defend","hexamod:Defend","hexamod:Defend","hexamod:Defend","hexamod:Sear","hexamod:Float+1","hexamod:Hexaguard+1","hexamod:HauntingEcho+1","hexamod:ForkedFlame+1","hexamod:StepThrough+1","hexamod:VolcanoVisage","hexamod:ExtraCrispy","hexamod:ThirdSeal","hexamod:FastForward","hexamod:Rewind+1","hexamod:SkipABeat","hexamod:ForkedFlame","hexamod:SixthSeal","hexamod:InspiringFlames+1","hexamod:ShieldOfDarkness+1","hexamod:HexaLevel+1","hexamod:FastForward","hexamod:FlamesFromBeyond","Panacea","hexamod:HauntingEcho"],"relics":["hexamod:UnbrokenSoul","Incense Burner","Tiny Chest","hexamod:MatchstickCase","Question Card","Whetstone","SsserpentHead","Kunai","Nunchaku"],"acts_visited":["Exordium","TheCity"],"potions_floor_usage":[10,13,16,21,23,23,23,27],"damage_taken":[{"damage":1,"enemies":"Jaw Worm","floor":2,"turns":3},{"damage":0,"enemies":"Cultist","floor":3,"turns":3},{"damage":0,"enemies":"Small Slimes","floor":5,"turns":4},{"damage":15,"enemies":"Lagavulin","floor":6,"turns":6},{"damage":0,"enemies":"Gremlin Gang","floor":9,"turns":4},{"damage":3,"enemies":"3 Sentries","floor":10,"turns":4},{"damage":0,"enemies":"Blue Slaver","floor":11,"turns":3},{"damage":3,"enemies":"3 Louse","floor":12,"turns":3},{"damage":1,"enemies":"Lagavulin","floor":13,"turns":6},{"damage":1,"enemies":"2 Fungi Beasts","floor":14,"turns":3},{"damage":0,"enemies":"Large Slime","floor":15,"turns":3},{"damage":0,"enemies":"SI_SHIV_ARCHETYPE","floor":16,"turns":7},{"damage":20,"enemies":"Spheric Guardian","floor":19,"turns":4},{"damage":21,"enemies":"Snecko","floor":21,"turns":6},{"damage":0,"enemies":"downfall:FleeingMerchant","floor":22,"turns":4},{"damage":20,"enemies":"Cultist and Chosen","floor":23,"turns":5},{"damage":43,"enemies":"Book of Stabbing","floor":27,"turns":5}],"seed_played":"-6736853348438187108","potions_obtained":[{"floor":4,"key":"EntropicBrew"},{"floor":4,"key":"DuplicationPotion"},{"floor":4,"key":"DuplicationPotion"},{"floor":10,"key":"EssenceOfSteel"},{"floor":14,"key":"Energy Potion"},{"floor":15,"key":"Block Potion"},{"floor":19,"key":"Weak Potion"},{"floor":21,"key":"FairyPotion"}],"is_trial":false,"path_per_floor":["R","M","M","?","M","E","T","R","M","E","M","M","E","M","M","B",null,"R","M","?","M","$","M","T","T","R","E"],"character_chosen":"THE_SPIRIT","items_purchased":["hexamod:FlamesFromBeyond","Panacea"],"campfire_rested":0,"item_purchase_floors":[22,22],"current_hp_per_floor":[49,48,48,48,48,33,33,33,33,30,30,27,26,25,25,25,70,70,50,50,29,29,9,9,9,9,0,0,0],"gold":586,"neow_bonus":"ONE_RARE_RELIC","is_daily":false,"chose_seed":false,"campfire_upgraded":4,"win_rate":0.0,"timestamp":1612752072,"path_taken":["R","M","M","?","M","E","T","R","?","E","M","M","E","M","M","BOSS","R","M","?","?","$","M","T","?","R","E"],"items_purchased_type":["Card","Card"],"build_version":"2020-12-22","purchased_purges":0,"victory":false,"max_hp_per_floor":[70,70,70,70,70,70,70,70,70,70,70,70,70,70,70,70,70,70,70,70,70,70,70,70,70,70,70,70,70],"card_choices":[{"not_picked":["hexamod:HeatMetal","hexamod:ThermalTransfer"],"picked":"hexamod:Hexaguard","floor":2},{"not_picked":["hexamod:SpectersWail","hexamod:BurningTouch"],"picked":"hexamod:HauntingEcho","floor":3},{"not_picked":["hexamod:Firestarter","hexamod:NightmareGuise"],"picked":"hexamod:ForkedFlame","floor":5},{"not_picked":["hexamod:NightmareGuise","hexamod:SkipABeat"],"picked":"hexamod:StepThrough","floor":6},{"not_picked":["hexamod:HeatMetal","hexamod:FlamesFromBeyond","hexamod:RadiantFlame"],"picked":"SKIP","floor":9},{"not_picked":["hexamod:GhostOfSpireFuture","hexamod:SpectralSpark"],"picked":"hexamod:VolcanoVisage","floor":10},{"not_picked":["hexamod:FlamesFromBeyond","hexamod:HeatCrush","hexamod:RadiantFlame"],"picked":"hexamod:ExtraCrispy","floor":11},{"not_picked":["hexamod:NecessarySacrifice","hexamod:PhantomFireball","hexamod:ShieldOfDarkness","hexamod:StepThrough"],"picked":"SKIP","floor":12},{"not_picked":["hexamod:SuperheatedStrike","hexamod:Toasty","hexamod:ShieldOfDarkness"],"picked":"hexamod:ThirdSeal","floor":13},{"not_picked":["hexamod:BacktrackSmack","hexamod:SpectralAdrenaline","hexamod:HauntingEcho"],"picked":"hexamod:FastForward","floor":14},{"not_picked":["hexamod:Hexaguard","hexamod:RecurringNightmare","hexamod:Toasty"],"picked":"hexamod:Rewind","floor":15},{"not_picked":["hexamod:ThermalTransfer","hexamod:AdvancingGuard","hexamod:Again"],"picked":"hexamod:SkipABeat","floor":15},{"not_picked":["hexamod:ParanormalForm","hexamod:VolcanoVisage","hexamod:GhostflameInferno"],"picked":"hexamod:ForkedFlame","floor":16},{"not_picked":["hexamod:Toasty","hexamod:VolcanoVisage","hexamod:GhostOfSpirePresent"],"picked":"hexamod:SixthSeal","floor":16},{"not_picked":["hexamod:RetreatToShadows","hexamod:ShieldOfDarkness","hexamod:SuperheatedStrike"],"picked":"hexamod:InspiringFlames+1","floor":19},{"not_picked":["hexamod:SecondSeal","hexamod:PowerFromBeyond","hexamod:RainOfEmbers","hexamod:SuperheatedStrike"],"picked":"SKIP","floor":19},{"not_picked":["hexamod:SuperheatedStrike","hexamod:Hexaguard","hexamod:SwordOfDarkness"],"picked":"hexamod:ShieldOfDarkness+1","floor":21},{"not_picked":["hexamod:FlamesFromBeyond","hexamod:NecessarySacrifice","hexamod:StepThrough"],"picked":"hexamod:HexaLevel","floor":22},{"not_picked":["hexamod:FourthSeal","hexamod:Firestarter","hexamod:GhostLash"],"picked":"hexamod:FastForward","floor":22},{"not_picked":["hexamod:GhostShield","hexamod:GhostLash","hexamod:SwordOfDarkness"],"picked":"hexamod:HauntingEcho","floor":23},{"not_picked":["hexamod:Firestarter","hexamod:HexaLevel","hexamod:ShieldOfDarkness","hexamod:AdvancingGuard"],"picked":"SKIP","floor":23}],"player_experience":57388,"relics_obtained":[{"floor":6,"key":"Tiny Chest"},{"floor":7,"key":"hexamod:MatchstickCase"},{"floor":10,"key":"Question Card"},{"floor":13,"key":"Whetstone"},{"floor":24,"key":"Kunai"},{"floor":25,"key":"Nunchaku"}],"event_choices":[{"damage_healed":0,"gold_gain":0,"player_choice":"Got Potions","damage_taken":0,"max_hp_gain":0,"max_hp_loss":0,"event_name":"Lab","floor":4,"gold_loss":0},{"damage_healed":0,"gold_gain":0,"player_choice":"Trade","damage_taken":0,"relics_obtained":["SsserpentHead"],"max_hp_gain":0,"max_hp_loss":0,"event_name":"FaceTrader","floor":20,"gold_loss":0}],"is_beta":false,"boss_relics":[{"not_picked":["Cursed Key","Philosopher\u0027s Stone"],"picked":"hexamod:UnbrokenSoul"}],"items_purged_floors":[],"is_endless":false,"potions_floor_spawned":[5,10,14,15,19,21],"killed_by":"Book of Stabbing","ascension_level":1}}