{"host":"z439itq93uucuvou","time":1612786146,"event":{"mods":["BaseMod","Colored Powertips","Jorbs\u0027s Wanderer Trilogy","Minty Spire (QoL Compilation)","StSLib"],"gold_per_floor":[18,18,36,46,46,46,74,74,74,93,111,111,122,141,141,212,212,231,242,57,77,90,90,120,136,204,224,234,260,288,288,288,365,365,384,401,104,104,123,123,158,174,200,200,200,75,75,92,92,92],"floor_reached":51,"language":"ENG","playtime":3480,"items_purged":["Strike_B","Defend_B","Strike_B"],"score":1776,"play_id":"544ae13b-5229-4b1a-a74c-d2d510ec84fa","local_time":"20210208040906","is_ascension_mode":true,"campfire_choices":[{"data":"Zap","floor":6.0,"key":"SMITH"},{"data":"Dualcast","floor":8.0,"key":"SMITH"},{"data":"All For One","floor":12.0,"key":"SMITH"},{"data":"Reinforced Body","floor":15.0,"key":"SMITH"},{"data":"Machine Learning","floor":23.0,"key":"SMITH"},{"data":"Ghostly","floor":32.0,"key":"SMITH"},{"data":"Defragment","floor":40.0,"key":"SMITH"},{"data":"Recycle","floor":44.0,"key":"SMITH"},{"data":"Defragment","floor":47.0,"key":"SMITH"},{"data":"Ghostly","floor":49.0,"key":"SMITH"}],"circlet_count":0,"master_deck":["AscendersBane","Strike_B+1","Defend_B","Defend_B","Zap+1","Dualcast+1","Steam","All For One+1","Reinforced Body+1","Rip and Tear","Turbo","Gash","Coolheaded","Gash","Electrodynamics","Hologram+1","Machine Learning+1","Leap","Gash+1","Go for the Eyes+1","Coolheaded+1","Seek","Rebound","Ghostly+1","Ghostly+1","Ghostly","Seek","Defragment+1","Panache","Defragment+1","Coolheaded+1","Recycle+1"],"relics":["Cracked Core","FossilizedHelix","Gambling Chip","Shuriken","Runic Pyramid","Whetstone","InkBottle","MealTicket","Red Mask","Inserter","Pen Nib","Akabeko"],"acts_visited":["Exordium","TheCity","TheBeyond"],"potions_floor_usage":[50,50],"damage_taken":[{"damage":0.0,"enemies":"Jaw Worm","floor":1.0,"turns":3.0},{"damage":0.0,"enemies":"Small Slimes","floor":3.0,"turns":3.0},{"damage":0.0,"enemies":"Cultist","floor":4.0,"turns":3.0},{"damage":1.0,"enemies":"Lagavulin","floor":7.0,"turns":7.0},{"damage":10.0,"enemies":"Gremlin Gang","floor":10.0,"turns":2.0},{"damage":0.0,"enemies":"Large Slime","floor":11.0,"turns":4.0},{"damage":0.0,"enemies":"3 Louse","floor":13.0,"turns":2.0},{"damage":0.0,"enemies":"Exordium Wildlife","floor":14.0,"turns":2.0},{"damage":0.0,"enemies":"Slime Boss","floor":16.0,"turns":5.0},{"damage":11.0,"enemies":"2 Thieves","floor":18.0,"turns":2.0},{"damage":0.0,"enemies":"3 Byrds","floor":19.0,"turns":2.0},{"damage":11.0,"enemies":"Snake Plant","floor":21.0,"turns":4.0},{"damage":13.0,"enemies":"Chosen and Byrds","floor":22.0,"turns":6.0},{"damage":6.0,"enemies":"Slavers","floor":24.0,"turns":5.0},{"damage":11.0,"enemies":"Centurion and Healer","floor":25.0,"turns":3.0},{"damage":0.0,"enemies":"3 Cultists","floor":27.0,"turns":3.0},{"damage":0.0,"enemies":"Snake Plant","floor":28.0,"turns":4.0},{"damage":0.0,"enemies":"Book of Stabbing","floor":29.0,"turns":4.0},{"damage":0.0,"enemies":"Masked Bandits","floor":30.0,"turns":2.0},{"damage":0.0,"enemies":"Champ","floor":33.0,"turns":8.0},{"damage":0.0,"enemies":"3 Shapes","floor":35.0,"turns":2.0},{"damage":2.0,"enemies":"Orb Walker","floor":36.0,"turns":4.0},{"damage":7.0,"enemies":"3 Darklings","floor":39.0,"turns":3.0},{"damage":25.0,"enemies":"Giant Head","floor":41.0,"turns":8.0},{"damage":0.0,"enemies":"4 Shapes","floor":42.0,"turns":5.0},{"damage":0.0,"enemies":"Jaw Worm Horde","floor":48.0,"turns":4.0},{"damage":0,"enemies":"Time Eater","floor":50,"turns":10}],"seed_played":"1970842321952024564","potions_obtained":[{"floor":3.0,"key":"PowerPotion"},{"floor":4.0,"key":"SneckoOil"},{"floor":7.0,"key":"AttackPotion"},{"floor":11.0,"key":"EntropicBrew"},{"floor":18.0,"key":"GamblersBrew"},{"floor":24.0,"key":"Ancient Potion"},{"floor":33.0,"key":"LiquidMemories"},{"floor":42.0,"key":"FocusPotion"}],"is_trial":false,"path_per_floor":["M","?","M","M","?","R","E","R","T","M","M","R","M","M","R","B",null,"M","M","$","M","M","R","E","M","T","M","M","E","?","?","R","B",null,"M","M","$","?","M","R","E","M","T","R","?","$","R","M","R","B",null],"character_chosen":"DEFECT","items_purchased":["CultistPotion","Panache"],"campfire_rested":0,"item_purchase_floors":[20,37],"current_hp_per_floor":[64,64,64,64,64,64,63,63,63,53,53,53,53,53,53,53,67,56,56,56,45,32,32,26,15,15,15,15,15,15,15,15,15,30,30,28,35,35,28,28,3,3,3,3,3,18,18,18,18,18],"gold":92,"neow_bonus":"ONE_RARE_RELIC","is_daily":false,"chose_seed":false,"campfire_upgraded":10,"win_rate":0.0,"timestamp":1612786146,"path_taken":["M","?","M","M","?","R","E","R","T","M","M","R","?","M","R","BOSS","M","M","$","M","M","R","E","M","T","M","?","E","?","?","R","BOSS","M","M","$","?","M","R","E","M","T","R","?","$","R","M","R","BOSS"],"items_purchased_type":["Potion","Card"],"build_version":"2020-12-22","purchased_purges":3,"victory":true,"max_hp_per_floor":[71,71,71,71,71,71,71,71,71,71,71,71,71,71,71,71,71,71,71,71,71,71,71,71,71,71,71,71,71,71,35,35,35,35,35,35,35,35,35,35,35,35,35,35,33,33,33,33,33,33],"card_choices":[{"not_picked":["Fusion","FTL"],"picked":"Steam","floor":1.0},{"not_picked":["Stack","Redo"],"picked":"Sweeping Beam","floor":3.0},{"not_picked":["Double Energy","Redo"],"picked":"Reinforced Body","floor":4.0},{"not_picked":["Steam","Reinforced Body"],"picked":"Rip and Tear","floor":7.0},{"not_picked":["Hologram","Sweeping Beam"],"picked":"Turbo","floor":10.0},{"not_picked":["Machine Learning","Cold Snap"],"picked":"Gash","floor":11.0},{"not_picked":["Doom and Gloom","BootSequence"],"picked":"Coolheaded","floor":13.0},{"not_picked":["Rip and Tear","Barrage"],"picked":"Gash","floor":14.0},{"not_picked":["Amplify","Seek"],"picked":"Electrodynamics","floor":16.0},{"not_picked":["Consume","Gash"],"picked":"Hologram+1","floor":18.0},{"not_picked":["Rebound","Steam+1"],"picked":"Machine Learning","floor":19.0},{"not_picked":["Lockon","Aggregate","Redo"],"picked":"SKIP","floor":21.0},{"not_picked":["Ball Lightning","Redo"],"picked":"Leap","floor":22.0},{"not_picked":["Sweeping Beam+1","Compile Driver"],"picked":"Gash+1","floor":24.0},{"not_picked":["Blizzard","Gash+1"],"picked":"Go for the Eyes+1","floor":25.0},{"not_picked":["Beam Cell","Steam"],"picked":"Coolheaded+1","floor":27.0},{"not_picked":["Storm","Conserve Battery"],"picked":"Seek","floor":28.0},{"not_picked":["Leap","Ball Lightning","Rip and Tear"],"picked":"SKIP","floor":29.0},{"not_picked":["Barrage","Stack"],"picked":"Rebound","floor":30.0},{"not_picked":["Amplify","Rainbow"],"picked":"Seek","floor":33.0},{"not_picked":["Redo","Streamline","Hologram"],"picked":"SKIP","floor":35.0},{"not_picked":["Gash+1","Cold Snap"],"picked":"Defragment","floor":36.0},{"not_picked":["Stack+1","Reinforced Body"],"picked":"Defragment","floor":39.0},{"not_picked":["Skim","Redo"],"picked":"Coolheaded+1","floor":41.0},{"not_picked":["Lockon","Rip and Tear"],"picked":"Recycle","floor":42.0},{"not_picked":["Barrage","Go for the Eyes","Cold Snap"],"picked":"SKIP","floor":48.0}],"player_experience":1481215,"relics_obtained":[{"floor":7.0,"key":"Gambling Chip"},{"floor":9.0,"key":"Shuriken"},{"floor":24.0,"key":"Whetstone"},{"floor":26.0,"key":"InkBottle"},{"floor":29.0,"key":"MealTicket"},{"floor":30.0,"key":"Red Mask"},{"floor":41.0,"key":"Pen Nib"},{"floor":43.0,"key":"Akabeko"}],"event_choices":[{"damage_healed":0.0,"max_hp_gain":0.0,"max_hp_loss":0.0,"gold_gain":0.0,"cards_transformed":["Defend_B"],"event_name":"Living Wall","player_choice":"Change","floor":2.0,"gold_loss":0.0,"damage_taken":0.0,"cards_obtained":["All For One"]},{"cards_removed":["Strike_B"],"damage_healed":0.0,"max_hp_gain":0.0,"max_hp_loss":0.0,"gold_gain":0.0,"event_name":"Purifier","player_choice":"Purged","floor":5.0,"gold_loss":0.0,"damage_taken":0.0},{"damage_healed":0.0,"max_hp_gain":0.0,"max_hp_loss":0.0,"gold_gain":0.0,"event_name":"Masked Bandits","player_choice":"Fought Bandits","floor":30.0,"gold_loss":0.0,"damage_taken":0.0},{"damage_healed":0.0,"max_hp_gain":0.0,"max_hp_loss":36.0,"gold_gain":0.0,"event_name":"Ghosts","player_choice":"Became a Ghost","floor":31.0,"gold_loss":0.0,"damage_taken":0.0,"cards_obtained":["Ghostly","Ghostly","Ghostly"]},{"cards_removed":["Sweeping Beam"],"damage_healed":0.0,"max_hp_gain":0.0,"max_hp_loss":0.0,"gold_gain":0.0,"event_name":"Falling","player_choice":"Removed Attack","floor":38.0,"gold_loss":0.0,"damage_taken":0.0},{"damage_healed":0.0,"max_hp_gain":0.0,"max_hp_loss":2.0,"gold_gain":0.0,"event_name":"Winding Halls","player_choice":"Max HP","floor":45.0,"gold_loss":0.0,"damage_taken":0.0}],"is_beta":false,"boss_relics":[{"not_picked":["Sozu","Nuclear Battery"],"picked":"Runic Pyramid"},{"not_picked":["Astrolabe","Cursed Key"],"picked":"Inserter"}],"items_purged_floors":[20,37,46],"is_endless":false,"potions_floor_spawned":[3,4,7,11,13,18,24,28,29,33,35,36,42],"ascension_level":19}}