{"host":"w2kjv12xyhtt0cv2","time":1612791276,"event":{"mods":["100% Spire Juice","Act Like it!","BaseMod","Colored Map","Friendly Minions","Gensokyo","GifTheSpireLib","Highlight Path","Hubris","Marisa（F雨　魔理沙）","Minty Spire (QoL Compilation)","Prisma Mod","Quick Restart","Reimu（博丽灵梦）","Relic Stats","Reliquary","Replay The Spire","Robot Space Explorer","RumiaBox-露米娅的神秘盒子","Shop Mod","Spicy Shops","StSLib","The Bug Knight","The Cursed","The Dragon Tamer","The Servant 0.9.4","UnlockEverythingMod","Waifu the Spire","[功能]功能增强和修复MOD","【功能Mod】Neow奖励","【遗物卡牌】REMEMod","没有小屋子和绿帽子啦"],"gold_per_floor":[119,219,219,219,3,3,36,36,117,117,151,165,191,208,208,321,321,344,344,344,374,324,376,376,419,419,459,459,477,477],"floor_reached":29,"language":"ZHS","playtime":1478,"items_purged":["TheCursedMod:SpreadPlague"],"score":459,"play_id":"6c757da4-9951-4ecf-88ac-410cd74c289a","local_time":"20210208213436","is_ascension_mode":true,"campfire_choices":[{"data":"TheCursedMod:CleanUpWorkshop","floor":6.0,"key":"SMITH"},{"data":"TheCursedMod:VitalStrike","floor":10.0,"key":"SMITH"},{"data":"TheCursedMod:LuckyCharm","floor":15.0,"key":"SMITH"}],"circlet_count":0,"master_deck":["AscendersBane","TheCursedMod:CursedWand","TheCursedMod:CleanUpWorkshop+1","TheCursedMod:Dregs","PrismaMod:IllyaInstallLancer","TheCursedMod:SurpriseAttack","TheCursedMod:SpitefulStrike","TheCursedMod:SoulCrush+1","TheCursedMod:VitalStrike+1","TheCursedMod:VoidForm+1","TheCursedMod:Hemoplague","TheCursedMod:Torture","Injury","TheCursedMod:AbyssShockwave","TheCursedMod:LuckyCharm+1","TheCursedMod:TroublousMinions","TheCursedMod:ShockAndAwe","TheCursedMod:Mangle","TheCursedMod:CursedBlade+1","TheCursedMod:AshesToAshes+1","TheCursedMod:SpitefulPray"],"relics":["REME_ComplimentaryCards","Pandora\u0027s Box","Orichalcum","hubris:Towel","Guide Book","reliquary:PartyBalloon","reliquary:JackalopeAntler","Quantum Egg","Replay:Bandana","SoulBox","hubris:Icosahedron","hubris:GlazedTorus","reliquary:RoseTintedGlasses","hubris:TinFlute","CrazyTorch:ReiMu","Gremlin Food","Gensokyo:UndefinedDarkness"],"acts_visited":["Gensokyo:Gensokyo","Gensokyo:Gensokyoer"],"potions_floor_usage":[29],"damage_taken":[{"damage":10.0,"enemies":"Gensokyo:Python","floor":1.0,"turns":4.0},{"damage":1.0,"enemies":"Gensokyo:Mamizou","floor":7.0,"turns":7.0},{"damage":6.0,"enemies":"Gensokyo:Cirno","floor":11.0,"turns":6.0},{"damage":0.0,"enemies":"Gensokyo:3_Fairies","floor":12.0,"turns":4.0},{"damage":14.0,"enemies":"Gensokyo:Aya","floor":13.0,"turns":4.0},{"damage":3.0,"enemies":"Gensokyo:2_Kodama","floor":14.0,"turns":2.0},{"damage":28.0,"enemies":"Gensokyo:Reimu","floor":16.0,"turns":7.0},{"damage":2.0,"enemies":"Gensokyo:CosmicMonolith","floor":18.0,"turns":5.0},{"damage":14.0,"enemies":"Gensokyo:3_Dogs","floor":21.0,"turns":4.0},{"damage":8.0,"enemies":"Gensokyo:Reisen","floor":23.0,"turns":4.0},{"damage":1,"enemies":"Gensokyo:Tenshi","floor":25,"turns":3},{"damage":2,"enemies":"Gensokyo:Koishi","floor":27,"turns":4},{"damage":45,"enemies":"Gensokyo:Tenshi","floor":29,"turns":5}],"seed_played":"1358644849629931299","potions_obtained":[{"floor":12.0,"key":"SteroidPotion"},{"floor":13.0,"key":"Strength Potion"},{"floor":16.0,"key":"PowerPotion"},{"floor":21.0,"key":"Dexterity Potion"},{"floor":27,"key":"AttackPotion"}],"is_trial":false,"path_per_floor":["M","?","?","?","$","R","E","?","T","R","E","M","E","M","R","B",null,"M","?","?","M","$","E","?","E","T","E","?","E"],"character_chosen":"THE_CURSED","items_purchased":["Guide Book","TheCursedMod:AshesToAshes+1"],"campfire_rested":0,"item_purchase_floors":[5,22],"current_hp_per_floor":[54,54,54,54,54,54,53,53,53,53,47,47,33,30,30,2,54,52,52,52,38,38,30,30,29,29,27,27,0,0],"gold":477,"neow_bonus":"BOSS_RELIC","is_daily":false,"chose_seed":false,"campfire_upgraded":3,"win_rate":0.0,"timestamp":1612791276,"path_taken":["M","?","?","?","$","R","E","?","T","R","E","M","E","M","R","BOSS","M","?","?","?","?","E","?","E","T","E","?","E"],"items_purchased_type":["Relic","Card"],"build_version":"2020-12-22","purchased_purges":1,"victory":false,"max_hp_per_floor":[71,71,71,71,71,71,71,71,71,71,71,71,71,71,71,71,71,71,71,64,64,64,64,64,64,64,64,64,64,64],"relic_stats":{"counters":[13,59],"Pandora\u0027s Box":["TheCursedMod:SurpriseAttack","TheCursedMod:SpreadPlague","TheCursedMod:SpitefulStrike","TheCursedMod:SoulCrush","TheCursedMod:VitalStrike","TheCursedMod:VoidForm","TheCursedMod:Hemoplague","TheCursedMod:Torture"],"Orichalcum":[138],"obtain_stats":[{"Gremlin Food":27,"TheCursedMod:BlackMagic101":0,"reliquary:PartyBalloon":7,"Guide Book":5,"Quantum Egg":11,"Gensokyo:UndefinedDarkness":28,"SoulBox":17,"Orichalcum":3,"hubris:Towel":4,"reliquary:JackalopeAntler":9,"Frozen Eye":27,"Replay:Bandana":13,"hubris:Icosahedron":19,"CrazyTorch:ReiMu":26,"Pandora\u0027s Box":0,"reliquary:RoseTintedGlasses":23,"hubris:TinFlute":25,"REME_ComplimentaryCards":0,"hubris:GlazedTorus":20},{"Gremlin Food":12,"TheCursedMod:BlackMagic101":0,"reliquary:PartyBalloon":2,"Guide Book":1,"Quantum Egg":3,"Gensokyo:UndefinedDarkness":12,"SoulBox":7,"Orichalcum":1,"hubris:Towel":1,"reliquary:JackalopeAntler":2,"Frozen Eye":11,"Replay:Bandana":5,"hubris:Icosahedron":8,"CrazyTorch:ReiMu":11,"Pandora\u0027s Box":0,"reliquary:RoseTintedGlasses":10,"hubris:TinFlute":11,"REME_ComplimentaryCards":0,"hubris:GlazedTorus":8},{"Gremlin Food":54,"TheCursedMod:BlackMagic101":0,"reliquary:PartyBalloon":11,"Guide Book":4,"Quantum Egg":17,"Gensokyo:UndefinedDarkness":54,"SoulBox":34,"Orichalcum":4,"hubris:Towel":4,"reliquary:JackalopeAntler":11,"Frozen Eye":50,"Replay:Bandana":25,"hubris:Icosahedron":39,"CrazyTorch:ReiMu":50,"Pandora\u0027s Box":0,"reliquary:RoseTintedGlasses":47,"hubris:TinFlute":50,"REME_ComplimentaryCards":0,"hubris:GlazedTorus":39}]},"card_choices":[{"not_picked":["TheCursedMod:SpitefulStrike","TheCursedMod:CursedMace","TheCursedMod:CircleOfCorruption"],"picked":"SKIP","floor":1.0},{"not_picked":["TheCursedMod:Evocation","TheCursedMod:Torture","TheCursedMod:Wield"],"picked":"SKIP","floor":7.0},{"not_picked":["TheCursedMod:PrepareRite","TheCursedMod:ReleasedKnowledge"],"picked":"TheCursedMod:AbyssShockwave","floor":11.0},{"not_picked":["TheCursedMod:RavingStaff","TheCursedMod:Evocation"],"picked":"TheCursedMod:LuckyCharm","floor":12.0},{"not_picked":["TheCursedMod:Torture","TheCursedMod:ManaBullet","TheCursedMod:AbyssShockwave"],"picked":"SKIP","floor":13.0},{"not_picked":["TheCursedMod:VitalStrike","TheCursedMod:ManaBullet"],"picked":"TheCursedMod:TroublousMinions","floor":14.0},{"not_picked":["TheCursedMod:ManaCirculation","TheCursedMod:OutForBlood"],"picked":"TheCursedMod:ShockAndAwe","floor":16.0},{"not_picked":["TheCursedMod:RavingStaff","TheCursedMod:WearCloak"],"picked":"TheCursedMod:Mangle","floor":18.0},{"not_picked":["TheCursedMod:CircleOfCorruption","TheCursedMod:CircleOfAmplification"],"picked":"TheCursedMod:CursedBlade+1","floor":21.0},{"not_picked":["TheCursedMod:RavingStaff+1","TheCursedMod:AshesToAshes","TheCursedMod:ParallelWorld"],"picked":"SKIP","floor":23.0},{"not_picked":["TheCursedMod:TroublousMinions","TheCursedMod:CircleOfFlame"],"picked":"TheCursedMod:SpitefulPray","floor":25},{"not_picked":["TheCursedMod:AshesToAshes","TheCursedMod:CircleOfAmplification","TheCursedMod:FleshFromBone"],"picked":"SKIP","floor":27}],"player_experience":214214,"relics_obtained":[{"floor":7.0,"key":"reliquary:PartyBalloon"},{"floor":9.0,"key":"reliquary:JackalopeAntler"},{"floor":11.0,"key":"Quantum Egg"},{"floor":13.0,"key":"Replay:Bandana"},{"floor":23.0,"key":"reliquary:RoseTintedGlasses"},{"floor":25,"key":"hubris:TinFlute"},{"floor":26,"key":"CrazyTorch:ReiMu"},{"floor":27,"key":"Gremlin Food"}],"event_choices":[],"is_beta":false,"boss_relics":[{"not_picked":["REME_ChargedStone","REME_DuelDisc"],"picked":"SoulBox"}],"items_purged_floors":[5],"is_endless":false,"potions_floor_spawned":[12,13,16,21,27],"killed_by":"Gensokyo:Tenshi","ascension_level":16}}