{"host":"xp27heuvanyklt0b","time":1612785756,"event":{"mods":["100% Spire Juice","BaseMod","CapriCore","Koishi","Lobotomy","Minty Spire (QoL Compilation)","StSLib","The Immortal"],"gold_per_floor":[118,128,144,162,177,207,220,220,220,220,220,179,213,231,231,326,326,348,6,6,6,6,6,6,6,6],"floor_reached":25,"language":"KOR","playtime":965,"items_purged":["Koishi:BasicStrike"],"score":234,"play_id":"452bd667-907d-4157-9bd2-b406ace9a332","local_time":"20210208210236","is_ascension_mode":true,"campfire_choices":[{"floor":8,"key":"REST"},{"data":"1","floor":11,"key":"LIFT"},{"floor":15,"key":"REST"},{"data":"2","floor":23,"key":"LIFT"}],"circlet_count":0,"master_deck":["Koishi:BasicStrike","Koishi:BasicStrike","Koishi:BasicStrike","Koishi:BasicDefend","Koishi:BasicDefend","Koishi:BasicDefend","Koishi:BasicDefend","Koishi:Provoke","Koishi:HauntingSlash","Koishi:CatchAndRose","Koishi:Untouchable","Koishi:EmbryosDream","Koishi:MassHysteria","Koishi:BloodcurdlingScream","Koishi:FidgetySnatcher","Koishi:ApparitionsStalkTheNight","Koishi:DreadfulBlow","Koishi:Catatonia","Koishi:Ego","CurseOfTheBell","Koishi:RorschachInDanmaku","J.A.X."],"relics":["Koishi:ImaginaryFriend","NeowsBlessing","Incense Burner","Girya","Smiling Mask","Calling Bell","MawBank","StrikeDummy","Mango","Unceasing Top"],"acts_visited":["Exordium","TheCity"],"potions_floor_usage":[16,22,25],"damage_taken":[{"damage":0,"enemies":"Jaw Worm","floor":1,"turns":1},{"damage":0,"enemies":"2 Louse","floor":2,"turns":1},{"damage":1,"enemies":"Small Slimes","floor":3,"turns":2},{"damage":1,"enemies":"Exordium Wildlife","floor":4,"turns":8},{"damage":9,"enemies":"Looter","floor":5,"turns":5},{"damage":23,"enemies":"Gremlin Nob","floor":6,"turns":5},{"damage":9,"enemies":"Red Slaver","floor":7,"turns":4},{"damage":19,"enemies":"Lagavulin","floor":13,"turns":11},{"damage":12,"enemies":"Blue Slaver","floor":14,"turns":5},{"damage":25,"enemies":"The Guardian","floor":16,"turns":16},{"damage":36,"enemies":"Shell Parasite","floor":18,"turns":10},{"damage":0,"enemies":"2 Thieves","floor":22,"turns":1},{"damage":60,"enemies":"Book of Stabbing","floor":25,"turns":8}],"seed_played":"-7216302728322809377","potions_obtained":[{"floor":2,"key":"EssenceOfSteel"},{"floor":4,"key":"SmokeBomb"},{"floor":6,"key":"FearPotion"},{"floor":16,"key":"Regen Potion"},{"floor":18,"key":"Dexterity Potion"}],"is_trial":false,"path_per_floor":["M","M","M","M","M","E","M","R","T","?","R","?","E","M","R","B",null,"M","$","?","?","M","R","$","E"],"character_chosen":"KOISHI","items_purchased":["Unceasing Top"],"campfire_rested":2,"item_purchase_floors":[19],"current_hp_per_floor":[60,60,59,60,52,30,22,40,40,40,40,40,24,15,33,11,74,41,41,41,41,41,41,41,0,0],"gold":6,"neow_bonus":"THREE_ENEMY_KILL","is_daily":false,"chose_seed":false,"campfire_upgraded":0,"win_rate":0.0,"timestamp":1612785756,"path_taken":["M","M","M","M","M","E","M","R","T","?","R","?","E","M","R","BOSS","M","$","?","?","M","R","?","E"],"items_purchased_type":["Relic"],"build_version":"2020-12-22","purchased_purges":1,"victory":false,"max_hp_per_floor":[60,60,60,60,60,60,60,60,60,60,60,60,60,60,60,60,74,74,74,74,74,74,74,74,74,74],"card_choices":[{"not_picked":["Koishi:UnconsciousUprising","Koishi:Possession"],"picked":"Koishi:CatchAndRose","floor":1},{"not_picked":["Koishi:RacingHeart","Koishi:SubconsciousSweep"],"picked":"Koishi:Untouchable","floor":2},{"not_picked":["Koishi:HeartfeltFancy","Koishi:StingingMind"],"picked":"Koishi:EmbryosDream","floor":3},{"not_picked":["Koishi:ParalyzingFear","Koishi:StingingMind"],"picked":"Koishi:MassHysteria","floor":4},{"not_picked":["Koishi:MassHysteria","Koishi:SpiritedAway"],"picked":"Koishi:BloodcurdlingScream","floor":5},{"not_picked":["Koishi:DanmakuParanoia","Koishi:JumpScare"],"picked":"Koishi:FidgetySnatcher","floor":6},{"not_picked":["Koishi:HeartfeltFancy","Koishi:PhantomBarrier"],"picked":"Koishi:ApparitionsStalkTheNight","floor":7},{"not_picked":["Koishi:MassHysteria","Koishi:RacingHeart"],"picked":"Koishi:DreadfulBlow","floor":13},{"not_picked":["Koishi:SubconsciousSweep","Koishi:FourthEye"],"picked":"Koishi:Catatonia","floor":14},{"not_picked":["Koishi:SilentAndRestless","Koishi:FormlessExistence"],"picked":"Koishi:Ego","floor":16},{"not_picked":["Koishi:CatchAndRose+1","Koishi:Catatonia+1"],"picked":"Koishi:RorschachInDanmaku","floor":18}],"player_experience":178992,"relics_obtained":[{"floor":6,"key":"Incense Burner"},{"floor":9,"key":"Girya"},{"floor":13,"key":"Smiling Mask"},{"floor":17,"key":"MawBank"},{"floor":17,"key":"StrikeDummy"},{"floor":17,"key":"Mango"}],"event_choices":[{"damage_healed":0,"gold_gain":0,"player_choice":"Ignored","damage_taken":0,"max_hp_gain":0,"max_hp_loss":0,"event_name":"Liars Game","floor":10,"gold_loss":0},{"damage_healed":0,"gold_gain":0,"player_choice":"Left Gold","damage_taken":0,"max_hp_gain":0,"max_hp_loss":0,"event_name":"World of Goop","floor":12,"gold_loss":41},{"damage_healed":0,"gold_gain":0,"player_choice":"Ignored","damage_taken":0,"max_hp_gain":0,"max_hp_loss":0,"event_name":"Ghosts","floor":20,"gold_loss":0},{"damage_healed":0,"gold_gain":0,"player_choice":"Obtain J.A.X.","damage_taken":0,"max_hp_gain":0,"max_hp_loss":0,"event_name":"Drug Dealer","floor":21,"gold_loss":0,"cards_obtained":["J.A.X."]}],"is_beta":false,"boss_relics":[{"not_picked":["Black Star","Cursed Key"],"picked":"Calling Bell"}],"items_purged_floors":[19],"is_endless":false,"potions_floor_spawned":[2,4,6,7,16,18],"killed_by":"Book of Stabbing","ascension_level":2}}