{"host":"sad04l3m69qtnhom","time":1612784257,"event":{"mods":["AchievementEnabler","BaseMod","Colored Map","Colored Powertips","DeckTracker","Highlight Path","Minty Spire (QoL Compilation)","Permanent Neow","Quick Restart","SuperFastMode","everything is the same but u backflip on backflip"],"gold_per_floor":[15,35,35,35,35,67,67],"floor_reached":6,"language":"KOR","playtime":209,"items_purged":[],"score":57,"play_id":"27ad369e-b80a-43e1-bf47-370ad20bbba8","local_time":"20210208203737","is_ascension_mode":true,"campfire_choices":[],"circlet_count":0,"master_deck":["Strike_B","Strike_B","Strike_B","Defend_B","Defend_B","Defend_B","Defend_B","Zap","Dualcast","Thunder Strike","Leap","Barrage"],"relics":["Cracked Core","Tiny Chest"],"acts_visited":["Exordium"],"potions_floor_usage":[6],"damage_taken":[{"damage":0,"enemies":"2 Louse","floor":1,"turns":1},{"damage":6,"enemies":"Cultist","floor":2,"turns":4},{"damage":36,"enemies":"Gremlin Nob","floor":6,"turns":4}],"seed_played":"7925056153423086528","potions_obtained":[{"floor":1,"key":"PotionOfCapacity"},{"floor":2,"key":"FearPotion"},{"floor":6,"key":"DistilledChaos"}],"is_trial":false,"path_per_floor":["M","M","?","$","?","E"],"character_chosen":"DEFECT","items_purchased":[],"campfire_rested":0,"item_purchase_floors":[],"current_hp_per_floor":[68,62,62,62,62,26,26],"gold":67,"neow_bonus":"THREE_RARE_CARDS","is_daily":false,"chose_seed":false,"campfire_upgraded":0,"win_rate":0.0,"timestamp":1612784257,"path_taken":["M","M","?","?","?","E"],"items_purchased_type":[],"build_version":"2020-12-22","purchased_purges":0,"victory":false,"max_hp_per_floor":[75,75,75,75,75,75,75],"card_choices":[{"not_picked":["Core Surge","Machine Learning"],"picked":"Thunder Strike","floor":0},{"not_picked":["Hello World","Hologram"],"picked":"Leap","floor":1},{"not_picked":["Compile Driver","Lockon"],"picked":"Barrage","floor":2},{"not_picked":["Beam Cell","Leap","Undo"],"picked":"SKIP","floor":6}],"player_experience":269732,"relics_obtained":[{"floor":6,"key":"Tiny Chest"}],"event_choices":[{"cards_removed":["Strike_B"],"damage_healed":0,"gold_gain":0,"player_choice":"Offered Basic","damage_taken":0,"max_hp_gain":0,"max_hp_loss":0,"event_name":"Bonfire Elementals","floor":3,"gold_loss":0},{"damage_healed":0,"gold_gain":0,"player_choice":"0 cards matched","damage_taken":0,"max_hp_gain":0,"max_hp_loss":0,"event_name":"Match and Keep!","floor":5,"gold_loss":0,"cards_obtained":[]}],"is_beta":false,"boss_relics":[],"items_purged_floors":[],"is_endless":false,"potions_floor_spawned":[1,2,6],"killed_by":"Gremlin Nob","ascension_level":6}}