{"host":"13ii7kifcsv20hya","time":1612777583,"event":{"mods":["BaseMod","Downfall","Hermit","Minty Spire (QoL Compilation)","Replay The Spire","StSLib","The Cursed"],"gold_per_floor":[182,193,210,210,210,38,38,62,75,75,91,91,28,46,72,83,179,179,179,179,194,23,23,80,127,127,127,127,127,148,148,177,203,207,207,207],"floor_reached":34,"language":"ENG","playtime":1755,"items_purged":[],"score":265,"play_id":"419ef8ee-db9b-4a42-b962-d7e31094b364","local_time":"20210208104623","is_ascension_mode":false,"campfire_choices":[{"data":"Slimebound:Split","floor":7,"key":"SMITH"},{"data":"Slimebound:LeechEnergy","floor":10,"key":"SMITH"},{"data":"Pain","floor":19,"key":"PURGE"},{"floor":29,"key":"REST"}],"circlet_count":0,"master_deck":["Slimebound:Tackle","Slimebound:Defend_Slimebound","Slimebound:Defend_Slimebound","Slimebound:Defend_Slimebound","Slimebound:Defend_Slimebound","Slimebound:Split+1","Slimebound:CorrosiveSpit","Slimebound:SplitMire+1","Slimebound:LeadByExample+1","Slimebound:LeechEnergy+1","Slimebound:ItLooksTasty","Slimebound:MassFeed","Slimebound:SplitMire+1","Slimebound:ForwardTackle","Slimebound:MinionMaster","Slimebound:Repurpose","Slimebound:SlimeBrawl","Slimebound:Tackle+1","Slimebound:Tackle+1","Slimebound:Tackle+1","Pride","Slimebound:Nibble"],"relics":["Slimebound:AbsorbEndCombat","WingedGreaves","Vajra","Replay:Mystery Machine","Smiling Mask","Slimebound:TarBlob","PreservedInsect","Ice Cream","MealTicket","Replay:Bandana","Boot"],"acts_visited":["Exordium","TheCity"],"potions_floor_usage":[17,33,34,34],"damage_taken":[{"damage":8,"enemies":"2 Louse","floor":2,"turns":2},{"damage":7,"enemies":"Cultist","floor":3,"turns":4},{"damage":11,"enemies":"downfall:FleeingMerchant","floor":6,"turns":4},{"damage":12,"enemies":"Jaw Worm","floor":9,"turns":3},{"damage":22,"enemies":"Exordium Wildlife","floor":11,"turns":4},{"damage":27,"enemies":"downfall:FleeingMerchant","floor":13,"turns":4},{"damage":18,"enemies":"Gremlin Gang","floor":14,"turns":4},{"damage":4,"enemies":"2 Fungi Beasts","floor":16,"turns":3},{"damage":22,"enemies":"IC_STATUS_ARCHETYPE","floor":17,"turns":6},{"damage":22,"enemies":"Chosen","floor":21,"turns":5},{"damage":29,"enemies":"downfall:FleeingMerchant","floor":22,"turns":4},{"damage":16,"enemies":"downfall:FleeingMerchant","floor":24,"turns":3},{"damage":6,"enemies":"Spheric Guardian","floor":30,"turns":2},{"damage":31,"enemies":"Shelled Parasite and Fungi","floor":32,"turns":3},{"damage":25,"enemies":"Centurion and Healer","floor":33,"turns":4},{"damage":11,"enemies":"DF_ARCHETYPE_CLAW","floor":34,"turns":2}],"seed_played":"2491079168474603260","potions_obtained":[{"floor":9,"key":"EssenceOfSteel"},{"floor":14,"key":"Toxic Potion"},{"floor":16,"key":"Weak Potion"},{"floor":17,"key":"sneckomod:MuddlingPotion"},{"floor":23,"key":"CultistPotion"},{"floor":31,"key":"downfall:CursedFountainPotion"}],"is_trial":false,"path_per_floor":["R","M","M","?","?","$","R","T","M","R","M","?","$","M","T","M","B",null,"R","?","M","$","?","$","T","?","?","T","R","M","?","M","M","B"],"character_chosen":"SLIMEBOUND","items_purchased":["Vajra","Slimebound:SplitMire","PreservedInsect","Ice Cream"],"campfire_rested":1,"item_purchase_floors":[6,13,22,24],"current_hp_per_floor":[65,59,56,56,56,53,53,53,47,47,29,50,31,30,30,35,21,77,77,77,57,36,36,26,26,26,26,26,49,45,45,26,9,0,0,0],"gold":207,"neow_bonus":"ONE_RARE_RELIC","is_daily":false,"chose_seed":false,"campfire_upgraded":2,"win_rate":0.0,"timestamp":1612777583,"path_taken":["R","M","M","?","?","$","R","T","M","R","?","?","$","M","?","M","BOSS","R","?","?","$","?","$","T","?","?","?","R","?","?","M","M","BOSS"],"items_purchased_type":["Relic","Card","Relic","Relic"],"build_version":"2020-12-22","purchased_purges":0,"victory":false,"max_hp_per_floor":[65,65,65,65,65,65,65,65,65,65,65,65,65,74,74,77,77,77,77,77,77,77,77,77,77,77,77,77,77,77,77,83,83,83,83,83],"card_choices":[{"not_picked":["Slimebound:AcidTongue","Slimebound:Dissolve"],"picked":"Slimebound:SplitMire","floor":2},{"not_picked":["Slimebound:SplitBruiser","Slimebound:LivingWall"],"picked":"Slimebound:LeadByExample","floor":3},{"not_picked":["Slimebound:SlimeSpikes","Slimebound:LivingWall"],"picked":"Slimebound:LeechEnergy","floor":6},{"not_picked":["Slimebound:SplitAcid","Slimebound:GoopTackle","Slimebound:TongueLash"],"picked":"SKIP","floor":9},{"not_picked":["Slimebound:LeechEnergy","Slimebound:Prepare"],"picked":"Slimebound:ItLooksTasty","floor":11},{"not_picked":["Slimebound:FinishingTackle","Slimebound:SlimeSpikes"],"picked":"Slimebound:MassFeed","floor":13},{"not_picked":["Slimebound:SplitLeeching","Slimebound:GrowthPunch","Slimebound:GoopTackle"],"picked":"SKIP","floor":14},{"not_picked":["Slimebound:SlimeSpikes","Slimebound:FormOfPuddle"],"picked":"Slimebound:ForwardTackle","floor":16},{"not_picked":["Slimebound:LeechLife","Slimebound:FirmFortitude"],"picked":"Slimebound:MinionMaster","floor":17},{"not_picked":["Slimebound:SlimeBarrage","Slimebound:ProtectTheBoss"],"picked":"Slimebound:Repurpose","floor":21},{"not_picked":["Slimebound:LevelUp","Slimebound:HauntingLick","Slimebound:Dissolve"],"picked":"SKIP","floor":22},{"not_picked":["Slimebound:Schlurp+1","Slimebound:ComboTackle"],"picked":"Slimebound:SlimeBrawl","floor":24},{"not_picked":["Slimebound:SplitLeeching","Slimebound:LeechEnergy","Slimebound:RollThrough"],"picked":"SKIP","floor":30},{"not_picked":["Slimebound:GoopTackle","Slimebound:Repurpose"],"picked":"Slimebound:Nibble","floor":32},{"not_picked":["Slimebound:TongueLash","Slimebound:RollThrough","Slimebound:Repurpose"],"picked":"SKIP","floor":33}],"player_experience":137923,"relics_obtained":[{"floor":8,"key":"Replay:Mystery Machine"},{"floor":15,"key":"Smiling Mask"},{"floor":25,"key":"MealTicket"},{"floor":28,"key":"Boot"}],"event_choices":[{"cards_removed":["ReplayTheSpireMod:Splinters"],"damage_healed":0,"gold_gain":0,"player_choice":"Card Removal","damage_taken":0,"max_hp_gain":0,"max_hp_loss":0,"event_name":"The Cleric","floor":4,"gold_loss":0},{"damage_healed":21,"gold_gain":0,"player_choice":"Banana","damage_taken":0,"max_hp_gain":0,"max_hp_loss":0,"event_name":"Big Fish","floor":12,"gold_loss":0},{"damage_healed":0,"gold_gain":0,"player_choice":"Forge","damage_taken":0,"max_hp_gain":0,"max_hp_loss":0,"event_name":"Accursed Blacksmith","floor":20,"gold_loss":0,"cards_upgraded":["Slimebound:SplitMire"]},{"damage_healed":0,"gold_gain":0,"player_choice":"Stole Relic","damage_taken":0,"relics_obtained":["Replay:Bandana"],"max_hp_gain":0,"max_hp_loss":0,"event_name":"Addict","floor":27,"gold_loss":0,"cards_obtained":["Pride"]}],"is_beta":false,"boss_relics":[{"not_picked":["Calling Bell","Runic Pyramid"],"picked":"Slimebound:TarBlob"}],"items_purged_floors":[],"is_endless":false,"potions_floor_spawned":[9,14,16,17,32],"killed_by":"DF_ARCHETYPE_CLAW","ascension_level":0}}