{"host":"tj6tjcyqgbd0xj5u","time":1612744358,"event":{"mods":["Aspiration","BaseMod","Better Match","BetterRewards","Challenge The Spire","Conspire","Defuse TimeMaze Blight","Dota2Spire","Downfall","Energized Spire","Evolution","GifTheSpireLib","Good Game Mod","Halation","Hubris","Hyrulean Relics","Infinite Spire","Minty Spire (QoL Compilation)","Reliquary","Replay The Spire","Reworked Bosses","Spikes Relics","StS++","StSLib","Stuff the Spire"],"gold_per_floor":[117,134,184,196,222,234,273,300,312,324,336,95,95,110,110,215,215,233,247,247,247,247,275,286,286,367,278,278,278,307,307,307],"floor_reached":31,"language":"ENG","playtime":1531,"items_purged":[],"score":452,"play_id":"7115f6bd-280f-446a-b6d1-49c75d967200","local_time":"20210207203238","is_ascension_mode":true,"campfire_choices":[{"data":"Hyperbeam","floor":11,"key":"SMITH"},{"data":"BarbarianYell","floor":13,"key":"SMITH"},{"data":"Inflame","floor":15,"key":"SMITH"},{"data":"Thunderclap","floor":25,"key":"SMITH"},{"data":"PlatinumSkin","floor":29,"key":"SMITH"}],"circlet_count":0,"master_deck":["Iron Wave","Strike_R","Strike_R","Strike_R","Strike_R","Defend_R","Defend_R","Defend_R","Defend_R","Bash","Sword Boomerang","Cleave","Voices","BarbarianYell+1","Hyperbeam+1","Inflame+1","Injury","Thunderclap+1","hubris:NaturalOne","hubris:Gluttony","conspire:ExplosiveBarrier","Pummel","Delirium","conspire:NecroticWound","hubris:Fate","Writhe","Offering","Thunderclap","Parasite","PlatinumSkin+1"],"relics":["Burning Blood","EVO:Axolotl","REME:ComplimentaryCards","NeowsBlessing","Ring of Panic","Ring of Greed","MawBank","Tiny Chest","hubris:Icosahedron","ReplayTheSpireMod:Shallot","StSpp:TwinEgg","infinitespire:Eraser","Dota2Spire:BattleFury","energizedSpire:MagnifyingGlass","StSpp:WoodenPendulum","reliquary:TatteredRug","StuffTheSpire:HeavyRock","StuffTheSpire:EmeraldSignet","Dream Catcher"],"acts_visited":["Exordium","TheCity"],"potions_floor_usage":[16,31,31],"damage_taken":[{"damage":0,"enemies":"conspire:RoseBush","floor":1,"turns":1},{"damage":0,"enemies":"2 Louse","floor":2,"turns":1},{"damage":0,"enemies":"Jaw Worm","floor":5,"turns":1},{"damage":5,"enemies":"3 Sentries","floor":7,"turns":3},{"damage":2,"enemies":"Blue Slaver","floor":8,"turns":2},{"damage":0,"enemies":"Looter","floor":14,"turns":3},{"damage":13,"enemies":"Slime Boss","floor":16,"turns":6},{"damage":19,"enemies":"3 Byrds","floor":18,"turns":3},{"damage":19,"enemies":"2 Thieves","floor":19,"turns":3},{"damage":18,"enemies":"conspire:Head Lice","floor":23,"turns":6},{"damage":18,"enemies":"3 Cultists","floor":24,"turns":4},{"damage":60,"enemies":"Gremlin Leader","floor":30,"turns":7},{"damage":43,"enemies":"Shelled Parasite and Fungi","floor":31,"turns":3}],"seed_played":"2461063459813997685","potions_obtained":[{"floor":2,"key":"ColorlessPotion"},{"floor":16,"key":"Guardian:BlockOnCardUsePotion"},{"floor":18,"key":"Dota2Spire:Clarity"},{"floor":30,"key":"Ancient Potion"}],"is_trial":false,"path_per_floor":["M","M","?","?","M","R","E","M","T","T","R","$","R","M","R","B",null,"M","M","?","T","?","E","M","R","T","$","?","R","E","M"],"character_chosen":"IRONCLAD","items_purchased":["Dota2Spire:BattleFury","PlatinumSkin"],"campfire_rested":0,"item_purchase_floors":[12,27],"current_hp_per_floor":[78,80,80,80,80,80,80,80,80,80,80,80,80,80,80,73,78,65,52,52,52,52,55,43,43,43,43,69,69,15,0,0],"gold":307,"neow_bonus":"THREE_ENEMY_KILL","is_daily":false,"chose_seed":false,"campfire_upgraded":5,"win_rate":0.0,"timestamp":1612744358,"path_taken":["M","M","?","?","M","R","E","M","T","?","R","$","R","M","R","BOSS","M","M","?","?","?","E","M","R","T","$","?","R","E","?"],"items_purchased_type":["Relic","Card"],"build_version":"2020-12-22","purchased_purges":0,"victory":false,"max_hp_per_floor":[80,80,80,80,80,80,80,80,80,80,80,80,80,80,80,80,80,80,80,80,80,80,80,80,80,80,80,80,80,80,80,80],"card_choices":[{"not_picked":["Replay:Undeath\u0027s Touch","Run Through"],"picked":"Sword Boomerang","floor":1},{"not_picked":["StuffTheSpire:Slingshot","StuffTheSpire:Incineration"],"picked":"Cleave","floor":2},{"not_picked":["Run Through","Anger"],"picked":"BarbarianYell","floor":5},{"not_picked":["StSpp:BladeOfBlood","Wild Strike"],"picked":"Inflame","floor":7},{"not_picked":["Warcry","Perfected Strike"],"picked":"Thunderclap","floor":8},{"not_picked":["Entrench","Intimidate","Ghostly Armor"],"picked":"SKIP","floor":14},{"not_picked":["Armaments","Feel No Pain"],"picked":"conspire:ExplosiveBarrier","floor":18},{"not_picked":["StuffTheSpire:RockThrow+1","Headbutt"],"picked":"Pummel","floor":19},{"not_picked":["ReplayTheSpireMod:Echoes of Time","ReplayTheSpireMod:Haul"],"picked":"hubris:Fate","floor":20},{"not_picked":["Carnage","Shrug It Off+1","Wild Strike","Flex"],"picked":"Offering","floor":23},{"not_picked":["Reckless Charge","Defy Death","Anger+1","ReplayTheSpireMod:Limb From Limb"],"picked":"Thunderclap","floor":24},{"not_picked":["Headbutt","Heavy Blade+1","StuffTheSpire:BloodClot","ReplayTheSpireMod:Stacked","StSpp:TheBiggerTheyAre"],"picked":"SKIP","floor":30}],"player_experience":128485,"relics_obtained":[{"floor":3,"key":"Ring of Panic"},{"floor":3,"key":"Ring of Greed"},{"floor":3,"key":"MawBank"},{"floor":3,"key":"Tiny Chest"},{"floor":7,"key":"ReplayTheSpireMod:Shallot"},{"floor":9,"key":"StSpp:TwinEgg"},{"floor":10,"key":"infinitespire:Eraser"},{"floor":21,"key":"StSpp:WoodenPendulum"},{"floor":23,"key":"StuffTheSpire:HeavyRock"},{"floor":26,"key":"StuffTheSpire:EmeraldSignet"},{"floor":30,"key":"Dream Catcher"}],"event_choices":[{"damage_healed":0,"gold_gain":0,"player_choice":"Opened","damage_taken":0,"relics_obtained":["reliquary:TatteredRug"],"max_hp_gain":0,"max_hp_loss":0,"event_name":"The Mausoleum","floor":22,"gold_loss":0,"cards_obtained":["Writhe"]},{"damage_healed":26,"gold_gain":0,"player_choice":"Heal","damage_taken":0,"max_hp_gain":0,"max_hp_loss":0,"event_name":"The Library","floor":28,"gold_loss":0}],"is_beta":false,"boss_relics":[{"not_picked":["aspiration:RunicSpoon","aspiration:FutureDiary"],"picked":"energizedSpire:MagnifyingGlass"}],"items_purged_floors":[],"is_endless":false,"potions_floor_spawned":[2,16,18,30],"killed_by":"Shelled Parasite and Fungi","ascension_level":6}}