{"host":"Jinnai","time":1612769955,"event":{"mods":["BaseMod","Bestiary","Block Reminder","Colored Map","Colored Powertips","Curses Come First","Highlight Path","Minty Spire (QoL Compilation)","Permanent Neow","Potion Indicator Mod","Quick Restart","Relic Stats","StSLib","ojb\u0027s Info Mod"],"gold_per_floor":[114,114,39,58,77,77,97,116,195,195,195,205,215,42,42,145,145,164,184,59,76,76,76,76,76,131,46,46,61,95,95,95,95,95],"floor_reached":33,"language":"ENG","playtime":890,"items_purged":["Defend_B","Strike_B","Dualcast"],"score":237,"play_id":"b487c8c8-9078-4f38-9ef1-3d90a0e380a8","local_time":"20210208023915","is_ascension_mode":false,"campfire_choices":[{"data":"Genetic Algorithm","floor":6.0,"key":"SMITH"},{"floor":15.0,"key":"REST"},{"data":"Auto Shields","floor":23,"key":"SMITH"},{"data":"Hologram","floor":25,"key":"SMITH"},{"floor":32,"key":"REST"}],"circlet_count":0,"master_deck":["Zap","Genetic Algorithm+1","Gash","Auto Shields+1","Hologram+1"],"relics":["Runic Pyramid","Shuriken","Torii","Pandora\u0027s Box","Blood Vial","Vajra","Red Mask"],"acts_visited":["Exordium","TheCity"],"potions_floor_usage":[33,33,33],"damage_taken":[{"damage":2.0,"enemies":"2 Louse","floor":1.0,"turns":2.0},{"damage":5.0,"enemies":"Cultist","floor":4.0,"turns":3.0},{"damage":2.0,"enemies":"Small Slimes","floor":5.0,"turns":3.0},{"damage":13.0,"enemies":"2 Fungi Beasts","floor":7.0,"turns":3.0},{"damage":9.0,"enemies":"Exordium Wildlife","floor":8.0,"turns":3.0},{"damage":8.0,"enemies":"Large Slime","floor":12.0,"turns":6.0},{"damage":2.0,"enemies":"3 Louse","floor":13.0,"turns":4.0},{"damage":2,"enemies":"The Guardian","floor":16,"turns":12},{"damage":1,"enemies":"Spheric Guardian","floor":18,"turns":5},{"damage":3,"enemies":"Shell Parasite","floor":19,"turns":7},{"damage":12,"enemies":"Centurion and Healer","floor":21,"turns":10},{"damage":1,"enemies":"3 Cultists","floor":29,"turns":5},{"damage":28,"enemies":"Masked Bandits","floor":30,"turns":5},{"damage":57,"enemies":"Automaton","floor":33,"turns":6}],"seed_played":"7205105682602823153","potions_obtained":[{"floor":1.0,"key":"Swift Potion"},{"floor":4.0,"key":"Strength Potion"},{"floor":5.0,"key":"Energy Potion"}],"is_trial":false,"path_per_floor":["M","?","$","M","M","R","M","M","T","?","?","M","M","$","R","B",null,"M","M","$","M","?","R","?","R","T","?","?","M","?","$","R","B"],"character_chosen":"DEFECT","items_purchased":["Auto Shields"],"campfire_rested":2,"item_purchase_floors":[14],"current_hp_per_floor":[73,73,73,68,66,66,53,44,44,32,37,29,27,27,51,49,80,79,76,76,64,64,64,64,64,64,64,48,49,23,23,47,0,0],"gold":95,"neow_bonus":"BOSS_RELIC","is_daily":false,"chose_seed":false,"campfire_upgraded":3,"win_rate":0.0,"timestamp":1612769955,"path_taken":["M","?","$","?","M","R","M","M","T","?","?","M","M","$","R","BOSS","M","M","$","M","?","R","?","R","T","?","?","M","?","$","R","BOSS"],"items_purchased_type":["Card"],"build_version":"2020-12-18","purchased_purges":3,"victory":false,"max_hp_per_floor":[75,75,75,75,75,75,75,75,75,75,80,80,80,80,80,80,80,80,80,80,80,80,80,80,80,80,80,80,80,80,80,80,80,80],"relic_stats":{"Blood Vial":6,"Torii":25,"counters":[14,74],"Shuriken":[6],"Pandora\u0027s Box":["Coolheaded","Rebound","Machine Learning","Reprogram","Force Field","Double Energy"],"obtain_stats":[{"Blood Vial":26,"Torii":10,"Shuriken":9,"Vajra":27,"Pandora\u0027s Box":17,"Red Mask":30,"Cracked Core":0,"Runic Pyramid":0},{"Blood Vial":11,"Torii":5,"Shuriken":5,"Vajra":11,"Pandora\u0027s Box":8,"Red Mask":13,"Cracked Core":0,"Runic Pyramid":0},{"Blood Vial":58,"Torii":14,"Shuriken":14,"Vajra":58,"Pandora\u0027s Box":36,"Red Mask":68,"Cracked Core":0,"Runic Pyramid":0}]},"card_choices":[{"not_picked":["Force Field","FTL","Defragment"],"picked":"SKIP","floor":1.0},{"not_picked":["Beam Cell","Compile Driver"],"picked":"Gash","floor":4.0},{"not_picked":["Steam","Genetic Algorithm","Turbo"],"picked":"SKIP","floor":5.0},{"not_picked":["Leap","Sweeping Beam","Stack"],"picked":"SKIP","floor":7.0},{"not_picked":["Beam Cell","White Noise","Aggregate"],"picked":"SKIP","floor":8.0},{"not_picked":["Leap","Steam","Coolheaded"],"picked":"SKIP","floor":12.0},{"not_picked":["Creative AI","Stack","Steam Power"],"picked":"SKIP","floor":13.0},{"not_picked":["Go for the Eyes+1","Cold Snap","Barrage"],"picked":"SKIP","floor":18},{"not_picked":["Conserve Battery","Rip and Tear","Barrage"],"picked":"SKIP","floor":19},{"not_picked":["Coolheaded+1","Streamline","Buffer"],"picked":"SKIP","floor":21},{"not_picked":["Steam+1","Auto Shields","Stack+1"],"picked":"SKIP","floor":29}],"player_experience":1683708,"relics_obtained":[{"floor":9.0,"key":"Shuriken"},{"floor":26,"key":"Blood Vial"},{"floor":30,"key":"Red Mask"}],"event_choices":[{"damage_healed":0.0,"max_hp_gain":0.0,"max_hp_loss":0.0,"gold_gain":0.0,"event_name":"Match and Keep!","player_choice":"1 cards matched","floor":2.0,"gold_loss":0.0,"damage_taken":0.0,"cards_obtained":["Genetic Algorithm"]},{"damage_healed":0.0,"max_hp_gain":0.0,"max_hp_loss":0.0,"gold_gain":0.0,"event_name":"Scrap Ooze","player_choice":"Success","floor":10.0,"gold_loss":0.0,"damage_taken":12.0,"relics_obtained":["Torii"]},{"damage_healed":0.0,"max_hp_gain":5.0,"max_hp_loss":0.0,"gold_gain":0.0,"event_name":"Big Fish","player_choice":"Donut","floor":11.0,"gold_loss":0.0,"damage_taken":0.0},{"damage_healed":0,"gold_gain":0,"player_choice":"Ignored","damage_taken":0,"max_hp_gain":0,"max_hp_loss":0,"event_name":"Vampires","floor":22,"gold_loss":0},{"damage_healed":0,"gold_gain":0,"player_choice":"Read","damage_taken":0,"max_hp_gain":0,"max_hp_loss":0,"event_name":"The Library","floor":24,"gold_loss":0,"cards_obtained":["Hologram"]},{"damage_healed":0,"gold_gain":0,"player_choice":"Obtained Relic","damage_taken":0,"relics_obtained":["Vajra"],"max_hp_gain":0,"max_hp_loss":0,"event_name":"Addict","floor":27,"gold_loss":85},{"damage_healed":0,"gold_gain":0,"player_choice":"Obtained Book","damage_taken":16,"max_hp_gain":0,"max_hp_loss":0,"event_name":"Cursed Tome","floor":28,"gold_loss":0},{"damage_healed":0,"gold_gain":0,"player_choice":"Fought Bandits","damage_taken":0,"max_hp_gain":0,"max_hp_loss":0,"event_name":"Masked Bandits","floor":30,"gold_loss":0}],"is_beta":true,"boss_relics":[{"not_picked":["SacredBark","Runic Dome"],"picked":"Pandora\u0027s Box"}],"items_purged_floors":[3,14,20],"is_endless":false,"potions_floor_spawned":[1,4,5,19,29,30],"killed_by":"Automaton","ascension_level":0}}