{"host":"lktusdb9orijgc6z","time":1612813503,"event":{"mods":["BaseMod","Bestiary","Colored Map","Colored Powertips","Minty Spire (QoL Compilation)","Permanent Neow","Quick Restart","Relic Stats","StSLib","everything is the same but u backflip on backflip","slay the spire mod where everything is the same but ironclad has a cowboy hat"],"gold_per_floor":[12,27,27,27,47,85,85,124,124,160,179,179,179,199,199,292,292,317,416,416,437,56,92,92,133,214,234,234,278,312,312,312,312,312],"floor_reached":33,"language":"ENG","playtime":1484,"items_purged":[],"score":613,"play_id":"56fd947c-605f-49db-850d-a0d2d1593653","local_time":"20210208204503","is_ascension_mode":true,"campfire_choices":[{"data":"Perfected Strike","floor":7.0,"key":"SMITH"},{"data":"Perfected Strike","floor":12.0,"key":"SMITH"},{"data":"Metallicize","floor":15.0,"key":"SMITH"},{"data":"Offering","floor":24.0,"key":"SMITH"},{"data":"Feed","floor":28.0,"key":"SMITH"},{"data":"Fiend Fire","floor":32.0,"key":"SMITH"}],"circlet_count":0,"master_deck":["AscendersBane","Bash","Clothesline","Berserk+1","Pommel Strike","Shrug It Off","Perfected Strike+1","Carnage","Pommel Strike","Perfected Strike+1","Metallicize+1","Sword Boomerang","Dark Embrace","Reaper","Evolve","Sever Soul","Feed+1","Rage","Offering+1","True Grit","Battle Trance","Flex","Pommel Strike","Whirlwind+1","Immolate","Feel No Pain","Feel No Pain","Feel No Pain","Intimidate","Power Through","Thunderclap","Shrug It Off+1","Disarm","Shrug It Off","Fiend Fire+1","Infernal Blade"],"relics":["Burning Blood","Prayer Wheel","Bloody Idol","Anchor","Magic Flower","The Courier","PreservedInsect","Pandora\u0027s Box","Bag of Preparation","StoneCalendar","HornCleat","Red Mask","Ice Cream"],"acts_visited":["Exordium","TheCity"],"potions_floor_usage":[],"damage_taken":[{"damage":1.0,"enemies":"Cultist","floor":1.0,"turns":4.0},{"damage":5.0,"enemies":"Jaw Worm","floor":2.0,"turns":4.0},{"damage":0.0,"enemies":"2 Louse","floor":5.0,"turns":3.0},{"damage":12.0,"enemies":"Gremlin Nob","floor":6.0,"turns":3.0},{"damage":30.0,"enemies":"3 Sentries","floor":8.0,"turns":6.0},{"damage":32.0,"enemies":"Gremlin Nob","floor":10.0,"turns":4.0},{"damage":0.0,"enemies":"Blue Slaver","floor":11.0,"turns":3.0},{"damage":7.0,"enemies":"Lots of Slimes","floor":14.0,"turns":4.0},{"damage":30.0,"enemies":"Slime Boss","floor":16.0,"turns":8.0},{"damage":9.0,"enemies":"2 Thieves","floor":18.0,"turns":4.0},{"damage":30.0,"enemies":"Spheric Guardian","floor":21.0,"turns":4.0},{"damage":43.0,"enemies":"Book of Stabbing","floor":23.0,"turns":6.0},{"damage":33.0,"enemies":"Slavers","floor":25.0,"turns":3.0},{"damage":0.0,"enemies":"Snecko","floor":27.0,"turns":5.0},{"damage":25.0,"enemies":"Masked Bandits","floor":29.0,"turns":5.0},{"damage":6.0,"enemies":"Gremlin Leader","floor":30.0,"turns":6.0},{"damage":49,"enemies":"Collector","floor":33,"turns":5}],"seed_played":"-4140497019522519013","potions_obtained":[{"floor":2.0,"key":"Energy Potion"},{"floor":6.0,"key":"EssenceOfSteel"},{"floor":8.0,"key":"BloodPotion"},{"floor":14.0,"key":"SkillPotion"},{"floor":21.0,"key":"AttackPotion"},{"floor":27.0,"key":"GamblersBrew"},{"floor":29.0,"key":"SpeedPotion"}],"is_trial":false,"path_per_floor":["M","M","?","?","M","E","R","E","T","E","M","R","?","M","R","B",null,"M","?","?","M","$","E","R","E","T","M","R","?","E","?","R","B"],"character_chosen":"IRONCLAD","items_purchased":["Immolate","Feel No Pain","Feel No Pain","Feel No Pain","Intimidate","Power Through"],"campfire_rested":0,"item_purchase_floors":[22,22,22,22,22,22],"current_hp_per_floor":[73,74,74,69,69,63,63,39,39,16,25,25,48,50,50,29,59,59,59,64,48,48,23,23,20,20,29,29,37,40,40,40,0,0],"gold":312,"neow_bonus":"ONE_RARE_RELIC","is_daily":false,"chose_seed":false,"campfire_upgraded":6,"win_rate":0.0,"timestamp":1612813503,"path_taken":["M","M","?","?","M","E","R","E","T","E","M","R","?","M","R","BOSS","M","?","?","M","$","E","R","E","T","?","R","?","E","?","R","BOSS"],"items_purchased_type":["Card","Card","Card","Card","Card","Card"],"build_version":"2020-12-22","purchased_purges":0,"victory":false,"max_hp_per_floor":[75,75,75,69,69,69,69,69,69,69,69,69,69,69,69,69,69,69,69,69,72,72,72,72,72,72,72,72,76,76,76,76,76,76],"relic_stats":{"counters":[17,77],"Bloody Idol":0,"Magic Flower":[53],"Prayer Wheel":8,"Pandora\u0027s Box":["Evolve","Sever Soul","Feed","Rage","Warcry","Offering","True Grit","Battle Trance","Flex"],"StoneCalendar":[0],"PreservedInsect":135,"Bag of Preparation":[10],"obtain_stats":[{"Ice Cream":30,"Golden Idol":4,"Magic Flower":8,"StoneCalendar":25,"The Courier":9,"PreservedInsect":10,"Bag of Preparation":23,"Burning Blood":0,"Anchor":6,"HornCleat":26,"Bloody Idol":31,"Prayer Wheel":0,"Pandora\u0027s Box":17,"Red Mask":29},{"Ice Cream":16,"Golden Idol":2,"Magic Flower":5,"StoneCalendar":13,"The Courier":5,"PreservedInsect":6,"Bag of Preparation":12,"Burning Blood":0,"Anchor":4,"HornCleat":13,"Bloody Idol":16,"Prayer Wheel":0,"Pandora\u0027s Box":9,"Red Mask":15},{"Ice Cream":72,"Golden Idol":8,"Magic Flower":20,"StoneCalendar":56,"The Courier":20,"PreservedInsect":24,"Bag of Preparation":53,"Burning Blood":0,"Anchor":14,"HornCleat":56,"Bloody Idol":72,"Prayer Wheel":0,"Pandora\u0027s Box":39,"Red Mask":66}],"Burning Blood":123},"card_choices":[{"not_picked":["Wild Strike","Clash"],"picked":"Clothesline","floor":1.0},{"not_picked":["Flex","Havoc","Blood for Blood"],"picked":"SKIP","floor":1.0},{"not_picked":["Battle Trance","Wild Strike"],"picked":"Berserk","floor":2.0},{"not_picked":["Rage","Iron Wave"],"picked":"Pommel Strike","floor":2.0},{"not_picked":["Second Wind","Disarm"],"picked":"Shrug It Off","floor":5.0},{"not_picked":["Armaments","Burning Pact"],"picked":"Perfected Strike","floor":5.0},{"not_picked":["Rampage","Clash"],"picked":"Carnage","floor":6.0},{"not_picked":["True Grit","Juggernaut"],"picked":"Pommel Strike","floor":8.0},{"not_picked":["Bloodletting","Headbutt"],"picked":"Perfected Strike","floor":10.0},{"not_picked":["Searing Blow","True Grit"],"picked":"Metallicize","floor":11.0},{"not_picked":["Wild Strike","Searing Blow"],"picked":"Sword Boomerang","floor":11.0},{"not_picked":["Warcry","Sword Boomerang"],"picked":"Dark Embrace","floor":14.0},{"not_picked":["Heavy Blade","Rage","Clothesline"],"picked":"SKIP","floor":14.0},{"not_picked":["Fiend Fire","Limit Break"],"picked":"Reaper","floor":16.0},{"not_picked":["Perfected Strike","Evolve"],"picked":"Pommel Strike","floor":18.0},{"not_picked":["Sword Boomerang","Anger","Body Slam"],"picked":"SKIP","floor":18.0},{"not_picked":["Clothesline","Power Through"],"picked":"Whirlwind+1","floor":21.0},{"not_picked":["Armaments","Cleave","Clash"],"picked":"SKIP","floor":21.0},{"not_picked":["Heavy Blade","Perfected Strike"],"picked":"Thunderclap","floor":23.0},{"not_picked":["Ghostly Armor","Dual Wield+1"],"picked":"Shrug It Off+1","floor":25.0},{"not_picked":["Cleave","Wild Strike"],"picked":"Disarm","floor":27.0},{"not_picked":["Dropkick","Body Slam"],"picked":"Shrug It Off","floor":27.0},{"not_picked":["Shrug It Off+1","Wild Strike"],"picked":"Fiend Fire","floor":29.0},{"not_picked":["Metallicize","Sword Boomerang+1"],"picked":"Infernal Blade","floor":30.0}],"player_experience":773145,"relics_obtained":[{"floor":6.0,"key":"Anchor"},{"floor":8.0,"key":"Magic Flower"},{"floor":9.0,"key":"The Courier"},{"floor":10.0,"key":"PreservedInsect"},{"floor":23.0,"key":"Bag of Preparation"},{"floor":25.0,"key":"StoneCalendar"},{"floor":26.0,"key":"HornCleat"},{"floor":29.0,"key":"Red Mask"},{"floor":30.0,"key":"Ice Cream"}],"event_choices":[{"damage_healed":0.0,"max_hp_gain":0.0,"max_hp_loss":0.0,"gold_gain":0.0,"event_name":"Living Wall","player_choice":"Grow","floor":3.0,"gold_loss":0.0,"damage_taken":0.0,"cards_upgraded":["Berserk"]},{"damage_healed":0.0,"max_hp_gain":0.0,"max_hp_loss":6.0,"gold_gain":0.0,"event_name":"Golden Idol","player_choice":"Lose Max HP","floor":4.0,"gold_loss":0.0,"damage_taken":0.0,"relics_obtained":["Golden Idol"]},{"damage_healed":23.0,"max_hp_gain":0.0,"max_hp_loss":0.0,"gold_gain":0.0,"event_name":"Big Fish","player_choice":"Banana","floor":13.0,"gold_loss":0.0,"damage_taken":0.0},{"damage_healed":0.0,"max_hp_gain":0.0,"max_hp_loss":0.0,"gold_gain":99.0,"event_name":"Nest","player_choice":"Stole From Cult","floor":19.0,"gold_loss":0.0,"damage_taken":0.0},{"cards_removed":["Warcry"],"damage_healed":5.0,"max_hp_gain":0.0,"max_hp_loss":0.0,"gold_gain":0.0,"event_name":"Bonfire Elementals","player_choice":"Offered Common","floor":20.0,"gold_loss":0.0,"damage_taken":0.0},{"cards_removed":["Warcry"],"damage_healed":5.0,"max_hp_gain":0.0,"max_hp_loss":0.0,"gold_gain":0.0,"event_name":"Bonfire Elementals","player_choice":"Offered Special","floor":20.0,"gold_loss":0.0,"damage_taken":0.0},{"damage_healed":0.0,"max_hp_gain":0.0,"max_hp_loss":0.0,"gold_gain":0.0,"event_name":"Masked Bandits","player_choice":"Fought Bandits","floor":29.0,"gold_loss":0.0,"damage_taken":0.0},{"damage_healed":0.0,"max_hp_gain":0.0,"max_hp_loss":0.0,"gold_gain":0.0,"event_name":"Forgotten Altar","player_choice":"Gave Idol","floor":31.0,"relics_lost":["Golden Idol"],"gold_loss":0.0,"damage_taken":0.0,"relics_obtained":["Bloody Idol"]}],"is_beta":false,"boss_relics":[{"not_picked":["Coffee Dripper","Runic Pyramid"],"picked":"Pandora\u0027s Box"}],"items_purged_floors":[],"is_endless":false,"potions_floor_spawned":[2,6,8,14,21,27,29],"killed_by":"Collector","ascension_level":14}}