{"host":"enmin8e0t0h2jpek","time":1612781400,"event":{"mods":["AchievementEnabler","BaseMod","BetterRewards","Colored Map","Colored Powertips","DeckTracker","Gremlin Skip","Highlight Path","Minty Spire (QoL Compilation)","Quick Restart","Rare Cards Sparkle","Relic Stats","Remove Card Discount Mod","Replay The Spire","Shop Mod","StSLib","SuperFastMode","Transform Curses","slay the spire mod where everything is the same but ironclad has a cowboy hat"],"gold_per_floor":[117,117,204,7329,7340,7370,6660,6675,6675,6707,5926,5943,5962,5989,5989,6093,6093,6104,6118,6137,6097,6117,6152,6167,6186,6186,6186,5649,5662,5679,5713,5713,5808,5808,5819,5864,5864,5864,5914,5943,5579,5579,5606,5606,5647,5671,5686,5686,5686,5688,5688,5688,5609,5642,5648],"floor_reached":56,"language":"DEU","playtime":3423,"items_purged":["Strike_B","Strike_B","Strike_B+1","Strike_B+1","Defend_B","Defend_B","Dualcast","Storm","Defend_B+2"],"score":1976,"play_id":"297cc663-0fb7-4fdc-bfb6-bf894588dc56","local_time":"20210208115000","is_ascension_mode":true,"campfire_choices":[{"floor":15,"key":"RECALL"},{"data":"White Noise","floor":32,"key":"SMITH"},{"data":"Chill","floor":32,"key":"SMITH"},{"data":"Defend_B+2","floor":42,"key":"SMITH"},{"data":"Defend_B+3","floor":42,"key":"SMITH"},{"data":"Defend_B+4","floor":44,"key":"SMITH"},{"data":"Defend_B+5","floor":44,"key":"SMITH"},{"data":"Fission","floor":52,"key":"SMITH"},{"data":"Defend_B+6","floor":52,"key":"SMITH"}],"circlet_count":0,"master_deck":["Defend_B+7","Zap+1","Leap+1","Defragment+1","White Noise+1","Static Discharge+1","Panacea+1","Hello World+1","Redo+1","ReplayRNGCard+1","Darkness+1","Chill+1","Capacitor+1","Defragment+1","Loop+1","Defragment+1","Conserve Battery+1","Ball Lightning+1","White Noise+1","Conserve Battery+1","Chaos+1","Double Energy+1","Capacitor+1","Ball Lightning+1","Coolheaded+1","Genetic Algorithm+1","Biased Cognition+1","Tempest+1","Chaos+1","CurseOfTheBell","Defragment+1","Redo+1","Defragment+1","Chill+1","Barrage+1","Storm+1","Chaos+1","Go for the Eyes+1","Doubt","Capacitor+1","Darkness+1","ReplayTheSpireMod:IOU","Fission+1","Double Energy+1","Aggregate+1"],"relics":["Cracked Core","Juzu Bracelet","PreservedInsect","Raider\u0027s Mask","ReplayTheSpireMod:Lightbulb","Lantern","Durian","Replay:Rubber Ducky","Singing Bowl","Question Card","HornCleat","Blue Candle","Gremlin Horn","Sundial","Whetstone","Strange Spoon","Pear","ReplayTheSpireMod:Shallot","Mirror","Guide Book","Divine Protection","Geode","DollysMirror","Pantograph","Strawberry","Happy Flower","StoneCalendar","Simple Rune","Replay:PocketPolymizer","Kunai","Sling","Pocketwatch","Orichalcum","Bottled Lightning","TheAbacus","MerchantsRug","Regal Pillow","Replay:Arrowhead","Mercury Hourglass","ClockworkSouvenir","WingedGreaves","Calling Bell","Gremlin Food","ReplayTheSpireMod:Ninjato","CaptainsWheel","Blue Doll","Darkstone Periapt","Letter Opener","Replay:Bottled Steam","Oddly Smooth Stone","Sozu","Counterbalance","Mark of the Bloom","Ring of Greed","Ring of Shattering","Membership Card","Tiny Chest","Replay:Baseball","Quantum Egg","Lee\u0027s Waffle","Replay:Towering Pillar of Hats","Replay:Bandana","Potion Belt","Ornamental Fan","Replay:Frozen Program","Anchor"],"acts_visited":["Exordium","TheCity","TheBeyond","TheEnding"],"potions_floor_usage":[],"damage_taken":[{"damage":0,"enemies":"2 Louse","floor":1,"turns":2},{"damage":0,"enemies":"Jaw Worm","floor":5,"turns":3},{"damage":0,"enemies":"3 Sentries","floor":6,"turns":5},{"damage":0,"enemies":"Small Slimes","floor":8,"turns":3},{"damage":0,"enemies":"Lagavulin","floor":10,"turns":4},{"damage":0,"enemies":"Exordium Wildlife","floor":12,"turns":3},{"damage":0,"enemies":"3 Louse","floor":13,"turns":2},{"damage":0,"enemies":"3 Sentries","floor":14,"turns":3},{"damage":0,"enemies":"Slime Boss","floor":16,"turns":4},{"damage":0,"enemies":"Spheric Guardian","floor":18,"turns":3},{"damage":0,"enemies":"2 Thieves","floor":19,"turns":4},{"damage":0,"enemies":"Snake Plant","floor":20,"turns":3},{"damage":0,"enemies":"Snecko","floor":22,"turns":3},{"damage":0,"enemies":"Book of Stabbing","floor":23,"turns":5},{"damage":0,"enemies":"Shelled Parasite and Fungi","floor":24,"turns":4},{"damage":0,"enemies":"Centurion and Healer","floor":25,"turns":5},{"damage":0,"enemies":"Chosen and Byrds","floor":29,"turns":3},{"damage":0,"enemies":"Snake Plant","floor":30,"turns":3},{"damage":0,"enemies":"Gremlin Leader","floor":31,"turns":3},{"damage":0,"enemies":"Automaton","floor":33,"turns":5},{"damage":0,"enemies":"Orb Walker","floor":35,"turns":3},{"damage":0,"enemies":"2 Orb Walkers","floor":36,"turns":3},{"damage":0,"enemies":"Reptomancer","floor":40,"turns":3},{"damage":0,"enemies":"R_Hoarder","floor":45,"turns":4},{"damage":0,"enemies":"3 Shapes","floor":46,"turns":2},{"damage":0,"enemies":"Spire Growth","floor":47,"turns":3},{"damage":0,"enemies":"Time Eater","floor":50,"turns":6},{"damage":0,"enemies":"Shield and Spear","floor":54,"turns":3},{"damage":0,"enemies":"The Heart","floor":55,"turns":6}],"seed_played":"-5150372881472852549","potions_obtained":[{"floor":6,"key":"Cursed Concoction"},{"floor":10,"key":"LiquidMemories"},{"floor":14,"key":"EssenceOfSteel"},{"floor":18,"key":"Elixir"},{"floor":29,"key":"Toxic Potion"}],"is_trial":false,"path_per_floor":["M","?","?","$","M","E","$","M","T","E","$","M","M","E","R_BF","B",null,"M","M","M","$","M","E","M","M","T","?","$","M","M","E","R","B",null,"M","?","?","?","?","E","$","R","T","R","E","M","M","T","R_BF","B",null,"R","$","E","B",null],"character_chosen":"DEFECT","items_purchased":["Leap","Defragment","Juzu Bracelet","PreservedInsect","Raider\u0027s Mask","ReplayTheSpireMod:Lightbulb","Lantern","White Noise","Static Discharge","Panacea","Durian","Replay:Rubber Ducky","Singing Bowl","Question Card","Hello World","HornCleat","Blue Candle","Gremlin Horn","Sundial","Redo","Whetstone","Strange Spoon","Pear","ReplayRNGCard","Storm","ReplayTheSpireMod:Shallot","Mirror","Darkness","Guide Book","Divine Protection","Chill","Capacitor","Geode","DollysMirror","Pantograph","Strawberry","Loop","Happy Flower","Defragment","Conserve Battery","StoneCalendar","Ball Lightning","Simple Rune","Double Energy","Capacitor","Ball Lightning","Replay:PocketPolymizer","Kunai","Sling","Orichalcum","Bottled Lightning","TheAbacus","MerchantsRug","Genetic Algorithm","Replay:Arrowhead","Mercury Hourglass","ClockworkSouvenir","Defragment","Letter Opener","Replay:Bottled Steam","Storm+1","Quantum Egg","Lee\u0027s Waffle","Replay:Towering Pillar of Hats","Capacitor+1","Replay:Frozen Program"],"campfire_rested":0,"item_purchase_floors":[0,0,0,0,0,0,0,0,0,0,0,0,0,0,0,0,0,0,0,0,0,0,0,0,0,0,0,0,0,0,0,0,0,0,0,0,0,0,0,0,0,0,0,4,4,4,4,4,4,7,7,7,7,11,11,11,11,21,28,28,28,41,41,41,41,53],"current_hp_per_floor":[97,97,61,61,63,65,65,65,65,67,67,67,67,67,67,92,105,107,107,107,107,107,109,109,111,111,121,121,123,123,125,125,127,127,129,129,129,129,129,129,129,129,129,129,129,129,129,129,129,129,129,129,129,129,129],"gold":5648,"neow_bonus":"","is_daily":false,"chose_seed":false,"campfire_upgraded":8,"win_rate":0.0,"timestamp":1612781400,"path_taken":["M","?","?","$","M","E","?","M","T","E","$","M","M","E","R_BF","BOSS","M","M","M","$","M","E","M","M","T","?","$","M","M","E","R","BOSS","M","?","?","?","?","E","$","R","T","R","E","M","M","?","R_BF","BOSS","R","$","E","BOSS"],"items_purchased_type":["Card","Card","Relic","Relic","Relic","Relic","Relic","Card","Card","Card","Relic","Relic","Relic","Relic","Card","Relic","Relic","Relic","Relic","Card","Relic","Relic","Relic","Card","Card","Relic","Relic","Card","Relic","Relic","Card","Card","Relic","Relic","Relic","Relic","Card","Relic","Card","Card","Relic","Card","Relic","Card","Card","Card","Relic","Relic","Relic","Relic","Relic","Relic","Relic","Card","Relic","Relic","Relic","Card","Relic","Relic","Card","Relic","Relic","Relic","Card","Relic"],"build_version":"2020-12-22","purchased_purges":9,"victory":true,"max_hp_per_floor":[97,97,99,99,101,103,103,103,103,105,105,105,105,105,105,105,105,107,107,107,107,107,109,109,111,111,121,121,123,123,125,125,127,127,129,129,129,129,135,137,144,144,144,144,144,152,152,152,152,152,152,152,152,152,152],"relic_stats":{"Darkstone Periapt":12,"Regal Pillow":0,"Mark of the Bloom":379,"Singing Bowl":30,"Gremlin Horn":[25,25],"StoneCalendar":[0],"Juzu Bracelet":1,"Whetstone":["Strike_B","Strike_B"],"Sozu":0,"TheAbacus":[12],"Sundial":[0],"Pantograph":25,"Tiny Chest":0,"Kunai":[0],"Lee\u0027s Waffle":0,"Happy Flower":[34],"counters":[63,211],"Blue Candle":[0],"PreservedInsect":381,"Letter Opener":[246],"Orichalcum":[96],"Question Card":32,"Mercury Hourglass":[354],"Strange Spoon":[85],"Ornamental Fan":[0],"obtain_stats":[{"Replay:Accelerometer":48,"Divine Protection":0,"Mark of the Bloom":37,"Gremlin Horn":0,"Whetstone":11,"Raider\u0027s Mask":0,"Sling":38,"Sozu":34,"Replay:Ringing Soul":4,"HornCleat":46,"Replay:Frozen Program":53,"DollysMirror":4,"Sundial":45,"Strawberry":0,"Fusion Hammer":17,"Iron Hammer":25,"Ring of Shattering":39,"HandDrill":0,"Kunai":25,"Toxic Egg 2":4,"Replay:Bottled Steam":28,"MerchantsRug":4,"Pear":0,"Happy Flower":0,"Blue Candle":0,"Counterbalance":36,"Oddly Smooth Stone":26,"Pen Nib":9,"Letter Opener":28,"War Paint":41,"Question Card":0,"Akabeko":19,"Du-Vu Doll":8,"OrangePellets":25,"Replay:Baseball":4,"ReplayTheSpireMod:Shallot":0,"Simple Rune":41,"Mirror":0,"Abe\u0027s Treasure":34,"Pocketwatch":6,"Solar Panel":9,"Darkstone Periapt":26,"Carrot":29,"Lantern":0,"Regal Pillow":10,"Replay:PocketPolymizer":4,"Singing Bowl":46,"StoneCalendar":38,"Blue Doll":23,"Replay:Multitool":12,"Incense Burner":6,"Juzu Bracelet":0,"Pet Ghost":23,"ClockworkSouvenir":12,"Replay:Rubber Ducky":0,"Frozen Eye":4,"Dream Catcher":0,"Nunchaku":4,"Replay:Bandana":43,"TheAbacus":7,"Pantograph":0,"Tiny Chest":39,"WingedGreaves":14,"Replay:Bottled Snecko":7,"Cracked Core":0,"Gremlin Food":17,"Potion Belt":45,"Lee\u0027s Waffle":41,"ReplayTheSpireMod:Ninjato":17,"Replay:Towering Pillar of Hats":41,"Guide Book":0,"Quantum Egg":41,"Replay:WaspNest":12,"PreservedInsect":0,"Geode":0,"Ring of Greed":39,"Orichalcum":38,"MawBank":43,"Replay:Arrowhead":11,"Mercury Hourglass":11,"Calling Bell":17,"Cauldron":41,"Strange Spoon":0,"CaptainsWheel":17,"Anchor":54,"Ornamental Fan":48,"Bag of Marbles":19,"Durian":0,"Bottled Lightning":7,"Membership Card":39,"ReplayTheSpireMod:Lightbulb":0,"Toy Ornithopter":10,"ReplayTheSpireMod:ShopPack":19},{"Replay:Accelerometer":25,"Divine Protection":34,"Mark of the Bloom":56,"Gremlin Horn":34,"Whetstone":7,"Raider\u0027s Mask":34,"Sling":22,"Sozu":54,"Replay:Ringing Soul":3,"HornCleat":24,"Replay:Frozen Program":61,"DollysMirror":3,"Sundial":24,"Strawberry":34,"Fusion Hammer":9,"Iron Hammer":14,"Ring of Shattering":56,"HandDrill":26,"Kunai":14,"Toxic Egg 2":3,"Replay:Bottled Steam":50,"MerchantsRug":3,"Pear":34,"Happy Flower":34,"Blue Candle":34,"Counterbalance":56,"Oddly Smooth Stone":14,"Pen Nib":5,"Letter Opener":50,"War Paint":22,"Question Card":34,"Akabeko":10,"Du-Vu Doll":5,"OrangePellets":14,"Replay:Baseball":28,"ReplayTheSpireMod:Shallot":34,"Simple Rune":22,"Mirror":34,"Abe\u0027s Treasure":19,"Pocketwatch":37,"Solar Panel":31,"Darkstone Periapt":50,"Carrot":16,"Lantern":34,"Regal Pillow":39,"Replay:PocketPolymizer":35,"Singing Bowl":24,"StoneCalendar":22,"Blue Doll":48,"Replay:Multitool":7,"Incense Burner":30,"Juzu Bracelet":34,"Pet Ghost":14,"ClockworkSouvenir":7,"Replay:Rubber Ducky":34,"Frozen Eye":28,"Dream Catcher":26,"Nunchaku":28,"Replay:Bandana":57,"TheAbacus":37,"Pantograph":34,"Tiny Chest":56,"WingedGreaves":42,"Replay:Bottled Snecko":5,"Cracked Core":0,"Gremlin Food":43,"Potion Belt":58,"Lee\u0027s Waffle":57,"ReplayTheSpireMod:Ninjato":43,"Replay:Towering Pillar of Hats":57,"Guide Book":34,"Quantum Egg":57,"Replay:WaspNest":7,"PreservedInsect":34,"Geode":34,"Ring of Greed":56,"Orichalcum":22,"MawBank":23,"Replay:Arrowhead":39,"Mercury Hourglass":39,"Calling Bell":43,"Cauldron":22,"Strange Spoon":26,"CaptainsWheel":43,"Anchor":62,"Ornamental Fan":60,"Bag of Marbles":10,"Durian":34,"Bottled Lightning":37,"Membership Card":56,"ReplayTheSpireMod:Lightbulb":34,"Toy Ornithopter":32,"ReplayTheSpireMod:ShopPack":10},{"Replay:Accelerometer":66,"Divine Protection":108,"Mark of the Bloom":184,"Gremlin Horn":108,"Whetstone":20,"Raider\u0027s Mask":108,"Sling":60,"Sozu":178,"Replay:Ringing Soul":7,"HornCleat":65,"Replay:Frozen Program":202,"DollysMirror":7,"Sundial":65,"Strawberry":108,"Fusion Hammer":28,"Iron Hammer":42,"Ring of Shattering":184,"HandDrill":73,"Kunai":42,"Toxic Egg 2":7,"Replay:Bottled Steam":164,"MerchantsRug":7,"Pear":108,"Happy Flower":108,"Blue Candle":108,"Counterbalance":184,"Oddly Smooth Stone":42,"Pen Nib":15,"Letter Opener":164,"War Paint":60,"Question Card":108,"Akabeko":31,"Du-Vu Doll":15,"OrangePellets":42,"Replay:Baseball":80,"ReplayTheSpireMod:Shallot":108,"Simple Rune":60,"Mirror":108,"Abe\u0027s Treasure":55,"Pocketwatch":118,"Solar Panel":94,"Darkstone Periapt":164,"Carrot":46,"Lantern":108,"Regal Pillow":125,"Replay:PocketPolymizer":110,"Singing Bowl":65,"StoneCalendar":60,"Blue Doll":155,"Replay:Multitool":20,"Incense Burner":92,"Juzu Bracelet":108,"Pet Ghost":42,"ClockworkSouvenir":20,"Replay:Rubber Ducky":108,"Frozen Eye":80,"Dream Catcher":73,"Nunchaku":80,"Replay:Bandana":187,"TheAbacus":118,"Pantograph":108,"Tiny Chest":184,"WingedGreaves":133,"Replay:Bottled Snecko":15,"Cracked Core":0,"Gremlin Food":137,"Potion Belt":191,"Lee\u0027s Waffle":187,"ReplayTheSpireMod:Ninjato":137,"Replay:Towering Pillar of Hats":187,"Guide Book":108,"Quantum Egg":187,"Replay:WaspNest":20,"PreservedInsect":108,"Geode":108,"Ring of Greed":184,"Orichalcum":60,"MawBank":62,"Replay:Arrowhead":125,"Mercury Hourglass":125,"Calling Bell":137,"Cauldron":60,"Strange Spoon":73,"CaptainsWheel":137,"Anchor":205,"Ornamental Fan":196,"Bag of Marbles":31,"Durian":108,"Bottled Lightning":118,"Membership Card":184,"ReplayTheSpireMod:Lightbulb":108,"Toy Ornithopter":102,"ReplayTheSpireMod:ShopPack":31}],"Pocketwatch":[12]},"card_choices":[{"not_picked":["Panic Button","Conserve Battery","Hologram"],"picked":"White Noise","floor":1},{"not_picked":["Hologram","Stack","Melter"],"picked":"Conserve Battery","floor":3},{"not_picked":["Stack","Rip and Tear","FTL","Recycle"],"picked":"Singing Bowl","floor":3},{"not_picked":["White Noise","Rebound","Hologram"],"picked":"Chaos","floor":3},{"not_picked":["White Noise","Compile Driver","Turbo","Undo"],"picked":"Singing Bowl","floor":5},{"not_picked":["Turbo","Conserve Battery","Panic Button","ReplayTheSpireMod:GoodbyeWorld"],"picked":"Singing Bowl","floor":6},{"not_picked":["Time Bomb","Cold Snap","Leap"],"picked":"Coolheaded","floor":8},{"not_picked":["Coolheaded","Leap","Stack","White Noise"],"picked":"Singing Bowl","floor":10},{"not_picked":["ReplaySolidLightProjector","Panic Button","Steam Power"],"picked":"Biased Cognition","floor":12},{"not_picked":["Turbo","Time Bomb","Leap"],"picked":"Tempest","floor":13},{"not_picked":["Cold Snap","Coolheaded","Reinforced Body"],"picked":"Chaos","floor":14},{"not_picked":["ReplayTheSpireMod:Fabricate Wheel","Thunder Strike","Creative AI"],"picked":"Seek","floor":16},{"not_picked":["FTL","Ball Lightning","Go for the Eyes","Lockon"],"picked":"Singing Bowl","floor":18},{"not_picked":["ReplayGash+1","Static Discharge+1","Compile Driver"],"picked":"Defragment","floor":19},{"not_picked":["Hologram","Conserve Battery","Time Bomb"],"picked":"Redo","floor":20},{"not_picked":["Auto Shields","Compile Driver","Beam Cell"],"picked":"Chill+1","floor":22},{"not_picked":["Coolheaded","Conserve Battery","Echo Form","Barrage"],"picked":"Singing Bowl","floor":23},{"not_picked":["Compile Driver","Turbo+1","ReplayTheSpireMod:Repulse+1"],"picked":"Barrage+1","floor":24},{"not_picked":["Redo+1","Force Field","Cold Snap","ReplayTheSpireMod:GoodbyeWorld"],"picked":"Singing Bowl","floor":25},{"not_picked":["Conserve Battery","Streamline","Doom and Gloom","Leap"],"picked":"Singing Bowl","floor":29},{"not_picked":["Hologram","Conserve Battery+1","Coolheaded+1"],"picked":"Chaos+1","floor":30},{"not_picked":["Stack","Coolheaded","Turbo","Loop"],"picked":"Singing Bowl","floor":31},{"not_picked":["Echo Form","Reboot","Seek","Multi-Cast"],"picked":"Singing Bowl","floor":33},{"not_picked":["Consume+1","Gash+1","BasicCrystalCard","ReplayTheSpireMod:Repulse+1"],"picked":"Singing Bowl","floor":35},{"not_picked":["Rebound+1","Skim","Beam Cell"],"picked":"Go for the Eyes+1","floor":36},{"not_picked":["Coolheaded","Ball Lightning","Self Repair","ReplayTheSpireMod:Repulse"],"picked":"Singing Bowl","floor":40},{"not_picked":["ReplayTheSpireMod:System Scan+1","Ball Lightning","Self Repair+1"],"picked":"Darkness+1","floor":45},{"not_picked":["Redo","Hologram","BasicCrystalCard","Steam"],"picked":"Singing Bowl","floor":46},{"not_picked":["Crystallizer+1","White Noise","Leap+1"],"picked":"Fission","floor":47},{"not_picked":["Ball Lightning+1","Recycle+1","BasicCrystalCard"],"picked":"Aggregate+1","floor":54}],"player_experience":63711,"relics_obtained":[{"floor":6,"key":"Pocketwatch"},{"floor":10,"key":"Regal Pillow"},{"floor":14,"key":"WingedGreaves"},{"floor":17,"key":"Gremlin Food"},{"floor":17,"key":"ReplayTheSpireMod:Ninjato"},{"floor":17,"key":"CaptainsWheel"},{"floor":23,"key":"Blue Doll"},{"floor":26,"key":"Darkstone Periapt"},{"floor":31,"key":"Oddly Smooth Stone"},{"floor":36,"key":"Counterbalance"},{"floor":39,"key":"Ring of Greed"},{"floor":39,"key":"Ring of Shattering"},{"floor":39,"key":"Membership Card"},{"floor":39,"key":"Tiny Chest"},{"floor":40,"key":"Replay:Baseball"},{"floor":43,"key":"Replay:Bandana"},{"floor":45,"key":"Potion Belt"},{"floor":48,"key":"Ornamental Fan"},{"floor":54,"key":"Anchor"}],"event_choices":[{"damage_healed":0,"gold_gain":0,"player_choice":"Ignored","damage_taken":0,"max_hp_gain":0,"max_hp_loss":0,"event_name":"Golden Wing","floor":2,"gold_loss":0},{"cards_removed":["Seek"],"damage_healed":0,"gold_gain":0,"player_choice":"Offered Rare","damage_taken":0,"max_hp_gain":10,"max_hp_loss":0,"event_name":"Bonfire Elementals","floor":27,"gold_loss":0},{"damage_healed":0,"gold_gain":0,"player_choice":"Fight","damage_taken":0,"max_hp_gain":0,"max_hp_loss":0,"event_name":"Mysterious Sphere","floor":36,"gold_loss":0},{"damage_healed":0,"gold_gain":0,"player_choice":"Upgrade","damage_taken":0,"relics_obtained":["Mark of the Bloom"],"max_hp_gain":0,"max_hp_loss":0,"event_name":"MindBloom","floor":37,"gold_loss":0,"cards_upgraded":["Defend_B","Defend_B","Zap","Leap","White Noise","Static Discharge","Panacea","Hello World","Redo","Darkness","Capacitor","Loop","Defragment","Conserve Battery","Ball Lightning","Conserve Battery","Chaos","Double Energy","Capacitor","Ball Lightning","Coolheaded","Genetic Algorithm","Biased Cognition","Tempest","Chaos","Defragment","Redo","Defragment"]},{"damage_healed":0,"gold_gain":0,"player_choice":"Ignored","damage_taken":0,"max_hp_gain":0,"max_hp_loss":0,"event_name":"Tomb of Lord Red Mask","floor":38,"gold_loss":0},{"damage_healed":0,"gold_gain":0,"player_choice":"Copied","damage_taken":0,"max_hp_gain":0,"max_hp_loss":0,"event_name":"Duplicator","floor":49,"gold_loss":0,"cards_obtained":["Double Energy"]}],"is_beta":false,"boss_relics":[{"not_picked":["Velvet Choker","Astrolabe"],"picked":"Calling Bell"},{"not_picked":["Nuclear Battery","Busted Crown"],"picked":"Sozu"}],"items_purged_floors":[0,0,7,7,7,7,21,28,53],"is_endless":false,"potions_floor_spawned":[6,10,14,18,22,25,29,33,35,36],"ascension_level":2}}