{"host":"15dd7v8o90xso62x","time":1612826645,"event":{"mods":["BaseMod","Minty Spire (QoL Compilation)","Quick Restart","StSLib","SuperFastMode"],"gold_per_floor":[110,120,131,147,163,163,198,212,212,137,137,62,79,79,79,158,158,175,175,175,190,224,224,224,224,271,306,317,336,108,118,118,190,190,205,260,260,260,279,279,311,321,321,335,347,347,397,415,415,415,415],"floor_reached":52,"language":"KOR","playtime":2290,"items_purged":["Strike_G","Strike_G"],"score":1862,"play_id":"e82f5bb8-7509-454d-abb6-d37fe90e86a0","local_time":"20210209082405","is_ascension_mode":true,"campfire_choices":[{"data":"Deadly Poison","floor":6.0,"key":"SMITH"},{"data":"Noxious Fumes","floor":11.0,"key":"SMITH"},{"data":"Wraith Form v2","floor":15.0,"key":"SMITH"},{"data":"Burst","floor":23.0,"key":"SMITH"},{"data":"Venomology","floor":25.0,"key":"SMITH"},{"data":"Catalyst","floor":32.0,"key":"SMITH"},{"data":"Adrenaline","floor":40.0,"key":"SMITH"},{"data":"Crippling Poison","floor":46.0,"key":"SMITH"},{"data":"Wraith Form v2","floor":49,"key":"SMITH"}],"circlet_count":0,"master_deck":["AscendersBane","Defend_G","Defend_G","Defend_G","Defend_G","Survivor","Neutralize+1","Corpse Explosion","Deadly Poison+1","Noxious Fumes+1","Footwork","PiercingWail","Wraith Form v2+1","Burst+1","Venomology+1","Footwork+1","Blur","Catalyst+1","Dodge and Roll","Wraith Form v2+1","Adrenaline+1","Crippling Poison+1","Malaise"],"relics":["Ring of the Snake","Pear","Toy Ornithopter","Runic Pyramid","Red Mask","PreservedInsect","Tingsha","SacredBark","Tough Bandages","Whetstone"],"acts_visited":["Exordium","TheCity","TheBeyond"],"potions_floor_usage":[50,51],"damage_taken":[{"damage":2.0,"enemies":"Small Slimes","floor":1.0,"turns":3.0},{"damage":0.0,"enemies":"Jaw Worm","floor":2.0,"turns":4.0},{"damage":0.0,"enemies":"2 Louse","floor":3.0,"turns":4.0},{"damage":16.0,"enemies":"Large Slime","floor":4.0,"turns":8.0},{"damage":6.0,"enemies":"3 Louse","floor":5.0,"turns":3.0},{"damage":10.0,"enemies":"3 Sentries","floor":7.0,"turns":4.0},{"damage":1.0,"enemies":"Looter","floor":8.0,"turns":4.0},{"damage":6.0,"enemies":"Exordium Wildlife","floor":13.0,"turns":5.0},{"damage":13.0,"enemies":"The Guardian","floor":16.0,"turns":9.0},{"damage":8.0,"enemies":"3 Byrds","floor":18.0,"turns":3.0},{"damage":6.0,"enemies":"Shell Parasite","floor":21.0,"turns":6.0},{"damage":4.0,"enemies":"Masked Bandits","floor":22.0,"turns":3.0},{"damage":6.0,"enemies":"Slavers","floor":27.0,"turns":3.0},{"damage":0.0,"enemies":"Snake Plant","floor":28.0,"turns":4.0},{"damage":2.0,"enemies":"Sentry and Sphere","floor":29.0,"turns":5.0},{"damage":19.0,"enemies":"Chosen and Byrds","floor":31.0,"turns":8.0},{"damage":2.0,"enemies":"Automaton","floor":33.0,"turns":8.0},{"damage":4.0,"enemies":"Orb Walker","floor":35.0,"turns":5.0},{"damage":48.0,"enemies":"2 Orb Walkers","floor":36.0,"turns":6.0},{"damage":0.0,"enemies":"3 Shapes","floor":39.0,"turns":5.0},{"damage":0.0,"enemies":"Nemesis","floor":41.0,"turns":5.0},{"damage":1.0,"enemies":"Transient","floor":42.0,"turns":6.0},{"damage":0.0,"enemies":"Sphere and 2 Shapes","floor":44.0,"turns":4.0},{"damage":24.0,"enemies":"Maw","floor":45.0,"turns":5.0},{"damage":3,"enemies":"Jaw Worm Horde","floor":48,"turns":4},{"damage":27,"enemies":"Time Eater","floor":50,"turns":8},{"damage":101,"enemies":"Awakened One","floor":51,"turns":18}],"seed_played":"-1994618779555565322","potions_obtained":[{"floor":3.0,"key":"Energy Potion"},{"floor":4.0,"key":"PowerPotion"},{"floor":8.0,"key":"Weak Potion"},{"floor":21.0,"key":"Fire Potion"},{"floor":22.0,"key":"SteroidPotion"},{"floor":28.0,"key":"FairyPotion"},{"floor":33.0,"key":"Energy Potion"},{"floor":48,"key":"Regen Potion"}],"is_trial":false,"path_per_floor":["M","M","M","M","M","R","E","M","T","?","R","$","M","?","R","B",null,"M","?","?","M","?","R","T","R","T","E","M","M","$","M","R","B",null,"M","?","?","?","M","R","E","M","T","M","M","R","?","M","R","B","B",null],"character_chosen":"THE_SILENT","items_purchased":["Catalyst","Dodge and Roll"],"campfire_rested":0,"item_purchase_floors":[30,30],"current_hp_per_floor":[57,57,57,41,35,35,35,34,34,34,34,34,28,28,28,20,62,54,54,54,48,54,54,54,54,54,53,63,66,66,52,52,70,75,72,29,29,29,29,29,29,38,38,38,19,19,19,16,16,46,42],"gold":415,"neow_bonus":"ONE_RANDOM_RARE_CARD","is_daily":false,"chose_seed":false,"campfire_upgraded":9,"win_rate":0.0,"timestamp":1612826645,"path_taken":["M","M","M","M","M","R","E","M","T","?","R","$","M","?","R","BOSS","M","?","?","M","?","R","?","R","T","E","M","M","$","M","R","BOSS","M","?","?","?","M","R","E","?","T","M","M","R","?","M","R","BOSS","BOSS"],"items_purchased_type":["Card","Card"],"build_version":"2020-12-22","purchased_purges":2,"victory":true,"max_hp_per_floor":[66,66,66,66,66,66,76,76,76,76,76,76,76,76,76,76,76,76,76,76,76,76,76,76,76,76,76,76,76,76,76,76,76,76,76,76,76,76,76,76,76,76,76,76,76,76,76,76,76,76,76],"card_choices":[{"not_picked":["Dagger Throw","Dodge and Roll"],"picked":"Deadly Poison","floor":1.0},{"not_picked":["Backflip","Blade Dance"],"picked":"Noxious Fumes","floor":2.0},{"not_picked":["Bane","Dodge and Roll"],"picked":"Footwork","floor":3.0},{"not_picked":["Prepared","Outmaneuver","Predator"],"picked":"SKIP","floor":4.0},{"not_picked":["Blade Dance","Eviscerate"],"picked":"PiercingWail","floor":5.0},{"not_picked":["Dagger Throw","Endless Agony","Eviscerate"],"picked":"SKIP","floor":7.0},{"not_picked":["Bouncing Flask","Sucker Punch"],"picked":"Wraith Form v2","floor":8.0},{"not_picked":["Dagger Spray","Blade Dance","Flying Knee"],"picked":"SKIP","floor":13.0},{"not_picked":["Glass Knife","Unload"],"picked":"Burst","floor":16.0},{"not_picked":["PiercingWail","Outmaneuver","Bane"],"picked":"SKIP","floor":18.0},{"not_picked":["Well Laid Plans","Terror","Cloak And Dagger"],"picked":"SKIP","floor":21.0},{"not_picked":["Dagger Spray","Bane","Quick Slash"],"picked":"SKIP","floor":27.0},{"not_picked":["Prepared","Underhanded Strike"],"picked":"Footwork+1","floor":28.0},{"not_picked":["PiercingWail+1","Deflect"],"picked":"Blur","floor":29.0},{"not_picked":["Quick Slash","Backstab"],"picked":"Wraith Form v2","floor":31.0},{"not_picked":["Night Terror","Die Die Die"],"picked":"Adrenaline","floor":33.0},{"not_picked":["Footwork+1","Dagger Spray","Underhanded Strike"],"picked":"SKIP","floor":35.0},{"not_picked":["Reflex","Cloak And Dagger","Poisoned Stab"],"picked":"SKIP","floor":39.0},{"not_picked":["Backstab","Prepared","Concentrate"],"picked":"SKIP","floor":41.0},{"not_picked":["Cloak And Dagger","Predator","All Out Attack"],"picked":"SKIP","floor":42.0},{"not_picked":["Deflect","Dodge and Roll"],"picked":"Crippling Poison","floor":44.0},{"not_picked":["Dagger Throw","Blur+1","Riddle With Holes+1"],"picked":"SKIP","floor":45.0},{"not_picked":["Dagger Spray","Backflip"],"picked":"Malaise","floor":48}],"player_experience":944903,"relics_obtained":[{"floor":7.0,"key":"Pear"},{"floor":9.0,"key":"Toy Ornithopter"},{"floor":22.0,"key":"Red Mask"},{"floor":26.0,"key":"PreservedInsect"},{"floor":27.0,"key":"Tingsha"},{"floor":36.0,"key":"Tough Bandages"},{"floor":41.0,"key":"Whetstone"}],"event_choices":[{"cards_removed":["Strike_G"],"damage_healed":0.0,"max_hp_gain":0.0,"max_hp_loss":0.0,"gold_gain":0.0,"event_name":"The Cleric","player_choice":"Card Removal","floor":10.0,"gold_loss":75.0,"damage_taken":0.0},{"cards_removed":["Strike_G"],"damage_healed":0.0,"max_hp_gain":0.0,"max_hp_loss":0.0,"gold_gain":0.0,"event_name":"Living Wall","player_choice":"Forget","floor":14.0,"gold_loss":0.0,"damage_taken":0.0},{"damage_healed":0.0,"max_hp_gain":0.0,"max_hp_loss":0.0,"gold_gain":0.0,"cards_transformed":["Strike_G","Defend_G"],"event_name":"Drug Dealer","player_choice":"Became Test Subject","floor":19.0,"gold_loss":0.0,"damage_taken":0.0,"cards_obtained":["Venomology","Dagger Spray"]},{"damage_healed":0.0,"max_hp_gain":0.0,"max_hp_loss":0.0,"gold_gain":0.0,"event_name":"Vampires","player_choice":"Ignored","floor":20.0,"gold_loss":0.0,"damage_taken":0.0},{"damage_healed":0.0,"max_hp_gain":0.0,"max_hp_loss":0.0,"gold_gain":0.0,"event_name":"Masked Bandits","player_choice":"Fought Bandits","floor":22.0,"gold_loss":0.0,"damage_taken":0.0},{"damage_healed":0.0,"max_hp_gain":0.0,"max_hp_loss":0.0,"gold_gain":0.0,"event_name":"Mysterious Sphere","player_choice":"Fight","floor":36.0,"gold_loss":0.0,"damage_taken":0.0},{"cards_removed":["Dagger Spray"],"damage_healed":0.0,"max_hp_gain":0.0,"max_hp_loss":0.0,"gold_gain":0.0,"event_name":"Falling","player_choice":"Removed Attack","floor":37.0,"gold_loss":0.0,"damage_taken":0.0},{"damage_healed":0.0,"max_hp_gain":0.0,"max_hp_loss":0.0,"gold_gain":0.0,"event_name":"The Moai Head","player_choice":"Ignored","floor":38.0,"gold_loss":0.0,"damage_taken":0.0},{"damage_healed":0.0,"max_hp_gain":0.0,"max_hp_loss":0.0,"gold_gain":50.0,"event_name":"Golden Shrine","player_choice":"Pray","floor":47.0,"gold_loss":0.0,"damage_taken":0.0}],"is_beta":false,"boss_relics":[{"not_picked":["Philosopher\u0027s Stone","WristBlade"],"picked":"Runic Pyramid"},{"not_picked":["Coffee Dripper","Calling Bell"],"picked":"SacredBark"}],"items_purged_floors":[12,30],"is_endless":false,"potions_floor_spawned":[3,4,8,21,22,28,33,39,48],"ascension_level":20}}