{"host":"7qoz5gmva6til3yp","time":1612804922,"event":{"mods":["2.2 Compatiblity","Astrologer","BaseMod","Marisa£¨Ùöéë¡¡Øª×âÞÞ£©","Minty Spire (QoL Compilation)","StSLib","SuperFastMode","The Poker Player"],"gold_per_floor":[111,111,131,142,142,142,153,185,210,229,241,600,618,633,633,738,738,758,772,536,536,635,635,661,317,317,328,328,348,363,393,405,516,528,552,564,431,481,495,523,523,537,537,537,537,555,570,174,174,174],"floor_reached":51,"language":"KOR","playtime":2077,"items_purged":["astrologer:Strike","astrologer:Strike","astrologer:Defend","astrologer:Strike","astrologer:Defend"],"score":896,"play_id":"c48fec5e-47ad-4e66-8cae-4fd780774b6a","local_time":"20210209022202","is_ascension_mode":true,"campfire_choices":[{"data":"astrologer:CosmicExpanse","floor":6.0,"key":"SMITH"},{"floor":15.0,"key":"REST"},{"data":"astrologer:Moonlight","floor":23.0,"key":"SMITH"},{"data":"astrologer:TheChariot","floor":32,"key":"SMITH"},{"data":"astrologer:LonelyStar","floor":41,"key":"SMITH"},{"data":"Purity","floor":44,"key":"SMITH"},{"floor":49,"key":"REST"}],"circlet_count":0,"master_deck":["astrologer:Strike+1","astrologer:Defend+1","astrologer:NorthStar","astrologer:TheFool+1","astrologer:Moonlight+1","astrologer:CosmicExpanse+1","astrologer:StarOfRegret+1","astrologer:SolarFlare","astrologer:TheEmperor","Sadistic Nature","astrologer:Strength","astrologer:Starfield","astrologer:StarOfMisfortune","astrologer:LonelyStar+1","Flash of Steel+1","astrologer:Fireball+1","astrologer:TheEmpress","astrologer:TheChariot+1","astrologer:NorthStar","Madness","astrologer:Trine","astrologer:Justice+1","astrologer:Shine+1","astrologer:Death+1","Purity+1","Flash of Steel+1","astrologer:CometStrike+1","Finesse","astrologer:Judgement+1","astrologer:CometStrike+1"],"relics":["astrologer:SkyMirror","Bottled Lightning","Thread and Needle","Omamori","Molten Egg 2","Toy Ornithopter","Runic Pyramid","Membership Card","MealTicket","Lizard Tail","Vajra","White Beast Statue","MawBank","Runic Dome","Unceasing Top","Happy Flower","Whetstone","Turnip","OrangePellets"],"acts_visited":["Exordium","TheCity","TheBeyond"],"potions_floor_usage":[31,33],"damage_taken":[{"damage":0.0,"enemies":"2 Louse","floor":1.0,"turns":2.0},{"damage":0.0,"enemies":"Jaw Worm","floor":3.0,"turns":3.0},{"damage":1.0,"enemies":"Cultist","floor":4.0,"turns":3.0},{"damage":0.0,"enemies":"Looter","floor":7.0,"turns":3.0},{"damage":33.0,"enemies":"3 Sentries","floor":8.0,"turns":8.0},{"damage":1.0,"enemies":"Large Slime","floor":10.0,"turns":5.0},{"damage":2.0,"enemies":"3 Louse","floor":11.0,"turns":3.0},{"damage":3.0,"enemies":"Red Slaver","floor":13.0,"turns":2.0},{"damage":10.0,"enemies":"Exordium Thugs","floor":14.0,"turns":4.0},{"damage":0.0,"enemies":"The Guardian","floor":16.0,"turns":9.0},{"damage":9.0,"enemies":"Chosen","floor":18.0,"turns":5.0},{"damage":3.0,"enemies":"Shell Parasite","floor":19.0,"turns":5.0},{"damage":9.0,"enemies":"Slavers","floor":24.0,"turns":5.0},{"damage":1.0,"enemies":"Snake Plant","floor":27.0,"turns":3.0},{"damage":14,"enemies":"Centurion and Healer","floor":29,"turns":5},{"damage":14,"enemies":"3 Cultists","floor":30,"turns":5},{"damage":7,"enemies":"Book of Stabbing","floor":31,"turns":5},{"damage":8,"enemies":"Automaton","floor":33,"turns":8},{"damage":49,"enemies":"3 Shapes","floor":35,"turns":3},{"damage":0,"enemies":"Mind Bloom Boss Battle","floor":38,"turns":5},{"damage":5,"enemies":"Orb Walker","floor":39,"turns":4},{"damage":3,"enemies":"Reptomancer","floor":40,"turns":4},{"damage":10,"enemies":"Writhing Mass","floor":42,"turns":4},{"damage":33,"enemies":"4 Shapes","floor":46,"turns":6},{"damage":13,"enemies":"3 Darklings","floor":47,"turns":5},{"damage":29,"enemies":"Awakened One","floor":50,"turns":6}],"seed_played":"6332148214267376005","potions_obtained":[{"floor":4.0,"key":"Weak Potion"},{"floor":8.0,"key":"Fire Potion"},{"floor":10.0,"key":"DistilledChaos"},{"floor":19.0,"key":"Energy Potion"},{"floor":24.0,"key":"Energy Potion"},{"floor":27.0,"key":"Ancient Potion"},{"floor":29,"key":"SteroidPotion"},{"floor":30,"key":"Block Potion"},{"floor":31,"key":"LiquidBronze"},{"floor":33,"key":"SpeedPotion"},{"floor":35,"key":"SmokeBomb"}],"is_trial":false,"path_per_floor":["M","?","M","M","T","R","M","E","T","M","M","$","M","M","R","B",null,"M","M","$","?","?","R","E","$","T","M","?","M","M","E","R","B",null,"M","?","$","?","M","E","R","M","T","R","?","M","M","$","R","B",null],"character_chosen":"ASTROLOGER","items_purchased":["Molten Egg 2","Sadistic Nature","Toy Ornithopter","Membership Card","astrologer:LonelyStar","Lizard Tail","Flash of Steel+1","Vajra","astrologer:Fireball+1","astrologer:CometStrike+1","Finesse","Whetstone","Turnip","OrangePellets"],"campfire_rested":2,"item_purchase_floors":[12,12,12,20,20,25,25,25,25,37,37,48,48,48],"current_hp_per_floor":[70,56,56,55,55,55,55,22,22,21,19,19,16,6,27,37,70,61,58,58,45,45,45,46,61,61,60,60,46,32,30,30,27,75,26,16,31,31,26,72,72,62,62,62,62,29,16,31,53,24],"gold":174,"neow_bonus":"REMOVE_CARD","is_daily":false,"chose_seed":false,"campfire_upgraded":5,"win_rate":0.0,"timestamp":1612804922,"path_taken":["M","?","M","M","?","R","M","E","T","M","?","$","M","M","R","BOSS","M","M","$","?","?","R","E","$","T","M","?","M","M","E","R","BOSS","M","?","$","?","M","E","R","M","T","R","?","M","M","?","R","BOSS"],"items_purchased_type":["Relic","Card","Relic","Relic","Card","Relic","Card","Relic","Card","Card","Card","Relic","Relic","Relic"],"build_version":"2020-12-22","purchased_purges":5,"victory":true,"max_hp_per_floor":[70,70,70,70,70,70,70,70,70,70,70,70,70,70,70,70,70,70,70,70,75,75,75,75,75,75,75,75,75,75,75,75,75,75,75,75,75,75,75,75,75,75,75,75,75,75,75,75,75,75],"card_choices":[{"not_picked":["astrologer:Conjunction","astrologer:Still"],"picked":"astrologer:Moonlight","floor":1.0},{"not_picked":["astrologer:TheEmpress","astrologer:SpaceDust"],"picked":"astrologer:CosmicExpanse","floor":3.0},{"not_picked":["astrologer:ReadTheStars","astrologer:Observe"],"picked":"astrologer:StarOfRegret","floor":4.0},{"not_picked":["astrologer:Radiance","astrologer:Conjunction"],"picked":"astrologer:SolarFlare","floor":7.0},{"not_picked":["astrologer:TheWorld","astrologer:Justice","astrologer:SpaceDust"],"picked":"SKIP","floor":8.0},{"not_picked":["astrologer:Quincunx","astrologer:Cataclysm","astrologer:TheHangedMan"],"picked":"SKIP","floor":10.0},{"not_picked":["astrologer:CrystalBall","astrologer:SpaceDust"],"picked":"astrologer:TheEmperor","floor":11.0},{"not_picked":["astrologer:Prestidigitation","astrologer:Opposition+1","astrologer:Conjunction"],"picked":"SKIP","floor":13.0},{"not_picked":["astrologer:Eclipse+1","astrologer:TheMoon"],"picked":"astrologer:Strength","floor":14.0},{"not_picked":["astrologer:DarkMatter","astrologer:RejectReality+1"],"picked":"astrologer:Starfield","floor":16.0},{"not_picked":["astrologer:Moonlight","astrologer:FrozenStar"],"picked":"astrologer:StarOfMisfortune","floor":18.0},{"not_picked":["astrologer:FrozenStar+1","astrologer:Stardust","astrologer:TheDevil+1"],"picked":"SKIP","floor":19.0},{"not_picked":["astrologer:Radiance+1","astrologer:TheEmperor+1","astrologer:Opposition+1"],"picked":"SKIP","floor":24.0},{"not_picked":["astrologer:ShootingStar","astrologer:FrozenStar+1"],"picked":"astrologer:TheEmpress","floor":27.0},{"not_picked":["astrologer:FrozenStar+1","astrologer:Moonlight"],"picked":"astrologer:Trine","floor":29},{"not_picked":["astrologer:Still","astrologer:CrystalBall"],"picked":"astrologer:Justice+1","floor":30},{"not_picked":["astrologer:Novile","astrologer:Stardust+1"],"picked":"astrologer:Shine+1","floor":31},{"not_picked":["astrologer:BlackHole+1","astrologer:Fate"],"picked":"astrologer:Death+1","floor":33},{"not_picked":["astrologer:Still+1","astrologer:Eclipse+1","astrologer:Glimpse"],"picked":"SKIP","floor":35},{"not_picked":["Bandage Up","Trip"],"picked":"Purity","floor":36},{"not_picked":["Master of Strategy","Trip"],"picked":"Flash of Steel+1","floor":36},{"not_picked":["astrologer:MeteorShower+1","astrologer:Conjunction","astrologer:Eclipse+1"],"picked":"SKIP","floor":39},{"not_picked":["astrologer:NeutronStar+1","astrologer:Still+1","astrologer:TheHierophant+1"],"picked":"SKIP","floor":40},{"not_picked":["astrologer:Cataclysm+1","astrologer:SpaceDust+1","astrologer:ReadTheStars"],"picked":"SKIP","floor":42},{"not_picked":["astrologer:SolarFlare+1","astrologer:Radiance+1","astrologer:Judgement+1"],"picked":"SKIP","floor":46},{"not_picked":["astrologer:SolarFlare+1","astrologer:Radiance+1"],"picked":"astrologer:Judgement+1","floor":46},{"not_picked":["astrologer:ShootingStar","astrologer:Trine"],"picked":"astrologer:CometStrike+1","floor":47}],"player_experience":499467,"relics_obtained":[{"floor":5.0,"key":"Bottled Lightning"},{"floor":8.0,"key":"Thread and Needle"},{"floor":9.0,"key":"Omamori"},{"floor":24.0,"key":"MealTicket"},{"floor":26.0,"key":"White Beast Statue"},{"floor":31,"key":"MawBank"},{"floor":38,"key":"Unceasing Top"},{"floor":40,"key":"Happy Flower"}],"event_choices":[{"damage_healed":0.0,"max_hp_gain":0.0,"max_hp_loss":0.0,"gold_gain":0.0,"event_name":"Shining Light","player_choice":"Entered Light","floor":2.0,"gold_loss":0.0,"damage_taken":14.0,"cards_upgraded":["astrologer:Strike","astrologer:Defend"]},{"damage_healed":0.0,"max_hp_gain":5.0,"max_hp_loss":0.0,"gold_gain":0.0,"event_name":"Forgotten Altar","player_choice":"Shed Blood","floor":21.0,"gold_loss":0.0,"damage_taken":18.0},{"damage_healed":0.0,"max_hp_gain":0.0,"max_hp_loss":0.0,"gold_gain":99.0,"event_name":"Nest","player_choice":"Stole From Cult","floor":22.0,"gold_loss":0.0,"damage_taken":0.0},{"damage_healed":0,"gold_gain":0,"player_choice":"3 cards matched","damage_taken":0,"max_hp_gain":0,"max_hp_loss":0,"event_name":"Match and Keep!","floor":28,"gold_loss":0,"cards_obtained":["astrologer:TheChariot","astrologer:NorthStar","Madness"]},{"damage_healed":0,"gold_gain":0,"player_choice":"Memory 3","damage_taken":10,"max_hp_gain":0,"max_hp_loss":0,"event_name":"SensoryStone","floor":36,"gold_loss":0},{"damage_healed":0,"gold_gain":0,"player_choice":"Fight","damage_taken":0,"max_hp_gain":0,"max_hp_loss":0,"event_name":"MindBloom","floor":38,"gold_loss":0},{"damage_healed":0,"gold_gain":0,"player_choice":"Ignored","damage_taken":0,"max_hp_gain":0,"max_hp_loss":0,"event_name":"Tomb of Lord Red Mask","floor":45,"gold_loss":0}],"is_beta":false,"boss_relics":[{"not_picked":["SlaversCollar","Velvet Choker"],"picked":"Runic Pyramid"},{"not_picked":["Busted Crown","Tiny House"],"picked":"Runic Dome"}],"items_purged_floors":[12,20,25,37,48],"is_endless":false,"potions_floor_spawned":[4,8,10,19,24,27,29,30,31,33,35,38,39,40,42,46,47],"ascension_level":2}}