{"host":"8d3fefv2347kqkpz","time":1612756751,"event":{"mods":["AchievementEnabler","Act Like it!","BaseMod","Better Vampires","Colored Map","Colored Powertips","Downfall","GifTheSpireLib","Highlight Path","Minty Spire (QoL Compilation)","Quick Restart","Rare Cards Sparkle","Relic Stats","Replay The Spire","Spicy Shops","StSLib","Waifu the Spire"],"gold_per_floor":[99,110,110,110,121,133,133,146,36,36,36,56,90,101,117,220,220,120,139,159,159,177,177,177,197,222,222,238,252,252,268,286,391,391,391,405,424,424,424,435,435,335,49,61,61,61,46,66,82,82],"floor_reached":51,"language":"ZHS","playtime":2796,"items_purged":["champ:Devastate+1"],"score":752,"play_id":"671470f6-382b-42e6-ab26-769174ea82d2","local_time":"20210208115911","is_ascension_mode":false,"campfire_choices":[{"data":"champ:Taunt","floor":1.0,"key":"SMITH"},{"data":"expansioncontent:AwakenDeath","floor":11.0,"key":"SMITH"},{"data":"champ:ShieldWall","floor":18.0,"key":"SMITH"},{"data":"champ:HoldFirm","floor":23.0,"key":"SMITH"},{"data":"champ:ShieldWall","floor":27.0,"key":"SMITH"},{"data":"champ:PreemptiveStrike","floor":30.0,"key":"SMITH"},{"data":"champ:SteelEdge","floor":35,"key":"SMITH"},{"data":"champ:Lariat","floor":42,"key":"SMITH"},{"data":"expansioncontent:DashGenerateEvil","floor":45,"key":"SMITH"}],"circlet_count":0,"master_deck":["champ:Defend","champ:Defend","champ:Defend","champ:Taunt+1","champ:PreemptiveStrike+1","champ:ShieldWall+1","expansioncontent:AwakenDeath+1","champ:DefensiveShout","champ:CalledShot","champ:Lariat+1","champ:HoldFirm+1","champ:ShieldWall+1","champ:FocusedDefense","champ:SteelEdge+1","champ:AdrenalArmor+1","champ:ShieldThrow+1","champ:FocusedDefense+1","champ:SkillfulDodge+1","expansioncontent:DashGenerateEvil+1"],"relics":["champ:ChampionCrown","Pondfish Scales","Boot","Runic Dome","downfall:HeartBlessingGreen","Bottled Lightning","Bronze Scales","Astrolabe","downfall:HeartBlessingBlue"],"acts_visited":["TheCity","TheBeyond"],"potions_floor_usage":[50,50,50],"damage_taken":[{"damage":11.0,"enemies":"2 Louse","floor":2.0,"turns":3.0},{"damage":20.0,"enemies":"Jaw Worm","floor":5.0,"turns":6.0},{"damage":20.0,"enemies":"Small Slimes","floor":6.0,"turns":4.0},{"damage":31.0,"enemies":"3 Louse","floor":8.0,"turns":5.0},{"damage":0.0,"enemies":"downfall:FleeingMerchant","floor":9.0,"turns":4.0},{"damage":2.0,"enemies":"Blue Slaver","floor":12.0,"turns":6.0},{"damage":9.0,"enemies":"Lagavulin","floor":13.0,"turns":12.0},{"damage":8.0,"enemies":"Gremlin Gang","floor":14.0,"turns":4.0},{"damage":0.0,"enemies":"Large Slime","floor":15.0,"turns":5.0},{"damage":82.0,"enemies":"DF_ARCHETYPE_STREAMLINE","floor":16.0,"turns":15.0},{"damage":0.0,"enemies":"Spheric Guardian","floor":19.0,"turns":5.0},{"damage":22.0,"enemies":"Chosen","floor":20.0,"turns":7.0},{"damage":0.0,"enemies":"Snecko","floor":22.0,"turns":6.0},{"damage":3.0,"enemies":"Snake Plant","floor":25.0,"turns":4.0},{"damage":0.0,"enemies":"Gremlin Leader","floor":26.0,"turns":17.0},{"damage":8.0,"enemies":"Shelled Parasite and Fungi","floor":28.0,"turns":4.0},{"damage":4.0,"enemies":"Sentry and Sphere","floor":29.0,"turns":6.0},{"damage":0.0,"enemies":"Cultist and Chosen","floor":31.0,"turns":6.0},{"damage":6,"enemies":"3 Cultists","floor":32,"turns":5},{"damage":0,"enemies":"SI_MIRROR_ARCHETYPE","floor":33,"turns":11},{"damage":3,"enemies":"3 Darklings","floor":36,"turns":5},{"damage":0,"enemies":"3 Shapes","floor":37,"turns":4},{"damage":0,"enemies":"Spire Growth","floor":40,"turns":5},{"damage":0,"enemies":"downfall:FleeingMerchant","floor":43,"turns":4},{"damage":5,"enemies":"Maw","floor":44,"turns":8},{"damage":0,"enemies":"downfall:FleeingMerchant","floor":47,"turns":4},{"damage":15,"enemies":"Jaw Worm Horde","floor":48,"turns":5},{"damage":7,"enemies":"4 Shapes","floor":49,"turns":4},{"damage":104,"enemies":"IC_BLOCK_ARCHETYPE","floor":50,"turns":16}],"seed_played":"-2639310608794354293","potions_obtained":[{"floor":12.0,"key":"Block Potion"},{"floor":13.0,"key":"Fire Potion"},{"floor":14.0,"key":"LiquidMemories"},{"floor":16.0,"key":"Fire Potion"},{"floor":19.0,"key":"champ:CounterPotion"},{"floor":22.0,"key":"Swift Potion"},{"floor":32,"key":"Fire Potion"},{"floor":37,"key":"Milkshake"}],"is_trial":false,"path_per_floor":["R","M","?","?","M","M","T","M","$","?","R","M","E","M","M","B",null,"R","M","M","?","M","R","T","M","E","R","M","M","R","M","M","B",null,"R","M","M","?","?","M","T","R","$","M","R","?","$","M","M","B",null],"character_chosen":"THE_CHAMP","items_purchased":["expansioncontent:AwakenDeath","expansioncontent:DashGenerateEvil"],"campfire_rested":0,"item_purchase_floors":[9,43],"current_hp_per_floor":[90,89,89,89,89,89,89,68,68,68,68,66,57,49,49,22,90,90,90,68,68,68,68,68,65,65,65,57,53,53,53,47,47,90,90,87,87,87,87,87,87,97,97,92,92,92,92,77,70,21],"gold":82,"neow_bonus":"REMOVE_CARD","is_daily":false,"chose_seed":false,"campfire_upgraded":9,"win_rate":0.0,"timestamp":1612756751,"path_taken":["R","M","?","?","M","M","T","M","?","?","R","M","E","M","M","BOSS","R","M","M","?","M","R","T","M","E","R","M","M","R","M","M","BOSS","R","M","M","?","?","M","T","R","$","M","R","?","?","M","M","BOSS"],"items_purchased_type":["Card","Card"],"build_version":"2020-12-22","purchased_purges":1,"victory":true,"max_hp_per_floor":[90,90,90,90,90,90,90,90,90,90,90,90,90,90,90,90,90,90,90,90,90,90,90,90,90,90,90,90,90,90,90,90,90,90,90,90,90,90,90,90,90,100,100,100,100,100,100,100,100,100],"relic_stats":{"counters":[29,190],"Bronze Scales":[246],"Astrolabe":["champ:AdrenalArmor","champ:Devastate","champ:ShieldThrow"],"Boot":[4],"obtain_stats":[{"Runic Dome":17,"Pondfish Scales":7,"downfall:HeartBlessingBlue":42,"Bronze Scales":26,"Astrolabe":34,"champ:ChampionCrown":0,"downfall:HeartBlessingGreen":18,"Bottled Lightning":24,"Boot":13},{"Runic Dome":10,"Pondfish Scales":3,"downfall:HeartBlessingBlue":23,"Bronze Scales":15,"Astrolabe":20,"champ:ChampionCrown":0,"downfall:HeartBlessingGreen":10,"Bottled Lightning":13,"Boot":7},{"Runic Dome":64,"Pondfish Scales":13,"downfall:HeartBlessingBlue":149,"Bronze Scales":103,"Astrolabe":135,"champ:ChampionCrown":0,"downfall:HeartBlessingGreen":64,"Bottled Lightning":82,"Boot":40}]},"card_choices":[{"not_picked":["champ:Backstep","champ:BladeFlurry"],"picked":"champ:PreemptiveStrike","floor":2.0},{"not_picked":["champ:BringItOn","champ:CrownThrow","champ:BerserkersShout"],"picked":"SKIP","floor":5.0},{"not_picked":["champ:Backstep","champ:Circumvent"],"picked":"champ:ShieldWall","floor":6.0},{"not_picked":["champ:PerfectedStrike","champ:EndlessRage","champ:EnGarde"],"picked":"SKIP","floor":8.0},{"not_picked":["champ:DancingMaster","champ:BerserkersShout","champ:EndlessRage"],"picked":"SKIP","floor":9.0},{"not_picked":["champ:Shatter","champ:CrookedStrike","champ:BladeFlurry"],"picked":"SKIP","floor":12.0},{"not_picked":["champ:IronFortress","champ:FanOfKnives"],"picked":"champ:DefensiveShout","floor":13.0},{"not_picked":["champ:DeathBlow","champ:FanOfKnives"],"picked":"champ:CalledShot","floor":14.0},{"not_picked":["champ:PreciseThrust","champ:Shatter"],"picked":"champ:Lariat","floor":15.0},{"not_picked":["champ:Devastate","champ:LastStand"],"picked":"champ:HoldFirm","floor":16.0},{"not_picked":["champ:AdrenalArmor","champ:PreciseThrust","champ:FanOfKnives"],"picked":"SKIP","floor":19.0},{"not_picked":["champ:Encircle","champ:Haymaker"],"picked":"champ:ShieldWall","floor":20.0},{"not_picked":["champ:Circumvent","champ:AdrenalArmor"],"picked":"champ:FocusedDefense","floor":22.0},{"not_picked":["champ:CrownThrow","champ:GutPunch"],"picked":"champ:SteelEdge","floor":25.0},{"not_picked":["champ:FanOfKnives","champ:Haymaker","champ:Encircle"],"picked":"SKIP","floor":26.0},{"not_picked":["champ:FanOfKnives","champ:Haymaker","champ:Encircle"],"picked":"SKIP","floor":26.0},{"not_picked":["champ:RecklessLeap","champ:BladeFlurry+1","champ:EnGarde"],"picked":"SKIP","floor":28.0},{"not_picked":["champ:EnragedBash","champ:Backstep","champ:EnGarde"],"picked":"SKIP","floor":29.0},{"not_picked":["champ:StanceDance","champ:FaceSlap","champ:RecklessLeap+1"],"picked":"SKIP","floor":31.0},{"not_picked":["champ:StanceDance","champ:FaceSlap","champ:RecklessLeap+1"],"picked":"SKIP","floor":31.0},{"not_picked":["champ:GladiatorForm","champ:FalseCounter","champ:PreciseThrust+1"],"picked":"SKIP","floor":32},{"not_picked":["champ:CrownThrow+1","champ:BringItOn","champ:FanOfKnives+1"],"picked":"SKIP","floor":36},{"not_picked":["champ:DefensiveShout+1","champ:ShieldSlam"],"picked":"champ:FocusedDefense+1","floor":37},{"not_picked":["expansioncontent:Chronoboost","Replay:SS_hec_1"],"picked":"Replay:SS_forest_2","floor":38},{"not_picked":["champ:Encircle+1","champ:BerserkersShout+1"],"picked":"champ:SkillfulDodge+1","floor":40},{"not_picked":["champ:Encircle","champ:Shatter","champ:Haymaker"],"picked":"SKIP","floor":43},{"not_picked":["champ:Shatter","champ:StanceDance","champ:GutPunch"],"picked":"SKIP","floor":44},{"not_picked":["champ:CrownThrow","champ:FlashCut","champ:BerserkersShout+1"],"picked":"SKIP","floor":47},{"not_picked":["champ:ArenaPreparation","champ:EnragedBash","champ:SteelEdge"],"picked":"SKIP","floor":48},{"not_picked":["champ:FancyFootwork","champ:FaceSlap","champ:PreciseThrust+1"],"picked":"SKIP","floor":49}],"player_experience":304200,"relics_obtained":[{"floor":7.0,"key":"Pondfish Scales"},{"floor":13.0,"key":"Boot"},{"floor":24.0,"key":"Bottled Lightning"},{"floor":26.0,"key":"Bronze Scales"}],"event_choices":[{"cards_removed":["champ:Strike"],"damage_healed":0.0,"max_hp_gain":0.0,"max_hp_loss":0.0,"gold_gain":0.0,"event_name":"The Cleric","player_choice":"Card Removal","floor":4.0,"gold_loss":0.0,"damage_taken":0.0},{"damage_healed":0.0,"max_hp_gain":0.0,"max_hp_loss":0.0,"gold_gain":0.0,"event_name":"Vampires","player_choice":"Ignored","floor":21.0,"gold_loss":0.0,"damage_taken":0.0},{"cards_removed":["Replay:SS_forest_2"],"damage_healed":0,"gold_gain":0,"player_choice":"Removed Power","damage_taken":0,"max_hp_gain":0,"max_hp_loss":0,"event_name":"Falling","floor":39,"gold_loss":0}],"is_beta":false,"boss_relics":[{"not_picked":["Runic Pyramid","Snecko Heart"],"picked":"Runic Dome"},{"not_picked":["champ:ChampionCrownUpgraded","Cursed Key"],"picked":"Astrolabe"}],"items_purged_floors":[43],"is_endless":false,"potions_floor_spawned":[12,13,14,15,16,19,22,28,31,32,37,49],"ascension_level":0}}