{"host":"6pgtslebjnyv5xmi","time":1612788469,"event":{"mods":["AchievementEnabler","BaseMod","Colored Map","Minty Spire (QoL Compilation)","Rare Cards Sparkle","StSLib","SuperFastMode","The Cursed","everything is the same but u backflip on backflip"],"gold_per_floor":[114,114,114,137,137,137,157,191,191,205,205,280,280,280,280,369,369,387,421,421,442,41,41,91,91,118,146,158,170,200,212,224,327,339,374,386,418,430,442,454,491,503,515,550,562,605,839,875,887,899,899],"floor_reached":50,"language":"KOR","playtime":1481,"items_purged":["Strike_R"],"score":874,"play_id":"24b05c6f-9c49-4dbe-b8ee-c619d84896cd","local_time":"20210208214749","is_ascension_mode":true,"campfire_choices":[{"floor":6,"key":"REST"},{"floor":11,"key":"REST"},{"floor":15,"key":"REST"},{"floor":23,"key":"REST"},{"floor":25,"key":"REST"},{"floor":29,"key":"REST"},{"data":"Heavy Blade","floor":32,"key":"SMITH"},{"floor":40,"key":"REST"},{"floor":42,"key":"REST"},{"floor":45,"key":"REST"},{"floor":49,"key":"REST"}],"circlet_count":0,"master_deck":["AscendersBane","Strike_R","Strike_R","Strike_R","Strike_R","Defend_R","Defend_R+1","Defend_R","Defend_R","Bash+1","Double Tap","Spot Weakness+1","Offering","Twin Strike","Flex","Double Tap","Flame Barrier","J.A.X.","Headbutt+1","Pummel","Heavy Blade+1","Limit Break","Shockwave+1","Heavy Blade+1","Ghostly Armor+1"],"relics":["Burning Blood","Juzu Bracelet","Art of War","Centennial Puzzle","Dream Catcher","Golden Idol","Runic Cube","Red Mask","Pen Nib","ClockworkSouvenir","MawBank","Velvet Choker","Question Card","Girya"],"acts_visited":["Exordium","TheCity","TheBeyond"],"potions_floor_usage":[16,16,19,27,33,37,48],"damage_taken":[{"damage":7,"enemies":"2 Louse","floor":1,"turns":4},{"damage":12,"enemies":"Jaw Worm","floor":7,"turns":2},{"damage":25,"enemies":"3 Sentries","floor":8,"turns":7},{"damage":1,"enemies":"Cultist","floor":10,"turns":3},{"damage":47,"enemies":"Slime Boss","floor":16,"turns":9},{"damage":19,"enemies":"Chosen","floor":18,"turns":4},{"damage":30,"enemies":"Masked Bandits","floor":19,"turns":3},{"damage":25,"enemies":"3 Byrds","floor":21,"turns":4},{"damage":28,"enemies":"Sentry and Sphere","floor":27,"turns":4},{"damage":11,"enemies":"Centurion and Healer","floor":30,"turns":3},{"damage":35,"enemies":"Collector","floor":33,"turns":3},{"damage":26,"enemies":"3 Shapes","floor":35,"turns":4},{"damage":15,"enemies":"Orb Walker","floor":37,"turns":2},{"damage":21,"enemies":"Jaw Worm Horde","floor":41,"turns":4},{"damage":23,"enemies":"Maw","floor":44,"turns":5},{"damage":14,"enemies":"Mind Bloom Boss Battle","floor":46,"turns":4},{"damage":27,"enemies":"4 Shapes","floor":48,"turns":3},{"damage":46,"enemies":"Time Eater","floor":50,"turns":2}],"seed_played":"621604100043658804","potions_obtained":[{"floor":7,"key":"ColorlessPotion"},{"floor":8,"key":"SpeedPotion"},{"floor":16,"key":"Explosive Potion"},{"floor":18,"key":"FairyPotion"},{"floor":21,"key":"SkillPotion"},{"floor":27,"key":"FearPotion"},{"floor":35,"key":"SneckoOil"},{"floor":46,"key":"Block Potion"}],"is_trial":false,"path_per_floor":["M","?","?","T","$","R","M","E","T","M","R","?","?","?","R","B",null,"M","?","?","M","$","R","?","R","T","M","$","R","M","$","R","B",null,"M","$","M","?","?","R","M","R","T","M","R","?","?","M","R","B"],"character_chosen":"IRONCLAD","items_purchased":["Pen Nib","ClockworkSouvenir"],"campfire_rested":10,"item_purchase_floors":[22,22],"current_hp_per_floor":[67,44,18,18,18,40,34,15,15,20,42,31,31,31,51,10,54,41,17,17,26,26,46,46,66,66,44,44,64,59,59,59,30,59,39,39,30,30,30,49,34,53,53,36,55,47,47,26,45,0,0],"gold":899,"neow_bonus":"ONE_RANDOM_RARE_CARD","is_daily":false,"chose_seed":false,"campfire_upgraded":1,"win_rate":0.0,"timestamp":1612788469,"path_taken":["M","?","?","?","$","R","M","E","T","M","R","?","?","?","R","BOSS","M","?","?","M","$","R","?","R","T","M","$","R","M","$","R","BOSS","M","$","M","?","?","R","M","R","T","M","R","?","?","M","R","BOSS"],"items_purchased_type":["Relic","Relic"],"build_version":"2020-12-22","purchased_purges":1,"victory":false,"max_hp_per_floor":[75,75,75,75,75,75,75,75,75,75,75,75,68,68,68,68,68,68,68,68,68,68,68,68,68,68,68,68,68,68,68,68,68,68,68,68,68,65,65,65,65,65,65,65,65,65,65,65,65,65,65],"card_choices":[{"not_picked":["Havoc","Rupture","Thunderclap"],"picked":"SKIP","floor":1},{"not_picked":["Flex","True Grit"],"picked":"Spot Weakness","floor":7},{"not_picked":["Anger","Second Wind"],"picked":"Offering","floor":8},{"not_picked":["Warcry","True Grit"],"picked":"Twin Strike","floor":10},{"not_picked":["True Grit","Havoc"],"picked":"Flex","floor":15},{"not_picked":["Juggernaut","Berserk"],"picked":"Double Tap","floor":16},{"not_picked":["Intimidate","Warcry","Dark Embrace"],"picked":"SKIP","floor":18},{"not_picked":["Havoc+1","Shrug It Off"],"picked":"Flame Barrier","floor":19},{"not_picked":["Burning Pact","Body Slam+1"],"picked":"Headbutt+1","floor":21},{"not_picked":["Spot Weakness","Shrug It Off"],"picked":"Pummel","floor":23},{"not_picked":["Cleave+1","Sentinel","Metallicize"],"picked":"SKIP","floor":27},{"not_picked":["True Grit","Perfected Strike"],"picked":"Heavy Blade","floor":30},{"not_picked":["Immolate","Reaper"],"picked":"Limit Break","floor":33},{"not_picked":["Sword Boomerang","Clothesline"],"picked":"Shockwave+1","floor":35},{"not_picked":["Wild Strike","Twin Strike","Rage+1"],"picked":"SKIP","floor":37},{"not_picked":["Second Wind+1","Thunderclap"],"picked":"Heavy Blade+1","floor":40},{"not_picked":["Clash","Cleave","Body Slam+1"],"picked":"SKIP","floor":41},{"not_picked":["Uppercut","Armaments"],"picked":"Ghostly Armor+1","floor":42},{"not_picked":["Immolate","Flex","Feel No Pain","Pommel Strike"],"picked":"SKIP","floor":44},{"not_picked":["Havoc","Sword Boomerang","Dropkick","Dual Wield"],"picked":"SKIP","floor":48}],"player_experience":1000744,"relics_obtained":[{"floor":4,"key":"Art of War"},{"floor":8,"key":"Centennial Puzzle"},{"floor":9,"key":"Dream Catcher"},{"floor":19,"key":"Red Mask"},{"floor":26,"key":"MawBank"},{"floor":43,"key":"Question Card"},{"floor":46,"key":"Girya"}],"event_choices":[{"damage_healed":0,"gold_gain":0,"player_choice":"Entered Light","damage_taken":23,"max_hp_gain":0,"max_hp_loss":0,"event_name":"Shining Light","floor":2,"gold_loss":0,"cards_upgraded":["Bash","Defend_R"]},{"damage_healed":0,"gold_gain":0,"player_choice":"Success","damage_taken":26,"relics_obtained":["Juzu Bracelet"],"max_hp_gain":0,"max_hp_loss":0,"event_name":"Scrap Ooze","floor":3,"gold_loss":0},{"damage_healed":0,"gold_gain":75,"player_choice":"Gather Gold","damage_taken":11,"max_hp_gain":0,"max_hp_loss":0,"event_name":"World of Goop","floor":12,"gold_loss":0},{"damage_healed":0,"gold_gain":0,"player_choice":"Lose Max HP","damage_taken":0,"relics_obtained":["Golden Idol"],"max_hp_gain":0,"max_hp_loss":7,"event_name":"Golden Idol","floor":13,"gold_loss":0},{"damage_healed":0,"gold_gain":0,"player_choice":"Grow","damage_taken":0,"max_hp_gain":0,"max_hp_loss":0,"event_name":"Living Wall","floor":14,"gold_loss":0,"cards_upgraded":["Spot Weakness"]},{"damage_healed":0,"gold_gain":0,"player_choice":"Fought Bandits","damage_taken":0,"max_hp_gain":0,"max_hp_loss":0,"event_name":"Masked Bandits","floor":19,"gold_loss":0},{"damage_healed":0,"gold_gain":0,"player_choice":"Obtain J.A.X.","damage_taken":0,"max_hp_gain":0,"max_hp_loss":0,"event_name":"Drug Dealer","floor":20,"gold_loss":0,"cards_obtained":["J.A.X."]},{"damage_healed":0,"gold_gain":50,"player_choice":"Stole From Cult","damage_taken":0,"max_hp_gain":0,"max_hp_loss":0,"event_name":"Nest","floor":24,"gold_loss":0},{"damage_healed":0,"gold_gain":0,"player_choice":"Max HP","damage_taken":0,"max_hp_gain":0,"max_hp_loss":3,"event_name":"Winding Halls","floor":38,"gold_loss":0},{"damage_healed":0,"gold_gain":0,"player_choice":"Ignored","damage_taken":0,"max_hp_gain":0,"max_hp_loss":0,"event_name":"Mysterious Sphere","floor":39,"gold_loss":0},{"damage_healed":0,"gold_gain":0,"player_choice":"Fight","damage_taken":0,"max_hp_gain":0,"max_hp_loss":0,"event_name":"MindBloom","floor":46,"gold_loss":0},{"damage_healed":0,"gold_gain":222,"player_choice":"Wore Mask","damage_taken":0,"max_hp_gain":0,"max_hp_loss":0,"event_name":"Tomb of Lord Red Mask","floor":47,"gold_loss":0}],"is_beta":false,"boss_relics":[{"not_picked":["Astrolabe","SlaversCollar"],"picked":"Runic Cube"},{"not_picked":["Calling Bell","Tiny House"],"picked":"Velvet Choker"}],"items_purged_floors":[22],"is_endless":false,"potions_floor_spawned":[7,8,16,18,21,27,35,46],"killed_by":"Time Eater","ascension_level":17}}