{"host":"i1xfvbr0z23eel2z","time":1612827064,"event":{"mods":["2.2 Compatiblity","BaseMod","Colored Map","Highlight Path","Minty Spire (QoL Compilation)","StSLib","Together in Spire"],"gold_per_floor":[109,109,109,124,137,168,168,181,181,181,146,186,6,30,30,156,156,181,206,206,220,263,282,282,282,282],"floor_reached":25,"language":"ENG","playtime":1612,"items_purged":[],"score":288,"play_id":"ec7ae088-14bc-460c-a325-673245fe1c5a","local_time":"20210208183104","is_ascension_mode":false,"campfire_choices":[{"data":"Zap","floor":7,"key":"SMITH"},{"data":"Streamline","floor":15,"key":"SMITH"}],"circlet_count":0,"master_deck":["Strike_B","Strike_B","Strike_B","Strike_B","Defend_B","Defend_B","Defend_B","Defend_B","Zap+1","Dualcast","Undo","Sweeping Beam","FTL","Sweeping Beam","Glacier","Defragment","Streamline+1","Recycle","Reboot","CurseOfTheBell","Coolheaded","Beam Cell","Lockon","Skim"],"relics":["Cracked Core","Cables","Golden Idol","WingedGreaves","Ginger","Happy Flower","Anchor","Bronze Scales","Calling Bell","Regal Pillow","Gremlin Horn","Calipers","Red Mask","Pocketwatch"],"acts_visited":["Exordium","TheCity"],"potions_floor_usage":[16],"damage_taken":[{"damage":0,"enemies":"2 Louse","floor":1,"turns":1},{"damage":0,"enemies":"Jaw Worm","floor":4,"turns":1},{"damage":0,"enemies":"Cultist","floor":5,"turns":1},{"damage":0,"enemies":"Lagavulin","floor":6,"turns":3},{"damage":0,"enemies":"2 Fungi Beasts","floor":8,"turns":1},{"damage":0,"enemies":"Gremlin Nob","floor":12,"turns":2},{"damage":0,"enemies":"Blue Slaver","floor":14,"turns":1},{"damage":17,"enemies":"Hexaghost","floor":16,"turns":3},{"damage":0,"enemies":"Spheric Guardian","floor":18,"turns":1},{"damage":0,"enemies":"Chosen","floor":19,"turns":2},{"damage":0,"enemies":"Snake Plant","floor":21,"turns":1},{"damage":0,"enemies":"Masked Bandits","floor":22,"turns":1},{"damage":0,"enemies":"Cultist and Chosen","floor":23,"turns":1},{"damage":0,"enemies":"Book of Stabbing","floor":25,"turns":1}],"seed_played":"-6450662134488154187","potions_obtained":[{"floor":1,"key":"FocusPotion"},{"floor":5,"key":"Swift Potion"},{"floor":12,"key":"SteroidPotion"},{"floor":16,"key":"Energy Potion"}],"is_trial":false,"path_per_floor":["M","?","?","M","M","E","R","M","T","T","?","E","$","M","R","B",null,"M","M","?","M","?","M","T","E"],"character_chosen":"DEFECT","items_purchased":["Bronze Scales","Streamline"],"campfire_rested":0,"item_purchase_floors":[13,13],"current_hp_per_floor":[82,79,59,59,59,59,59,59,59,59,79,79,79,79,79,62,82,82,82,82,82,82,82,82,82,82],"gold":282,"neow_bonus":"TEN_PERCENT_HP_BONUS","is_daily":false,"chose_seed":false,"campfire_upgraded":2,"win_rate":0.0,"timestamp":1612827064,"path_taken":["M","?","?","M","M","E","R","M","T","?","?","E","$","M","R","BOSS","M","M","?","?","?","M","?","E"],"items_purchased_type":["Relic","Card"],"build_version":"2020-12-22","purchased_purges":0,"victory":false,"max_hp_per_floor":[82,82,82,82,82,82,82,82,82,82,82,82,82,82,82,82,82,82,82,82,82,82,82,82,82,82],"card_choices":[{"not_picked":["Chill","Auto Shields"],"picked":"Undo","floor":1},{"not_picked":["Force Field","Chaos"],"picked":"Sweeping Beam","floor":4},{"not_picked":["Steam","BootSequence"],"picked":"FTL","floor":5},{"not_picked":["Streamline","Turbo"],"picked":"Sweeping Beam","floor":6},{"not_picked":["Scrape","Stack"],"picked":"Glacier","floor":8},{"not_picked":["Genetic Algorithm","Hologram"],"picked":"Defragment","floor":12},{"not_picked":["Barrage","Steam"],"picked":"Recycle","floor":14},{"not_picked":["All For One","Meteor Strike"],"picked":"Reboot","floor":16},{"not_picked":["FTL","Chaos"],"picked":"Coolheaded","floor":18},{"not_picked":["Streamline","Scrape+1"],"picked":"Beam Cell","floor":19},{"not_picked":["Beam Cell","Streamline"],"picked":"Lockon","floor":21},{"not_picked":["Turbo","Rebound+1"],"picked":"Skim","floor":23}],"player_experience":93044,"relics_obtained":[{"floor":6,"key":"WingedGreaves"},{"floor":9,"key":"Ginger"},{"floor":10,"key":"Happy Flower"},{"floor":12,"key":"Anchor"},{"floor":17,"key":"Regal Pillow"},{"floor":17,"key":"Gremlin Horn"},{"floor":17,"key":"Calipers"},{"floor":22,"key":"Red Mask"},{"floor":24,"key":"Pocketwatch"}],"event_choices":[{"damage_healed":0,"gold_gain":0,"player_choice":"Success","damage_taken":3,"relics_obtained":["Cables"],"max_hp_gain":0,"max_hp_loss":0,"event_name":"Scrap Ooze","floor":2,"gold_loss":0},{"damage_healed":0,"gold_gain":0,"player_choice":"Take Damage","damage_taken":20,"relics_obtained":["Golden Idol"],"max_hp_gain":0,"max_hp_loss":0,"event_name":"Golden Idol","floor":3,"gold_loss":0},{"damage_healed":20,"gold_gain":0,"player_choice":"Healed","damage_taken":0,"max_hp_gain":0,"max_hp_loss":0,"event_name":"The Cleric","floor":11,"gold_loss":35},{"damage_healed":0,"gold_gain":0,"player_choice":"Bought 0 Potions","damage_taken":0,"max_hp_gain":0,"max_hp_loss":0,"event_name":"The Woman in Blue","floor":20,"gold_loss":0},{"damage_healed":0,"gold_gain":0,"player_choice":"Fought Bandits","damage_taken":0,"max_hp_gain":0,"max_hp_loss":0,"event_name":"Masked Bandits","floor":22,"gold_loss":0}],"is_beta":false,"boss_relics":[{"not_picked":["Sozu","Snecko Eye"],"picked":"Calling Bell"}],"items_purged_floors":[],"is_endless":false,"potions_floor_spawned":[1,5,12,16,18,22,23],"killed_by":"Book of Stabbing","ascension_level":0}}