{"host":"56d873i5r3uhle0q","time":1612753698,"event":{"mods":["100% Spire Juice","Act Like it!","BaseMod","Block Reminder","Dota2Spire","Gensokyo","Hermit","Lobotomy","LobotomyExtend","Marisa????????","Marked Mod","Minty Spire (QoL Compilation)","Reliquary","Replay The Spire","StSLib","The Animator","The Bug Knight","The Cursed","The Marked","The Servant 0.9.4","Wandering Minibosses","everything is the same but u backflip on backflip","??????REMEMod"],"gold_per_floor":[111,123,137,60,60,87,87,87,87,87,87,87,87,113,113,214,214,226,245,53,53,76,76,91,109,109,109,109,150,150,174,250,454,454,467,467,467,220,72,72,125,125,205,205,205],"floor_reached":44,"language":"ENG","playtime":2108,"items_purged":[],"score":563,"play_id":"3dae78a8-cf32-48d9-8272-a053466d184f","local_time":"20210207200818","daily_mods":["Insanity","Chimera","Vintage","ControlledChaos","Allstar","Diverse","Heirloom"],"is_ascension_mode":false,"campfire_choices":[{"data":"DevaForm","floor":13.0,"key":"SMITH"},{"data":"TheCursedMod:HellsGateOpen","floor":15.0,"key":"SMITH"},{"data":"Moonworks:Blazing","floor":23.0,"key":"SMITH"},{"floor":27.0,"key":"REST"},{"floor":40.0,"key":"REST"},{"data":"Echo Form","floor":42,"key":"SMITH"}],"circlet_count":0,"master_deck":["Demon Form","Echo Form+1","DevaForm+1","Moonworks:Blazing+1","REME_ShortnessOfBreath","REME_HeartOfCthun+1","Blind","PanicButton","TheCursedMod:HellsGateOpen+1","Magnetism+1","WitchOfGreed+1","GreedKing","After Image+1","BlueStar","Gensokyo:FourOfAKind","Gensokyo:FourOfAKind","Gensokyo:FourOfAKind","Gensokyo:FourOfAKind","Juggernaut+1","Gensokyo:BlemishedSteel"],"relics":["Burning Blood","Frozen Eye","Ring of Chaos","REME_ComplimentaryCards","StoneCalendar","reliquary:Sideboard","LetterFromLob","Kunai","Dota2Spire:ShadowBlade","Gensokyo:OccultBall","Golden Egg","CogitoBucket","Art of War","Frozen Egg 2","Empty Cage","Dota2Spire:ArmletOfMordiggian","Paper Frog","Magic Flower","Strawberry","Whetstone","Replay:PocketPolymizer","Torii","REME_HandOfSuture","REME_PuzzleBoxRelic","Philosopher\u0027s Stone","Snack Pack","Chemical X","PreservedInsect","Dota2Spire:EchoSabre","Molten Egg 2"],"acts_visited":["Gensokyo:Gensokyo","Gensokyo:Gensokyoer","Gensokyo:Gensokyoest"],"potions_floor_usage":[],"damage_taken":[{"damage":6.0,"enemies":"Gensokyo:Gryphon","floor":1.0,"turns":3.0},{"damage":0.0,"enemies":"Gensokyo:Python","floor":2.0,"turns":2.0},{"damage":0.0,"enemies":"Gensokyo:3_Fairies","floor":3.0,"turns":2.0},{"damage":9.0,"enemies":"Gensokyo:Mamizou","floor":6.0,"turns":7.0},{"damage":22.0,"enemies":"Gensokyo:Cirno","floor":14.0,"turns":6.0},{"damage":12.0,"enemies":"Gensokyo:Reimu","floor":16.0,"turns":4.0},{"damage":21.0,"enemies":"Gensokyo:AngelMirror","floor":18.0,"turns":4.0},{"damage":10.0,"enemies":"Gensokyo:Chomper","floor":19.0,"turns":7.0},{"damage":26.0,"enemies":"Gensokyo:Slime_Group","floor":24.0,"turns":4.0},{"damage":0.0,"enemies":"Gensokyo:Swordslinger","floor":25.0,"turns":1.0},{"damage":29.0,"enemies":"Gensokyo:Wraith","floor":29.0,"turns":5.0},{"damage":20.0,"enemies":"Gensokyo:Eternal_Rivals","floor":33.0,"turns":7.0},{"damage":26.0,"enemies":"Gensokyo:3_Boulders","floor":35.0,"turns":4.0},{"damage":75.0,"enemies":"Gensokyo:3_Boulders","floor":36.0,"turns":4.0},{"damage":46.0,"enemies":"Gensokyo:Marisa","floor":41.0,"turns":6.0},{"damage":32,"enemies":"Gensokyo:AncientGuardian","floor":44,"turns":1}],"seed_played":"8196987888219630431","potions_obtained":[{"floor":2.0,"key":"Energy Potion"},{"floor":6.0,"key":"BlessingOfTheForge"},{"floor":24.0,"key":"BlessingOfTheForge"}],"is_trial":true,"path_per_floor":["M","M","M","COS","?","E","WH","WH","T","WH","R","?","R","E","R","B",null,"M","M","$","?","?","R","M","M","T","R","$","M","?","T","R","B",null,"M","?","?","COS","$","R","E","R","T","M"],"character_chosen":"IRONCLAD","items_purchased":["Magnetism+1","PreservedInsect"],"campfire_rested":2,"item_purchase_floors":[20,39],"current_hp_per_floor":[80,80,80,80,80,77,77,77,77,77,77,80,80,64,64,58,80,65,65,65,65,65,65,55,64,64,87,87,67,61,61,61,50,61,44,44,44,44,44,61,30,30,30,0,0],"gold":205,"neow_bonus":"THREE_CARDS","is_daily":false,"chose_seed":false,"campfire_upgraded":4,"win_rate":0.0,"timestamp":1612753698,"path_taken":["M","?","?","COS","?","E","WH","WH","T","WH","R","?","R","E","R","BOSS","M","M","$","?","?","R","M","M","T","R","$","M","?","?","R","BOSS","M","?","?","COS","?","R","E","R","T","M"],"items_purchased_type":["Card","Relic"],"build_version":"2020-12-22","purchased_purges":0,"victory":false,"max_hp_per_floor":[80,80,80,80,80,80,80,80,80,80,80,80,80,80,80,80,80,80,80,80,80,80,80,87,87,87,87,87,87,61,61,61,61,61,61,61,61,61,61,61,61,61,61,61,61],"card_choices":[{"not_picked":["REME_ShadowStrike","hermit:Misfire","WaveOfTheHand"],"picked":"SKIP","floor":6.0},{"not_picked":["REME_SingleHolding","Lockon"],"picked":"TheCursedMod:HellsGateOpen","floor":10.0},{"not_picked":["NonDirectionalLaser","Draining Mist","Redo"],"picked":"SKIP","floor":14.0},{"not_picked":["FloweringNight+1","MarkedMod:ChiBlock"],"picked":"After Image+1","floor":16.0},{"not_picked":["Scorched","NakedNest"],"picked":"GreedKing","floor":18.0},{"not_picked":["ShyLook","Laetitia"],"picked":"OSAHOGD","floor":19.0},{"not_picked":["OldLady","CrumblingArmor"],"picked":"BlueStar","floor":25.0},{"not_picked":["theMarked:TurnInvisible","TheCursedMod:NeowsMight"],"picked":"Juggernaut+1","floor":33.0},{"not_picked":["animator:Benimaru","animator:Add","HollowMod:InfectedCysts+1"],"picked":"SKIP","floor":41}],"player_experience":700327,"relics_obtained":[{"floor":1.0,"key":"reliquary:Sideboard"},{"floor":1.0,"key":"LetterFromLob"},{"floor":2.0,"key":"Kunai"},{"floor":3.0,"key":"Dota2Spire:ShadowBlade"},{"floor":6.0,"key":"Golden Egg"},{"floor":9.0,"key":"Art of War"},{"floor":14.0,"key":"Frozen Egg 2"},{"floor":16.0,"key":"Gensokyo:OccultBall"},{"floor":18.0,"key":"Gensokyo:OccultBall"},{"floor":18.0,"key":"Dota2Spire:ArmletOfMordiggian"},{"floor":19.0,"key":"Paper Frog"},{"floor":22.0,"key":"Magic Flower"},{"floor":24.0,"key":"Strawberry"},{"floor":25.0,"key":"Gensokyo:OccultBall"},{"floor":25.0,"key":"Whetstone"},{"floor":26.0,"key":"Replay:PocketPolymizer"},{"floor":29.0,"key":"REME_HandOfSuture"},{"floor":31.0,"key":"REME_PuzzleBoxRelic"},{"floor":33.0,"key":"Gensokyo:OccultBall"},{"floor":35.0,"key":"Snack Pack"},{"floor":41,"key":"Dota2Spire:EchoSabre"},{"floor":43,"key":"Molten Egg 2"}],"event_choices":[],"is_beta":false,"boss_relics":[{"not_picked":["Electric Blood","ReplayTheSpireMod:DimensionalGlitch"],"picked":"Empty Cage"},{"not_picked":["Abe\u0027s Treasure","Painkiller Herb"],"picked":"Philosopher\u0027s Stone"}],"items_purged_floors":[],"is_endless":false,"potions_floor_spawned":[2,6,14,16,18,24,41],"killed_by":"Gensokyo:AncientGuardian","ascension_level":0}}