{"host":"f7rb14kzcw8hx1r1","time":1612801147,"event":{"mods":["BaseMod","Better Note","Better Third Choice","Colored Map","Highlight Path","Hubris","Minty Spire (QoL Compilation)","Replay The Spire","StSLib","The Forsaken"],"gold_per_floor":[213,224,224,240,254,289,305,338,411,411,411,22,22,22,22,119,119,137,137,152,167,167,194,206,239,239,258,258,275,291,321,321,418,418,429,429,429,444,459,459,493,493,567,0,0,0,15,65,65,65],"floor_reached":51,"language":"ENG","playtime":2701,"items_purged":["Strike_G","Defend_G"],"score":897,"play_id":"4d128876-41aa-4403-9a88-a3983a5879f0","local_time":"20210208171907","is_ascension_mode":false,"campfire_choices":[{"data":"Neutralize","floor":10.0,"key":"SMITH"},{"data":"Noxious Fumes","floor":13.0,"key":"SMITH"},{"data":"Blade Dance","floor":15.0,"key":"SMITH"},{"data":"Draining Mist","floor":28.0,"key":"SMITH"},{"data":"Mirror Shield","floor":32,"key":"SMITH"},{"data":"Replay:Bag of Tricks","floor":40,"key":"SMITH"},{"data":"Leg Sweep","floor":42,"key":"SMITH"},{"data":"Survivor","floor":49,"key":"SMITH"}],"circlet_count":0,"master_deck":["Defend_G","Defend_G","Defend_G","Defend_G","Survivor+1","Noxious Fumes+1","Blade Dance+1","Die Die Die","Replay:Bag of Tricks+1","Crippling Poison+1","Mirror Shield+1","Draining Mist+1","Leg Sweep+1","Backflip","PiercingWail+1","Replay:Bag of Tricks+1","Footwork+1","hubris:SlightOfHand+1","Doppelganger+1","Poisoned Stab+1","hubris:DuctTapeCard+2","Blade Dance+1"],"relics":["Ring of the Snake","Replay:Ringing Soul","Replay:Multitool","Onion Ring","hubris:Towel","The Specimen","Painkiller Herb","Sundial","Oddly Smooth Stone","Replay:Accelerometer","theForsaken:Lifeblossom","Astrolabe","Golden Egg","Pear","Replay:Rubber Ducky","hubris:DuctTape","hubris:BundleOfHerbs"],"acts_visited":["Exordium","TheCity","TheBeyond"],"potions_floor_usage":[48,50,50],"damage_taken":[{"damage":2.0,"enemies":"2 Louse","floor":1.0,"turns":4.0},{"damage":0.0,"enemies":"Cultist","floor":2.0,"turns":4.0},{"damage":0.0,"enemies":"Jaw Worm","floor":4.0,"turns":4.0},{"damage":0.0,"enemies":"3 Louse","floor":5.0,"turns":5.0},{"damage":22.0,"enemies":"Gremlin Nob","floor":6.0,"turns":5.0},{"damage":0.0,"enemies":"Looter","floor":7.0,"turns":4.0},{"damage":9.0,"enemies":"Lagavulin","floor":8.0,"turns":8.0},{"damage":22.0,"enemies":"The Guardian","floor":16.0,"turns":12.0},{"damage":0.0,"enemies":"Chosen","floor":18.0,"turns":3.0},{"damage":7.0,"enemies":"Spheric Guardian","floor":20.0,"turns":3.0},{"damage":0.0,"enemies":"Centurion and Healer","floor":21.0,"turns":3.0},{"damage":0.0,"enemies":"Replay:Snechameleon","floor":23.0,"turns":5.0},{"damage":0.0,"enemies":"3 Cultists","floor":24.0,"turns":3.0},{"damage":9.0,"enemies":"Slavers","floor":25.0,"turns":4.0},{"damage":0.0,"enemies":"Snake Plant","floor":27.0,"turns":3.0},{"damage":2,"enemies":"Centurion and Healer","floor":29,"turns":6},{"damage":0,"enemies":"Snecko","floor":30,"turns":3},{"damage":0,"enemies":"Replay:Snechameleon","floor":31,"turns":6},{"damage":8,"enemies":"Champ","floor":33,"turns":10},{"damage":0,"enemies":"Orb Walker","floor":35,"turns":4},{"damage":0,"enemies":"3 Shapes","floor":38,"turns":4},{"damage":8,"enemies":"Transient","floor":39,"turns":5},{"damage":0,"enemies":"Giant Head","floor":41,"turns":9},{"damage":1,"enemies":"Spire Growth","floor":47,"turns":4},{"damage":0,"enemies":"Mind Bloom Boss Battle","floor":48,"turns":5},{"damage":0,"enemies":"Awakened One","floor":50,"turns":10}],"seed_played":"-6865088639762326418","potions_obtained":[{"floor":2.0,"key":"Explosive Potion"},{"floor":6.0,"key":"Block Potion"},{"floor":20.0,"key":"Strength Potion"},{"floor":24.0,"key":"LifebloodPotion"},{"floor":27.0,"key":"Dexterity Potion"},{"floor":29,"key":"Block Potion"},{"floor":33,"key":"DuplicationPotion"},{"floor":47,"key":"Strength Potion"}],"is_trial":false,"path_per_floor":["M","M","?","M","M","E","M","E","T","R","?","$","R","$","R","B",null,"?","?","?","?","?","E","?","E","T","?","T","?","?","E","T","B",null,"?","?","?","?","?","T","E","T","T","T","?","T","?","?","T","B",null],"character_chosen":"THE_SILENT","items_purchased":["The Specimen","Replay:Rubber Ducky","hubris:DuctTape","Energy Potion"],"campfire_rested":0,"item_purchase_floors":[12,44,44,44],"current_hp_per_floor":[68,68,68,68,68,49,52,46,46,46,46,46,46,46,46,27,82,85,85,78,78,81,84,87,81,81,81,81,79,82,82,82,83,106,106,101,101,101,96,96,102,102,112,115,115,115,117,120,120,120],"gold":65,"neow_bonus":"HUNDRED_GOLD","is_daily":false,"chose_seed":false,"campfire_upgraded":8,"win_rate":0.0,"timestamp":1612801147,"path_taken":["M","M","?","?","M","E","M","E","T","R","?","$","R","?","R","BOSS","?","?","?","?","?","E","?","E","T","?","T","?","?","E","T","BOSS","?","?","?","?","?","T","E","T","T","T","?","T","?","?","T","BOSS"],"items_purchased_type":["Relic","Relic","Relic","Potion"],"build_version":"2020-12-22","purchased_purges":2,"victory":true,"max_hp_per_floor":[70,70,70,70,70,73,76,79,79,79,79,79,79,79,79,82,82,85,85,85,85,88,91,94,97,97,97,97,97,100,100,100,103,106,106,101,101,101,104,104,104,104,114,117,117,117,117,120,120,120],"card_choices":[{"not_picked":["Acrobatics","Skewer"],"picked":"Dagger Throw","floor":1.0},{"not_picked":["Catalyst","Prepared","Dodge and Roll"],"picked":"SKIP","floor":2.0},{"not_picked":["Sucker Punch","Predator"],"picked":"Noxious Fumes","floor":4.0},{"not_picked":["Eviscerate","Quick Slash","Sucker Punch"],"picked":"SKIP","floor":5.0},{"not_picked":["Deflect","Bane"],"picked":"Flying Knee","floor":6.0},{"not_picked":["Escape Plan","Tactician"],"picked":"Blade Dance","floor":7.0},{"not_picked":["Setup","Toxin Wave"],"picked":"Die Die Die","floor":8.0},{"not_picked":["Storm of Steel","Glass Knife"],"picked":"Replay:Bag of Tricks","floor":16.0},{"not_picked":["Hidden Blade+1","ReplayTheSpireMod:Exploit Weakness"],"picked":"Crippling Poison+1","floor":18.0},{"not_picked":["ReplayTheSpireMod:Scrap Shanks","hubris:Sniper","Sneak Up"],"picked":"SKIP","floor":20.0},{"not_picked":["Quick Slash","Sucker Punch","Deflect"],"picked":"SKIP","floor":21.0},{"not_picked":["PiercingWail","ReplayTheSpireMod:Exploit Weakness"],"picked":"Draining Mist","floor":23.0},{"not_picked":["Bane","Underhanded Strike"],"picked":"Leg Sweep","floor":24.0},{"not_picked":["Dodge and Roll+1","Bouncing Flask"],"picked":"Backflip","floor":25.0},{"not_picked":["Cloak And Dagger","Sneak Up","Deadly Poison"],"picked":"SKIP","floor":27.0},{"not_picked":["Outmaneuver","Riddle With Holes","Slice+1"],"picked":"SKIP","floor":29},{"not_picked":["Prepared","Blade Dance"],"picked":"PiercingWail+1","floor":30},{"not_picked":["PiercingWail","Expertise","Deflect"],"picked":"SKIP","floor":31},{"not_picked":["Die Die Die","Phantasmal Killer"],"picked":"Replay:Bag of Tricks","floor":33},{"not_picked":["Endless Agony","Outmaneuver","Concentrate"],"picked":"SKIP","floor":35},{"not_picked":["A Thousand Cuts","Prepared","Sneak Up"],"picked":"SKIP","floor":38},{"not_picked":["Masterful Stab+1","Cloak And Dagger+1"],"picked":"Poisoned Stab+1","floor":39},{"not_picked":["Blade Dance+1","Dash+1","Acrobatics"],"picked":"SKIP","floor":41},{"not_picked":["Prepared","PiercingWail+1","Infinite Blades+1"],"picked":"SKIP","floor":47},{"not_picked":["Prepared","PiercingWail+1","Infinite Blades+1"],"picked":"SKIP","floor":47},{"not_picked":["Sucker Punch","Concentrate+1"],"picked":"Blade Dance+1","floor":48}],"player_experience":964047,"relics_obtained":[{"floor":6.0,"key":"Replay:Ringing Soul"},{"floor":8.0,"key":"Replay:Multitool"},{"floor":9.0,"key":"Onion Ring"},{"floor":23.0,"key":"Sundial"},{"floor":25.0,"key":"Oddly Smooth Stone"},{"floor":26.0,"key":"Replay:Accelerometer"},{"floor":31,"key":"theForsaken:Lifeblossom"},{"floor":41,"key":"Golden Egg"},{"floor":43,"key":"Pear"},{"floor":48,"key":"hubris:BundleOfHerbs"}],"event_choices":[{"cards_removed":["Strike_G"],"damage_healed":0.0,"max_hp_gain":0.0,"max_hp_loss":0.0,"gold_gain":0.0,"event_name":"Bonfire Elementals","player_choice":"Offered Basic","floor":3.0,"gold_loss":0.0,"damage_taken":0.0},{"damage_healed":0.0,"max_hp_gain":0.0,"max_hp_loss":0.0,"gold_gain":0.0,"event_name":"Upgrade Shrine","player_choice":"Upgraded","floor":19.0,"gold_loss":0.0,"damage_taken":0.0,"cards_upgraded":["Replay:Bag of Tricks"]},{"cards_removed":["Replay:Bag of Tricks"],"damage_healed":0.0,"max_hp_gain":0.0,"max_hp_loss":0.0,"gold_gain":0.0,"event_name":"betterNote:BetterNote","player_choice":"Take \u0026 Give","floor":22.0,"gold_loss":0.0,"damage_taken":0.0,"cards_obtained":["Mirror Shield"]},{"damage_healed":0,"gold_gain":0,"player_choice":"Max HP","damage_taken":0,"max_hp_gain":0,"max_hp_loss":5,"event_name":"Winding Halls","floor":36,"gold_loss":0},{"damage_healed":0,"gold_gain":0,"player_choice":"Memory 1","damage_taken":0,"max_hp_gain":0,"max_hp_loss":0,"event_name":"SensoryStone","floor":37,"gold_loss":0},{"cards_removed":["Dagger Throw"],"damage_healed":0,"gold_gain":0,"player_choice":"Removed Attack","damage_taken":0,"max_hp_gain":0,"max_hp_loss":0,"event_name":"Falling","floor":45,"gold_loss":0},{"damage_healed":0,"gold_gain":0,"player_choice":"Fight","damage_taken":0,"max_hp_gain":0,"max_hp_loss":0,"event_name":"MindBloom","floor":48,"gold_loss":0}],"is_beta":false,"boss_relics":[{"not_picked":["Replay:Grab Bag","theForsaken:PaleLantern"],"picked":"Painkiller Herb"},{"not_picked":["Replay:Ancient Bell","Snecko Heart"],"picked":"Astrolabe"}],"items_purged_floors":[12,44],"is_endless":false,"potions_floor_spawned":[2,6,20,24,27,29,30,33,35,41,47],"ascension_level":0}}