{"host":"okvf2hy7r209l3k2","time":1612783614,"event":{"mods":["BaseMod","Block Reminder","Colored Map","Colored Powertips","Downfall","Hermit","Highlight Path","Minty Spire (QoL Compilation)","Permanent Neow","Quick Restart","StSLib","The Cursed","The Hierophant"],"gold_per_floor":[217,237,109,109,60,50,50],"floor_reached":6,"language":"ENG","playtime":462,"items_purged":["hierophant:Strike_Hierophant"],"score":34,"play_id":"f502efe3-a183-4815-85dc-1ef38c253e47","local_time":"20210208022654","is_ascension_mode":false,"campfire_choices":[],"circlet_count":0,"master_deck":["hierophant:Strike_Hierophant","hierophant:Strike_Hierophant","hierophant:Strike_Hierophant","hierophant:Punish","hierophant:Defend_Hierophant","hierophant:Defend_Hierophant","hierophant:Defend_Hierophant","hierophant:Defend_Hierophant","hierophant:ChurchCoffers","hierophant:Shelter","hierophant:HammerAndAnvil","hierophant:MorningPrayer+1","hierophant:HammerAndAnvil"],"relics":["hierophant:PropheticMaskRelic"],"acts_visited":["Exordium"],"potions_floor_usage":[],"damage_taken":[{"damage":6.0,"enemies":"Cultist","floor":1.0,"turns":3.0},{"damage":6.0,"enemies":"Small Slimes","floor":2.0,"turns":3.0},{"damage":35,"enemies":"Lagavulin","floor":6,"turns":8}],"seed_played":"-6170714260754570941","potions_obtained":[{"floor":2.0,"key":"Swift Potion"}],"is_trial":false,"path_per_floor":["M","M","$","?","$","E"],"character_chosen":"HIEROPHANT","items_purchased":["hierophant:MorningPrayer","hierophant:HammerAndAnvil"],"campfire_rested":0,"item_purchase_floors":[3,5],"current_hp_per_floor":[69,63,63,63,63,28,28],"gold":50,"neow_bonus":"HUNDRED_GOLD","is_daily":false,"chose_seed":false,"campfire_upgraded":0,"win_rate":0.0,"timestamp":1612783614,"path_taken":["M","M","$","?","$","E"],"items_purchased_type":["Card","Card"],"build_version":"2020-12-22","purchased_purges":1,"victory":false,"max_hp_per_floor":[75,75,75,75,75,75,75],"card_choices":[{"not_picked":["hierophant:Zeal","hierophant:Bribe"],"picked":"hierophant:Shelter","floor":1.0},{"not_picked":["hierophant:Shelter","hierophant:OrnateBuckler"],"picked":"hierophant:HammerAndAnvil","floor":2.0}],"player_experience":197119,"relics_obtained":[],"event_choices":[{"damage_healed":0.0,"max_hp_gain":0.0,"max_hp_loss":0.0,"gold_gain":0.0,"event_name":"Accursed Blacksmith","player_choice":"Forge","floor":4.0,"gold_loss":0.0,"damage_taken":0.0,"cards_upgraded":["hierophant:MorningPrayer"]}],"is_beta":false,"boss_relics":[],"items_purged_floors":[3],"is_endless":false,"potions_floor_spawned":[2],"killed_by":"Lagavulin","ascension_level":0}}