{"host":"mvtpegmks4ispacb","time":1612817604,"event":{"mods":["AchievementEnabler","Act Like it!","Aspiration","BaseMod","Beaked The Cultist","Clockwork Mod","Colored Map","Downfall","GifTheSpireLib","Gremlin Mod","Hubris","Infinite Spire","Minty Spire (QoL Compilation)","Permanent Neow","Replay The Spire","StSLib","Stuff the Spire"],"gold_per_floor":[114,114,114,133,133,133,1,18,70,70,70],"floor_reached":10,"language":"ENG","playtime":356,"items_purged":["Strike_G"],"score":106,"play_id":"fd48e979-a9f7-4b03-b26d-3bf5641b49b4","local_time":"20210208145324","is_ascension_mode":true,"campfire_choices":[{"data":"Poisoned Stab","floor":6,"key":"SMITH"}],"circlet_count":0,"master_deck":["AscendersBane","Strike_G+1","Strike_G+1","Strike_G","Strike_G+1","Defend_G","Defend_G+1","Defend_G","Defend_G","Survivor","Caltrops","Poisoned Stab+1","Underhanded Strike+1","Deflect"],"relics":["Ring of the Snake","Eternal Feather","Whetstone"],"acts_visited":["Exordium"],"potions_floor_usage":[4,10],"damage_taken":[{"damage":1,"enemies":"Cultist","floor":1,"turns":4},{"damage":0,"enemies":"Jaw Worm","floor":4,"turns":3},{"damage":0,"enemies":"2 Louse","floor":8,"turns":1},{"damage":44,"enemies":"Lagavulin","floor":10,"turns":6}],"seed_played":"8892025288999468384","potions_obtained":[{"floor":1,"key":"hexamod:SoulburnPotion"},{"floor":4,"key":"Doom Potion"},{"floor":8,"key":"SmokeBomb"}],"is_trial":false,"path_per_floor":["M","?","?","M","?","R","$","M","T","E"],"character_chosen":"THE_SILENT","items_purchased":["Deflect"],"campfire_rested":0,"item_purchase_floors":[7],"current_hp_per_floor":[58,47,27,27,27,33,33,33,33,0,0],"gold":70,"neow_bonus":"TRANSFORM_CARD","is_daily":false,"chose_seed":false,"campfire_upgraded":1,"win_rate":0.0,"timestamp":1612817604,"path_taken":["M","?","?","M","?","R","$","?","T","E"],"items_purchased_type":["Card"],"build_version":"2020-12-22","purchased_purges":1,"victory":false,"max_hp_per_floor":[66,66,66,66,66,66,66,66,66,66,66],"card_choices":[{"not_picked":["Reflex","StuffTheSpire:ClusterCrunch","Expertise"],"picked":"SKIP","floor":1},{"not_picked":["Deadly Poison","Bouncing Flask"],"picked":"Poisoned Stab","floor":4},{"not_picked":["Expertise","StuffTheSpire:ClusterCrunch","Slice"],"picked":"SKIP","floor":8}],"player_experience":685132,"relics_obtained":[{"floor":9,"key":"Whetstone"}],"event_choices":[{"damage_healed":0,"gold_gain":0,"player_choice":"Success","damage_taken":11,"relics_obtained":["Eternal Feather"],"max_hp_gain":0,"max_hp_loss":0,"event_name":"Scrap Ooze","floor":2,"gold_loss":0},{"damage_healed":0,"gold_gain":0,"player_choice":"Entered Light","damage_taken":20,"max_hp_gain":0,"max_hp_loss":0,"event_name":"Shining Light","floor":3,"gold_loss":0,"cards_upgraded":["Strike_G","Defend_G"]}],"is_beta":false,"boss_relics":[],"items_purged_floors":[7],"is_endless":false,"potions_floor_spawned":[1,4,8],"killed_by":"Lagavulin","ascension_level":18}}