{"host":"uhnh33uh34qot0et","time":1612809620,"event":{"mods":["BaseMod","Colored Map","Downfall","Hermit","Marisa????????","Minty Spire (QoL Compilation)","StSLib","The Bug Knight","The Cursed","The Servant 0.9.4"],"gold_per_floor":[115,115,129,48,63,90,265,265,288,288,288,303,316,281,281,401,401,416,432,531,205,221,221,241,264,264,264,264,304,72,93,93,93,93],"floor_reached":33,"language":"ENG","playtime":3500,"items_purged":[],"score":267,"play_id":"c73023e3-4631-416d-a7a8-796daa606b4b","local_time":"20210208194020","is_ascension_mode":false,"campfire_choices":[{"floor":8,"key":"REST"},{"floor":11,"key":"REST"},{"floor":15,"key":"REST"},{"data":"Sunder","floor":27,"key":"SMITH"},{"floor":32,"key":"REST"}],"circlet_count":0,"master_deck":["Strike_B+1","Strike_B+1","Strike_B","Strike_B+1","Defend_B","Defend_B","Defend_B","Defend_B","Zap","Dualcast","Reprogram","Leap","Sunder+1","Go for the Eyes+1","Genetic Algorithm","Doubt","Sweeping Beam","Go for the Eyes","Core Surge","Conserve Battery","Gash","Scrape","BootSequence+1","Sweeping Beam","Leap+1","Melter+1","All For One","Dramatic Entrance","Reprogram"],"relics":["Nuclear Battery","Whetstone","Juzu Bracelet","Golden Idol","expansioncontent:StudyCardRelic","Meat on the Bone","NlothsMask","HollowMod:LifeEnderRelic"],"acts_visited":["Exordium","TheCity"],"potions_floor_usage":[16,16,19,22,29,33],"damage_taken":[{"damage":5,"enemies":"Small Slimes","floor":1,"turns":4},{"damage":7,"enemies":"Jaw Worm","floor":3,"turns":4},{"damage":5,"enemies":"2 Louse","floor":5,"turns":2},{"damage":30,"enemies":"3 Sentries","floor":6,"turns":9},{"damage":13,"enemies":"Large Slime","floor":12,"turns":6},{"damage":7,"enemies":"Lots of Slimes","floor":13,"turns":4},{"damage":46,"enemies":"The Guardian","floor":16,"turns":15},{"damage":15,"enemies":"Shell Parasite","floor":18,"turns":6},{"damage":3,"enemies":"2 Thieves","floor":19,"turns":3},{"damage":0,"enemies":"3 Cultists","floor":22,"turns":4},{"damage":16,"enemies":"Snake Plant","floor":24,"turns":6},{"damage":4,"enemies":"Centurion and Healer","floor":25,"turns":5},{"damage":10,"enemies":"Gremlin Leader","floor":29,"turns":11},{"damage":6,"enemies":"Cultist and Chosen","floor":31,"turns":6},{"damage":85,"enemies":"Champ","floor":33,"turns":12}],"seed_played":"-8175089866214634468","potions_obtained":[{"floor":1,"key":"hexamod:SoulburnPotion"},{"floor":6,"key":"DuplicationPotion"},{"floor":16,"key":"Energy Potion"},{"floor":19,"key":"SkillPotion"},{"floor":25,"key":"Swift Potion"},{"floor":29,"key":"LiquidMemories"}],"is_trial":false,"path_per_floor":["M","?","M","$","M","E","?","R","T","?","R","M","M","?","R","B",null,"M","M","?","$","M","?","M","M","T","R","?","E","$","M","R","B"],"character_chosen":"DEFECT","items_purchased":["Sunder","Meat on the Bone","Scrape","All For One","Dramatic Entrance"],"campfire_rested":4,"item_purchase_floors":[4,21,21,30,30],"current_hp_per_floor":[70,55,48,48,43,13,13,35,35,17,39,26,19,37,59,13,75,60,57,57,57,57,57,41,49,49,49,49,39,39,45,67,0,0],"gold":93,"neow_bonus":"BOSS_RELIC","is_daily":false,"chose_seed":false,"campfire_upgraded":1,"win_rate":0.0,"timestamp":1612809620,"path_taken":["M","?","M","$","M","E","?","R","T","?","R","M","M","?","R","BOSS","M","M","?","$","M","?","M","M","T","R","?","E","$","M","R","BOSS"],"items_purchased_type":["Card","Relic","Card","Card","Card"],"build_version":"2020-12-22","purchased_purges":0,"victory":false,"max_hp_per_floor":[75,75,75,75,75,75,75,75,75,75,75,75,75,75,75,75,75,75,75,75,75,75,75,75,75,75,75,75,75,75,75,75,75,75],"card_choices":[{"not_picked":["Skim","Defragment"],"picked":"Reprogram","floor":1},{"not_picked":["Hologram","Skim"],"picked":"Leap","floor":3},{"not_picked":["Leap","Coolheaded"],"picked":"Go for the Eyes","floor":5},{"not_picked":["Ball Lightning","Coolheaded"],"picked":"Genetic Algorithm","floor":6},{"not_picked":["Chaos","Leap"],"picked":"Sweeping Beam","floor":12},{"not_picked":["Rebound","Amplify"],"picked":"Go for the Eyes","floor":13},{"not_picked":["Buffer","Reboot"],"picked":"Core Surge","floor":16},{"not_picked":["Streamline","Sweeping Beam"],"picked":"Conserve Battery","floor":18},{"not_picked":["Beam Cell","Sweeping Beam"],"picked":"Gash","floor":19},{"not_picked":["Auto Shields+1","Go for the Eyes"],"picked":"BootSequence+1","floor":22},{"not_picked":["Ball Lightning","Rebound"],"picked":"Sweeping Beam","floor":24},{"not_picked":["Barrage","Fusion"],"picked":"Leap+1","floor":25},{"not_picked":["Coolheaded","Rebound"],"picked":"Melter+1","floor":29},{"not_picked":["Scrape","Coolheaded+1"],"picked":"Reprogram","floor":31}],"player_experience":27946,"relics_obtained":[{"floor":6,"key":"Whetstone"},{"floor":9,"key":"Juzu Bracelet"},{"floor":29,"key":"HollowMod:LifeEnderRelic"}],"event_choices":[{"damage_healed":0,"gold_gain":0,"player_choice":"Entered Light","damage_taken":15,"max_hp_gain":0,"max_hp_loss":0,"event_name":"Shining Light","floor":2,"gold_loss":0,"cards_upgraded":["Strike_B","Strike_B"]},{"damage_healed":0,"gold_gain":175,"player_choice":"AGREE","damage_taken":0,"max_hp_gain":0,"max_hp_loss":0,"event_name":"Liars Game","floor":7,"gold_loss":0,"cards_obtained":["Doubt"]},{"damage_healed":0,"gold_gain":0,"player_choice":"Take Damage","damage_taken":18,"relics_obtained":["Golden Idol"],"max_hp_gain":0,"max_hp_loss":0,"event_name":"Golden Idol","floor":10,"gold_loss":0},{"damage_healed":18,"gold_gain":0,"player_choice":"Healed","damage_taken":0,"max_hp_gain":0,"max_hp_loss":0,"event_name":"The Cleric","floor":14,"gold_loss":35},{"damage_healed":0,"gold_gain":99,"player_choice":"Stole From Cult","damage_taken":0,"max_hp_gain":0,"max_hp_loss":0,"event_name":"Nest","floor":20,"gold_loss":0},{"damage_healed":0,"gold_gain":0,"player_choice":"Trade","damage_taken":0,"relics_obtained":["NlothsMask"],"max_hp_gain":0,"max_hp_loss":0,"event_name":"FaceTrader","floor":23,"gold_loss":0}],"is_beta":false,"boss_relics":[{"not_picked":["Astrolabe","Ectoplasm"],"picked":"expansioncontent:StudyCardRelic"}],"items_purged_floors":[],"is_endless":false,"potions_floor_spawned":[1,6,16,19,25,29],"killed_by":"Champ","ascension_level":0}}