{"host":"am0cr9xwekqmrere","time":1612760940,"event":{"mods":["AchievementEnabler","Act Like it!","BaseMod","Better Altar","Better Match","Better Note","Better Sensory Stone","Better Skull","Better Third Choice","BetterRewards","Conspire","Downfall","Hubris","Infinite Spire","Minty Spire (QoL Compilation)","Rare Cards Sparkle","Spicy Shops","StSLib","Unceasing Turn Reminder"],"gold_per_floor":[99,99,12,118,142,157,182,197,97,114,134,27,58,83,102,204,204,104,121,140,125,144,144,169,169,30,48,48,48,73,94,113,213,213,113,134,152,152,171,171,171,171,222,239,239,239,259,278,298,298,298,298],"floor_reached":50,"language":"ENG","playtime":2197,"items_purged":["hubris:Envy"],"score":577,"play_id":"ec28945a-6515-4ee4-aa68-28df7fc7086c","local_time":"20210207230900","is_ascension_mode":false,"campfire_choices":[{"data":"bronze:Replicate","floor":1.0,"key":"SMITH"},{"floor":9.0,"key":"REST"},{"data":"bronze:FineTuning","floor":18.0,"key":"SMITH"},{"floor":29,"key":"RECALL"},{"data":"bronze:FindAndReplace","floor":35,"key":"SMITH"},{"floor":40,"key":"REST"},{"floor":42,"key":"REST"}],"circlet_count":0,"master_deck":["bronze:Strike","bronze:Strike","bronze:Strike","bronze:Strike","bronze:Defend","bronze:Defend","bronze:Defend","bronze:Defend","bronze:Replicate+1","bronze:Goto","hubris:Greed","infinitespire:Starlight","bronze:BitShift","bronze:Repulsor","bronze:OilSpill","bronze:WhirlingStrike","bronze:Iterate","bronze:AlphaBuild","bronze:Overheat","bronze:Terminator","bronze:Frontload","bronze:Safeguard","bronze:Separator","bronze:Frontload","bronze:FineTuning+1","bronze:RecursiveStrike","bronze:Boost","bronze:FollowUp","bronze:WildBeam","bronze:BronzeArmor","infinitespire:Punishment","bronze:HyperBeam","Madness","bronze:FindAndReplace+1","bronze:Overheat","bronze:WildBeam","Pain","bronze:Philosophize","bronze:Verify","bronze:ChosenStrike","bronze:Break","bronze:Backtrace+1","bronze:Shell","bronze:Constructor+1","conspire:Blindness","bronze:DarkDash+1","bronze:Branch","bronze:Branch+1","bronze:ForLoop","bronze:Terminator+1"],"relics":["bronze:BronzeCore","Calipers","Bag of Marbles","Boot","downfall:HeartBlessingBlue","Darkstone Periapt","Cursed Key","downfall:HeartBlessingGreen","hubris:Backtick","hubris:MedicalManual","champ:DuelingGlove","Lantern","WarpedTongs","hubris:Stopwatch","downfall:HeartBlessingRed","hubris:Icosahedron","hubris:MobiusCoin","infinitespire:CursedDice","hubris:Towel"],"acts_visited":["Exordium","TheCity","TheBeyond"],"potions_floor_usage":[32,33,33,36,47,48],"damage_taken":[{"damage":0.0,"enemies":"downfall:FleeingMerchant","floor":3.0,"turns":4.0},{"damage":2.0,"enemies":"Small Slimes","floor":5.0,"turns":4.0},{"damage":1.0,"enemies":"2 Louse","floor":6.0,"turns":2.0},{"damage":12.0,"enemies":"infinitespire:Voidling","floor":8.0,"turns":3.0},{"damage":0.0,"enemies":"Red Slaver","floor":10.0,"turns":1.0},{"damage":7.0,"enemies":"Blue Slaver","floor":11.0,"turns":2.0},{"damage":15.0,"enemies":"downfall:FleeingMerchant","floor":12.0,"turns":4.0},{"damage":33.0,"enemies":"3 Sentries","floor":13.0,"turns":7.0},{"damage":0.0,"enemies":"3 Louse","floor":14.0,"turns":1.0},{"damage":14.0,"enemies":"Exordium Thugs","floor":15.0,"turns":5.0},{"damage":23.0,"enemies":"DF_ARCHETYPE_STREAMLINE","floor":16.0,"turns":12.0},{"damage":14.0,"enemies":"Shell Parasite","floor":19.0,"turns":7.0},{"damage":15.0,"enemies":"Spheric Guardian","floor":20.0,"turns":4.0},{"damage":0.0,"enemies":"downfall:FleeingMerchant","floor":21.0,"turns":4.0},{"damage":15.0,"enemies":"Centurion and Healer","floor":22.0,"turns":5.0},{"damage":3,"enemies":"downfall:FleeingMerchant","floor":26,"turns":4},{"damage":0,"enemies":"Shelled Parasite and Fungi","floor":27,"turns":2},{"damage":10,"enemies":"Sentry and Sphere","floor":30,"turns":3},{"damage":4,"enemies":"3 Cultists","floor":31,"turns":2},{"damage":12,"enemies":"Centurion and Healer","floor":32,"turns":6},{"damage":19,"enemies":"SI_MIRROR_ARCHETYPE","floor":33,"turns":4},{"damage":58,"enemies":"3 Darklings","floor":36,"turns":8},{"damage":18,"enemies":"3 Shapes","floor":37,"turns":4},{"damage":9,"enemies":"Sphere and 2 Shapes","floor":39,"turns":3},{"damage":23,"enemies":"2 Orb Walkers","floor":43,"turns":4},{"damage":0,"enemies":"Jaw Worm Horde","floor":44,"turns":2},{"damage":47,"enemies":"Transient","floor":47,"turns":5},{"damage":23,"enemies":"Spire Growth","floor":48,"turns":4},{"damage":5,"enemies":"Jaw Worm Horde","floor":49,"turns":3},{"damage":169,"enemies":"IC_BLOCK_ARCHETYPE","floor":50,"turns":7}],"seed_played":"-1406405112309950163","potions_obtained":[{"floor":5.0,"key":"PowerPotion"},{"floor":6.0,"key":"Fire Potion"},{"floor":11.0,"key":"Swift Potion"},{"floor":14.0,"key":"Regen Potion"},{"floor":16.0,"key":"FearPotion"},{"floor":19.0,"key":"champ:CounterPotion"},{"floor":20.0,"key":"Dexterity Potion"},{"floor":22.0,"key":"Block Potion"},{"floor":27,"key":"bronze:BuildAFunctionPotion"},{"floor":36,"key":"Fruit Juice"},{"floor":37,"key":"Dexterity Potion"},{"floor":43,"key":"FairyPotion"},{"floor":47,"key":"Regen Potion"}],"is_trial":false,"path_per_floor":["R","?","$","?","M","M","T","M","R","M","M","$","E","M","M","B",null,"R","M","M","$","M","AVR","T","?","$","M","?","R","M","M","M","B",null,"R","M","M","?","M","R","T","R","?","M","?","?","M","M","M","B"],"character_chosen":"THE_AUTOMATON","items_purchased":["bronze:Repulsor","bronze:Frontload","bronze:Safeguard","bronze:Overheat"],"campfire_rested":3,"item_purchase_floors":[3,12,12,26],"current_hp_per_floor":[70,53,63,27,35,44,44,46,80,80,73,68,45,45,55,42,80,80,66,61,71,56,56,62,62,69,79,85,85,75,71,59,55,92,92,39,21,21,22,51,57,87,74,74,74,74,27,31,26,1,1,1],"gold":298,"neow_bonus":"ONE_RARE_RELIC","is_daily":false,"chose_seed":false,"campfire_upgraded":3,"win_rate":0.0,"timestamp":1612760940,"path_taken":["R","?","$","?","M","?","T","M","R","M","M","?","E","M","M","BOSS","R","M","M","$","M","AVR","T","?","?","M","?","R","?","M","M","BOSS","R","M","M","?","M","R","T","R","?","M","?","?","M","M","M","BOSS"],"items_purchased_type":["Card","Card","Card","Card"],"build_version":"2020-12-22","purchased_purges":1,"victory":false,"max_hp_per_floor":[70,70,70,70,70,70,70,70,80,80,80,80,80,80,80,80,80,80,80,80,80,80,80,86,86,86,86,92,92,92,92,92,92,92,92,97,97,97,97,97,103,103,103,103,103,103,103,103,103,103,103,103],"card_choices":[{"not_picked":["infinitespire:Gouge","hubris:Rewind"],"picked":"infinitespire:Starlight","floor":2.0},{"not_picked":["bronze:Optimize","bronze:Fortify"],"picked":"bronze:BitShift","floor":3.0},{"not_picked":["bronze:BitShift","bronze:Shield"],"picked":"bronze:OilSpill","floor":5.0},{"not_picked":["bronze:Optimize","bronze:Turbo"],"picked":"bronze:WhirlingStrike","floor":6.0},{"not_picked":["bronze:Branch","bronze:BronzeOrb"],"picked":"bronze:Iterate","floor":8.0},{"not_picked":["bronze:WildBeam","bronze:BuggyMess"],"picked":"bronze:AlphaBuild","floor":10.0},{"not_picked":["bronze:CloningBeam","bronze:MaxOutput"],"picked":"bronze:Overheat","floor":11.0},{"not_picked":["bronze:Philosophize","bronze:CleanCode"],"picked":"bronze:Terminator","floor":12.0},{"not_picked":["bronze:DigitalCarnage","bronze:Return"],"picked":"bronze:Separator","floor":13.0},{"not_picked":["bronze:DelayedGuard","bronze:WhirlingStrike"],"picked":"bronze:Frontload","floor":14.0},{"not_picked":["bronze:ChildClass","bronze:ItsAFeature"],"picked":"bronze:FineTuning","floor":15.0},{"not_picked":["bronze:ShipIt","bronze:AlphaBuild"],"picked":"bronze:RecursiveStrike","floor":16.0},{"not_picked":["bronze:Invalidate","bronze:DelayedSlice"],"picked":"bronze:Boost","floor":19.0},{"not_picked":["bronze:DigitalCarnage","bronze:Turbo"],"picked":"bronze:FollowUp","floor":20.0},{"not_picked":["bronze:BugBarrage+1","bronze:Overload+1"],"picked":"bronze:WildBeam","floor":21.0},{"not_picked":["bronze:BronzeOrb","bronze:OilSpill"],"picked":"bronze:BronzeArmor","floor":22.0},{"not_picked":["bronze:Turbo","bronze:BugBarrage+1"],"picked":"bronze:FindAndReplace","floor":26},{"not_picked":["bronze:WhirlingStrike","bronze:Overheat+1"],"picked":"bronze:WildBeam","floor":27},{"not_picked":["bronze:Iterate","bronze:BitShift"],"picked":"bronze:Philosophize","floor":30},{"not_picked":["bronze:Frontload","bronze:Iterate"],"picked":"bronze:Verify","floor":31},{"not_picked":["bronze:BuggyMess+1","bronze:WhirlingStrike"],"picked":"bronze:ChosenStrike","floor":32},{"not_picked":["bronze:ThunderWave","bronze:SpaghettiCode"],"picked":"bronze:Break","floor":33},{"not_picked":["bronze:Shield+1","bronze:Frontload+1"],"picked":"bronze:Backtrace+1","floor":36},{"not_picked":["bronze:FineTuning","bronze:DigitalCarnage"],"picked":"bronze:Shell","floor":37},{"not_picked":["bronze:CutThrough","bronze:OilSpill+1"],"picked":"bronze:Constructor+1","floor":39},{"not_picked":["bronze:ForceShield","bronze:Shield+1"],"picked":"bronze:DarkDash+1","floor":43},{"not_picked":["bronze:Overload+1","bronze:Constructor"],"picked":"bronze:Branch","floor":44},{"not_picked":["bronze:Return","bronze:Philosophize"],"picked":"bronze:Branch+1","floor":47},{"not_picked":["bronze:Safeguard+1","bronze:DarkDash+1"],"picked":"bronze:ForLoop","floor":48},{"not_picked":["bronze:GetLatest+1","bronze:Safeguard+1"],"picked":"bronze:Terminator+1","floor":49}],"player_experience":2743903,"relics_obtained":[{"floor":13.0,"key":"Darkstone Periapt"},{"floor":24,"key":"Lantern"},{"floor":41,"key":"hubris:MobiusCoin"},{"floor":43,"key":"infinitespire:CursedDice"}],"event_choices":[{"damage_healed":0.0,"max_hp_gain":0.0,"max_hp_loss":0.0,"gold_gain":106.0,"event_name":"betterSkull:BetterSkull","player_choice":"RE RE GO ","floor":4.0,"gold_loss":0.0,"damage_taken":41.0,"cards_upgraded":[],"relics_obtained":["Bag of Marbles","Boot"]},{"damage_healed":0,"gold_gain":0,"player_choice":"Fight","damage_taken":0,"max_hp_gain":0,"max_hp_loss":0,"event_name":"Mysterious Sphere","floor":43,"gold_loss":0}],"is_beta":false,"boss_relics":[{"not_picked":["SacredBark","SlaversCollar"],"picked":"Cursed Key"},{"not_picked":["hubris:RunicObelisk","hubris:TerracottaHorce"],"picked":"hubris:Stopwatch"}],"items_purged_floors":[26],"is_endless":false,"potions_floor_spawned":[5,6,11,14,16,19,20,22,27,36,37,43,47],"killed_by":"IC_BLOCK_ARCHETYPE","ascension_level":0}}