{"host":"f76wcztdlwlduum6","time":1612755552,"event":{"mods":["BaseMod","BetterRewards","Colored Powertips","Minty Spire (QoL Compilation)","Quick Restart","Rare Cards Sparkle","Relic Stats","StSLib","SuperFastMode","everything is the same but u backflip on backflip"],"gold_per_floor":[119,129,129,129,147,176,186,186,209,219,219,254,264,344,344,417,417,431,431,431,441,451,486,486,500,500,528,548,564,580,598,598,669,669,679,372,390,390,159,184,184,214,240,240,0,0,28,43,43,43,43,43,43,0,26,26],"floor_reached":57,"language":"ENG","playtime":1749,"items_purged":["Strike_B","Strike_B","Defend_B","Defend_B","Strike_B","Defend_B","Strike_B","Defend_B","Doubt","White Noise"],"score":4188,"play_id":"7f7669e7-97be-4967-b0c4-d78d0854f478","local_time":"20210207213912","is_ascension_mode":true,"campfire_choices":[{"data":"Scrape","floor":8,"key":"SMITH"},{"data":"Scrape","floor":11,"key":"SMITH"},{"data":"Master of Strategy","floor":15,"key":"SMITH"},{"data":"Self Repair","floor":24,"key":"SMITH"},{"floor":32,"key":"RECALL"},{"data":"Panacea","floor":41,"key":"SMITH"},{"data":"Seek","floor":44,"key":"SMITH"},{"data":"Bandage Up","floor":46,"key":"SMITH"},{"data":"Self Repair","floor":49,"key":"SMITH"},{"data":"Self Repair","floor":53,"key":"SMITH"}],"circlet_count":0,"master_deck":["AscendersBane","Zap+1","Finesse+1","Self Repair+1","Scrape+1","Flash of Steel+1","Self Repair+1","Flash of Steel+1","Gash","Scrape+1","Dark Shackles+1","Master of Strategy+1","Flash of Steel","Gash","Zap+1","Gash","Self Repair+1","Gash","All For One","Beam Cell+1","Gash","Bandage Up+1","Panacea+1","Finesse+1","Seek+1","Redo+1","Beam Cell+1","Self Repair+1","Dark Shackles"],"relics":["Cracked Core","Membership Card","Ornamental Fan","Vajra","Strange Spoon","CaptainsWheel","Runic Capacitor","Kunai","Medical Kit","Bronze Scales","Pen Nib","Dream Catcher","Black Star","MealTicket","Emotion Chip","Question Card","Ancient Tea Set","Philosopher\u0027s Stone","Prayer Wheel","TheAbacus","HornCleat","Bag of Preparation","Anchor","Orichalcum","Nunchaku","Red Mask","Meat on the Bone","War Paint","TungstenRod","DataDisk","Bottled Tornado"],"acts_visited":["Exordium","TheCity","TheBeyond","TheEnding"],"potions_floor_usage":[0,22,56],"damage_taken":[{"damage":0,"enemies":"Jaw Worm","floor":1,"turns":1},{"damage":0,"enemies":"2 Louse","floor":2,"turns":1},{"damage":0,"enemies":"Cultist","floor":5,"turns":1},{"damage":1,"enemies":"Lagavulin","floor":6,"turns":3},{"damage":0,"enemies":"Exordium Wildlife","floor":7,"turns":1},{"damage":0,"enemies":"Blue Slaver","floor":10,"turns":1},{"damage":0,"enemies":"Gremlin Nob","floor":12,"turns":2},{"damage":0,"enemies":"Looter","floor":13,"turns":1},{"damage":0,"enemies":"Slime Boss","floor":16,"turns":3},{"damage":0,"enemies":"Shell Parasite","floor":18,"turns":1},{"damage":0,"enemies":"Chosen","floor":21,"turns":2},{"damage":9,"enemies":"Centurion and Healer","floor":22,"turns":3},{"damage":10,"enemies":"Book of Stabbing","floor":23,"turns":2},{"damage":0,"enemies":"Snake Plant","floor":25,"turns":2},{"damage":25,"enemies":"Slavers","floor":27,"turns":2},{"damage":8,"enemies":"Cultist and Chosen","floor":28,"turns":3},{"damage":0,"enemies":"Sentry and Sphere","floor":29,"turns":2},{"damage":0,"enemies":"Snecko","floor":30,"turns":3},{"damage":5,"enemies":"Chosen and Byrds","floor":31,"turns":3},{"damage":0,"enemies":"Champ","floor":33,"turns":4},{"damage":0,"enemies":"3 Darklings","floor":35,"turns":1},{"damage":12,"enemies":"3 Shapes","floor":37,"turns":1},{"damage":16,"enemies":"Reptomancer","floor":40,"turns":4},{"damage":0,"enemies":"Nemesis","floor":42,"turns":3},{"damage":0,"enemies":"Reptomancer","floor":47,"turns":1},{"damage":0,"enemies":"3 Darklings","floor":48,"turns":1},{"damage":0,"enemies":"Donu and Deca","floor":50,"turns":2},{"damage":6,"enemies":"Awakened One","floor":51,"turns":4},{"damage":0,"enemies":"Shield and Spear","floor":55,"turns":1},{"damage":72,"enemies":"The Heart","floor":56,"turns":6}],"seed_played":"-679996842226269942","potions_obtained":[{"floor":1,"key":"Weak Potion"},{"floor":2,"key":"PowerPotion"},{"floor":22,"key":"SpeedPotion"}],"is_trial":false,"path_per_floor":["M","M","?","?","M","E","M","R","T","M","R","E","M","?","R","B",null,"M","?","?","M","M","E","R","M","T","E","M","M","M","M","R","B",null,"M","$","M","?","$","E","R","E","T","R","?","R","E","M","R","B","B",null,"R","$","E","B",null],"character_chosen":"DEFECT","items_purchased":["Finesse","Self Repair","Membership Card","Ornamental Fan","Vajra","Fruit Juice","Strange Spoon","Scrape","CaptainsWheel","Flash of Steel","Runic Capacitor","Self Repair","Flash of Steel","Gash","Kunai","Whetstone","Scrape","Dark Shackles","Master of Strategy","Medical Kit","Flash of Steel","Gash","Prayer Wheel","TheAbacus","Dark Shackles"],"campfire_rested":0,"item_purchase_floors":[0,0,0,0,0,0,0,0,0,0,0,0,0,0,0,0,0,0,0,0,0,0,36,39,54],"current_hp_per_floor":[76,76,53,53,63,76,76,76,76,76,76,76,76,76,76,76,76,76,76,76,76,76,76,76,76,76,71,76,76,76,76,76,76,76,76,76,74,64,76,76,76,76,76,76,76,76,76,76,76,76,76,76,76,76,76,58],"gold":26,"neow_bonus":"","is_daily":false,"chose_seed":false,"campfire_upgraded":9,"win_rate":0.0,"timestamp":1612755552,"path_taken":["M","M","?","?","M","E","M","R","T","M","R","E","?","?","R","BOSS","M","?","?","?","M","E","R","M","T","E","M","M","M","M","R","BOSS","M","$","?","?","$","E","R","E","T","R","?","R","E","M","R","BOSS","BOSS","R","$","E","BOSS"],"items_purchased_type":["Card","Card","Relic","Relic","Relic","Potion","Relic","Card","Relic","Card","Relic","Card","Card","Card","Relic","Relic","Card","Card","Card","Relic","Card","Card","Relic","Relic","Card"],"build_version":"2020-12-22","purchased_purges":10,"victory":true,"max_hp_per_floor":[76,76,76,76,76,76,76,76,76,76,76,76,76,76,76,76,76,76,76,76,76,76,76,76,76,76,76,76,76,76,76,76,76,76,76,76,76,76,76,76,76,76,76,76,76,76,76,76,76,76,76,76,76,76,76,76],"relic_stats":{"counters":[458,1655],"Pen Nib":[46],"Bag of Preparation":[14],"Orichalcum":[18],"War Paint":["Defend_P","Defend_P","Zap","Finesse","Dualcast","Finesse"],"Medical Kit":[32],"Question Card":34,"Strange Spoon":[57],"Dream Catcher":0,"Emotion Chip":[27,27,0,0,0],"Nunchaku":[23],"TheAbacus":[378],"Ornamental Fan":[596],"Bronze Scales":[519],"MealTicket":32,"Prayer Wheel":2,"Black Star":6,"Kunai":[149],"obtain_stats":[{"Whetstone":9,"Ginger":53,"Bottled Tornado":45,"Sling":37,"Boot":27,"Old Coin":43,"Blood Vial":40,"Sundial":43,"MealTicket":14,"Fusion Hammer":17,"HandDrill":39,"Necronomicon":13,"Kunai":9,"Pear":0,"Blue Candle":48,"Pen Nib":0,"Guardian:PocketSentry":0,"Akabeko":37,"SlaversCollar":17,"Bird Faced Urn":0,"MutagenicStrength":45,"Snecko Eye":17,"CultistMask":29,"StrikeDummy":7,"Unceasing Top":48,"Lantern":38,"Regal Pillow":40,"Singing Bowl":31,"Torii":0,"StoneCalendar":53,"Bag of Preparation":0,"Ancient Tea Set":30,"Cursed Key":34,"Shovel":42,"Matryoshka":40,"Chemical X":53,"InkBottle":27,"Potion Belt":44,"Lee\u0027s Waffle":19,"Golden Idol":5,"Damaru":0,"Circlet":0,"Thread and Needle":54,"The Courier":31,"PreservedInsect":40,"Omamori":0,"Frozen Egg 2":0,"bronze:BronzeIdol":28,"Busted Crown":17,"Ornamental Fan":45,"Orrery":31,"Turnip":54,"Art of War":38,"Bottled Lightning":8,"hexamod:BolsterEngine":40,"Toy Ornithopter":11,"Ice Cream":0,"Mark of the Bloom":36,"Calipers":0,"Gremlin Horn":0,"CeramicFish":11,"Vajra":23,"Runic Capacitor":0,"Sozu":34,"Lizard Tail":53,"Centennial Puzzle":23,"HornCleat":53,"DollysMirror":0,"Strawberry":3,"Prayer Wheel":22,"Philosopher\u0027s Stone":34,"VioletLotus":1,"Toxic Egg 2":3,"Girya":43,"Happy Flower":0,"Dead Branch":41,"Oddly Smooth Stone":0,"Letter Opener":26,"War Paint":37,"sneckomod:SneckoTalon":34,"Question Card":0,"Du-Vu Doll":8,"OrangePellets":0,"Bottled Flame":54,"Shuriken":0,"Bronze Scales":0,"Molten Egg 2":14,"Slimebound:PreparedRelic":37,"Nloth\u0027s Gift":22,"Black Star":17,"Meat on the Bone":2,"Pocketwatch":47,"Darkstone Periapt":0,"Enchiridion":30,"Mango":19,"Yang":26,"CloakClasp":1,"Juzu Bracelet":6,"Incense Burner":45,"TeardropLocket":0,"PrismaticShard":25,"Empty Cage":34,"ClockworkSouvenir":0,"Nunchaku":9,"Dream Catcher":28,"Emotion Chip":23,"TheAbacus":0,"Slimebound:StickyStick":2,"Mummified Hand":23,"Pantograph":53,"Tiny Chest":12,"Red Mask":36,"Cracked Core":0,"Orichalcum":21,"Odd Mushroom":13,"Medical Kit":38,"White Beast Statue":43,"Mercury Hourglass":21,"Calling Bell":34,"Peace Pipe":7,"Strange Spoon":53,"Anchor":0,"CaptainsWheel":0,"DataDisk":55,"HolyWater":34,"Coffee Dripper":34,"Bag of Marbles":0,"Membership Card":0,"PureWater":0,"FossilizedHelix":27,"TungstenRod":0},{"Whetstone":33,"Ginger":51,"Bottled Tornado":142,"Sling":21,"Boot":41,"Old Coin":199,"Blood Vial":77,"Sundial":326,"MealTicket":36,"Fusion Hammer":182,"HandDrill":295,"Necronomicon":311,"Kunai":58,"Pear":29,"Blue Candle":50,"Pen Nib":29,"Guardian:PocketSentry":29,"Akabeko":21,"SlaversCollar":9,"Bird Faced Urn":53,"MutagenicStrength":111,"Snecko Eye":356,"CultistMask":292,"StrikeDummy":178,"Unceasing Top":232,"Lantern":21,"Regal Pillow":109,"Singing Bowl":72,"Torii":280,"StoneCalendar":27,"Bag of Preparation":29,"Ancient Tea Set":43,"Cursed Key":192,"Shovel":168,"Matryoshka":229,"Chemical X":27,"InkBottle":251,"Potion Belt":24,"Lee\u0027s Waffle":10,"Golden Idol":119,"Damaru":29,"Circlet":174,"Thread and Needle":302,"The Courier":18,"PreservedInsect":296,"Omamori":29,"Frozen Egg 2":29,"bronze:BronzeIdol":16,"Busted Crown":258,"Ornamental Fan":49,"Orrery":72,"Turnip":52,"Art of War":46,"Bottled Lightning":5,"hexamod:BolsterEngine":23,"Toy Ornithopter":6,"Ice Cream":29,"Mark of the Bloom":295,"Calipers":205,"Gremlin Horn":145,"CeramicFish":35,"Vajra":14,"Runic Capacitor":428,"Sozu":104,"Lizard Tail":114,"Centennial Puzzle":249,"HornCleat":27,"DollysMirror":29,"Strawberry":30,"Prayer Wheel":67,"Philosopher\u0027s Stone":73,"VioletLotus":1,"Toxic Egg 2":1,"Girya":23,"Happy Flower":29,"Dead Branch":78,"Oddly Smooth Stone":85,"Letter Opener":15,"War Paint":21,"sneckomod:SneckoTalon":45,"Question Card":85,"Du-Vu Doll":5,"OrangePellets":53,"Bottled Flame":28,"Shuriken":85,"Bronze Scales":29,"Molten Egg 2":244,"Slimebound:PreparedRelic":21,"Nloth\u0027s Gift":67,"Black Star":437,"Meat on the Bone":1,"Pocketwatch":26,"Darkstone Periapt":174,"Enchiridion":133,"Mango":10,"Yang":131,"CloakClasp":1,"Juzu Bracelet":4,"Incense Burner":142,"TeardropLocket":0,"PrismaticShard":40,"Empty Cage":367,"ClockworkSouvenir":53,"Nunchaku":121,"Dream Catcher":132,"Emotion Chip":441,"TheAbacus":29,"Slimebound:StickyStick":1,"Mummified Hand":14,"Pantograph":27,"Tiny Chest":212,"Red Mask":74,"Cracked Core":428,"Orichalcum":39,"Odd Mushroom":93,"Medical Kit":46,"White Beast Statue":371,"Mercury Hourglass":39,"Calling Bell":224,"Peace Pipe":271,"Strange Spoon":114,"Anchor":29,"CaptainsWheel":280,"DataDisk":457,"HolyWater":164,"Coffee Dripper":19,"Bag of Marbles":29,"Membership Card":29,"PureWater":0,"FossilizedHelix":71,"TungstenRod":235},{"Whetstone":157,"Ginger":214,"Bottled Tornado":534,"Sling":100,"Boot":180,"Old Coin":708,"Blood Vial":306,"Sundial":1268,"MealTicket":166,"Fusion Hammer":664,"HandDrill":1129,"Necronomicon":1203,"Kunai":239,"Pear":149,"Blue Candle":209,"Pen Nib":149,"Guardian:PocketSentry":149,"Akabeko":100,"SlaversCollar":44,"Bird Faced Urn":225,"MutagenicStrength":431,"Snecko Eye":1359,"CultistMask":1114,"StrikeDummy":648,"Unceasing Top":824,"Lantern":100,"Regal Pillow":423,"Singing Bowl":283,"Torii":1059,"StoneCalendar":136,"Bag of Preparation":149,"Ancient Tea Set":185,"Cursed Key":686,"Shovel":607,"Matryoshka":811,"Chemical X":136,"InkBottle":921,"Potion Belt":120,"Lee\u0027s Waffle":48,"Golden Idol":464,"Damaru":149,"Circlet":631,"Thread and Needle":1160,"The Courier":85,"PreservedInsect":1135,"Omamori":149,"Frozen Egg 2":149,"bronze:BronzeIdol":77,"Busted Crown":953,"Ornamental Fan":206,"Orrery":283,"Turnip":219,"Art of War":196,"Bottled Lightning":27,"hexamod:BolsterEngine":113,"Toy Ornithopter":31,"Ice Cream":149,"Mark of the Bloom":1129,"Calipers":722,"Gremlin Horn":545,"CeramicFish":163,"Vajra":72,"Runic Capacitor":1590,"Sozu":406,"Lizard Tail":444,"Centennial Puzzle":911,"HornCleat":136,"DollysMirror":149,"Strawberry":150,"Prayer Wheel":264,"Philosopher\u0027s Stone":291,"VioletLotus":3,"Toxic Egg 2":8,"Girya":113,"Happy Flower":149,"Dead Branch":309,"Oddly Smooth Stone":343,"Letter Opener":74,"War Paint":100,"sneckomod:SneckoTalon":193,"Question Card":343,"Du-Vu Doll":27,"OrangePellets":225,"Bottled Flame":141,"Shuriken":343,"Bronze Scales":149,"Molten Egg 2":883,"Slimebound:PreparedRelic":100,"Nloth\u0027s Gift":264,"Black Star":1604,"Meat on the Bone":8,"Pocketwatch":129,"Darkstone Periapt":631,"Enchiridion":512,"Mango":48,"Yang":507,"CloakClasp":3,"Juzu Bracelet":23,"Incense Burner":534,"TeardropLocket":0,"PrismaticShard":177,"Empty Cage":1391,"ClockworkSouvenir":225,"Nunchaku":475,"Dream Catcher":510,"Emotion Chip":1612,"TheAbacus":149,"Slimebound:StickyStick":8,"Mummified Hand":70,"Pantograph":136,"Tiny Chest":743,"Red Mask":294,"Cracked Core":1590,"Orichalcum":175,"Odd Mushroom":367,"Medical Kit":196,"White Beast Statue":1403,"Mercury Hourglass":175,"Calling Bell":791,"Peace Pipe":1010,"Strange Spoon":444,"Anchor":149,"CaptainsWheel":1059,"DataDisk":1649,"HolyWater":593,"Coffee Dripper":92,"Bag of Marbles":149,"Membership Card":149,"PureWater":0,"FossilizedHelix":279,"TungstenRod":841}],"TungstenRod":25,"Meat on the Bone":12},"card_choices":[{"not_picked":["Conserve Battery","Steam","Hologram"],"picked":"SKIP","floor":1},{"not_picked":["Stack","Hologram","Sunder"],"picked":"SKIP","floor":2},{"not_picked":["Double Energy","Streamline","Recycle"],"picked":"SKIP","floor":5},{"not_picked":["Auto Shields","Steam","Go for the Eyes"],"picked":"SKIP","floor":6},{"not_picked":["Doom and Gloom","Barrage","White Noise"],"picked":"SKIP","floor":7},{"not_picked":["Genetic Algorithm","Undo"],"picked":"Gash","floor":10},{"not_picked":["Auto Shields","Hologram"],"picked":"Self Repair","floor":12},{"not_picked":["Conserve Battery","Capacitor"],"picked":"Gash","floor":13},{"not_picked":["Amplify","Reboot"],"picked":"All For One","floor":16},{"not_picked":["Blizzard","Beam Cell","Turbo"],"picked":"SKIP","floor":18},{"not_picked":["Chaos","Stack+1","Beam Cell"],"picked":"SKIP","floor":21},{"not_picked":["Steam","Leap","Rebound"],"picked":"SKIP","floor":22},{"not_picked":["Undo","Glacier"],"picked":"Beam Cell+1","floor":23},{"not_picked":["Self Repair","Barrage+1","Go for the Eyes"],"picked":"SKIP","floor":25},{"not_picked":["Glacier+1","FTL"],"picked":"White Noise","floor":27},{"not_picked":["Compile Driver","Steam Power","Hologram","Stack+1"],"picked":"SKIP","floor":28},{"not_picked":["Force Field","Multi-Cast","Turbo","Coolheaded"],"picked":"SKIP","floor":29},{"not_picked":["Hologram","Glacier","Compile Driver","Sweeping Beam"],"picked":"SKIP","floor":30},{"not_picked":["Ball Lightning","Hologram","Core Surge","Streamline"],"picked":"SKIP","floor":31},{"not_picked":["Barrage","Heatsinks+1","Rip and Tear+1"],"picked":"Gash","floor":35},{"not_picked":["Melter","Undo","Conserve Battery+1","Tempest"],"picked":"SKIP","floor":37},{"not_picked":["Melter+1","Reprogram","Sweeping Beam","Self Repair"],"picked":"SKIP","floor":37},{"not_picked":["Thinking Ahead","Forethought","Apotheosis"],"picked":"Bandage Up","floor":38},{"not_picked":["Master of Strategy","Discovery","Violence"],"picked":"Panacea","floor":38},{"not_picked":["Mind Blast","Jack Of All Trades","Bandage Up"],"picked":"Finesse","floor":38},{"not_picked":["Darkness+1","Redo","FTL+1","Rebound+1"],"picked":"SKIP","floor":40},{"not_picked":["Barrage","Ball Lightning+1","Recycle"],"picked":"Seek","floor":42},{"not_picked":["Cold Snap+1","Compile Driver","Defragment"],"picked":"Redo+1","floor":47},{"not_picked":["Rebound+1","Leap","Streamline"],"picked":"Beam Cell+1","floor":48},{"not_picked":["Tempest","Fusion","Buffer"],"picked":"Self Repair","floor":48},{"not_picked":["Reinforced Body","FTL","Fusion","Reprogram"],"picked":"SKIP","floor":55}],"player_experience":295601,"relics_obtained":[{"floor":6,"key":"Bronze Scales"},{"floor":9,"key":"Pen Nib"},{"floor":12,"key":"Dream Catcher"},{"floor":23,"key":"MealTicket"},{"floor":23,"key":"Emotion Chip"},{"floor":27,"key":"Question Card"},{"floor":27,"key":"Ancient Tea Set"},{"floor":40,"key":"HornCleat"},{"floor":40,"key":"Bag of Preparation"},{"floor":42,"key":"Anchor"},{"floor":42,"key":"Orichalcum"},{"floor":43,"key":"Nunchaku"},{"floor":47,"key":"Meat on the Bone"},{"floor":47,"key":"War Paint"},{"floor":55,"key":"DataDisk"},{"floor":55,"key":"Bottled Tornado"}],"event_choices":[{"damage_healed":0,"gold_gain":0,"player_choice":"Entered Light","damage_taken":23,"max_hp_gain":0,"max_hp_loss":0,"event_name":"Shining Light","floor":3,"gold_loss":0,"cards_upgraded":["Dark Shackles","Self Repair"]},{"cards_removed":["Dualcast"],"damage_healed":0,"gold_gain":0,"player_choice":"Purged","damage_taken":0,"max_hp_gain":0,"max_hp_loss":0,"event_name":"Purifier","floor":4,"gold_loss":0},{"damage_healed":0,"gold_gain":80,"player_choice":"Gained Gold","damage_taken":0,"max_hp_gain":0,"max_hp_loss":0,"event_name":"Golden Wing","floor":14,"gold_loss":0},{"damage_healed":0,"gold_gain":0,"player_choice":"Ignored","damage_taken":0,"max_hp_gain":0,"max_hp_loss":0,"event_name":"Vampires","floor":19,"gold_loss":0},{"damage_healed":0,"gold_gain":0,"player_choice":"1 cards matched","damage_taken":0,"max_hp_gain":0,"max_hp_loss":0,"event_name":"Match and Keep!","floor":20,"gold_loss":0,"cards_obtained":["Doubt"]},{"damage_healed":0,"gold_gain":0,"player_choice":"Memory 3","damage_taken":10,"max_hp_gain":0,"max_hp_loss":0,"event_name":"SensoryStone","floor":38,"gold_loss":0},{"damage_healed":0,"gold_gain":0,"player_choice":"Paid","damage_taken":0,"relics_obtained":["Red Mask"],"max_hp_gain":0,"max_hp_loss":0,"event_name":"Tomb of Lord Red Mask","floor":45,"gold_loss":240}],"is_beta":false,"boss_relics":[{"not_picked":["FrozenCore","Inserter"],"picked":"Black Star"},{"not_picked":["Fusion Hammer","SacredBark"],"picked":"Philosopher\u0027s Stone"}],"items_purged_floors":[0,0,0,0,0,0,0,0,36,39],"is_endless":false,"potions_floor_spawned":[1,2,16,22,23,29,30,33,40,42,48],"ascension_level":20}}