{"host":"q5l3nirlejh5mn15","time":1612759732,"event":{"mods":["100% Spire Juice","BaseMod","Bossed Relics","Downfall","Energized Spire","FoggyMod","Hermit","Koishi","Marisa（F雨　魔理沙）","Minty Spire (QoL Compilation)","MostiFishMod","Reimu（博丽灵梦）","Relic Filter Mod","Reliquary","Remilia（蕾米莉亚）","RumiaBox-露米娅的神秘盒子","Spicy Shops","StSLib","TestMod","The Hierophant","The Servant 0.9.4","UnlockEverythingMod","Warlord Emblem","[IsaacMod]以撒尖塔","【功能Mod】混沌之环修复补丁","【遗物卡牌】REMEMod"],"gold_per_floor":[16,16,29,29,45,45,45],"floor_reached":6,"language":"ZHS","playtime":341,"items_purged":[],"score":72,"play_id":"afa17c63-d28c-471d-84e6-5962dec7415b","local_time":"20210208124852","is_ascension_mode":true,"campfire_choices":[],"circlet_count":0,"master_deck":["AscendersBane","Strike_P","Strike_P","Strike_P","Strike_P","Defend_P","Defend_P","Defend_P","Defend_P","Eruption","Vigilance","MostiFishMod:EE1D","MostiFishMod:EE1D","MostiFishMod:EE1D","DoctorFetus","CardOfSanctity:ReiMu","Omniscience","WaveOfTheHand","Pray","REME_Repentance"],"relics":["PureWater","DaveBox","HushsDoor","testmod-TestBox","testmod-NegativeEmotionEnhancer","GuppysPaw","EE1DDrone","SynthV:TestCard","Molten Egg 2"],"acts_visited":["Exordium"],"potions_floor_usage":[1],"damage_taken":[{"damage":3,"enemies":"Jaw Worm","floor":1,"turns":2},{"damage":13,"enemies":"Cultist","floor":3,"turns":6},{"damage":8,"enemies":"Small Slimes","floor":5,"turns":6},{"damage":44,"enemies":"3 Sentries","floor":6,"turns":4}],"seed_played":"-4355734852161589587","potions_obtained":[{"floor":1,"key":"REME_GoldPotion"},{"floor":5,"key":"GamblersBrew"}],"is_trial":false,"path_per_floor":["M","?","M","?","M","E"],"character_chosen":"WATCHER","items_purchased":[],"campfire_rested":0,"item_purchase_floors":[],"current_hp_per_floor":[60,60,49,49,44,0,0],"gold":45,"neow_bonus":"THREE_RARE_CARDS","is_daily":false,"chose_seed":false,"campfire_upgraded":0,"win_rate":0.0,"timestamp":1612759732,"path_taken":["M","?","?","?","?","E"],"items_purchased_type":[],"build_version":"2020-12-22","purchased_purges":0,"victory":false,"max_hp_per_floor":[69,69,70,70,71,71,71],"card_choices":[{"not_picked":[],"picked":"DoctorFetus","floor":0},{"not_picked":["Ragnarok","DeusExMachina"],"picked":"Omniscience","floor":0},{"not_picked":["CutThroughFate","ThirdEye"],"picked":"WaveOfTheHand","floor":1},{"not_picked":["MostiFishMod:Speedup","CutThroughFate","Perseverance","BattleHymn"],"picked":"Pray","floor":3},{"not_picked":["SashWhip+1","Conclude+1","ReachHeaven+1","FlyingSleeves+1"],"picked":"REME_Repentance","floor":5}],"player_experience":255238,"relics_obtained":[{"floor":1,"key":"SynthV:TestCard"}],"event_choices":[{"damage_healed":0,"gold_gain":0,"player_choice":"Swap Relic","damage_taken":0,"relics_obtained":["Molten Egg 2"],"max_hp_gain":0,"max_hp_loss":0,"event_name":"给自己的盒子","floor":4,"relics_lost":["REME_ComplimentaryCards"],"gold_loss":0}],"is_beta":false,"boss_relics":[],"items_purged_floors":[],"is_endless":false,"potions_floor_spawned":[1,5],"killed_by":"3 Sentries","ascension_level":20}}