{"host":"19r1ww88x2tc73i0","time":1612760677,"event":{"mods":["BaseMod","BetterRewards","Colored Map","Minty Spire (QoL Compilation)","Relic Stats","StSLib","SuperFastMode","slay the spire mod where everything is the same but ironclad has a cowboy hat"],"gold_per_floor":[16,35,53,53,67,67,96,110,133,133,133,171,171,171,171,171,171],"floor_reached":16,"language":"ENG","playtime":561,"items_purged":[],"score":220,"play_id":"b4f5e3f5-0239-4ba7-b5a8-27b7da0adf67","local_time":"25640208120437","is_ascension_mode":true,"campfire_choices":[{"data":"Accuracy","floor":6.0,"key":"SMITH"},{"data":"Adrenaline","floor":11,"key":"SMITH"},{"data":"Accuracy","floor":13,"key":"SMITH"},{"floor":15,"key":"REST"}],"circlet_count":0,"master_deck":["AscendersBane","Strike_G","Strike_G","Strike_G","Defend_G","Defend_G","Defend_G","Defend_G","Defend_G+1","Survivor","Neutralize","Cloak And Dagger+1","Accuracy+1","Accuracy+1","Accuracy+1","Adrenaline+1","Quick Slash","Dagger Spray"],"relics":["Ring of the Snake","Darkstone Periapt","Toy Ornithopter","Golden Idol","Happy Flower"],"acts_visited":["Exordium"],"potions_floor_usage":[8,12],"damage_taken":[{"damage":4.0,"enemies":"2 Louse","floor":1.0,"turns":4.0},{"damage":0.0,"enemies":"Small Slimes","floor":2.0,"turns":5.0},{"damage":1.0,"enemies":"Jaw Worm","floor":3.0,"turns":7.0},{"damage":1.0,"enemies":"Looter","floor":5.0,"turns":3.0},{"damage":16.0,"enemies":"3 Sentries","floor":7.0,"turns":7.0},{"damage":1,"enemies":"Red Slaver","floor":8,"turns":3},{"damage":8,"enemies":"Lagavulin","floor":12,"turns":5},{"damage":32,"enemies":"Hexaghost","floor":16,"turns":10}],"seed_played":"-6074601643336232533","potions_obtained":[{"floor":1.0,"key":"Strength Potion"},{"floor":2.0,"key":"ColorlessPotion"},{"floor":5.0,"key":"Weak Potion"},{"floor":7.0,"key":"Energy Potion"}],"is_trial":false,"path_per_floor":["M","M","M","?","M","R","E","M","T","?","R","E","R","?","R","B"],"character_chosen":"THE_SILENT","items_purchased":[],"campfire_rested":1,"item_purchase_floors":[],"current_hp_per_floor":[55,55,54,34,33,33,17,16,16,16,16,13,13,13,31,0,0],"gold":171,"neow_bonus":"REMOVE_TWO","is_daily":false,"chose_seed":false,"campfire_upgraded":3,"win_rate":0.0,"timestamp":1612760677,"path_taken":["M","M","M","?","M","R","E","M","T","?","R","E","R","?","R","BOSS"],"items_purchased_type":[],"build_version":"2020-12-22","purchased_purges":0,"victory":false,"max_hp_per_floor":[66,66,66,66,66,66,66,66,66,60,60,60,60,60,60,60,60],"relic_stats":{"Darkstone Periapt":0,"Happy Flower":[3],"counters":[8,44],"Golden Idol":8,"obtain_stats":[{"Darkstone Periapt":7,"Happy Flower":12,"Golden Idol":10,"Toy Ornithopter":9,"Ring of the Snake":0},{"Darkstone Periapt":5,"Happy Flower":7,"Golden Idol":6,"Toy Ornithopter":6,"Ring of the Snake":0},{"Darkstone Periapt":26,"Happy Flower":34,"Golden Idol":29,"Toy Ornithopter":29,"Ring of the Snake":0}],"Toy Ornithopter":5,"Ring of the Snake":[16]},"card_choices":[{"not_picked":["Reflex","Well Laid Plans"],"picked":"Cloak And Dagger","floor":1.0},{"not_picked":["Outmaneuver","Finisher"],"picked":"Accuracy","floor":2.0},{"not_picked":["Reflex","Acrobatics"],"picked":"Accuracy","floor":3.0},{"not_picked":["Deadly Poison","Deflect"],"picked":"Accuracy","floor":5.0},{"not_picked":["Sucker Punch","Acrobatics"],"picked":"Adrenaline","floor":7.0},{"not_picked":["Expertise","Outmaneuver"],"picked":"Quick Slash","floor":8},{"not_picked":["Escape Plan","Choke"],"picked":"Dagger Spray","floor":12}],"player_experience":1023643,"relics_obtained":[{"floor":7.0,"key":"Darkstone Periapt"},{"floor":9,"key":"Toy Ornithopter"},{"floor":12,"key":"Happy Flower"}],"event_choices":[{"damage_healed":0.0,"max_hp_gain":0.0,"max_hp_loss":0.0,"gold_gain":0.0,"event_name":"Shining Light","player_choice":"Entered Light","floor":4.0,"gold_loss":0.0,"damage_taken":20.0,"cards_upgraded":["Cloak And Dagger","Defend_G"]},{"damage_healed":0,"gold_gain":0,"player_choice":"Lose Max HP","damage_taken":0,"relics_obtained":["Golden Idol"],"max_hp_gain":0,"max_hp_loss":6,"event_name":"Golden Idol","floor":10,"gold_loss":0},{"damage_healed":0,"gold_gain":0,"player_choice":"Grow","damage_taken":0,"max_hp_gain":0,"max_hp_loss":0,"event_name":"Living Wall","floor":14,"gold_loss":0,"cards_upgraded":["Accuracy"]}],"is_beta":false,"boss_relics":[],"items_purged_floors":[],"is_endless":false,"potions_floor_spawned":[1,2,5,7],"killed_by":"Hexaghost","ascension_level":20}}