{"host":"y36bp6mnm73x3iob","time":1612809881,"event":{"mods":["Aspiration","BaseMod","Bossed Relics","GifTheSpireLib","Hermit","Minty Spire (QoL Compilation)","Reliquary","Retaliation","StSLib"],"gold_per_floor":[116,291,291,301,63,63,75,75,151,176,176,176,191,203,203,306,306,325,307,326,14,14,47,146,159,209,229,229,6,20,36,36,131,131,147,1146,1162,1162,695,727,727,771,771,806,806,836,474,508,508,508],"floor_reached":51,"language":"ENG","playtime":2633,"items_purged":["Pain","Doubt","Normality","Normality"],"score":1326,"play_id":"39730a57-4d6a-4b5d-be11-5b59793fddcf","local_time":"20210208204441","is_ascension_mode":true,"campfire_choices":[{"data":"True Grit","floor":6,"key":"SMITH"},{"data":"Fiend Fire","floor":8,"key":"SMITH"},{"data":"Bash","floor":12,"key":"SMITH"},{"data":"Perfected Strike","floor":15,"key":"SMITH"},{"data":"Demon Form","floor":32,"key":"SMITH"},{"data":"Uppercut","floor":41,"key":"SMITH"},{"floor":49,"key":"REST"}],"circlet_count":0,"master_deck":["AscendersBane","Strike_R","Strike_R","Strike_R","Strike_R","Strike_R","Defend_R","Defend_R","Defend_R","Defend_R","Bash+1","Perfected Strike+1","Flame Barrier","Fiend Fire+1","True Grit+1","Feel No Pain","Feel No Pain","Disarm","DDmod:SpikeMailSkill","Flame Barrier","Offering","Whirlwind","Thunderclap+1","Burning Pact","Demon Form+1","The Bomb","J.A.X.","Perfected Strike+1","DDmod:PokeAttack","Shame","Disarm","DDmod:EasePowerCard","DDmod:SpikedSkill","Intimidate+1","Demon Form","CurseOfTheBell","DDmod:EasePowerCard","Uppercut+1","Headbutt","Disarm","Disarm","Immolate","True Grit+1","Pommel Strike","Feel No Pain+1","Pommel Strike","Reaper","Shockwave","Battle Trance"],"relics":["Burning Blood","aspiration:Nostalgia","PureWater","Regal Pillow","White Beast Statue","reliquary:ExpiredCoupon","WarpedTongs","Runic Pyramid","StrikeDummy","Anchor","Calling Bell","PreservedInsect","Self Forming Clay","Prayer Wheel","DDmod:BarbedSlagRelic","Calipers","Boot","CeramicFish","Art of War","reliquary:SilkGlove"],"acts_visited":["Exordium","TheCity","TheBeyond"],"potions_floor_usage":[10,13,16,18,19,19,20,20,30,31,33,35,40,44,46,48,50,50],"damage_taken":[{"damage":0,"enemies":"Small Slimes","floor":1,"turns":3},{"damage":7,"enemies":"Jaw Worm","floor":4,"turns":2},{"damage":0,"enemies":"2 Louse","floor":7,"turns":4},{"damage":3,"enemies":"3 Sentries","floor":10,"turns":12},{"damage":12,"enemies":"Lots of Slimes","floor":13,"turns":3},{"damage":3,"enemies":"Large Slime","floor":14,"turns":4},{"damage":70,"enemies":"Slime Boss","floor":16,"turns":17},{"damage":14,"enemies":"Shell Parasite","floor":18,"turns":4},{"damage":20,"enemies":"2 Thieves","floor":19,"turns":4},{"damage":34,"enemies":"Snake Plant","floor":20,"turns":3},{"damage":18,"enemies":"Gremlin Leader","floor":23,"turns":5},{"damage":6,"enemies":"Centurion and Healer","floor":25,"turns":1},{"damage":6,"enemies":"Chosen and Byrds","floor":27,"turns":3},{"damage":13,"enemies":"Shelled Parasite and Fungi","floor":30,"turns":5},{"damage":6,"enemies":"Snecko","floor":31,"turns":2},{"damage":57,"enemies":"Champ","floor":33,"turns":16},{"damage":1,"enemies":"Orb Walker","floor":35,"turns":3},{"damage":6,"enemies":"3 Shapes","floor":37,"turns":2},{"damage":36,"enemies":"Nemesis","floor":40,"turns":7},{"damage":49,"enemies":"Reptomancer","floor":42,"turns":6},{"damage":11,"enemies":"Nemesis","floor":44,"turns":9},{"damage":8,"enemies":"Jaw Worm Horde","floor":46,"turns":2},{"damage":20,"enemies":"Giant Head","floor":48,"turns":7},{"damage":82,"enemies":"Awakened One","floor":50,"turns":15}],"seed_played":"-4969223133223530476","potions_obtained":[{"floor":4,"key":"ColorlessPotion"},{"floor":10,"key":"Fire Potion"},{"floor":13,"key":"Regen Potion"},{"floor":14,"key":"DDmod:CleansePotion"},{"floor":16,"key":"BloodPotion"},{"floor":18,"key":"PowerPotion"},{"floor":19,"key":"AttackPotion"},{"floor":20,"key":"BloodPotion"},{"floor":23,"key":"BlessingOfTheForge"},{"floor":25,"key":"Strength Potion"},{"floor":27,"key":"GamblersBrew"},{"floor":30,"key":"Fruit Juice"},{"floor":31,"key":"Weak Potion"},{"floor":33,"key":"ElixirPotion"},{"floor":35,"key":"Dexterity Potion"},{"floor":40,"key":"SteroidPotion"},{"floor":42,"key":"Regen Potion"},{"floor":44,"key":"ColorlessPotion"},{"floor":46,"key":"Fire Potion"},{"floor":48,"key":"ElixirPotion"}],"is_trial":false,"path_per_floor":["M","?","T","M","$","R","M","R","T","E","?","R","M","M","R","B",null,"M","M","M","$","?","E","?","M","T","M","?","$","M","M","R","B",null,"M","?","M","?","$","E","R","E","T","E","R","M","$","E","R","B",null],"character_chosen":"IRONCLAD","items_purchased":["Fiend Fire","True Grit","Feel No Pain","Demon Form","The Bomb","Disarm","DDmod:EasePowerCard","Disarm","Calipers","Reaper","Shockwave"],"campfire_rested":1,"item_purchase_floors":[5,5,5,21,21,29,29,39,39,47,47],"current_hp_per_floor":[78,78,78,77,77,77,80,80,80,80,80,80,74,77,77,28,67,75,61,49,49,49,37,37,37,37,37,37,37,58,63,63,16,68,73,73,73,73,73,57,57,14,14,38,38,36,36,22,62,58],"gold":508,"neow_bonus":"NOSTALGIA","is_daily":false,"chose_seed":false,"campfire_upgraded":6,"win_rate":0.0,"timestamp":1612809881,"path_taken":["M","?","?","M","?","R","M","R","T","E","?","R","?","M","R","BOSS","M","M","M","$","?","E","?","M","T","M","?","$","M","M","R","BOSS","M","?","M","?","$","E","R","E","T","E","R","M","$","E","R","BOSS"],"items_purchased_type":["Card","Card","Card","Card","Card","Card","Card","Card","Relic","Card","Card"],"build_version":"2020-12-22","purchased_purges":4,"victory":true,"max_hp_per_floor":[80,80,80,80,80,80,80,80,80,80,80,80,80,80,80,80,80,80,80,80,80,80,80,80,80,80,80,80,80,80,85,85,85,85,85,85,85,85,85,85,85,85,85,85,85,85,85,85,85,85],"card_choices":[{"not_picked":["Sword Boomerang","Headbutt"],"picked":"Perfected Strike","floor":1},{"not_picked":["Evolve","Reckless Charge"],"picked":"Flame Barrier","floor":4},{"not_picked":["Heavy Blade","Rage"],"picked":"Feel No Pain","floor":7},{"not_picked":["Twin Strike","Armaments"],"picked":"Disarm","floor":10},{"not_picked":["Sever Soul","Armaments"],"picked":"DDmod:SpikeMailSkill","floor":13},{"not_picked":["Havoc","DDmod:SpikeInjectionSkill"],"picked":"Flame Barrier","floor":14},{"not_picked":["Impervious","Bludgeon"],"picked":"Offering","floor":16},{"not_picked":["Pommel Strike","Heavy Blade"],"picked":"Whirlwind","floor":18},{"not_picked":["Shrug It Off","Sword Boomerang"],"picked":"Thunderclap+1","floor":19},{"not_picked":["Wild Strike+1","Thunderclap"],"picked":"Burning Pact","floor":20},{"not_picked":["DDmod:PokeAttack","Twin Strike"],"picked":"Perfected Strike+1","floor":23},{"not_picked":["Clash","Brutality","Cleave"],"picked":"SKIP","floor":25},{"not_picked":["Sword Boomerang","Flex"],"picked":"DDmod:PokeAttack","floor":27},{"not_picked":["Havoc","Twin Strike"],"picked":"DDmod:SpikedSkill","floor":30},{"not_picked":["Sword Boomerang","Clash"],"picked":"Intimidate+1","floor":31},{"not_picked":["DDmod:RechargeSkill","DDmod:PlatedThornsSkill"],"picked":"Demon Form","floor":33},{"not_picked":["DDmod:PokeAttack","Flex+1"],"picked":"DDmod:EasePowerCard","floor":35},{"not_picked":["DDmod:SpikeMailSkill","Fire Breathing"],"picked":"Uppercut","floor":35},{"not_picked":["Spot Weakness","Second Wind+1"],"picked":"Headbutt","floor":37},{"not_picked":["Burning Pact+1","Shrug It Off"],"picked":"Disarm","floor":37},{"not_picked":["DDmod:SpikedSkill+1","DDmod:RapidStrikeAttack+1"],"picked":"Immolate","floor":40},{"not_picked":["Reckless Charge","Spot Weakness"],"picked":"True Grit+1","floor":42},{"not_picked":["Bloodletting","Blood for Blood"],"picked":"Pommel Strike","floor":44},{"not_picked":["Second Wind","Pommel Strike"],"picked":"Feel No Pain+1","floor":46},{"not_picked":["Warcry","Clash+1"],"picked":"Pommel Strike","floor":46},{"not_picked":["Havoc","Reckless Charge+1"],"picked":"Battle Trance","floor":48}],"player_experience":509388,"relics_obtained":[{"floor":3,"key":"Regal Pillow"},{"floor":9,"key":"White Beast Statue"},{"floor":10,"key":"reliquary:ExpiredCoupon"},{"floor":23,"key":"StrikeDummy"},{"floor":26,"key":"Anchor"},{"floor":34,"key":"PreservedInsect"},{"floor":34,"key":"Self Forming Clay"},{"floor":34,"key":"Prayer Wheel"},{"floor":40,"key":"Boot"},{"floor":42,"key":"CeramicFish"},{"floor":44,"key":"Art of War"},{"floor":48,"key":"reliquary:SilkGlove"}],"event_choices":[{"damage_healed":0,"gold_gain":175,"player_choice":"AGREE","damage_taken":0,"max_hp_gain":0,"max_hp_loss":0,"event_name":"Liars Game","floor":2,"gold_loss":0,"cards_obtained":["Doubt"]},{"damage_healed":0,"gold_gain":0,"player_choice":"Rummage","damage_taken":0,"relics_obtained":["WarpedTongs"],"max_hp_gain":0,"max_hp_loss":0,"event_name":"Accursed Blacksmith","floor":11,"gold_loss":0,"cards_obtained":["Pain"]},{"damage_healed":0,"gold_gain":0,"player_choice":"Obtain J.A.X.","damage_taken":0,"max_hp_gain":0,"max_hp_loss":0,"event_name":"Drug Dealer","floor":22,"gold_loss":0,"cards_obtained":["J.A.X."]},{"damage_healed":0,"gold_gain":99,"player_choice":"Stole From Cult","damage_taken":0,"max_hp_gain":0,"max_hp_loss":0,"event_name":"Nest","floor":24,"gold_loss":0},{"damage_healed":0,"gold_gain":999,"player_choice":"Gold","damage_taken":0,"max_hp_gain":0,"max_hp_loss":0,"event_name":"MindBloom","floor":36,"gold_loss":0,"cards_obtained":["Normality","Normality"]}],"is_beta":false,"boss_relics":[{"not_picked":["reliquary:WritOfMandamus","aspiration:FutureDiary"],"picked":"Runic Pyramid"},{"not_picked":["SacredBark","Philosopher\u0027s Stone"],"picked":"Calling Bell"}],"items_purged_floors":[21,29,39,47],"is_endless":false,"potions_floor_spawned":[4,10,13,14,16,18,19,20,23,25,27,30,31,33,35,37,40,42,44,46,48],"ascension_level":12}}