{"host":"o1umn66c6cmsknp2","time":1612789802,"event":{"mods":["BaseMod","Colored Map","DeckTracker","Highlight Path","Keyboard Shortcuts","Minty Spire (QoL Compilation)","Permanent Neow","SuperFastMode","Unceasing Turn Reminder","everything is the same but u backflip on backflip"],"gold_per_floor":[113,131,26,26,26,26,55,18,18,43,59,59,76,86,86,161,161,178,53,67,67,82,82,7,7,7],"floor_reached":25,"language":"KOR","playtime":703,"items_purged":["Perfected Strike+1"],"score":389,"play_id":"21aa5a25-9b5c-4657-928b-9ad4c3a0fb6a","local_time":"20210208221002","is_ascension_mode":true,"campfire_choices":[{"data":"Sword Boomerang","floor":6.0,"key":"SMITH"},{"data":"Flex","floor":12,"key":"SMITH"},{"data":"Body Slam","floor":15,"key":"SMITH"},{"data":"Shrug It Off","floor":23,"key":"SMITH"}],"circlet_count":0,"master_deck":["AscendersBane","Strike_R","Strike_R","Strike_R","Strike_R","Defend_R","Defend_R","Defend_R","Defend_R","Bash","Shrug It Off+1","Sword Boomerang+1","Flex+1","Heavy Blade","Seeing Red","Fire Breathing","Body Slam+1","Demon Form","Shrug It Off+1","True Grit+1","Second Wind+1"],"relics":["Burning Blood","NeowsBlessing","HornCleat","Toxic Egg 2","Boot","Mark of Pain"],"acts_visited":["Exordium","TheCity"],"potions_floor_usage":[10,16,25],"damage_taken":[{"damage":0.0,"enemies":"2 Louse","floor":1.0,"turns":1.0},{"damage":0.0,"enemies":"Cultist","floor":2.0,"turns":1.0},{"damage":0.0,"enemies":"Lagavulin","floor":7.0,"turns":1.0},{"damage":2,"enemies":"Gremlin Nob","floor":10,"turns":3},{"damage":8,"enemies":"Small Slimes","floor":11,"turns":2},{"damage":0,"enemies":"Looter","floor":13,"turns":3},{"damage":3,"enemies":"2 Fungi Beasts","floor":14,"turns":4},{"damage":41,"enemies":"The Guardian","floor":16,"turns":13},{"damage":7,"enemies":"Chosen","floor":18,"turns":3},{"damage":16,"enemies":"2 Thieves","floor":20,"turns":4},{"damage":25,"enemies":"Snake Plant","floor":22,"turns":6},{"damage":42,"enemies":"Gremlin Leader","floor":25,"turns":5}],"seed_played":"-7783767535019868088","potions_obtained":[{"floor":7.0,"key":"DuplicationPotion"},{"floor":10,"key":"HeartOfIron"},{"floor":11,"key":"SpeedPotion"},{"floor":16,"key":"Block Potion"}],"is_trial":false,"path_per_floor":["M","M","$","?","$","R","E","$","T","E","M","R","M","M","R","B",null,"M","$","M","$","M","R","?","E"],"character_chosen":"IRONCLAD","items_purchased":["Sword Boomerang","Flex","Seeing Red","Shrug It Off+1"],"campfire_rested":0,"item_purchase_floors":[3,3,8,19],"current_hp_per_floor":[78,80,80,80,80,80,80,80,80,80,78,78,80,80,80,45,71,70,70,60,60,41,41,41,0,0],"gold":7,"neow_bonus":"THREE_ENEMY_KILL","is_daily":false,"chose_seed":false,"campfire_upgraded":4,"win_rate":0.0,"timestamp":1612789802,"path_taken":["M","M","$","?","$","R","E","?","T","E","M","R","M","M","R","BOSS","M","$","?","$","M","R","?","E"],"items_purchased_type":["Card","Card","Card","Card"],"build_version":"2020-12-22","purchased_purges":1,"victory":false,"max_hp_per_floor":[80,80,80,80,80,80,80,80,80,80,80,80,80,80,80,80,80,80,80,80,80,80,80,80,80,80],"card_choices":[{"not_picked":["Armaments","Dark Embrace"],"picked":"Perfected Strike","floor":1.0},{"not_picked":["Anger","Rupture"],"picked":"Shrug It Off","floor":2.0},{"not_picked":["Reckless Charge","Armaments"],"picked":"Heavy Blade","floor":7.0},{"not_picked":["Searing Blow","Infernal Blade+1","Pommel Strike"],"picked":"SKIP","floor":10},{"not_picked":["Clash","Wild Strike","Anger"],"picked":"SKIP","floor":11},{"not_picked":["Cleave","Uppercut"],"picked":"Fire Breathing","floor":13},{"not_picked":["Flex+1","Bludgeon"],"picked":"Body Slam","floor":14},{"not_picked":["Fiend Fire","Impervious+1"],"picked":"Demon Form","floor":16},{"not_picked":["Carnage","Combust+1","Twin Strike"],"picked":"SKIP","floor":18},{"not_picked":["Clash","Warcry+1"],"picked":"True Grit+1","floor":20},{"not_picked":["Warcry+1","Perfected Strike"],"picked":"Second Wind+1","floor":22}],"player_experience":388763,"relics_obtained":[{"floor":7.0,"key":"HornCleat"},{"floor":9.0,"key":"Toxic Egg 2"},{"floor":10,"key":"Boot"}],"event_choices":[{"damage_healed":0.0,"max_hp_gain":0.0,"max_hp_loss":0.0,"gold_gain":0.0,"event_name":"Upgrade Shrine","player_choice":"Upgraded","floor":4.0,"gold_loss":0.0,"damage_taken":0.0,"cards_upgraded":["Perfected Strike"]},{"cards_removed":["Strike_R"],"damage_healed":0,"gold_gain":0,"player_choice":"Gave Gold","damage_taken":0,"max_hp_gain":0,"max_hp_loss":0,"event_name":"Beggar","floor":24,"gold_loss":75}],"is_beta":false,"boss_relics":[{"not_picked":["SacredBark","Philosopher\u0027s Stone"],"picked":"Mark of Pain"}],"items_purged_floors":[19],"is_endless":false,"potions_floor_spawned":[7,10,11,16,20,22],"killed_by":"Gremlin Leader","ascension_level":13}}