{"host":"zjpztl3gv3azspk5","time":1612762786,"event":{"mods":["Act Like it!","BaseMod","Better Note","Better Skull","BetterRewards","Card Forge","Colored Powertips","Conspire","Downfall","Hermit","Highlight Path","Infinite Spire","Minty Spire (QoL Compilation)","Quick Restart","Rare Cards Sparkle","Replay The Spire","StSLib","The Animator","The Exalted","everything is the same but u backflip on backflip"],"gold_per_floor":[116,135,155,168,168,183,183,238,238,248,258,122,122,135,155,253,253,253,266,281,301,301,317,317,317,317,317],"floor_reached":25,"language":"ENG","playtime":2192,"items_purged":[],"score":201,"play_id":"669a9a3a-e3e8-43f4-8640-eff964368843","local_time":"20210207213946","is_ascension_mode":false,"campfire_choices":[{"floor":13,"key":"REST"},{"floor":18,"key":"DIG"}],"circlet_count":0,"master_deck":["champ:Strike+1","champ:Strike","champ:Strike","champ:Strike","champ:Defend+1","champ:Defend","champ:Defend","champ:Defend","champ:Execute","champ:Taunt","champ:FlashCut","champ:DefensiveShout","champ:ShieldSigil","champ:Backstep","champ:GutPunch","champ:TornadoPunch","champ:StanceDance","champ:BringItOn","champ:MurderStrike","Magnetism","Dramatic Entrance","Mind Blast","champ:Duel","champ:ViciousMockery","champ:Devastate","champ:PreciseThrust","champ:CalledShot","champ:PerfectedStrike","infinitespire:SealOfDarkness+"],"relics":["champ:ChampionCrown","Hammer of Thor","Seething Fire","Anvil of the Gods","infinitespire:Beetle Shell","PreservedInsect","infinitespire:FocusingShard","ReplayTheSpireMod:ShopPack","Philosopher\u0027s Stone","Matryoshka","Simple Rune","Pantograph","Replay:Bottled Snecko"],"acts_visited":["Exordium","TheCity"],"potions_floor_usage":[16,23],"damage_taken":[{"damage":10.0,"enemies":"2 Louse","floor":1.0,"turns":3.0},{"damage":11.0,"enemies":"Small Slimes","floor":2.0,"turns":3.0},{"damage":14.0,"enemies":"conspire:RoseBush","floor":3.0,"turns":3.0},{"damage":31.0,"enemies":"Gremlin Gang","floor":4.0,"turns":4.0},{"damage":24.0,"enemies":"3 Louse","floor":6.0,"turns":3.0},{"damage":30.0,"enemies":"Gremlin Nob","floor":8.0,"turns":4.0},{"damage":10.0,"enemies":"Blue Slaver","floor":10.0,"turns":3.0},{"damage":5.0,"enemies":"Large Slime","floor":11.0,"turns":5.0},{"damage":30,"enemies":"downfall:FleeingMerchant","floor":12,"turns":4},{"damage":7,"enemies":"Lots of Slimes","floor":14,"turns":3},{"damage":0,"enemies":"2 Fungi Beasts","floor":15,"turns":2},{"damage":23,"enemies":"WA_ARCHETYPE_RETAIN","floor":16,"turns":8},{"damage":39,"enemies":"Chosen","floor":19,"turns":5},{"damage":33,"enemies":"3 Byrds","floor":20,"turns":5},{"damage":11,"enemies":"Sentry and Sphere","floor":21,"turns":3},{"damage":35,"enemies":"Chosen and Byrds","floor":23,"turns":5},{"damage":24,"enemies":"Snake Plant","floor":25,"turns":1}],"seed_played":"-878127769213976730","potions_obtained":[{"floor":1.0,"key":"SteroidPotion"},{"floor":4.0,"key":"Ancient Potion"},{"floor":8.0,"key":"champ:TechniquePotion"},{"floor":11,"key":"hexamod:SoulburnPotion"},{"floor":19,"key":"sneckomod:MuddlingPotion"},{"floor":23,"key":"FearPotion"}],"is_trial":false,"path_per_floor":["M","M","M","M","?","M","T","?","?","M","M","$","R","M","M","B",null,"R","M","M","M","AVR","M","T","M"],"character_chosen":"THE_CHAMP","items_purchased":["ReplayTheSpireMod:ShopPack"],"campfire_rested":1,"item_purchase_floors":[12],"current_hp_per_floor":[99,98,94,83,83,69,69,49,49,49,49,49,78,71,71,63,99,99,65,42,41,41,21,21,0,0,0],"gold":317,"neow_bonus":"TEN_PERCENT_HP_BONUS","is_daily":false,"chose_seed":false,"campfire_upgraded":0,"win_rate":0.0,"timestamp":1612762786,"path_taken":["M","M","M","M","?","M","T","?","?","M","?","$","R","M","M","BOSS","R","M","?","M","AVR","M","T","M"],"items_purchased_type":["Relic"],"build_version":"2020-12-13","purchased_purges":0,"victory":false,"max_hp_per_floor":[99,99,99,99,99,99,99,99,99,99,99,99,99,99,99,99,99,99,99,99,99,99,99,99,99,99,99],"card_choices":[{"not_picked":["champ:Haymaker","champ:SkillfulDodge"],"picked":"champ:FlashCut","floor":1.0},{"not_picked":["champ:Haymaker","champ:EnGarde"],"picked":"champ:DefensiveShout","floor":2.0},{"not_picked":["champ:Haymaker","champ:BerserkersShout"],"picked":"champ:ShieldSigil","floor":3.0},{"not_picked":["champ:Shatter","champ:BladeFlurry"],"picked":"champ:Backstep","floor":4.0},{"not_picked":["champ:PerfectedStrike","champ:Shatter"],"picked":"champ:GutPunch","floor":6.0},{"not_picked":["champ:RapidStrikes","champ:Backstep"],"picked":"champ:TornadoPunch","floor":8.0},{"not_picked":["champ:BladeFlurry","champ:FocusedDefense"],"picked":"champ:StanceDance","floor":10.0},{"not_picked":["champ:StanceDance","champ:BerserkersShout"],"picked":"champ:BringItOn","floor":11},{"not_picked":["champ:BerserkerStyle","champ:DefensiveStyle"],"picked":"champ:MurderStrike","floor":12},{"not_picked":["Midas Touch","ReplayTheSpireMod:Necrogeddon"],"picked":"Magnetism","floor":12},{"not_picked":["ReplayTheSpireMod:Trickstab","Replay:BasicMightCard"],"picked":"Dramatic Entrance","floor":12},{"not_picked":["Thinking Ahead","Dark Shackles"],"picked":"Mind Blast","floor":12},{"not_picked":["champ:DefensiveShout","champ:RapidStrikes"],"picked":"champ:Duel","floor":14},{"not_picked":["champ:TornadoPunch","champ:GutPunch"],"picked":"champ:ViciousMockery","floor":15},{"not_picked":["champ:IgnorePain","champ:EnchantCrown"],"picked":"champ:Devastate","floor":16},{"not_picked":["champ:Haymaker+1","champ:AdrenalArmor+1"],"picked":"champ:PreciseThrust","floor":19},{"not_picked":["champ:DefensiveShout","champ:Encircle"],"picked":"champ:CalledShot","floor":20},{"not_picked":["champ:AdrenalArmor","champ:SetATrap"],"picked":"champ:PerfectedStrike","floor":21},{"not_picked":["champ:RapidStrikes","champ:FancyFootwork","champ:SetATrap"],"picked":"SKIP","floor":23}],"player_experience":197366,"relics_obtained":[{"floor":5.0,"key":"infinitespire:Beetle Shell"},{"floor":7.0,"key":"PreservedInsect"},{"floor":8.0,"key":"infinitespire:FocusingShard"},{"floor":18,"key":"Matryoshka"},{"floor":24,"key":"Pantograph"},{"floor":24,"key":"Replay:Bottled Snecko"}],"event_choices":[{"cards_removed":["champ:Strike"],"damage_healed":0.0,"max_hp_gain":0.0,"max_hp_loss":0.0,"gold_gain":0.0,"event_name":"betterNote:BetterNote","player_choice":"Give","floor":9.0,"gold_loss":0.0,"damage_taken":0.0,"cards_obtained":["hermit:Headshot"]}],"is_beta":false,"boss_relics":[{"not_picked":["ChewingGum","Snecko Eye"],"picked":"Philosopher\u0027s Stone"}],"items_purged_floors":[],"is_endless":false,"potions_floor_spawned":[1,4,8,11,14,19,23],"killed_by":"Snake Plant","ascension_level":0}}