{"host":"8a3jzv7qxg3y7b6t","time":1612763771,"event":{"mods":["BaseMod","Better Third Choice","Downfall","Hermit","Minty Spire (QoL Compilation)","Relic Stats","StSLib","The Bug Knight","The Cursed"],"gold_per_floor":[109,109,109,129,145,173,184,219,219,219,231,231,252,252,252],"floor_reached":14,"language":"ENG","playtime":954,"items_purged":[],"score":115,"play_id":"f2cea0ec-491b-4b5a-93ec-f4adeb55fe52","local_time":"20210207215611","is_ascension_mode":true,"campfire_choices":[{"floor":10,"key":"RECALL"},{"floor":12,"key":"REST"}],"circlet_count":0,"master_deck":["HollowMod:NailStrikeStart","HollowMod:NailStrikeStart","HollowMod:NailStrikeStart","HollowMod:NailStrikeStart","HollowMod:QuickDashStart","HollowMod:QuickDashStart","HollowMod:QuickDashStart","HollowMod:QuickDashStart","HollowMod:FocusHealStart","HollowMod:PogoStrike","HollowMod:DoubleDash","HollowMod:FallenFury","Good Instincts","HollowMod:theNailsmith","HollowMod:SharpenedNail","HollowMod:NewGlowingWomb","HollowMod:MothsMistake","HollowMod:SoulShaman","HollowMod:HerrahsAnger","HollowMod:NewGlowingWomb","HollowMod:InfectedCysts","HollowMod:DesolateDive","HollowMod:BrokenVessel"],"relics":["HollowMod:VesselMask","Eternal Feather","Letter Opener","Odd Mushroom"],"acts_visited":["Exordium"],"potions_floor_usage":[13,13],"damage_taken":[{"damage":0.0,"enemies":"Small Slimes","floor":1.0,"turns":3.0},{"damage":0,"enemies":"Cultist","floor":4,"turns":4},{"damage":5,"enemies":"Jaw Worm","floor":5,"turns":5},{"damage":48,"enemies":"Gremlin Nob","floor":6,"turns":5},{"damage":8,"enemies":"Blue Slaver","floor":7,"turns":5},{"damage":38,"enemies":"Lagavulin","floor":8,"turns":10},{"damage":14,"enemies":"Large Slime","floor":11,"turns":6},{"damage":12,"enemies":"The Mushroom Lair","floor":13,"turns":4},{"damage":32,"enemies":"Gremlin Nob","floor":14,"turns":3}],"seed_played":"7357922340176716558","potions_obtained":[{"floor":5,"key":"LiquidBronze"},{"floor":11,"key":"hexamod:SoulburnPotion"},{"floor":13,"key":"CultistPotion"}],"is_trial":false,"path_per_floor":["M","?","?","M","M","E","M","E","T","R","M","R","?","E"],"character_chosen":"THE_BUGKNIGHT","items_purchased":[],"campfire_rested":1,"item_purchase_floors":[],"current_hp_per_floor":[82,82,82,82,82,40,38,6,6,18,4,40,28,0,0],"gold":252,"neow_bonus":"TEN_PERCENT_HP_BONUS","is_daily":false,"chose_seed":false,"campfire_upgraded":0,"win_rate":0.0,"timestamp":1612763771,"path_taken":["M","?","?","M","M","E","M","E","T","R","?","R","?","E"],"items_purchased_type":[],"build_version":"2020-12-22","purchased_purges":0,"victory":false,"max_hp_per_floor":[82,82,82,82,82,82,82,82,82,82,82,82,82,82,82],"relic_stats":{"counters":[9,45],"Eternal Feather":24,"Letter Opener":[5],"obtain_stats":[{"HollowMod:VesselMask":0,"Eternal Feather":6,"Letter Opener":8,"Odd Mushroom":13},{"HollowMod:VesselMask":0,"Eternal Feather":4,"Letter Opener":6,"Odd Mushroom":8},{"HollowMod:VesselMask":0,"Eternal Feather":17,"Letter Opener":32,"Odd Mushroom":42}]},"card_choices":[{"not_picked":["HollowMod:SharpenedNail","HollowMod:SiblingsSouls"],"picked":"HollowMod:DescendingDark","floor":1.0},{"not_picked":["HollowMod:DescendingDark","HollowMod:DashSlash"],"picked":"HollowMod:MothsMistake","floor":4},{"not_picked":["HollowMod:DreamGate","HollowMod:CornifersMapStart"],"picked":"HollowMod:SoulShaman","floor":5},{"not_picked":["HollowMod:WraithStrike","HollowMod:ShapeofUnn"],"picked":"HollowMod:HerrahsAnger","floor":6},{"not_picked":["HollowMod:DesolateDive","HollowMod:AbyssShriek"],"picked":"HollowMod:NewGlowingWomb","floor":7},{"not_picked":["HollowMod:DescendingDark","HollowMod:TaintedHusks"],"picked":"HollowMod:InfectedCysts","floor":8},{"not_picked":["HollowMod:HeavyBlow","HollowMod:InfectedCysts"],"picked":"HollowMod:DesolateDive","floor":11},{"not_picked":["HollowMod:RadiancesLament","HollowMod:NewJinnsSoul"],"picked":"HollowMod:BrokenVessel","floor":13}],"player_experience":665782,"relics_obtained":[{"floor":6,"key":"Eternal Feather"},{"floor":8,"key":"Letter Opener"},{"floor":13,"key":"Odd Mushroom"}],"event_choices":[{"damage_healed":0.0,"max_hp_gain":0.0,"max_hp_loss":0.0,"gold_gain":0.0,"cards_transformed":["HollowMod:DescendingDark"],"event_name":"Living Wall","player_choice":"Change","floor":2.0,"gold_loss":0.0,"damage_taken":0.0,"cards_obtained":["HollowMod:DoubleDash"]},{"damage_healed":0,"gold_gain":0,"player_choice":"5 cards matched","damage_taken":0,"max_hp_gain":0,"max_hp_loss":0,"event_name":"Match and Keep!","floor":3,"gold_loss":0,"cards_obtained":["HollowMod:FallenFury","Good Instincts","HollowMod:theNailsmith","HollowMod:SharpenedNail","HollowMod:NewGlowingWomb"]},{"damage_healed":0,"gold_gain":0,"player_choice":"Fought Mushrooms","damage_taken":0,"max_hp_gain":0,"max_hp_loss":0,"event_name":"Mushrooms","floor":13,"gold_loss":0}],"is_beta":false,"boss_relics":[],"items_purged_floors":[],"is_endless":false,"potions_floor_spawned":[5,11,13],"killed_by":"Gremlin Nob","ascension_level":3}}