{"host":"yans4pr1zf0lm9bx","time":1612819968,"event":{"mods":["AchievementEnabler","Act Like it!","BaseMod","Hallownest","Minty Spire (QoL Compilation)","Replay The Spire","StSLib","SuperFastMode","The Bug Knight"],"gold_per_floor":[109,109,119,132,132,132,151,183,262,296,310,310,326,344,344,443,443,461,461,461,461,461,475,475,475,331,331,331,331,341,381,397,397,397,493,493,504,504,504,571,571,571],"floor_reached":41,"language":"ENG","playtime":1876,"items_purged":["HollowMod:QuickDashStart"],"score":420,"play_id":"71da4484-bba2-428e-afdf-9ba051922eb8","local_time":"20210208163248","is_ascension_mode":true,"campfire_choices":[{"data":"HollowMod:CycloneSlash","floor":6,"key":"SMITH"},{"data":"HollowMod:ZotesMagnificence","floor":12,"key":"SMITH"},{"data":"HollowMod:MantisMark","floor":12,"key":"SMITH"},{"data":"HollowMod:DoubleDash","floor":15,"key":"SMITH"},{"data":"HollowMod:FocusHealStart","floor":15,"key":"SMITH"},{"data":"HollowMod:HornetsHelp","floor":25,"key":"SMITH"},{"data":"HollowMod:CornifersMapStart","floor":25,"key":"SMITH"},{"data":"HollowMod:DesolateDive","floor":27,"key":"SMITH"},{"data":"HollowMod:HuntersJournal","floor":27,"key":"SMITH"},{"data":"HollowMod:DashSlash","floor":29,"key":"SMITH"},{"data":"HollowMod:PogoStrike","floor":29,"key":"SMITH"},{"data":"HollowMod:CloakDash","floor":34,"key":"SMITH"},{"data":"HollowMod:QuickDashStart","floor":34,"key":"SMITH"}],"circlet_count":0,"master_deck":["HollowMod:NailStrikeStart","HollowMod:QuickDashStart","HollowMod:QuickDashStart","HollowMod:QuickDashStart+1","HollowMod:FocusHealStart+1","HollowMod:PogoStrike+1","HollowMod:DesolateDive+1","HollowMod:MantisMark+1","HollowMod:CycloneSlash+1","HollowMod:DoubleDash+1","HollowMod:DashSlash+1","HollowMod:CloakDash+1","HollowMod:ZotesMagnificence+1","HollowMod:HornetsHelp+1","HollowMod:ShapeofUnn+1","HollowMod:QuirrelsAssistance+1","HollowMod:BaldurShell+1","HollowMod:CornifersMapStart+1","HollowMod:NewLittleFool","HollowMod:MantisMark+1","HollowMod:HuntersJournal+1","CommonCold","HollowMod:SoulMaster","HollowMod:Grubsong+1"],"relics":["HollowMod:VesselMask","NeowsBlessing","Hallownest:DreamNailRelic","Replay:Arrowhead","Replay:Rubber Ducky","Astrolabe","Bottled Flame","HollowMod:StagPassRelic","Ring of Fangs","Philosopher\u0027s Stone","Hallownest:BeastSealRelic","Singing Bowl"],"acts_visited":["Hallownest:Greenpath","Hallownest:CityofTears","Hallownest:KingdomsEdge"],"potions_floor_usage":[35,35],"damage_taken":[{"damage":0,"enemies":"Hallownest:2_Tiktiks_and_1_Crawlid","floor":1,"turns":1},{"damage":0,"enemies":"Hallownest:monsterHuskGuard","floor":3,"turns":1},{"damage":0,"enemies":"Hallownest:2_Baldur","floor":4,"turns":1},{"damage":4,"enemies":"Hallownest:Guard_and_Warrior","floor":7,"turns":5},{"damage":14,"enemies":"Hallownest:eliteMossKnight","floor":8,"turns":14},{"damage":23,"enemies":"Hallownest:eliteCrystalGuardian","floor":10,"turns":6},{"damage":0,"enemies":"Hallownest:MossCreep_and_Mosskin","floor":11,"turns":5},{"damage":0,"enemies":"Hallownest:monsterMossCharger","floor":13,"turns":1},{"damage":0,"enemies":"Hallownest:2_Tiktiks_1_Baldur_1_Crawlid","floor":14,"turns":3},{"damage":48,"enemies":"Hallownest:BossFalseKnight","floor":16,"turns":10},{"damage":12,"enemies":"Hallownest:3_Youths","floor":18,"turns":6},{"damage":6,"enemies":"Hallownest:Flukemon_and_Top","floor":23,"turns":5},{"damage":16,"enemies":"Hallownest:3_Mistakes","floor":30,"turns":6},{"damage":0,"enemies":"Hallownest:Glutton_and_Coward","floor":31,"turns":3},{"damage":8,"enemies":"Hallownest:monsterMisterMushroom","floor":32,"turns":5},{"damage":38,"enemies":"Hallownest:BossGrimm","floor":35,"turns":11},{"damage":39,"enemies":"Hallownest:3_Siblings","floor":37,"turns":9},{"damage":23,"enemies":"Hallownest:2_Littles","floor":41,"turns":1}],"seed_played":"-320802635167828291","potions_obtained":[{"floor":4,"key":"Reflective Coating"},{"floor":7,"key":"Dexterity Potion"},{"floor":8,"key":"Venom Potion"},{"floor":18,"key":"Dexterity Potion"},{"floor":32,"key":"AttackPotion"},{"floor":40,"key":"BlessingOfTheForge"}],"is_trial":false,"path_per_floor":["M","?","M","M","?","R","M","E","T","E","M","R","M","M","R","B",null,"M","?","T","PTL","PTL","M","?","R","$","R","T","R","M","M","M","?","R","B",null,"M","?","?","?","M"],"character_chosen":"THE_BUGKNIGHT","items_purchased":["HollowMod:HuntersJournal"],"campfire_rested":0,"item_purchase_floors":[26],"current_hp_per_floor":[75,75,75,75,66,66,62,60,60,43,49,49,49,55,55,19,75,73,73,73,73,73,69,69,69,69,69,69,69,59,65,57,57,57,31,75,42,42,42,14,0,0],"gold":571,"neow_bonus":"THREE_ENEMY_KILL","is_daily":false,"chose_seed":false,"campfire_upgraded":13,"win_rate":0.0,"timestamp":1612819968,"path_taken":["M","?","?","M","?","R","M","E","T","E","?","R","M","M","R","BOSS","M","?","?","PTL","PTL","?","?","R","$","R","T","R","?","M","M","?","R","BOSS","M","?","?","?","M"],"items_purchased_type":["Card"],"build_version":"2020-12-22","purchased_purges":1,"victory":false,"max_hp_per_floor":[75,75,75,75,75,75,75,75,75,75,75,75,75,75,75,75,75,75,75,75,75,75,75,75,75,75,75,75,75,75,75,75,75,75,75,75,75,75,70,70,70,70],"card_choices":[{"not_picked":["HollowMod:DescendingDark","HollowMod:GreatSlash"],"picked":"HollowMod:DesolateDive","floor":1},{"not_picked":["HollowMod:CoiledNail","HollowMod:VengefulVoid"],"picked":"HollowMod:MantisMark","floor":3},{"not_picked":["HollowMod:VengefulVoid","HollowMod:SoulShaman"],"picked":"HollowMod:CycloneSlash","floor":4},{"not_picked":["HollowMod:AbyssShriek","HollowMod:DescendingDark"],"picked":"HollowMod:DoubleDash","floor":7},{"not_picked":["HollowMod:SharpenedNail","HollowMod:SharpenedShadows"],"picked":"HollowMod:DashSlash","floor":8},{"not_picked":["HollowMod:InfectedCysts","HollowMod:SiblingsSouls"],"picked":"HollowMod:CloakDash","floor":10},{"not_picked":["HollowMod:FallenFury","HollowMod:NewLittleFool"],"picked":"HollowMod:ZotesMagnificence","floor":11},{"not_picked":["HollowMod:SiblingsSouls","HollowMod:HeavyBlow","HollowMod:DashSlash"],"picked":"SKIP","floor":13},{"not_picked":["HollowMod:ShadowDash","HollowMod:InfectedAttack","HollowMod:WraithStrike"],"picked":"SKIP","floor":14},{"not_picked":["HollowMod:NewInfectedGuardian","HollowMod:Weaversong"],"picked":"HollowMod:HornetsHelp","floor":16},{"not_picked":["HollowMod:DesolateDive","HollowMod:CycloneSlash","HollowMod:InfectedAttack"],"picked":"SKIP","floor":18},{"not_picked":["HollowMod:HeavyBlow","HollowMod:DashSlash+1"],"picked":"HollowMod:CornifersMapStart","floor":23},{"not_picked":["HollowMod:CrystalDash","HollowMod:SoulMaster"],"picked":"HollowMod:NewLittleFool","floor":24},{"not_picked":["HollowMod:BrokenVessel","HollowMod:InfectedAttack"],"picked":"HollowMod:MantisMark+1","floor":24},{"not_picked":["HollowMod:NewLittleFool","HollowMod:InfectionAssault","HollowMod:HowlingWraiths"],"picked":"SKIP","floor":30},{"not_picked":["HollowMod:HowlingWraiths","HollowMod:SoulShaman","HollowMod:SharpenedNail"],"picked":"SKIP","floor":31},{"not_picked":["HollowMod:BrokenVessel","HollowMod:HowlingWraiths","HollowMod:SiblingsShadow"],"picked":"SKIP","floor":32},{"not_picked":["HollowMod:HerrahsAnger","HollowMod:PureVessel"],"picked":"HollowMod:SoulMaster","floor":35},{"not_picked":["HollowMod:DungDefenderAura+1","HollowMod:HowlingWraiths+1","HollowMod:AbyssShriek"],"picked":"SKIP","floor":37},{"not_picked":["HollowMod:LifebloodCocoon+1","HollowMod:BrokenVessel+1"],"picked":"HollowMod:Grubsong+1","floor":40}],"player_experience":277504,"relics_obtained":[{"floor":8,"key":"Replay:Arrowhead"},{"floor":10,"key":"Replay:Rubber Ducky"},{"floor":20,"key":"Bottled Flame"},{"floor":28,"key":"HollowMod:StagPassRelic"},{"floor":33,"key":"Ring of Fangs"},{"floor":40,"key":"Singing Bowl"}],"event_choices":[],"is_beta":false,"boss_relics":[{"not_picked":["Fusion Hammer","Replay:Ancient Bell"],"picked":"Astrolabe"},{"not_picked":["HollowMod:VoidIdolRelic","Abe\u0027s Treasure"],"picked":"Philosopher\u0027s Stone"}],"items_purged_floors":[26],"is_endless":false,"potions_floor_spawned":[4,7,8,18,32],"killed_by":"Hallownest:2_Littles","ascension_level":1}}