{"host":"psytf3wd8ccrk52d","time":1612753192,"event":{"mods":["Astrologer","Bartender","BaseMod","Better Third Choice","CapriCore","CatGirl Mod","Colored Map","Dio Mod","Downfall","Ekko","Friendly Minions","Hermit","JesterMod","Mathematician","Minty Spire (QoL Compilation)","Replay The Spire","Robot Space Explorer","SIMod","Shade Mod","Shop Mod","Spire Arcade","StSLib","The Alterego","The Fake Hero","The Immortal","The Marked","The Problem Sleuth","The Sage","The Spell Scribe","The Vixen","TheFirefly","TheVacant","Yohane!"],"gold_per_floor":[115,115,128,128,149,149,149,149,149,163,184,184,208,208,208,338,338,358,358,378,477,129,129,129,47,95,136,155,155,173,189,189,309,409,427,488,86,0,0,0,0,0,27,27,71,71,86,86,86,86,86],"floor_reached":50,"language":"ENG","playtime":1878,"items_purged":["Strike_Bartender"],"score":501,"play_id":"7c2a14ce-ee08-497b-91a5-8e7f8293b92b","local_time":"20210208025952","is_ascension_mode":false,"campfire_choices":[{"data":"Momentum","floor":6,"key":"SMITH"},{"data":"Somersault","floor":8,"key":"SMITH"},{"data":"Surge","floor":12,"key":"SMITH"},{"data":"Greased_Lightning","floor":15,"key":"SMITH"},{"data":"Butterfly_Float","floor":24,"key":"SMITH"},{"data":"Ripple","floor":29,"key":"SMITH"},{"floor":40,"key":"RECALL"},{"data":"Feint","floor":42,"key":"SMITH"},{"floor":46,"key":"REST"},{"floor":49,"key":"REST"}],"circlet_count":0,"master_deck":["Strike_Bartender","Strike_Bartender","Strike_Bartender","Defend_Bartender+1","Defend_Bartender","Defend_Bartender","Defend_Bartender","Somersault+1","Dragonkick+1","Momentum+1","Surge+1","Fight_Dirty+1","Greased_Lightning+1","Butterfly_Float+1","Stick_and_Move+1","Training_Dummy","OpoOpo_Form+1","Center_Self","Momentum+1","Free_Pour","Storage+1","Ripple+1","Pony_Shot+1","Fading_Blow","Cold_Blooded+1","ThreeSidedStar","Feint+1","Cold_Blooded+1","Snap_Punch","Foot_Thrust+1"],"relics":["Sneakers","NeowsBlessing","Golden Idol","Frozen Egg 2","Busted Crown","Water_Ring","Medical Kit","Replay:Wax Seal","Potion Belt","Replay:Wanted Poster","Ornamental Fan","Red Mask","Peace Pipe"],"acts_visited":["Exordium","TheCity","TheBeyond"],"potions_floor_usage":[28,28,28,28,28,47,50,50,50,50],"damage_taken":[{"damage":0,"enemies":"Cultist","floor":1,"turns":1},{"damage":0,"enemies":"2 Louse","floor":3,"turns":1},{"damage":0,"enemies":"Small Slimes","floor":5,"turns":1},{"damage":6,"enemies":"Blue Slaver","floor":10,"turns":3},{"damage":7,"enemies":"Looter","floor":11,"turns":3},{"damage":3,"enemies":"Red Slaver","floor":13,"turns":3},{"damage":12,"enemies":"The Guardian","floor":16,"turns":8},{"damage":26,"enemies":"2 Thieves","floor":18,"turns":3},{"damage":1,"enemies":"3 Byrds","floor":20,"turns":5},{"damage":9,"enemies":"Replay:Snechameleon","floor":27,"turns":5},{"damage":8,"enemies":"Centurion and Healer","floor":28,"turns":3},{"damage":5,"enemies":"Snake Plant","floor":30,"turns":3},{"damage":0,"enemies":"Cultist and Chosen","floor":31,"turns":4},{"damage":5,"enemies":"Automaton","floor":33,"turns":7},{"damage":9,"enemies":"Orb Walker","floor":35,"turns":2},{"damage":24,"enemies":"Reptomancer","floor":45,"turns":4},{"damage":26,"enemies":"3 Shapes","floor":47,"turns":3},{"damage":29,"enemies":"Donu and Deca","floor":50,"turns":4}],"seed_played":"-7304914101428434493","potions_obtained":[{"floor":3,"key":"EntropicBrew"},{"floor":5,"key":"Cursed Concoction"},{"floor":11,"key":"Elixir"},{"floor":13,"key":"Dexterity Potion"},{"floor":27,"key":"Guardian:BlockOnCardUsePotion"},{"floor":31,"key":"Elixir"},{"floor":36,"key":"Slimebound:ThreeZeroPotion"},{"floor":45,"key":"DuplicationPotion"}],"is_trial":false,"path_per_floor":["M","?","M","?","M","R","?","R","T","M","M","R","M","?","R","B",null,"M","?","M","?","$","?","R","$","T","E","M","R","M","M","R_BF","B",null,"M","?","$","?","$","R","$","R","T","?","E","R","M","$","R","B"],"character_chosen":"BARTENDER","items_purchased":["Medical Kit","OpoOpo_Form+1","Center_Self","Momentum+1","Free_Pour","Ornamental Fan","Cold_Blooded+1"],"campfire_rested":2,"item_purchase_floors":[22,22,22,25,25,37,37],"current_hp_per_floor":[70,65,65,65,65,65,65,65,65,59,52,52,49,49,49,37,65,39,39,38,38,38,38,38,38,38,29,21,21,16,16,35,30,65,56,40,40,40,40,40,40,40,40,40,16,35,9,9,28,0,0],"gold":86,"neow_bonus":"THREE_ENEMY_KILL","is_daily":false,"chose_seed":false,"campfire_upgraded":7,"win_rate":0.0,"timestamp":1612753192,"path_taken":["M","?","M","?","M","R","?","R","T","M","M","R","?","?","R","BOSS","M","?","?","?","$","?","R","?","T","E","?","R","M","M","R_BF","BOSS","M","?","?","?","$","R","$","R","T","?","E","R","?","$","R","BOSS"],"items_purchased_type":["Relic","Card","Card","Card","Card","Relic","Card"],"build_version":"2020-12-22","purchased_purges":1,"victory":false,"max_hp_per_floor":[70,65,65,65,65,65,65,65,65,65,65,65,65,65,65,65,65,65,65,65,65,65,65,65,65,65,65,65,65,65,65,65,65,65,65,65,65,65,65,65,65,65,65,65,65,65,65,65,65,65,65],"card_choices":[{"not_picked":["Press_Forward","Dancing_Jab"],"picked":"Dragonkick","floor":1},{"not_picked":["Perfect_Balance","Rising_Crane"],"picked":"Momentum","floor":3},{"not_picked":["Scoop","Waterkick"],"picked":"Surge","floor":5},{"not_picked":["Coeurl_Form+1","Greased_Lightning"],"picked":"Fight_Dirty+1","floor":10},{"not_picked":["Press_Forward","Mirage","Ball_Of_Ice"],"picked":"SKIP","floor":11},{"not_picked":["Ball_Of_Ice","Free_Pour"],"picked":"Greased_Lightning","floor":13},{"not_picked":["Form_Shift","Dolphin_Blow"],"picked":"Butterfly_Float","floor":16},{"not_picked":[],"picked":"Stick_and_Move+1","floor":18},{"not_picked":[],"picked":"Training_Dummy","floor":20},{"not_picked":[],"picked":"Storage+1","floor":27},{"not_picked":[],"picked":"Ripple","floor":28},{"not_picked":[],"picked":"Pony_Shot","floor":30},{"not_picked":[],"picked":"Fading_Blow","floor":31},{"not_picked":[],"picked":"Cold_Blooded+1","floor":33},{"not_picked":[],"picked":"ThreeSidedStar","floor":35},{"not_picked":[],"picked":"Feint","floor":36},{"not_picked":[],"picked":"Snap_Punch","floor":45},{"not_picked":[],"picked":"Foot_Thrust+1","floor":47}],"player_experience":78456,"relics_obtained":[{"floor":9,"key":"Frozen Egg 2"},{"floor":26,"key":"Replay:Wax Seal"},{"floor":27,"key":"Potion Belt"},{"floor":45,"key":"Peace Pipe"}],"event_choices":[{"damage_healed":0,"gold_gain":0,"player_choice":"Lose Max HP","damage_taken":0,"relics_obtained":["Golden Idol"],"max_hp_gain":0,"max_hp_loss":5,"event_name":"Golden Idol","floor":2,"gold_loss":0},{"damage_healed":0,"gold_gain":0,"player_choice":"Forge","damage_taken":0,"max_hp_gain":0,"max_hp_loss":0,"event_name":"Accursed Blacksmith","floor":7,"gold_loss":0,"cards_upgraded":["Dragonkick"]},{"damage_healed":0,"gold_gain":0,"player_choice":"Gave Potion","damage_taken":0,"relics_obtained":["Water_Ring"],"max_hp_gain":0,"max_hp_loss":0,"event_name":"WeMeetAgain","floor":19,"gold_loss":0},{"damage_healed":0,"gold_gain":99,"player_choice":"Steal","damage_taken":0,"max_hp_gain":0,"max_hp_loss":0,"event_name":"betterThird:BetterNest","floor":21,"gold_loss":0},{"damage_healed":0,"gold_gain":0,"player_choice":"Paid","damage_taken":0,"relics_obtained":["Red Mask"],"max_hp_gain":0,"max_hp_loss":0,"event_name":"Tomb of Lord Red Mask","floor":38,"gold_loss":86}],"is_beta":false,"boss_relics":[{"not_picked":["Empty Cage","Replay:Grab Bag"],"picked":"Busted Crown"},{"not_picked":["bronze:MakeshiftBattery","Kintsugi"],"picked":"Replay:Wanted Poster"}],"items_purged_floors":[22],"is_endless":false,"potions_floor_spawned":[3,5,11,13,27,31,45],"killed_by":"Donu and Deca","ascension_level":0}}