{"host":"okvf2hy7r209l3k2","time":1612782355,"event":{"mods":["BaseMod","Block Reminder","Colored Map","Colored Powertips","Downfall","Hermit","Highlight Path","Minty Spire (QoL Compilation)","Permanent Neow","Quick Restart","StSLib","The Cursed","The Hierophant"],"gold_per_floor":[113,113,15,90,108,141,19,32,32,32,50,63,63,75,75,91,91],"floor_reached":16,"language":"ENG","playtime":1192,"items_purged":["hierophant:Strike_Hierophant","hierophant:Strike_Hierophant"],"score":102,"play_id":"ab631013-8ebc-4cf8-9d35-e93286eb38d1","local_time":"20210208020555","is_ascension_mode":false,"campfire_choices":[{"data":"hierophant:Determination","floor":10,"key":"SMITH"},{"data":"hierophant:AuricForm","floor":15,"key":"SMITH"}],"circlet_count":0,"master_deck":["hierophant:Strike_Hierophant","hierophant:Strike_Hierophant","hierophant:Punish","hierophant:Defend_Hierophant","hierophant:Defend_Hierophant","hierophant:Defend_Hierophant","hierophant:Defend_Hierophant","hierophant:ChurchCoffers","hierophant:Determination+1","hierophant:Smite","hierophant:Zeal","hierophant:Shelter","hierophant:Martyrdom","hierophant:PassingBell","hierophant:Smite","hierophant:Embezzle","hierophant:Endure","hierophant:AuricForm+1"],"relics":["hierophant:PropheticMaskRelic","FaceOfCleric","CaptainsWheel","Gambling Chip"],"acts_visited":["Exordium"],"potions_floor_usage":[16,16,16],"damage_taken":[{"damage":6,"enemies":"2 Louse","floor":1,"turns":3},{"damage":6,"enemies":"Cultist","floor":5,"turns":3},{"damage":30,"enemies":"3 Sentries","floor":6,"turns":6},{"damage":0,"enemies":"Small Slimes","floor":8,"turns":4},{"damage":0,"enemies":"2 Fungi Beasts","floor":11,"turns":2},{"damage":14,"enemies":"Blue Slaver","floor":12,"turns":3},{"damage":0,"enemies":"3 Louse","floor":14,"turns":2},{"damage":21,"enemies":"The Guardian","floor":16,"turns":6}],"seed_played":"-7594866574646905011","potions_obtained":[{"floor":1,"key":"CultistPotion"},{"floor":8,"key":"Explosive Potion"},{"floor":12,"key":"champ:CounterPotion"}],"is_trial":false,"path_per_floor":["M","?","$","?","M","E","$","M","T","R","M","M","$","M","R","B"],"character_chosen":"HIEROPHANT","items_purchased":["hierophant:Zeal","hierophant:PassingBell"],"campfire_rested":0,"item_purchase_floors":[3,7],"current_hp_per_floor":[50,50,50,39,34,18,18,19,19,19,20,10,10,18,18,0,0],"gold":91,"neow_bonus":"THREE_RARE_CARDS","is_daily":false,"chose_seed":false,"campfire_upgraded":2,"win_rate":0.0,"timestamp":1612782355,"path_taken":["M","?","?","?","M","E","$","M","T","R","M","M","$","M","R","BOSS"],"items_purchased_type":["Card","Card"],"build_version":"2020-12-22","purchased_purges":2,"victory":false,"max_hp_per_floor":[75,75,75,75,76,77,77,78,78,78,79,80,80,81,81,81,81],"card_choices":[{"not_picked":["hierophant:Kindle","hierophant:DeathKnell"],"picked":"hierophant:Determination","floor":0},{"not_picked":["hierophant:AuricShield","hierophant:HammerAndAnvil"],"picked":"hierophant:Smite","floor":1},{"not_picked":["hierophant:FlamingChariot","hierophant:OrnateJavelin"],"picked":"hierophant:Shelter","floor":5},{"not_picked":["hierophant:Upheaval","hierophant:SecretStash"],"picked":"hierophant:Martyrdom","floor":6},{"not_picked":["hierophant:RepressedViolence","hierophant:MorningPrayer"],"picked":"hierophant:Smite","floor":8},{"not_picked":["hierophant:DisplayOfPower","hierophant:OrnateBuckler"],"picked":"hierophant:Embezzle","floor":11},{"not_picked":["hierophant:SealAway","hierophant:RustyCrate"],"picked":"hierophant:Endure","floor":12},{"not_picked":["hierophant:Martyrdom","hierophant:RecallFunds"],"picked":"hierophant:AuricForm","floor":14}],"player_experience":194164,"relics_obtained":[{"floor":6,"key":"CaptainsWheel"},{"floor":9,"key":"Gambling Chip"}],"event_choices":[{"damage_healed":0,"gold_gain":0,"player_choice":"Trade","damage_taken":0,"relics_obtained":["FaceOfCleric"],"max_hp_gain":0,"max_hp_loss":0,"event_name":"FaceTrader","floor":2,"gold_loss":0},{"damage_healed":0,"gold_gain":75,"player_choice":"Gather Gold","damage_taken":11,"max_hp_gain":0,"max_hp_loss":0,"event_name":"World of Goop","floor":4,"gold_loss":0}],"is_beta":false,"boss_relics":[],"items_purged_floors":[3,7],"is_endless":false,"potions_floor_spawned":[1,8,12],"killed_by":"The Guardian","ascension_level":0}}