{"host":"oehe2dxjvdgux73m","time":1612804876,"event":{"mods":["AchievementEnabler","BaseMod","Colored Map","Colored Powertips","DeckTracker","Keyboard Shortcuts","Minty Spire (QoL Compilation)","Permanent Neow","Quick Restart","StSLib","SuperFastMode"],"gold_per_floor":[213,227,240,240,44,44,44,44,44,70,70,102,115,31,31,31,31],"floor_reached":16,"language":"KOR","playtime":316,"items_purged":["Strike_G"],"score":216,"play_id":"bd19568a-d80e-4227-8c73-e6353a3e30f0","local_time":"20210209022116","is_ascension_mode":true,"campfire_choices":[{"data":"Noxious Fumes","floor":6.0,"key":"SMITH"},{"data":"Well Laid Plans","floor":8.0,"key":"SMITH"},{"data":"Deadly Poison","floor":11.0,"key":"SMITH"},{"data":"Wraith Form v2","floor":15.0,"key":"SMITH"}],"circlet_count":0,"master_deck":["AscendersBane","Strike_G","Strike_G","Strike_G","Strike_G","Defend_G","Defend_G","Defend_G","Defend_G","Defend_G","Survivor","Neutralize","Dash","Well Laid Plans+1","Underhanded Strike","Noxious Fumes+1","Dash","Masterful Stab","Deadly Poison+1","Wraith Form v2+1","Caltrops"],"relics":["Ring of the Snake","Meat on the Bone","Mummified Hand","Peace Pipe"],"acts_visited":["Exordium"],"potions_floor_usage":[16],"damage_taken":[{"damage":3.0,"enemies":"2 Louse","floor":1.0,"turns":3.0},{"damage":2.0,"enemies":"Small Slimes","floor":2.0,"turns":5.0},{"damage":3.0,"enemies":"Cultist","floor":3.0,"turns":4.0},{"damage":23.0,"enemies":"Lagavulin","floor":10.0,"turns":6.0},{"damage":32.0,"enemies":"3 Sentries","floor":12.0,"turns":8.0},{"damage":8.0,"enemies":"Red Slaver","floor":13.0,"turns":3.0},{"damage":26,"enemies":"The Guardian","floor":16,"turns":8}],"seed_played":"707453140332232228","potions_obtained":[{"floor":2.0,"key":"PowerPotion"},{"floor":3.0,"key":"SteroidPotion"},{"floor":12.0,"key":"ColorlessPotion"}],"is_trial":false,"path_per_floor":["M","M","M","?","$","R","?","R","T","E","R","E","M","$","R","B"],"character_chosen":"THE_SILENT","items_purchased":["Noxious Fumes","Dash","Caltrops"],"campfire_rested":0,"item_purchase_floors":[5,5,14],"current_hp_per_floor":[56,54,51,51,51,51,51,51,51,40,40,20,24,24,24,0,0],"gold":31,"neow_bonus":"HUNDRED_GOLD","is_daily":false,"chose_seed":false,"campfire_upgraded":4,"win_rate":0.0,"timestamp":1612804876,"path_taken":["M","M","M","?","$","R","?","R","T","E","R","E","?","$","R","BOSS"],"items_purchased_type":["Card","Card","Card"],"build_version":"2020-12-22","purchased_purges":1,"victory":false,"max_hp_per_floor":[66,66,66,66,66,66,66,66,66,66,66,66,66,66,66,66,66],"card_choices":[{"not_picked":["Quick Slash","Backflip"],"picked":"Dash","floor":1.0},{"not_picked":["Terror","Dagger Throw"],"picked":"Well Laid Plans","floor":2.0},{"not_picked":["Envenom","Dodge and Roll"],"picked":"Underhanded Strike","floor":3.0},{"not_picked":["Poisoned Stab","Prepared"],"picked":"Deadly Poison","floor":10.0},{"not_picked":["Underhanded Strike","Endless Agony","Outmaneuver"],"picked":"SKIP","floor":12.0},{"not_picked":["Heel Hook","Poisoned Stab"],"picked":"Wraith Form v2","floor":13.0}],"player_experience":427890,"relics_obtained":[{"floor":9.0,"key":"Meat on the Bone"},{"floor":10.0,"key":"Mummified Hand"},{"floor":12.0,"key":"Peace Pipe"}],"event_choices":[{"damage_healed":0.0,"max_hp_gain":0.0,"max_hp_loss":0.0,"gold_gain":0.0,"event_name":"Liars Game","player_choice":"Ignored","floor":4.0,"gold_loss":0.0,"damage_taken":0.0},{"damage_healed":0.0,"max_hp_gain":0.0,"max_hp_loss":0.0,"gold_gain":0.0,"event_name":"Match and Keep!","player_choice":"1 cards matched","floor":7.0,"gold_loss":0.0,"damage_taken":0.0,"cards_obtained":["Masterful Stab"]}],"is_beta":false,"boss_relics":[],"items_purged_floors":[5],"is_endless":false,"potions_floor_spawned":[2,3,12],"killed_by":"The Guardian","ascension_level":20}}