{"host":"og21o26alpnbwmz8","time":1612802994,"event":{"mods":["Act Like it!","Aspiration","BaseMod","Conspire","Downfall","Gensokyo","Halation","Hubris","Jedi Mod","Mimic Mod","Minty Spire (QoL Compilation)","Pale of the Ancients","Reliquary","Replay The Spire","Shop Mod","Spikes Relics","StSLib","The Alterego","The Blackbeard","The Blue Laboratory","The Bug Knight","The Death Knight","The Runesmith","Waifu the Spire"],"gold_per_floor":[118,118,118,133,152,186,197,197,236,50,50,79,79,79,79,176,176,192,209,89,105,118,118,118,153,222,237,237,270,288,314,314,411,411,422,433,452,676,695,695,705,705,755,768,768,799,799,819,819,819,819,819,819,1672,1672],"floor_reached":56,"language":"ENG","playtime":2577,"items_purged":[],"score":1304,"play_id":"cca935c3-91aa-4ab1-8920-e9bf80c52b7f","local_time":"20210208114954","is_ascension_mode":false,"campfire_choices":[{"data":"HollowMod:MantisMark","floor":8,"key":"SMITH"},{"data":"HollowMod:VengefulVoid","floor":11,"key":"SMITH"},{"data":"HollowMod:VoidDash","floor":13,"key":"SMITH"},{"data":"HollowMod:VengefulVoid","floor":15,"key":"SMITH"},{"data":"HollowMod:HuntersJournal","floor":23,"key":"SMITH"},{"floor":28,"key":"RECALL"},{"floor":32,"key":"REST"},{"data":"HollowMod:HuntersJournal","floor":40,"key":"SMITH"},{"data":"HollowMod:HuntersJournal","floor":47,"key":"SMITH"},{"data":"HollowMod:QuickDashStart","floor":49,"key":"SMITH"},{"data":"hubris:Counter","floor":52,"key":"SMITH"}],"circlet_count":0,"master_deck":["HollowMod:QuickDashStart","HollowMod:QuickDashStart","HollowMod:QuickDashStart+1","HollowMod:PogoStrike","HollowMod:BlackTendrils","HollowMod:SiblingsShadow+1","hubris:Counter+1","Flying Knee","HollowMod:MantisMark+1","HollowMod:HuntersJournal+1","HollowMod:VengefulVoid+1","HollowMod:VengefulVoid+1","HollowMod:VoidDash+1","HollowMod:SiblingsSouls","HollowMod:HuntersJournal+1","HollowMod:HuntersJournal+1","HollowMod:ShadowDash+1","Decay"],"relics":["HollowMod:VesselMask","HollowMod:QueensCombRelic","Runesmith:AutoHammer","Strange Spoon","jedi:purplefairy","Replay:Grab Bag","Busted Crown","hubris:VirtuousBlindfold","Empty Cage","Gensokyo:DemonMask","Gensokyo:MosesMiracle","Onion Ring","Art of War","DeathKnight:SindragosasSkull","hubris:NiceRug","jedi:cryingmask","jedi:angrymask","hubris:64BitClover","hubris:ToyBattleship"],"acts_visited":["Exordium","Gensokyo:Gensokyo","TheBeyond","TheEnding"],"potions_floor_usage":[55,55,55],"damage_taken":[{"damage":1,"enemies":"Gensokyo:Python","floor":1,"turns":4},{"damage":0,"enemies":"Gensokyo:2_Kodama","floor":4,"turns":2},{"damage":16,"enemies":"Gensokyo:Gryphon","floor":5,"turns":5},{"damage":28,"enemies":"Gensokyo:Cirno","floor":6,"turns":5},{"damage":3,"enemies":"Gensokyo:Python_and_Kodama","floor":7,"turns":3},{"damage":6,"enemies":"Gensokyo:CorruptedTreant","floor":9,"turns":6},{"damage":13,"enemies":"Gensokyo:Aya","floor":12,"turns":3},{"damage":24,"enemies":"Gensokyo:Yukari","floor":16,"turns":6},{"damage":0,"enemies":"Gensokyo:Chomper","floor":18,"turns":2},{"damage":0,"enemies":"Gensokyo:2_Gloops","floor":19,"turns":2},{"damage":2,"enemies":"Gensokyo:Slime_Group","floor":21,"turns":2},{"damage":0,"enemies":"Gensokyo:Wraith","floor":22,"turns":3},{"damage":16,"enemies":"Gensokyo:Swordslinger","floor":27,"turns":2},{"damage":0,"enemies":"Gensokyo:Reisen","floor":29,"turns":2},{"damage":22,"enemies":"Gensokyo:Mirror_and_Dog","floor":30,"turns":3},{"damage":26,"enemies":"Gensokyo:Tenshi","floor":31,"turns":2},{"damage":20,"enemies":"Gensokyo:Eiki","floor":33,"turns":5},{"damage":0,"enemies":"3 Darklings","floor":35,"turns":2},{"damage":0,"enemies":"3 Shapes","floor":36,"turns":4},{"damage":11,"enemies":"Jaw Worm Horde","floor":37,"turns":3},{"damage":0,"enemies":"hubris:Merchant","floor":38,"turns":4},{"damage":0,"enemies":"4 Shapes","floor":39,"turns":3},{"damage":0,"enemies":"3 Darklings","floor":41,"turns":3},{"damage":0,"enemies":"Writhing Mass","floor":44,"turns":3},{"damage":0,"enemies":"HollowMod:StalkingDevout","floor":46,"turns":3},{"damage":1,"enemies":"Maw","floor":48,"turns":4},{"damage":11,"enemies":"Donu and Deca","floor":50,"turns":7},{"damage":44,"enemies":"Shield and Spear","floor":54,"turns":6},{"damage":29,"enemies":"The Heart","floor":55,"turns":8}],"seed_played":"-8497895795371453505","potions_obtained":[{"floor":5,"key":"Swift Potion"},{"floor":12,"key":"blueLaboratory:LouseDecoction"},{"floor":16,"key":"blueLaboratory:BottledHope"},{"floor":19,"key":"blueLaboratory:PhilterOfMotion"},{"floor":48,"key":"blueLaboratory:HorrorPotion"}],"is_trial":false,"path_per_floor":["M","?","?","M","M","E","M","R","MIM","$","R","E","R","?","R","B",null,"M","M","?","M","M","R","?","?","T","M","R","E","M","E","R","B",null,"M","M","M","$","M","R","M","?","T","M","?","E","R","M","R","B",null,"R","$","E","B",null],"character_chosen":"THE_BUGKNIGHT","items_purchased":["HollowMod:VengefulVoid","Strange Spoon","HollowMod:HuntersJournal"],"campfire_rested":1,"item_purchase_floors":[10,10,38],"current_hp_per_floor":[74,74,74,74,68,44,47,47,44,44,44,42,43,43,50,35,50,50,50,50,48,50,50,50,30,30,24,24,50,43,21,36,50,50,50,50,44,50,50,50,50,50,50,50,50,50,50,50,50,50,50,50,50,24,50],"gold":1672,"neow_bonus":"TRANSFORM_CARD","is_daily":false,"chose_seed":false,"campfire_upgraded":9,"win_rate":0.0,"timestamp":1612802994,"path_taken":["M","?","?","M","?","E","M","R","MIM","?","R","E","R","?","R","BOSS","M","?","?","M","M","R","?","?","T","M","R","E","?","E","R","BOSS","M","M","M","$","M","R","M","?","T","M","?","E","R","M","R","BOSS","R","$","E","BOSS"],"items_purchased_type":["Card","Relic","Card"],"build_version":"2020-12-22","purchased_purges":0,"victory":true,"max_hp_per_floor":[75,75,75,75,75,50,50,50,50,50,50,50,50,50,50,50,50,50,50,50,50,50,50,50,50,50,50,50,50,50,50,50,50,50,50,50,50,50,50,50,50,50,50,50,50,50,50,50,50,50,50,50,50,50,50],"card_choices":[{"not_picked":["HollowMod:DashSlash","HollowMod:GoodIntentions"],"picked":"HollowMod:BlackTendrils","floor":1},{"not_picked":["HollowMod:DoubleDash","HollowMod:SoulSplash","HollowMod:TaintedHusks"],"picked":"SKIP","floor":4},{"not_picked":["HollowMod:CloakDash","HollowMod:DesolateDive","HollowMod:CornifersMapStart"],"picked":"SKIP","floor":5},{"not_picked":["HollowMod:PureNailStrike","HollowMod:NewJinnsSoul"],"picked":"HollowMod:MantisMark","floor":6},{"not_picked":["HollowMod:SoulSplash","HollowMod:LuriensSpire"],"picked":"HollowMod:HuntersJournal","floor":7},{"not_picked":["HollowMod:GoodIntentions","HollowMod:TaintedHusks"],"picked":"HollowMod:VoidDash","floor":12},{"not_picked":["HollowMod:LuriensSpire"],"picked":"SKIP","floor":18},{"not_picked":[],"picked":"HollowMod:SiblingsSouls","floor":19},{"not_picked":["HollowMod:InfectedAttack"],"picked":"SKIP","floor":21},{"not_picked":["HollowMod:NewLittleFool"],"picked":"SKIP","floor":22},{"not_picked":[],"picked":"HollowMod:HuntersJournal","floor":25},{"not_picked":["HollowMod:InfectedCysts"],"picked":"SKIP","floor":27},{"not_picked":["HollowMod:MonomonsArchive+1"],"picked":"SKIP","floor":29},{"not_picked":["HollowMod:InfectedCysts+1"],"picked":"SKIP","floor":30},{"not_picked":["HollowMod:BrokenVessel+1"],"picked":"SKIP","floor":31},{"not_picked":["HollowMod:HeavyBlow+1"],"picked":"SKIP","floor":35},{"not_picked":["HollowMod:DoubleDash"],"picked":"SKIP","floor":36},{"not_picked":["HollowMod:TaintedHusks"],"picked":"SKIP","floor":37},{"not_picked":["HollowMod:GreatSlash"],"picked":"SKIP","floor":38},{"not_picked":["HollowMod:FastStrike"],"picked":"SKIP","floor":38},{"not_picked":["HollowMod:RadiancesLament"],"picked":"SKIP","floor":38},{"not_picked":["HollowMod:Grubsong"],"picked":"SKIP","floor":38},{"not_picked":["Survey Options"],"picked":"SKIP","floor":38},{"not_picked":["Sadistic Nature"],"picked":"SKIP","floor":38},{"not_picked":["HollowMod:SharpenedNail"],"picked":"SKIP","floor":39},{"not_picked":["HollowMod:SharpenedNail"],"picked":"SKIP","floor":39},{"not_picked":["HollowMod:VengefulSpirit"],"picked":"SKIP","floor":41},{"not_picked":[],"picked":"HollowMod:ShadowDash+1","floor":44},{"not_picked":["HollowMod:WhiteLadysBlessing"],"picked":"SKIP","floor":46},{"not_picked":["HollowMod:NewLittleFool+1"],"picked":"SKIP","floor":48},{"not_picked":["HollowMod:DreamGate"],"picked":"SKIP","floor":54}],"player_experience":289539,"relics_obtained":[{"floor":6,"key":"HollowMod:QueensCombRelic"},{"floor":9,"key":"Runesmith:AutoHammer"},{"floor":12,"key":"jedi:purplefairy"},{"floor":26,"key":"Onion Ring"},{"floor":29,"key":"Art of War"},{"floor":30,"key":"Gensokyo:MosesMiracle"},{"floor":31,"key":"DeathKnight:SindragosasSkull"},{"floor":38,"key":"jedi:cryingmask"},{"floor":38,"key":"jedi:angrymask"},{"floor":46,"key":"hubris:64BitClover"},{"floor":54,"key":"hubris:ToyBattleship"}],"event_choices":[{"cards_removed":["HollowMod:QuickDashStart"],"damage_healed":0,"gold_gain":0,"player_choice":"Removed Skill","damage_taken":0,"max_hp_gain":0,"max_hp_loss":0,"event_name":"Falling","floor":42,"gold_loss":0},{"damage_healed":0,"gold_gain":0,"player_choice":"Cursed","damage_taken":0,"max_hp_gain":0,"max_hp_loss":0,"event_name":"Wheel of Change","floor":45,"gold_loss":0,"cards_obtained":["Decay"]}],"is_beta":false,"boss_relics":[{"not_picked":["halation:Risk","Black Star"],"picked":"Replay:Grab Bag"},{"not_picked":["conspire:RoyalGoblet","CosmicIsotope"],"picked":"Busted Crown"},{"not_picked":["Velvet Choker","jedi:battlestandard"],"picked":"hubris:VirtuousBlindfold"},{"not_picked":["SlaversCollar","hubris:Stopwatch"],"picked":"Empty Cage"},{"not_picked":["Honey Jar","hubris:RunicObelisk","Replay:Drink Me"]}],"items_purged_floors":[],"is_endless":false,"potions_floor_spawned":[5,12,16,19,30,33,35,37,39,48,54],"ascension_level":0}}