{"host":"8a3jzv7qxg3y7b6t","time":1612762629,"event":{"mods":["BaseMod","Better Third Choice","Downfall","Hermit","Minty Spire (QoL Compilation)","Relic Stats","StSLib","The Bug Knight","The Cursed"],"gold_per_floor":[117,20,20,20,20,59,59,83,83,123,139,160,196,212,212,337,337,362,407,434,434,443,490,127,169,169,217,217,269,269,288,288,288,288],"floor_reached":33,"language":"ENG","playtime":1443,"items_purged":[],"score":446,"play_id":"712869c2-8810-4c27-8079-6b9c24a9bac9","local_time":"20210207213709","is_ascension_mode":true,"campfire_choices":[{"floor":7.0,"key":"RECALL"},{"floor":15.0,"key":"REST"},{"data":"Accuracy","floor":32.0,"key":"SMITH"}],"circlet_count":0,"master_deck":["Defend_G","Defend_G","Defend_G","Defend_G","Defend_G","Survivor","Neutralize","Finisher","Blade Dance","Noxious Fumes","Bouncing Flask","Bane","Deadly Poison","Deflect","Quick Slash","Skewer","Die Die Die","CurseOfTheBell","Deadly Poison","Bite","Bite","Bite","Bite","Bite","Necronomicurse","Deflect+1","Caltrops+1","Slice+1","Backstab+1","Poisoned Stab","After Image","Accuracy+1"],"relics":["SlaversCollar","Bloody Idol","Pantograph","Eternal Feather","Letter Opener","Mummified Hand","Calling Bell","CeramicFish","HollowMod:StagPassRelic","Turnip","PreservedInsect","Necronomicon","HornCleat","The Specimen","Pen Nib","Lantern","Strawberry","Juzu Bracelet"],"acts_visited":["Exordium","TheCity"],"potions_floor_usage":[],"damage_taken":[{"damage":0.0,"enemies":"Cultist","floor":1.0,"turns":4.0},{"damage":4.0,"enemies":"HollowMod:MossKnight","floor":6.0,"turns":8.0},{"damage":4.0,"enemies":"Small Slimes","floor":8.0,"turns":2.0},{"damage":17.0,"enemies":"3 Sentries","floor":10.0,"turns":6.0},{"damage":0.0,"enemies":"Jaw Worm","floor":11.0,"turns":3.0},{"damage":4.0,"enemies":"Large Slime","floor":12.0,"turns":5.0},{"damage":18.0,"enemies":"Lagavulin","floor":13.0,"turns":4.0},{"damage":11.0,"enemies":"2 Fungi Beasts","floor":14.0,"turns":3.0},{"damage":22.0,"enemies":"Slime Boss","floor":16.0,"turns":7.0},{"damage":0.0,"enemies":"Chosen","floor":18.0,"turns":4.0},{"damage":18.0,"enemies":"Gremlin Leader","floor":23.0,"turns":5.0},{"damage":15.0,"enemies":"Book of Stabbing","floor":25.0,"turns":4.0},{"damage":10.0,"enemies":"Slavers","floor":27.0,"turns":3.0},{"damage":0.0,"enemies":"Shelled Parasite and Fungi","floor":28.0,"turns":1.0},{"damage":0.0,"enemies":"Gremlin Leader","floor":29.0,"turns":3.0},{"damage":0.0,"enemies":"Sentry and Sphere","floor":31.0,"turns":3.0},{"damage":75,"enemies":"Champ","floor":33,"turns":9}],"seed_played":"-447308531472273257","potions_obtained":[{"floor":6.0,"key":"SmokeBomb"},{"floor":8.0,"key":"Strength Potion"},{"floor":10.0,"key":"DistilledChaos"},{"floor":12.0,"key":"Block Potion"},{"floor":14.0,"key":"Swift Potion"},{"floor":16.0,"key":"Poison Potion"},{"floor":23.0,"key":"Block Potion"},{"floor":25.0,"key":"SteroidPotion"}],"is_trial":false,"path_per_floor":["M","$","?","?","?","E","R","M","T","E","M","M","E","M","R","B",null,"M","?","T","?","?","E","$","E","T","E","M","E","?","M","R","B"],"character_chosen":"THE_SILENT","items_purchased":["Blade Dance","Noxious Fumes","The Specimen","Caltrops","Slice"],"campfire_rested":1,"item_purchase_floors":[2,2,24,24,24],"current_hp_per_floor":[70,70,70,63,63,59,68,64,64,47,47,43,25,14,47,48,70,70,49,49,49,33,25,25,18,18,17,17,25,25,37,55,0,0],"gold":288,"neow_bonus":"BOSS_RELIC","is_daily":false,"chose_seed":false,"campfire_upgraded":1,"win_rate":0.0,"timestamp":1612762629,"path_taken":["M","$","?","?","?","E","R","M","T","E","M","M","E","M","R","BOSS","M","?","?","?","?","E","$","E","T","E","M","E","?","M","R","BOSS"],"items_purchased_type":["Card","Card","Relic","Card","Card"],"build_version":"2020-12-22","purchased_purges":0,"victory":false,"max_hp_per_floor":[70,70,70,70,70,70,70,70,70,70,70,70,70,70,70,70,70,70,49,49,49,49,49,49,49,49,56,56,56,56,56,56,56,56],"relic_stats":{"counters":[17,74],"CeramicFish":126,"Eternal Feather":39,"PreservedInsect":166,"Pen Nib":[5],"Juzu Bracelet":0,"Letter Opener":[58],"Mummified Hand":[12],"Bloody Idol":10,"Pantograph":24,"Turnip":[9],"Necronomicon":[6],"obtain_stats":[{"Lantern":26,"The Specimen":24,"Golden Idol":3,"CeramicFish":17,"Eternal Feather":6,"PreservedInsect":20,"Pen Nib":25,"Juzu Bracelet":29,"Letter Opener":10,"HollowMod:StagPassRelic":17,"Calling Bell":17,"SlaversCollar":0,"HornCleat":23,"Mummified Hand":13,"Pantograph":4,"Strawberry":27,"Bloody Idol":30,"Turnip":17,"Necronomicon":22,"Ring of the Snake":0},{"Lantern":12,"The Specimen":11,"Golden Idol":1,"CeramicFish":9,"Eternal Feather":2,"PreservedInsect":10,"Pen Nib":12,"Juzu Bracelet":15,"Letter Opener":4,"HollowMod:StagPassRelic":9,"Calling Bell":9,"SlaversCollar":0,"HornCleat":11,"Mummified Hand":7,"Pantograph":1,"Strawberry":13,"Bloody Idol":15,"Turnip":9,"Necronomicon":10,"Ring of the Snake":0},{"Lantern":55,"The Specimen":51,"Golden Idol":4,"CeramicFish":42,"Eternal Feather":12,"PreservedInsect":46,"Pen Nib":55,"Juzu Bracelet":62,"Letter Opener":20,"HollowMod:StagPassRelic":42,"Calling Bell":42,"SlaversCollar":0,"HornCleat":51,"Mummified Hand":32,"Pantograph":4,"Strawberry":58,"Bloody Idol":62,"Turnip":42,"Necronomicon":46,"Ring of the Snake":0}]},"card_choices":[{"not_picked":["Poisoned Stab","Underhanded Strike"],"picked":"Finisher","floor":1.0},{"not_picked":["Backflip","Concentrate"],"picked":"Bouncing Flask","floor":6.0},{"not_picked":["Escape Plan","Calculated Gamble"],"picked":"Bane","floor":8.0},{"not_picked":["Glass Knife","Eviscerate"],"picked":"Deadly Poison","floor":10.0},{"not_picked":["Expertise","Heel Hook"],"picked":"Deflect","floor":11.0},{"not_picked":["Bane","Flying Knee"],"picked":"Quick Slash","floor":12.0},{"not_picked":["Calculated Gamble","Doppelganger","Flying Knee"],"picked":"SKIP","floor":13.0},{"not_picked":["Acrobatics","PiercingWail"],"picked":"Skewer","floor":14.0},{"not_picked":["Bullet Time","Tools of the Trade"],"picked":"Die Die Die","floor":16.0},{"not_picked":["Dagger Throw","Dodge and Roll"],"picked":"Deadly Poison","floor":18.0},{"not_picked":["Skewer+1","Acrobatics"],"picked":"Deflect+1","floor":23.0},{"not_picked":["Doppelganger","Storm of Steel"],"picked":"Backstab+1","floor":25.0},{"not_picked":["Bane","Prepared"],"picked":"Poisoned Stab","floor":27.0},{"not_picked":["Reflex","Phantasmal Killer"],"picked":"After Image","floor":29.0},{"not_picked":["Blade Dance","Heel Hook"],"picked":"Accuracy","floor":31.0}],"player_experience":664339,"relics_obtained":[{"floor":6.0,"key":"Eternal Feather"},{"floor":10.0,"key":"Letter Opener"},{"floor":13.0,"key":"Mummified Hand"},{"floor":17.0,"key":"CeramicFish"},{"floor":17.0,"key":"HollowMod:StagPassRelic"},{"floor":17.0,"key":"Turnip"},{"floor":20.0,"key":"PreservedInsect"},{"floor":22.0,"key":"Necronomicon"},{"floor":23.0,"key":"HornCleat"},{"floor":25.0,"key":"Pen Nib"},{"floor":26.0,"key":"Lantern"},{"floor":27.0,"key":"Strawberry"},{"floor":29.0,"key":"Juzu Bracelet"}],"event_choices":[{"damage_healed":0.0,"max_hp_gain":0.0,"max_hp_loss":0.0,"gold_gain":0.0,"event_name":"Golden Idol","player_choice":"Take Wound","floor":3.0,"gold_loss":0.0,"damage_taken":0.0,"relics_obtained":["Golden Idol"],"cards_obtained":["Injury"]},{"damage_healed":0.0,"max_hp_gain":0.0,"max_hp_loss":0.0,"gold_gain":0.0,"event_name":"betterThird:BetterScrap","player_choice":"Relic ","floor":4.0,"gold_loss":0.0,"damage_taken":7.0,"cards_obtained":["Bloodletting"]},{"cards_removed":["Injury"],"damage_healed":0.0,"max_hp_gain":0.0,"max_hp_loss":0.0,"gold_gain":0.0,"event_name":"Living Wall","player_choice":"Forget","floor":5.0,"gold_loss":0.0,"damage_taken":0.0},{"damage_healed":0.0,"max_hp_gain":0.0,"max_hp_loss":21.0,"gold_gain":0.0,"event_name":"Vampires","player_choice":"Became a vampire","floor":19.0,"gold_loss":0.0,"damage_taken":0.0,"cards_obtained":["Bite","Bite","Bite","Bite","Bite"]},{"damage_healed":0.0,"max_hp_gain":0.0,"max_hp_loss":0.0,"gold_gain":0.0,"event_name":"Ghosts","player_choice":"Ignored","floor":21.0,"gold_loss":0.0,"damage_taken":0.0},{"damage_healed":0.0,"max_hp_gain":0.0,"max_hp_loss":0.0,"gold_gain":0.0,"event_name":"Cursed Tome","player_choice":"Obtained Book","floor":22.0,"gold_loss":0.0,"damage_taken":16.0},{"damage_healed":0.0,"max_hp_gain":0.0,"max_hp_loss":0.0,"gold_gain":0.0,"event_name":"Forgotten Altar","player_choice":"Gave Idol","floor":30.0,"relics_lost":["Golden Idol"],"gold_loss":0.0,"damage_taken":0.0,"relics_obtained":["Bloody Idol"]}],"is_beta":false,"boss_relics":[{"not_picked":["Sozu","Busted Crown"],"picked":"Calling Bell"}],"items_purged_floors":[],"is_endless":false,"potions_floor_spawned":[6,8,10,12,14,16,23,25],"killed_by":"Champ","ascension_level":3}}