{"host":"49pjgf1q9ev52n8z","time":1612806502,"event":{"mods":["BaseMod","Bestiary","Colored Map","Keyboard Shortcuts","Minty Spire (QoL Compilation)","Practice Mode","Relic Stats","StSLib"],"gold_per_floor":[117,67,77,92,109,138,138,165,190,206,381,392,18,31,31,31,31],"floor_reached":16,"language":"ENG","playtime":1212,"items_purged":["Doubt"],"score":137,"play_id":"5c7fc0e0-7d47-4023-8708-ec84ed34d348","local_time":"20210208094822","is_ascension_mode":true,"campfire_choices":[{"data":"Biased Cognition","floor":7,"key":"SMITH"},{"floor":15,"key":"REST"}],"circlet_count":0,"master_deck":["Strike_B","Strike_B","Strike_B","Defend_B","Defend_B","Defend_B","Defend_B","Zap","Dualcast","Ball Lightning","Barrage","Beam Cell","Compile Driver","Biased Cognition+1","Rebound","Genetic Algorithm","Redo","Coolheaded","Capacitor","Chill"],"relics":["Cracked Core","NeowsBlessing","Ice Cream","Dream Catcher","Bag of Preparation","Blood Vial"],"acts_visited":[],"potions_floor_usage":[6,8,12,14],"damage_taken":[{"damage":0,"enemies":"Small Slimes","floor":1,"turns":1},{"damage":0,"enemies":"2 Louse","floor":3,"turns":1},{"damage":0,"enemies":"Jaw Worm","floor":4,"turns":1},{"damage":16,"enemies":"Blue Slaver","floor":5,"turns":3},{"damage":10,"enemies":"Gremlin Nob","floor":6,"turns":3},{"damage":10,"enemies":"Lagavulin","floor":8,"turns":5},{"damage":11,"enemies":"Looter","floor":10,"turns":2},{"damage":4,"enemies":"Gremlin Gang","floor":12,"turns":2},{"damage":0,"enemies":"Exordium Wildlife","floor":14,"turns":4},{"damage":51,"enemies":"Hexaghost","floor":16,"turns":9}],"seed_played":"-3242899304978255492","potions_obtained":[{"floor":5,"key":"ColorlessPotion"},{"floor":6,"key":"PowerPotion"},{"floor":8,"key":"Explosive Potion"}],"is_trial":false,"path_per_floor":["M","?","M","M","M","E","R","E","T","M","?","M","$","M","R","B"],"character_chosen":"DEFECT","items_purchased":["Coolheaded","Capacitor","Fire Potion","Blood Vial"],"campfire_rested":1,"item_purchase_floors":[13,13,13,13],"current_hp_per_floor":[75,75,75,75,59,49,49,39,39,28,28,24,24,26,48,0,0],"gold":31,"neow_bonus":"THREE_ENEMY_KILL","is_daily":false,"chose_seed":false,"campfire_upgraded":1,"win_rate":0.0,"timestamp":1612806502,"path_taken":["M","?","M","M","M","E","R","E","T","M","?","M","$","M","R","BOSS"],"items_purchased_type":["Card","Card","Potion","Relic"],"build_version":"2020-12-22","purchased_purges":1,"victory":false,"max_hp_per_floor":[75,75,75,75,75,75,75,75,75,75,75,75,75,75,75,75,75],"relic_stats":{"Blood Vial":4,"Dream Catcher":1,"counters":[10,31],"Bag of Preparation":[8],"obtain_stats":[{"Ice Cream":6,"Blood Vial":13,"Dream Catcher":8,"NeowsBlessing":0,"Bag of Preparation":9,"Cracked Core":0},{"Ice Cream":5,"Blood Vial":8,"Dream Catcher":6,"NeowsBlessing":0,"Bag of Preparation":6,"Cracked Core":0},{"Ice Cream":9,"Blood Vial":18,"Dream Catcher":14,"NeowsBlessing":0,"Bag of Preparation":14,"Cracked Core":0}]},"card_choices":[{"not_picked":["Hologram","Steam Power"],"picked":"Ball Lightning","floor":1},{"not_picked":["Stack","Redo"],"picked":"Barrage","floor":3},{"not_picked":["Consume","Barrage"],"picked":"Beam Cell","floor":4},{"not_picked":["Stack","Heatsinks"],"picked":"Compile Driver","floor":5},{"not_picked":["Skim","Doom and Gloom"],"picked":"Biased Cognition","floor":6},{"not_picked":["Steam","Go for the Eyes"],"picked":"Rebound","floor":8},{"not_picked":["Streamline","Auto Shields"],"picked":"Genetic Algorithm","floor":10},{"not_picked":["Conserve Battery","Lockon"],"picked":"Redo","floor":12},{"not_picked":["Compile Driver","Recycle","Redo"],"picked":"SKIP","floor":14},{"not_picked":["Sweeping Beam","Turbo"],"picked":"Chill","floor":15}],"player_experience":771976,"relics_obtained":[{"floor":6,"key":"Ice Cream"},{"floor":8,"key":"Dream Catcher"},{"floor":9,"key":"Bag of Preparation"}],"event_choices":[{"cards_removed":["Strike_B"],"damage_healed":0,"gold_gain":0,"player_choice":"Card Removal","damage_taken":0,"max_hp_gain":0,"max_hp_loss":0,"event_name":"The Cleric","floor":2,"gold_loss":50},{"damage_healed":0,"gold_gain":175,"player_choice":"AGREE","damage_taken":0,"max_hp_gain":0,"max_hp_loss":0,"event_name":"Liars Game","floor":11,"gold_loss":0,"cards_obtained":["Doubt"]}],"is_beta":false,"boss_relics":[],"items_purged_floors":[13],"is_endless":false,"potions_floor_spawned":[5,6,8],"killed_by":"Hexaghost","ascension_level":4}}