{"host":"Cenci","time":1612790680,"event":{"mods":["BaseMod","Downfall","Highlight Path","Minty Spire (QoL Compilation)","StSLib"],"gold_per_floor":[349,367,382,398,498,130,130,189,232,265,306,306,306,306],"floor_reached":12,"language":"ENG","playtime":601,"items_purged":[],"score":94,"play_id":"19595dce-3cc3-4d97-8220-be8ed5ac81eb","local_time":"20210208142440","is_ascension_mode":true,"campfire_choices":[{"data":"sneckomod:TailWhip","floor":1,"key":"SMITH"}],"circlet_count":0,"master_deck":["sneckomod:Strike","sneckomod:Strike","sneckomod:Strike","sneckomod:Defend","sneckomod:Defend","sneckomod:Defend","sneckomod:TailWhip+1","sneckomod:SnekBite","sneckomod:Unknown","sneckomod:Unknown","sneckomod:QuickBite","sneckomod:UnknownCommonSkill","sneckomod:GlitteringGambit","sneckomod:Cheat","sneckomod:RainOfDice","sneckomod:DiceCrush","sneckomod:SerpentIdol+1","sneckomod:DiceBoulder","sneckomod:SoulDraw+1"],"relics":["sneckomod:SneckoSoul","Strange Spoon","Ice Cream","Toxic Egg 2"],"acts_visited":["Exordium"],"potions_floor_usage":[],"damage_taken":[{"damage":1,"enemies":"2 Louse","floor":2,"turns":2},{"damage":7,"enemies":"Small Slimes","floor":3,"turns":3},{"damage":0,"enemies":"Cultist","floor":4,"turns":3},{"damage":0,"enemies":"downfall:FleeingMerchant","floor":6,"turns":4},{"damage":15,"enemies":"Lagavulin","floor":8,"turns":6},{"damage":0,"enemies":"2 Fungi Beasts","floor":9,"turns":3},{"damage":17,"enemies":"Exordium Thugs","floor":10,"turns":3},{"damage":0,"enemies":"Large Slime","floor":11,"turns":3},{"damage":15,"enemies":"Gremlin Nob","floor":12,"turns":3}],"seed_played":"6447357923000215361","potions_obtained":[{"floor":2,"key":"sneckomod:MuddlingPotion"},{"floor":8,"key":"sneckomod:MuddlingPotion"},{"floor":9,"key":"bronze:BurnAndBuffPotion"}],"is_trial":false,"path_per_floor":["R","M","M","M","?","$","T","E","M","M","M","E"],"character_chosen":"THE_SNECKO","items_purchased":["Strange Spoon","sneckomod:Cheat","sneckomod:RainOfDice"],"campfire_rested":0,"item_purchase_floors":[6,6,6],"current_hp_per_floor":[63,62,55,55,55,55,55,40,40,23,23,8,8,8],"gold":306,"neow_bonus":"TWO_FIFTY_GOLD","is_daily":false,"chose_seed":false,"campfire_upgraded":1,"win_rate":0.0,"timestamp":1612790680,"path_taken":["R","M","M","M","?","$","T","E","M","M","M","E"],"items_purchased_type":["Relic","Card","Card"],"build_version":"2020-11-17","purchased_purges":0,"victory":false,"max_hp_per_floor":[90,90,90,90,90,90,90,90,90,90,90,90,90,90],"card_choices":[{"not_picked":["sneckomod:DiceCrush","sneckomod:SoulDraw"],"picked":"sneckomod:QuickBite","floor":2},{"not_picked":["sneckomod:UnknownDraw","sneckomod:WideSting"],"picked":"sneckomod:UnknownCommonSkill","floor":3},{"not_picked":["sneckomod:SoulDraw","sneckomod:IronFang"],"picked":"sneckomod:GlitteringGambit","floor":4},{"not_picked":["sneckomod:DiceBlock","sneckomod:Unknown1Cost","sneckomod:Rotation"],"picked":"SKIP","floor":6},{"not_picked":["sneckomod:UnknownDraw+1","sneckomod:IronFang"],"picked":"sneckomod:DiceCrush","floor":8},{"not_picked":["sneckomod:SoulDraw+1","sneckomod:QuickBite"],"picked":"sneckomod:SerpentIdol+1","floor":9},{"not_picked":["sneckomod:SoulDraw+1","sneckomod:QuickBite"],"picked":"sneckomod:DiceBoulder","floor":10},{"not_picked":["sneckomod:QuickMove+1","sneckomod:UnknownStrength+1"],"picked":"sneckomod:SoulDraw+1","floor":11}],"player_experience":294596,"relics_obtained":[{"floor":7,"key":"Ice Cream"},{"floor":8,"key":"Toxic Egg 2"}],"event_choices":[],"is_beta":true,"boss_relics":[],"items_purged_floors":[],"is_endless":false,"potions_floor_spawned":[2,8,9,11],"killed_by":"Gremlin Nob","ascension_level":3}}