{"host":"d8cz15m779bv9isj","time":1612812311,"event":{"mods":["Aspiration","BaseMod","Colored Map","Colored Powertips","DeckTracker","Downfall","Hermit","Highlight Path","Hubris","Infinite Spire","Minty Spire (QoL Compilation)","Quick Restart","Random Character Button","Relic Sorter","Replay The Spire","StSLib","SuperFastMode","Synergy Search","The Cursed","The Disciple","The Jungle","The Runesmith"],"gold_per_floor":[110,128,128,128,55,55,55,55],"floor_reached":7,"language":"ENG","playtime":165,"items_purged":[],"score":39,"play_id":"8d51e146-51fc-4616-b7b9-49b076a05541","local_time":"20210208202511","is_ascension_mode":false,"campfire_choices":[{"data":"Night Terror","floor":6,"key":"SMITH"}],"circlet_count":0,"master_deck":["Strike_G","Strike_G","Strike_G","Strike_G","Strike_G","Defend_G","Defend_G","Defend_G","Defend_G","Defend_G","Survivor","Neutralize","Night Terror+1","Deadly Poison","Backflip","Injury","Fluid Movement"],"relics":["Ring of the Snake","Molten Egg 2","Golden Idol"],"acts_visited":["Exordium"],"potions_floor_usage":[],"damage_taken":[{"damage":0,"enemies":"2 Louse","floor":1,"turns":3},{"damage":0,"enemies":"Small Slimes","floor":2,"turns":4},{"damage":32,"enemies":"Gremlin Nob","floor":7,"turns":4}],"seed_played":"-7852178536308933912","potions_obtained":[],"is_trial":false,"path_per_floor":["M","M","?","?","$","R","E"],"character_chosen":"THE_SILENT","items_purchased":["Fluid Movement"],"campfire_rested":0,"item_purchase_floors":[5],"current_hp_per_floor":[49,49,49,32,32,32,0,0],"gold":55,"neow_bonus":"THREE_RARE_CARDS","is_daily":false,"chose_seed":false,"campfire_upgraded":1,"win_rate":0.0,"timestamp":1612812311,"path_taken":["M","M","?","?","$","R","E"],"items_purchased_type":["Card"],"build_version":"2020-12-22","purchased_purges":0,"victory":false,"max_hp_per_floor":[70,70,70,70,70,70,70,70],"card_choices":[{"not_picked":["Atom Bomb","Unload"],"picked":"Night Terror","floor":0},{"not_picked":["Reflex","Outmaneuver"],"picked":"Deadly Poison","floor":1},{"not_picked":["Dodge and Roll","Concentrate"],"picked":"Backflip","floor":2}],"player_experience":232865,"relics_obtained":[],"event_choices":[{"damage_healed":0,"gold_gain":0,"player_choice":"Take Damage","damage_taken":17,"relics_obtained":["Golden Idol"],"max_hp_gain":0,"max_hp_loss":0,"event_name":"Golden Idol","floor":4,"gold_loss":0}],"is_beta":false,"boss_relics":[],"items_purged_floors":[],"is_endless":false,"potions_floor_spawned":[],"killed_by":"Gremlin Nob","ascension_level":0}}