{"host":"k7udt7atmcuzf6l0","time":1612789058,"event":{"mods":["AchievementEnabler","BaseMod","BetterRewards","Colored Map","Colored Powertips","Highlight Path","Minty Spire (QoL Compilation)","Quick Restart","Rare Cards Sparkle","Relic Stats","StSLib","UnlockEverythingMod"],"gold_per_floor":[118,118,133,30,43,43,53,53,98,98,112,65,98,21,21,21,21],"floor_reached":16,"language":"ZHS","playtime":300,"items_purged":[],"score":100,"play_id":"33b71103-d307-4f8d-a4af-8c55f51178ee","local_time":"20210208205738","is_ascension_mode":false,"campfire_choices":[{"data":"Dark Embrace","floor":6,"key":"SMITH"},{"data":"Pummel","floor":8,"key":"SMITH"},{"data":"Bash","floor":10,"key":"SMITH"},{"data":"Armaments","floor":15,"key":"SMITH"}],"circlet_count":0,"master_deck":["Strike_R","Strike_R","Strike_R","Strike_R","Strike_R","Defend_R","Defend_R","Defend_R","Defend_R","Bash+1","Headbutt","Pummel+1","Dark Embrace+1","Ghostly Armor","Pummel","Clash","Armaments+1","Ghostly Armor"],"relics":["Burning Blood","NeowsBlessing","Boot","Anchor"],"acts_visited":["Exordium"],"potions_floor_usage":[7,11,13,16],"damage_taken":[{"damage":0,"enemies":"Jaw Worm","floor":1,"turns":1},{"damage":0,"enemies":"Cultist","floor":3,"turns":1},{"damage":0,"enemies":"2 Louse","floor":5,"turns":1},{"damage":8,"enemies":"Gremlin Gang","floor":7,"turns":3},{"damage":11,"enemies":"Exordium Thugs","floor":11,"turns":3},{"damage":3,"enemies":"Gremlin Nob","floor":13,"turns":3},{"damage":77,"enemies":"Hexaghost","floor":16,"turns":14}],"seed_played":"-3629451024976924354","potions_obtained":[{"floor":1,"key":"Block Potion"},{"floor":2,"key":"FearPotion"},{"floor":2,"key":"SkillPotion"},{"floor":2,"key":"SteroidPotion"},{"floor":3,"key":"Strength Potion"},{"floor":7,"key":"BloodPotion"},{"floor":13,"key":"SteroidPotion"}],"is_trial":false,"path_per_floor":["M","?","M","$","M","R","M","R","T","R","M","$","E","$","R","B"],"character_chosen":"IRONCLAD","items_purchased":["Dark Embrace","Ghostly Armor","Armaments","Ghostly Armor"],"campfire_rested":0,"item_purchase_floors":[4,4,12,14],"current_hp_per_floor":[80,80,80,80,80,80,78,78,78,78,73,73,76,76,76,0,0],"gold":21,"neow_bonus":"THREE_ENEMY_KILL","is_daily":false,"chose_seed":false,"campfire_upgraded":4,"win_rate":0.0,"timestamp":1612789058,"path_taken":["M","?","M","$","M","R","M","R","T","R","?","$","E","?","R","BOSS"],"items_purchased_type":["Card","Card","Card","Card"],"build_version":"2020-12-22","purchased_purges":0,"victory":false,"max_hp_per_floor":[80,80,80,80,80,80,80,80,80,80,80,80,80,80,80,80,80],"relic_stats":{"counters":[7,26],"Boot":[18],"obtain_stats":[{"Anchor":13,"NeowsBlessing":0,"Boot":9,"Burning Blood":0},{"Anchor":6,"NeowsBlessing":0,"Boot":4,"Burning Blood":0},{"Anchor":12,"NeowsBlessing":0,"Boot":6,"Burning Blood":0}],"Burning Blood":18},"card_choices":[{"not_picked":["Rupture","Cleave"],"picked":"Headbutt","floor":1},{"not_picked":["Searing Blow","Rupture"],"picked":"Pummel","floor":3},{"not_picked":["Clothesline","Dropkick"],"picked":"Pummel","floor":5},{"not_picked":["Twin Strike","Clothesline","Headbutt"],"picked":"SKIP","floor":7},{"not_picked":["Dark Embrace","Iron Wave"],"picked":"Clash","floor":11},{"not_picked":["Heavy Blade","Pommel Strike","Blood for Blood"],"picked":"SKIP","floor":13}],"player_experience":72308,"relics_obtained":[{"floor":9,"key":"Boot"},{"floor":13,"key":"Anchor"}],"event_choices":[{"damage_healed":0,"gold_gain":0,"player_choice":"Got Potions","damage_taken":0,"max_hp_gain":0,"max_hp_loss":0,"event_name":"Lab","floor":2,"gold_loss":0}],"is_beta":false,"boss_relics":[],"items_purged_floors":[],"is_endless":false,"potions_floor_spawned":[1,3,7,13],"killed_by":"Hexaghost","ascension_level":0}}