{"host":"tc1my4n9jof2q8vu","time":1612794969,"event":{"mods":["Act Like it!","BaseMod","Colored Powertips","Hubris","Minty Spire (QoL Compilation)","Replay The Spire","StSLib"],"gold_per_floor":[109,126,76,94,110,142,142,177,202,377,377,377,391,423,423,423,423],"floor_reached":16,"language":"ENG","playtime":540,"items_purged":[],"score":169,"play_id":"75a12675-b536-4584-ab09-dbe54ea3468e","local_time":"20210208093609","is_ascension_mode":true,"campfire_choices":[{"data":"Dualcast","floor":7.0,"key":"SMITH"},{"floor":12.0,"key":"REST"},{"floor":15.0,"key":"REST"}],"circlet_count":0,"master_deck":["Strike_B","Strike_B","Strike_B","Defend_B","Defend_B","Defend_B","Defend_B","Zap","Dualcast+1","Beam Cell","Beam Cell","Beam Cell","Steam","Go for the Eyes","Doubt","Beam Cell"],"relics":["Cracked Core","Oddly Smooth Stone","ReplayTheSpireMod:TigerMarble","Bird Faced Urn"],"acts_visited":["Exordium"],"potions_floor_usage":[16,16],"damage_taken":[{"damage":0.0,"enemies":"2 Louse","floor":1.0,"turns":2.0},{"damage":2.0,"enemies":"Jaw Worm","floor":2.0,"turns":3.0},{"damage":3.0,"enemies":"Small Slimes","floor":4.0,"turns":4.0},{"damage":23.0,"enemies":"Exordium Wildlife","floor":5.0,"turns":5.0},{"damage":26.0,"enemies":"3 Sentries","floor":6.0,"turns":9.0},{"damage":27.0,"enemies":"Lagavulin","floor":8.0,"turns":8.0},{"damage":2.0,"enemies":"Exordium Thugs","floor":13.0,"turns":5.0},{"damage":13.0,"enemies":"Gremlin Nob","floor":14.0,"turns":5.0},{"damage":35,"enemies":"The Guardian","floor":16,"turns":10}],"seed_played":"-7496229943118380647","potions_obtained":[{"floor":2.0,"key":"Flashbang"},{"floor":4.0,"key":"Strength Potion"},{"floor":14.0,"key":"Weak Potion"}],"is_trial":false,"path_per_floor":["M","M","?","M","M","E","R","E","T","?","?","R","M","E","R","B"],"character_chosen":"DEFECT","items_purchased":[],"campfire_rested":2,"item_purchase_floors":[],"current_hp_per_floor":[82,80,80,77,54,28,28,1,1,1,1,25,23,10,34,0,0],"gold":423,"neow_bonus":"TEN_PERCENT_HP_BONUS","is_daily":false,"chose_seed":false,"campfire_upgraded":1,"win_rate":0.0,"timestamp":1612794969,"path_taken":["M","M","?","M","M","E","R","E","T","?","?","R","M","E","R","BOSS"],"items_purchased_type":[],"build_version":"2020-12-22","purchased_purges":0,"victory":false,"max_hp_per_floor":[82,82,82,82,82,82,82,82,82,82,82,82,82,82,82,82,82],"card_choices":[{"not_picked":["Turbo","Leap"],"picked":"Beam Cell","floor":1.0},{"not_picked":["Ball Lightning","Leap"],"picked":"Beam Cell","floor":2.0},{"not_picked":["Barrage","Glacier"],"picked":"Beam Cell","floor":4.0},{"not_picked":["Sweeping Beam","Consume"],"picked":"Steam","floor":5.0},{"not_picked":["Doom and Gloom","Streamline"],"picked":"Go for the Eyes","floor":6.0},{"not_picked":["Tempest","Reprogram","Sweeping Beam"],"picked":"SKIP","floor":8.0},{"not_picked":["ReplayTheSpireMod:System Scan","Defragment","BasicCrystalCard"],"picked":"SKIP","floor":13.0},{"not_picked":["Core Surge","Rebound"],"picked":"Beam Cell","floor":14.0}],"player_experience":187359,"relics_obtained":[{"floor":6.0,"key":"Oddly Smooth Stone"},{"floor":8.0,"key":"ReplayTheSpireMod:TigerMarble"},{"floor":14.0,"key":"Bird Faced Urn"}],"event_choices":[{"cards_removed":["Strike_B"],"damage_healed":0.0,"max_hp_gain":0.0,"max_hp_loss":0.0,"gold_gain":0.0,"event_name":"The Cleric","player_choice":"Card Removal","floor":3.0,"gold_loss":50.0,"damage_taken":0.0},{"damage_healed":0.0,"max_hp_gain":0.0,"max_hp_loss":0.0,"gold_gain":175.0,"event_name":"Liars Game","player_choice":"AGREE","floor":10.0,"gold_loss":0.0,"damage_taken":0.0,"cards_obtained":["Doubt"]},{"damage_healed":0.0,"max_hp_gain":0.0,"max_hp_loss":0.0,"gold_gain":0.0,"event_name":"Shining Light","player_choice":"Ignored","floor":11.0,"gold_loss":0.0,"damage_taken":0.0}],"is_beta":false,"boss_relics":[],"items_purged_floors":[],"is_endless":false,"potions_floor_spawned":[2,4,14],"killed_by":"The Guardian","ascension_level":4}}