{"host":"jqkewjmybebgw3gd","time":1612793919,"event":{"mods":["AchievementEnabler","BaseMod","Colored Map","DeckTracker","Minty Spire (QoL Compilation)","StSLib","SuperFastMode"],"gold_per_floor":[115,127,146,1,1,14,14,14,95,129,143,173,183,194,194,295,295,305,305,205,224,99,99,126,126,126,139,167,167,167,182,182,280,280,290,41,54,54,74,74,106,106,156,189,205,205,205,222,222,222,222],"floor_reached":50,"language":"KOR","playtime":2835,"items_purged":["Strike_P","Defend_P","Defend_P+1","LessonLearned"],"score":632,"play_id":"32e9aeb8-9b78-4496-a882-3f1e2f3ec5f1","local_time":"20210208231839","is_ascension_mode":true,"campfire_choices":[{"data":"Eruption","floor":7.0,"key":"SMITH"},{"floor":15.0,"key":"REST"},{"data":"Adaptation","floor":23.0,"key":"SMITH"},{"data":"MentalFortress","floor":30.0,"key":"SMITH"},{"floor":32.0,"key":"REST"},{"floor":40.0,"key":"RECALL"},{"data":"ConjureBlade","floor":42.0,"key":"SMITH"},{"data":"TalkToTheHand","floor":47.0,"key":"SMITH"},{"floor":49,"key":"REST"}],"circlet_count":0,"master_deck":["Strike_P+1","Strike_P+1","Eruption+1","Vigilance","TalkToTheHand+1","InnerPeace+1","Adaptation+1","TalkToTheHand+1","MentalFortress+1","Ragnarok+1","Halt+1","FlurryOfBlows+1","Vault+1","DevaForm+1","Adaptation+1","ConjureBlade+1","Parasite"],"relics":["PureWater","Molten Egg 2","MealTicket","Gremlin Horn","Empty Cage","Centennial Puzzle","Bottled Tornado","Dead Branch","VioletLotus","Regal Pillow","StrikeDummy"],"acts_visited":["Exordium","TheCity","TheBeyond"],"potions_floor_usage":[50],"damage_taken":[{"damage":2.0,"enemies":"Small Slimes","floor":1.0,"turns":6.0},{"damage":3.0,"enemies":"Jaw Worm","floor":2.0,"turns":2.0},{"damage":0.0,"enemies":"Cultist","floor":3.0,"turns":2.0},{"damage":7.0,"enemies":"Red Slaver","floor":6.0,"turns":3.0},{"damage":23.0,"enemies":"Lagavulin","floor":10.0,"turns":3.0},{"damage":2.0,"enemies":"Looter","floor":11.0,"turns":2.0},{"damage":1.0,"enemies":"Gremlin Nob","floor":12.0,"turns":4.0},{"damage":0.0,"enemies":"2 Fungi Beasts","floor":13.0,"turns":3.0},{"damage":8.0,"enemies":"Exordium Thugs","floor":14.0,"turns":5.0},{"damage":17.0,"enemies":"Slime Boss","floor":16.0,"turns":10.0},{"damage":0.0,"enemies":"Chosen","floor":18.0,"turns":3.0},{"damage":12.0,"enemies":"2 Thieves","floor":21.0,"turns":3.0},{"damage":23.0,"enemies":"Slavers","floor":24.0,"turns":5.0},{"damage":10.0,"enemies":"Centurion and Healer","floor":27.0,"turns":7.0},{"damage":4.0,"enemies":"Book of Stabbing","floor":28.0,"turns":3.0},{"damage":0.0,"enemies":"Sentry and Sphere","floor":31.0,"turns":2.0},{"damage":0.0,"enemies":"Collector","floor":33.0,"turns":7.0},{"damage":2.0,"enemies":"3 Shapes","floor":35.0,"turns":3.0},{"damage":2.0,"enemies":"Orb Walker","floor":37.0,"turns":2.0},{"damage":0.0,"enemies":"Maw","floor":39.0,"turns":5.0},{"damage":18.0,"enemies":"Nemesis","floor":41.0,"turns":3.0},{"damage":14.0,"enemies":"Reptomancer","floor":44.0,"turns":3.0},{"damage":2.0,"enemies":"3 Darklings","floor":45.0,"turns":2.0},{"damage":9,"enemies":"Writhing Mass","floor":48,"turns":6},{"damage":110,"enemies":"Awakened One","floor":50,"turns":5}],"seed_played":"-7097814597522590949","potions_obtained":[{"floor":1.0,"key":"SteroidPotion"},{"floor":10.0,"key":"EntropicBrew"},{"floor":14.0,"key":"PowerPotion"},{"floor":16.0,"key":"GamblersBrew"},{"floor":19.0,"key":"CultistPotion"},{"floor":19.0,"key":"DistilledChaos"},{"floor":24.0,"key":"SteroidPotion"},{"floor":27.0,"key":"SkillPotion"},{"floor":37.0,"key":"DuplicationPotion"},{"floor":48,"key":"EssenceOfSteel"}],"is_trial":false,"path_per_floor":["M","M","M","$","?","M","R","?","T","E","M","E","M","M","R","B",null,"M","?","$","M","$","R","E","$","T","M","E","?","R","M","R","B",null,"M","$","M","?","M","R","E","R","T","E","M","?","R","M","R","B"],"character_chosen":"WATCHER","items_purchased":["Adaptation","FairyPotion"],"campfire_rested":3,"item_purchase_floors":[4,36],"current_hp_per_floor":[70,67,67,67,72,65,65,65,65,42,40,39,39,31,54,37,77,77,77,77,65,77,77,54,69,69,59,55,55,55,55,77,77,77,75,77,75,75,75,75,57,57,57,43,41,41,41,32,70,0,0],"gold":222,"neow_bonus":"ONE_RANDOM_RARE_CARD","is_daily":false,"chose_seed":false,"campfire_upgraded":5,"win_rate":0.0,"timestamp":1612793919,"path_taken":["M","M","M","$","?","M","R","?","T","E","M","E","M","M","R","BOSS","M","?","$","?","?","R","E","$","T","M","E","?","R","M","R","BOSS","M","$","M","?","M","R","E","R","T","E","M","?","R","?","R","BOSS"],"items_purchased_type":["Card","Potion"],"build_version":"2020-12-22","purchased_purges":4,"victory":false,"max_hp_per_floor":[72,72,72,72,77,77,77,77,77,77,77,77,77,77,77,77,77,77,77,77,77,77,77,77,77,77,77,77,77,77,77,77,77,77,77,77,77,77,77,77,77,77,77,77,77,77,77,77,77,77,77],"card_choices":[{"not_picked":["FollowUp","JustLucky"],"picked":"TalkToTheHand","floor":1.0},{"not_picked":["BattleHymn","Protect","FlurryOfBlows"],"picked":"SKIP","floor":2.0},{"not_picked":["CrushJoints","ClearTheMind"],"picked":"InnerPeace","floor":3.0},{"not_picked":["CutThroughFate","FollowUp"],"picked":"TalkToTheHand","floor":6.0},{"not_picked":["SashWhip+1","Collect"],"picked":"MentalFortress","floor":10.0},{"not_picked":["Meditate","Prostrate","Evaluate"],"picked":"SKIP","floor":11.0},{"not_picked":["ForeignInfluence","InnerPeace"],"picked":"Ragnarok+1","floor":12.0},{"not_picked":["Protect","Prostrate"],"picked":"Halt","floor":13.0},{"not_picked":["ThirdEye","FlyingSleeves+1"],"picked":"FlurryOfBlows+1","floor":14.0},{"not_picked":["Establishment","Alpha"],"picked":"Vault","floor":16.0},{"not_picked":["Protect","Crescendo","Evaluate"],"picked":"SKIP","floor":18.0},{"not_picked":["FlyingSleeves+1","JustLucky+1","Perseverance"],"picked":"SKIP","floor":21.0},{"not_picked":["WaveOfTheHand","Wireheading","Prostrate"],"picked":"SKIP","floor":24.0},{"not_picked":["CrushJoints+1","Worship","PathToVictory"],"picked":"SKIP","floor":27.0},{"not_picked":["JustLucky+1","CutThroughFate+1","Evaluate+1"],"picked":"SKIP","floor":28.0},{"not_picked":["JustLucky+1","ThirdEye","BowlingBash+1"],"picked":"SKIP","floor":31.0},{"not_picked":["MasterReality","Alpha"],"picked":"DevaForm","floor":33.0},{"not_picked":["Fasting2","FlyingSleeves+1","BowlingBash+1"],"picked":"SKIP","floor":35.0},{"not_picked":["Nirvana+1","Pray"],"picked":"Adaptation+1","floor":37.0},{"not_picked":["SashWhip+1","Halt","ReachHeaven+1"],"picked":"SKIP","floor":39.0},{"not_picked":["Pray","SashWhip+1"],"picked":"ConjureBlade","floor":41.0},{"not_picked":["Wallop+1","CarveReality+1","Vengeance+1"],"picked":"SKIP","floor":44.0},{"not_picked":["Meditate","Consecrate+1","Crescendo+1"],"picked":"SKIP","floor":45.0},{"not_picked":["ClearTheMind","MentalFortress","SashWhip+1"],"picked":"SKIP","floor":48}],"player_experience":504702,"relics_obtained":[{"floor":9.0,"key":"Molten Egg 2"},{"floor":10.0,"key":"MealTicket"},{"floor":12.0,"key":"Gremlin Horn"},{"floor":24.0,"key":"Centennial Puzzle"},{"floor":26.0,"key":"Bottled Tornado"},{"floor":28.0,"key":"Dead Branch"},{"floor":41.0,"key":"Regal Pillow"},{"floor":44.0,"key":"StrikeDummy"}],"event_choices":[{"damage_healed":0.0,"max_hp_gain":5.0,"max_hp_loss":0.0,"gold_gain":0.0,"event_name":"Big Fish","player_choice":"Donut","floor":5.0,"gold_loss":0.0,"damage_taken":0.0},{"damage_healed":0.0,"max_hp_gain":0.0,"max_hp_loss":0.0,"gold_gain":0.0,"event_name":"Liars Game","player_choice":"Ignored","floor":8.0,"gold_loss":0.0,"damage_taken":0.0},{"damage_healed":0.0,"max_hp_gain":0.0,"max_hp_loss":0.0,"gold_gain":0.0,"event_name":"Lab","player_choice":"Got Potions","floor":19.0,"gold_loss":0.0,"damage_taken":0.0},{"damage_healed":0.0,"max_hp_gain":0.0,"max_hp_loss":0.0,"gold_gain":0.0,"event_name":"Vampires","player_choice":"Ignored","floor":29.0,"gold_loss":0.0,"damage_taken":0.0},{"cards_removed":["Defend_P"],"damage_healed":0.0,"max_hp_gain":0.0,"max_hp_loss":0.0,"gold_gain":0.0,"event_name":"Falling","player_choice":"Removed Skill","floor":38.0,"gold_loss":0.0,"damage_taken":0.0},{"damage_healed":0.0,"max_hp_gain":0.0,"max_hp_loss":0.0,"gold_gain":0.0,"event_name":"Mysterious Sphere","player_choice":"Ignored","floor":46.0,"gold_loss":0.0,"damage_taken":0.0}],"is_beta":false,"boss_relics":[{"not_picked":["Cursed Key","Fusion Hammer"],"picked":"Empty Cage"},{"not_picked":["Tiny House","Runic Pyramid"],"picked":"VioletLotus"}],"items_purged_floors":[4,20,22,36],"is_endless":false,"potions_floor_spawned":[1,10,14,16,21,24,27,37,48],"killed_by":"Awakened One","ascension_level":1}}