{"host":"aelxjre69umlx7r4","time":1612769187,"event":{"mods":["AchievementEnabler","BaseMod","DeckTracker","Highlight Path","Keyboard Shortcuts","Minty Spire (QoL Compilation)","Permanent Neow","SuperFastMode"],"gold_per_floor":[119,44,57,76,87,118,118,151,151,151,161,161,178,239,239,338,388,406,101,87,87,104,29,29,40,94,94,94],"floor_reached":27,"language":"KOR","playtime":1134,"items_purged":["Decay","Strike_R"],"score":236,"play_id":"fce8cde5-96c2-41da-819c-5d7aa6971039","local_time":"20210208162627","is_ascension_mode":true,"campfire_choices":[{"floor":7.0,"key":"REST"},{"floor":10.0,"key":"REST"},{"floor":15.0,"key":"REST"},{"data":"Armaments","floor":24,"key":"SMITH"}],"circlet_count":0,"master_deck":["Strike_R","Strike_R","Strike_R","Strike_R","Defend_R","Defend_R","Defend_R+1","Defend_R","Bash","Juggernaut","Shrug It Off","Barricade","Flame Barrier","Body Slam","Disarm","Double Tap","Disarm+1","Armaments+1","Body Slam","Entrench"],"relics":["Burning Blood","Bird Faced Urn","Dream Catcher","PreservedInsect","Blue Candle","Tiny House","TheAbacus"],"acts_visited":["Exordium","TheCity"],"potions_floor_usage":[22,22],"damage_taken":[{"damage":2.0,"enemies":"Cultist","floor":1.0,"turns":4.0},{"damage":3.0,"enemies":"Jaw Worm","floor":3.0,"turns":5.0},{"damage":7.0,"enemies":"2 Louse","floor":4.0,"turns":4.0},{"damage":39.0,"enemies":"Exordium Thugs","floor":5.0,"turns":7.0},{"damage":45.0,"enemies":"3 Sentries","floor":6.0,"turns":9.0},{"damage":28.0,"enemies":"Gremlin Nob","floor":8.0,"turns":5.0},{"damage":1.0,"enemies":"2 Fungi Beasts","floor":11.0,"turns":4.0},{"damage":4.0,"enemies":"3 Louse","floor":13.0,"turns":6.0},{"damage":35.0,"enemies":"Lagavulin Event","floor":14.0,"turns":8.0},{"damage":12.0,"enemies":"Hexaghost","floor":16.0,"turns":15.0},{"damage":17.0,"enemies":"Shell Parasite","floor":18.0,"turns":9.0},{"damage":20.0,"enemies":"2 Thieves","floor":20.0,"turns":4.0},{"damage":47,"enemies":"3 Cultists","floor":22,"turns":8},{"damage":28,"enemies":"Snake Plant","floor":25,"turns":7},{"damage":0,"enemies":"Colosseum Slavers","floor":27,"turns":1}],"seed_played":"2468098212970960375","potions_obtained":[{"floor":6.0,"key":"Strength Potion"},{"floor":8.0,"key":"DistilledChaos"},{"floor":14.0,"key":"Ancient Potion"},{"floor":16.0,"key":"DistilledChaos"},{"floor":17.0,"key":"EssenceOfSteel"},{"floor":22,"key":"Fruit Juice"}],"is_trial":false,"path_per_floor":["M","$","M","M","M","E","R","E","T","R","M","?","M","?","R","B",null,"M","$","M","?","M","$","R","M","T","?"],"character_chosen":"IRONCLAD","items_purchased":["Armaments","TheAbacus","Entrench"],"campfire_rested":3,"item_purchase_floors":[19,19,23],"current_hp_per_floor":[80,80,80,79,46,7,31,9,9,33,40,40,42,17,41,39,85,76,76,64,64,30,30,30,12,12,12,12],"gold":94,"neow_bonus":"THREE_RARE_CARDS","is_daily":false,"chose_seed":false,"campfire_upgraded":1,"win_rate":0.0,"timestamp":1612769187,"path_taken":["M","$","M","M","M","E","R","E","T","R","M","?","M","?","R","BOSS","M","$","M","?","M","?","R","M","T","?"],"items_purchased_type":["Card","Relic","Card"],"build_version":"2020-12-22","purchased_purges":2,"victory":false,"max_hp_per_floor":[80,80,80,80,80,80,80,80,80,80,80,80,80,80,80,80,85,85,85,85,85,90,90,90,90,90,90,90],"card_choices":[{"not_picked":["Reaper","Demon Form"],"picked":"Juggernaut","floor":0.0},{"not_picked":["Perfected Strike","Sword Boomerang"],"picked":"Shrug It Off","floor":1.0},{"not_picked":["Evolve","Warcry"],"picked":"Barricade","floor":3.0},{"not_picked":["Wild Strike","Sword Boomerang","Dual Wield"],"picked":"SKIP","floor":4.0},{"not_picked":["Reckless Charge","Perfected Strike","Infernal Blade"],"picked":"SKIP","floor":5.0},{"not_picked":["Cleave","Searing Blow","Havoc"],"picked":"SKIP","floor":6.0},{"not_picked":["Twin Strike","Uppercut"],"picked":"Flame Barrier","floor":8.0},{"not_picked":["Pommel Strike","Infernal Blade","Havoc"],"picked":"SKIP","floor":11.0},{"not_picked":["Anger","Havoc"],"picked":"Body Slam","floor":13.0},{"not_picked":["Rupture","Cleave"],"picked":"Disarm","floor":15.0},{"not_picked":["Limit Break","Berserk"],"picked":"Double Tap","floor":16.0},{"not_picked":["Clothesline","Shockwave"],"picked":"Disarm+1","floor":18.0},{"not_picked":["Intimidate","Sentinel"],"picked":"Body Slam","floor":20.0},{"not_picked":["Disarm","Warcry","Searing Blow"],"picked":"SKIP","floor":22},{"not_picked":["Flame Barrier","Wild Strike","Sentinel"],"picked":"SKIP","floor":25}],"player_experience":396506,"relics_obtained":[{"floor":6.0,"key":"Bird Faced Urn"},{"floor":8.0,"key":"Dream Catcher"},{"floor":9.0,"key":"PreservedInsect"}],"event_choices":[{"damage_healed":0.0,"max_hp_gain":0.0,"max_hp_loss":0.0,"gold_gain":0.0,"event_name":"Scrap Ooze","player_choice":"Fled","floor":12.0,"gold_loss":0.0,"damage_taken":0.0},{"damage_healed":0.0,"max_hp_gain":0.0,"max_hp_loss":0.0,"gold_gain":0.0,"event_name":"Dead Adventurer","player_choice":"Searched \u00272\u0027 times","floor":14.0,"gold_loss":0.0,"damage_taken":0.0,"relics_obtained":["Blue Candle"]},{"damage_healed":0.0,"max_hp_gain":0.0,"max_hp_loss":0.0,"gold_gain":0.0,"event_name":"Vampires","player_choice":"Ignored","floor":21.0,"gold_loss":0.0,"damage_taken":0.0},{"damage_healed":0,"gold_gain":0,"player_choice":"Fight","damage_taken":0,"max_hp_gain":0,"max_hp_loss":0,"event_name":"Colosseum","floor":27,"gold_loss":0}],"is_beta":false,"boss_relics":[{"not_picked":["Velvet Choker","Ectoplasm"],"picked":"Tiny House"}],"items_purged_floors":[2,19],"is_endless":false,"potions_floor_spawned":[6,8,14,16,18,22],"killed_by":"Colosseum Slavers","ascension_level":1}}