{"host":"Lrdox","time":1612823193,"event":{"mods":["BaseMod","Colored Map","Minty Spire (QoL Compilation)","Relic Stats"],"gold_per_floor":[118,135,135,135,150,150,185,202,202,202,231,231,241,257,257,352,352,365,379,379,390,403,403,403],"floor_reached":23,"language":"ENG","playtime":756,"items_purged":[],"score":287,"play_id":"147b1150-037f-4f8a-8aab-85adbc0738dd","local_time":"20210208232633","is_ascension_mode":true,"campfire_choices":[{"data":"Storm","floor":6,"key":"SMITH"},{"floor":10,"key":"REST"},{"floor":12,"key":"REST"},{"floor":15,"key":"REST"}],"circlet_count":0,"master_deck":["Strike_B","Strike_B","Strike_B","Strike_B","Defend_B","Defend_B","Zap+1","Dualcast","Coolheaded","Capacitor","Storm+1","Capacitor","Coolheaded","Electrodynamics","Defragment","Hologram","White Noise"],"relics":["Cracked Core","Calipers","Emotion Chip","Ice Cream","SlaversCollar"],"acts_visited":["Exordium","TheCity"],"potions_floor_usage":[7,16,19,23],"damage_taken":[{"damage":0,"enemies":"2 Louse","floor":1,"turns":2},{"damage":5,"enemies":"Small Slimes","floor":2,"turns":3},{"damage":1,"enemies":"Cultist","floor":5,"turns":4},{"damage":20,"enemies":"Gremlin Nob","floor":7,"turns":4},{"damage":9,"enemies":"Red Slaver","floor":8,"turns":4},{"damage":37,"enemies":"3 Sentries","floor":11,"turns":5},{"damage":22,"enemies":"3 Louse","floor":13,"turns":3},{"damage":0,"enemies":"Large Slime","floor":14,"turns":4},{"damage":22,"enemies":"Slime Boss","floor":16,"turns":5},{"damage":24,"enemies":"3 Byrds","floor":18,"turns":3},{"damage":24,"enemies":"2 Thieves","floor":19,"turns":4},{"damage":25,"enemies":"Centurion and Healer","floor":21,"turns":5},{"damage":8,"enemies":"Sentry and Sphere","floor":22,"turns":3},{"damage":14,"enemies":"Book of Stabbing","floor":23,"turns":1}],"seed_played":"1733423563224229226","potions_obtained":[{"floor":1,"key":"Weak Potion"},{"floor":11,"key":"Block Potion"},{"floor":16,"key":"FocusPotion"},{"floor":18,"key":"Energy Potion"},{"floor":19,"key":"FairyPotion"}],"is_trial":false,"path_per_floor":["M","M","?","?","M","R","E","M","T","R","E","R","M","M","R","B",null,"M","M","?","M","M","E"],"character_chosen":"DEFECT","items_purchased":[],"campfire_rested":3,"item_purchase_floors":[],"current_hp_per_floor":[68,63,63,63,62,62,42,33,33,55,18,40,18,18,40,18,61,37,13,13,17,9,0,0],"gold":403,"neow_bonus":"UPGRADE_CARD","is_daily":false,"chose_seed":false,"campfire_upgraded":1,"win_rate":0.0,"timestamp":1612823193,"path_taken":["M","M","?","?","M","R","E","M","T","R","E","R","M","M","R","BOSS","M","M","?","M","M","E"],"items_purchased_type":[],"build_version":"2020-12-18","purchased_purges":0,"victory":false,"max_hp_per_floor":[75,75,75,75,75,75,75,75,75,75,75,75,75,75,75,75,75,75,75,75,75,75,75,75],"relic_stats":{"Emotion Chip":[65,49,16,0,0],"counters":[14,50],"obtain_stats":[{"Ice Cream":11,"SlaversCollar":17,"Emotion Chip":9,"Calipers":7,"Cracked Core":0},{"Ice Cream":6,"SlaversCollar":9,"Emotion Chip":5,"Calipers":4,"Cracked Core":0},{"Ice Cream":22,"SlaversCollar":34,"Emotion Chip":17,"Calipers":13,"Cracked Core":0}]},"card_choices":[{"not_picked":["Rip and Tear","Rebound"],"picked":"Coolheaded","floor":1},{"not_picked":["Steam","Gash"],"picked":"Capacitor","floor":2},{"not_picked":["Conserve Battery","Beam Cell"],"picked":"Capacitor","floor":5},{"not_picked":["Melter","Chaos"],"picked":"Coolheaded","floor":7},{"not_picked":["Lockon","Beam Cell","Go for the Eyes"],"picked":"SKIP","floor":8},{"not_picked":["Compile Driver","Multi-Cast"],"picked":"Electrodynamics","floor":11},{"not_picked":["Streamline","Gash","Stack"],"picked":"SKIP","floor":13},{"not_picked":["Darkness","Go for the Eyes","Steam"],"picked":"SKIP","floor":14},{"not_picked":["Leap","Beam Cell"],"picked":"Defragment","floor":18},{"not_picked":["Blizzard","Ball Lightning+1"],"picked":"Hologram","floor":19},{"not_picked":["Static Discharge","Stack","FTL+1"],"picked":"SKIP","floor":21},{"not_picked":["Go for the Eyes","Leap+1"],"picked":"White Noise","floor":22}],"player_experience":239559,"relics_obtained":[{"floor":7,"key":"Calipers"},{"floor":9,"key":"Emotion Chip"},{"floor":11,"key":"Ice Cream"}],"event_choices":[{"damage_healed":0,"gold_gain":0,"cards_transformed":["Defend_B"],"player_choice":"Change","damage_taken":0,"max_hp_gain":0,"max_hp_loss":0,"event_name":"Living Wall","floor":3,"gold_loss":0,"cards_obtained":["Storm"]},{"cards_removed":["Defend_B"],"damage_healed":0,"gold_gain":0,"player_choice":"Offered Basic","damage_taken":0,"max_hp_gain":0,"max_hp_loss":0,"event_name":"Bonfire Elementals","floor":4,"gold_loss":0},{"damage_healed":0,"gold_gain":0,"player_choice":"Leave","damage_taken":0,"max_hp_gain":0,"max_hp_loss":0,"event_name":"FaceTrader","floor":20,"gold_loss":0}],"is_beta":true,"boss_relics":[{"not_picked":["Snecko Eye","Ectoplasm"],"picked":"SlaversCollar"}],"items_purged_floors":[],"is_endless":false,"potions_floor_spawned":[1,11,16,18,19],"killed_by":"Book of Stabbing","ascension_level":8}}