{"host":"j019w4cyowrad0mf","time":1612761889,"event":{"mods":["2.2 Compatiblity","Act Like it!","Arknights","BaseMod","CapriCore","Gensokyo","HololiveMod","Marisa????????","Minty Spire (QoL Compilation)","Rare Cards Sparkle","Reimu??????","StSLib","Waifu the Spire"],"gold_per_floor":[79,79,93,112,42,77,109,127,127,127,147,147,72,72,72,168,218,240,257,257,217,217,243,243,284,332,195,45,76,76,96,96,214,214,229,249,249,33,52,52,52,52,52,52,63,63,98,109,109,133,133,133,33,67,80],"floor_reached":56,"language":"ENG","playtime":3876,"items_purged":["Hololive_Strike","Writhe"],"score":1913,"play_id":"143f6565-e160-4b46-b2b6-490971a7427b","local_time":"20210207212449","is_ascension_mode":true,"campfire_choices":[{"data":"Hololive_CallShiranuiFlare","floor":10.0,"key":"SMITH"},{"data":"Hololive_CallUsadaPekora","floor":15.0,"key":"SMITH"},{"data":"Gensokyo:FourOfAKind","floor":24.0,"key":"SMITH"},{"data":"Gensokyo:FourOfAKind","floor":30.0,"key":"SMITH"},{"floor":32.0,"key":"RECALL"},{"data":"Gensokyo:FourOfAKind","floor":40.0,"key":"SMITH"},{"data":"Gensokyo:FourOfAKind","floor":42.0,"key":"SMITH"},{"data":"Gensokyo:LittleGreenMen","floor":49.0,"key":"SMITH"},{"data":"Hololive_CallInugamiKorone","floor":52.0,"key":"SMITH"}],"circlet_count":0,"master_deck":["Hololive_CallHoushouMarine+1","Hololive_CallShiroganeNoel","Hololive_CallUruhaRushia+1","Hololive_CallShiranuiFlare+1","Hololive_CallUsadaPekora+1","Hololive_Defend","Hololive_CallNakiriAyame","Hololive_CocoNews+1","Hololive_Teleport","Hololive_BeCareful","Hololive_DDD","Hololive_HuntDinosaur","Hololive_StarCraft","Hololive_CallShirakamiFubuki+1","Hololive_Thief+1","Hololive_RevenueBasedLive","Hololive_CallNekomataOkayu+1","Hololive_CallOzoraSubaru+1","Gensokyo:FourOfAKind+1","Gensokyo:FourOfAKind+1","Gensokyo:FourOfAKind+1","Gensokyo:FourOfAKind+1","Hololive_DurableLive","Hololive_Yoholoon","Hololive_CandyCastle","Hololive_Spy","Hololive_DurableLive","Hololive_CallInugamiKorone+1","Hololive_BringToTrial","Gensokyo:LittleGreenMen+1","Hololive_Yoholoon+1","Hololive_RevenueBasedLive+1","Hololive_CallOkamiMio"],"relics":["Hololive_TheStar","Ice Cream","Potion Belt","Strawberry","Gensokyo:Mercy","Tiny House","Shuriken","Pantograph","Bronze Scales","Frozen Eye","White Beast Statue","Runic Pyramid","Pear","Meat on the Bone","Gensokyo:EmptyGrave","Omamori"],"acts_visited":["Exordium","Gensokyo:Gensokyo","Gensokyo:Gensokyoer","TheEnding"],"potions_floor_usage":[],"damage_taken":[{"damage":0.0,"enemies":"Gensokyo:Python","floor":1.0,"turns":3.0},{"damage":0.0,"enemies":"Gensokyo:2_Kodama","floor":3.0,"turns":2.0},{"damage":0.0,"enemies":"Gensokyo:3_Fairies","floor":4.0,"turns":2.0},{"damage":0.0,"enemies":"Gensokyo:Cirno","floor":6.0,"turns":5.0},{"damage":0.0,"enemies":"Gensokyo:Cirno","floor":7.0,"turns":6.0},{"damage":0.0,"enemies":"Gensokyo:LivingMonolith","floor":8.0,"turns":2.0},{"damage":0.0,"enemies":"Gensokyo:Kitsune","floor":11.0,"turns":2.0},{"damage":0.0,"enemies":"Gensokyo:Reimu","floor":16.0,"turns":7.0},{"damage":0.0,"enemies":"Gensokyo:2_Gloops","floor":18.0,"turns":3.0},{"damage":0.0,"enemies":"Gensokyo:CosmicMonolith","floor":19.0,"turns":3.0},{"damage":0.0,"enemies":"Gensokyo:Tenshi","floor":23.0,"turns":4.0},{"damage":0.0,"enemies":"Gensokyo:Koishi","floor":25.0,"turns":4.0},{"damage":0.0,"enemies":"Gensokyo:Reisen","floor":29.0,"turns":5.0},{"damage":5.0,"enemies":"Gensokyo:Swordslinger","floor":31.0,"turns":4.0},{"damage":0.0,"enemies":"Gensokyo:Eiki","floor":33.0,"turns":6.0},{"damage":5.0,"enemies":"Gensokyo:3_Boulders","floor":35.0,"turns":5.0},{"damage":0.0,"enemies":"Gensokyo:3_Bats","floor":36.0,"turns":4.0},{"damage":0.0,"enemies":"Gensokyo:SeedOfUnknown","floor":39.0,"turns":3.0},{"damage":0.0,"enemies":"Gensokyo:Sharpion","floor":45.0,"turns":3.0},{"damage":0.0,"enemies":"Gensokyo:Kasen","floor":47.0,"turns":6.0},{"damage":12.0,"enemies":"Gensokyo:Dusk_and_Dawn","floor":48.0,"turns":4.0},{"damage":0.0,"enemies":"Gensokyo:Scarlet_Devils","floor":50.0,"turns":6.0},{"damage":18.0,"enemies":"Shield and Spear","floor":54.0,"turns":7.0},{"damage":0,"enemies":"The Heart","floor":55,"turns":7}],"seed_played":"-4279843004483730024","potions_obtained":[{"floor":3.0,"key":"LiquidBronze"},{"floor":4.0,"key":"SkillPotion"},{"floor":7.0,"key":"LiquidMemories"},{"floor":11.0,"key":"SmokeBomb"},{"floor":17.0,"key":"LiquidBronze"},{"floor":18.0,"key":"SpeedPotion"},{"floor":31.0,"key":"Weak Potion"},{"floor":35.0,"key":"SkillPotion"},{"floor":36.0,"key":"AttackPotion"},{"floor":47.0,"key":"DistilledChaos"},{"floor":48.0,"key":"Swift Potion"},{"floor":54.0,"key":"ZuzhouPotion:ReiMu"}],"is_trial":false,"path_per_floor":["M","?","M","M","?","?","E","M","T","R","M","?","$","?","R","B",null,"M","M","?","?","?","E","R","E","T","$","COS","E","R","M","R","B",null,"M","M","T","COS","M","R","?","R","T","?","M","$","E","M","R","B",null,"R","$","E","B",null],"character_chosen":"Hololive_HololiveCharacter","items_purchased":["Hololive_Yoholoon","Hololive_CandyCastle"],"campfire_rested":0,"item_purchase_floors":[27,27],"current_hp_per_floor":[32,32,32,32,32,32,39,39,39,39,39,39,39,39,39,39,44,44,44,44,44,31,31,31,31,31,31,31,31,31,26,26,31,31,26,26,36,36,36,36,36,36,36,36,36,36,38,26,26,38,38,38,38,20,38],"gold":80,"neow_bonus":"ONE_RARE_RELIC","is_daily":false,"chose_seed":false,"campfire_upgraded":8,"win_rate":0.0,"timestamp":1612761889,"path_taken":["M","?","M","M","?","?","E","?","T","R","M","?","?","?","R","BOSS","M","?","?","?","?","E","R","E","T","?","COS","E","R","M","R","BOSS","M","M","?","COS","M","R","?","R","T","?","M","$","E","?","R","BOSS","R","$","E","BOSS"],"items_purchased_type":["Card","Card"],"build_version":"2020-12-22","purchased_purges":2,"victory":true,"max_hp_per_floor":[32,32,32,32,32,32,39,39,39,39,39,39,39,39,39,39,44,44,44,44,44,31,31,31,31,31,31,31,31,31,31,31,31,31,31,31,41,41,41,41,41,41,41,38,38,38,38,38,38,38,38,38,38,38,38],"card_choices":[{"not_picked":["Hololive_OvertimeWork","Hololive_CocoNews","Hololive_Trident"],"picked":"Hololive_CallNakiriAyame","floor":1.0},{"not_picked":["Hololive_Trident","Hololive_OvertimeWork","Hololive_HuntDinosaur"],"picked":"Hololive_CocoNews","floor":2.0},{"not_picked":["Hololive_CallHoushouMarine","Hololive_Drill","Hololive_OvertimeWork"],"picked":"Hololive_Teleport","floor":3.0},{"not_picked":["Hololive_StrengthChampion","Hololive_FlyingPonyTail","Hololive_Rebound"],"picked":"Hololive_BeCareful","floor":4.0},{"not_picked":["Hololive_RevenueBasedLive","Hololive_Drill","Hololive_CallShiranuiFlare"],"picked":"Hololive_DDD","floor":6.0},{"not_picked":["Hololive_Rebound","Hololive_FlyingPonyTail","Hololive_Trident"],"picked":"Hololive_HuntDinosaur","floor":7.0},{"not_picked":["Hololive_StrengthChampion","Hololive_CallCivia","Hololive_Trident","Hololive_Breathe"],"picked":"SKIP","floor":8.0},{"not_picked":["Hololive_Sequa","Hololive_CallMoonaHoshinova","Hololive_HuntDinosaur"],"picked":"Hololive_StarCraft","floor":11.0},{"not_picked":["Hololive_DiamondStrike","Hololive_WolfAndLamb","Hololive_OpenUp"],"picked":"Hololive_Thief","floor":16.0},{"not_picked":["Hololive_CocoNews","Hololive_StrengthChampion","Hololive_LuckPotion"],"picked":"Hololive_RevenueBasedLive","floor":17.0},{"not_picked":["Hololive_Spy","Hololive_CallArtia+1","Hololive_CallFriendA"],"picked":"Hololive_CallNekomataOkayu+1","floor":18.0},{"not_picked":["Hololive_HuntDinosaur","Hololive_FlyingPonyTail+1","Hololive_CallAmaneKanata+1"],"picked":"Hololive_CallOzoraSubaru+1","floor":19.0},{"not_picked":["Hololive_ManjiGathering","Hololive_RevenueBasedLive","Hololive_FlyingPonyTail","Hololive_Trident"],"picked":"SKIP","floor":23.0},{"not_picked":["Hololive_OvertimeWork","Hololive_CallArtia","Hololive_Breathe"],"picked":"Hololive_DurableLive","floor":25.0},{"not_picked":["Hololive_CocoNews","Hololive_HuntDinosaur","Hololive_DevilCharm","Hololive_CallAyundaRisu+1"],"picked":"SKIP","floor":29.0},{"not_picked":["Hololive_CallCivia","Hololive_CallHoushouMarine+1","Hololive_LuckPotion+1"],"picked":"Hololive_Spy","floor":31.0},{"not_picked":["Hololive_AWSL","Hololive_Rebirth","Hololive_MaximGun"],"picked":"Hololive_DurableLive","floor":33.0},{"not_picked":["Hololive_CallCivia+1","Hololive_CocoNews","Hololive_OvertimeWork+1"],"picked":"Hololive_CallInugamiKorone","floor":35.0},{"not_picked":["Hololive_SoulCatcher+1","Hololive_SummonFox","Hololive_CallHoshimachiSuisei"],"picked":"Hololive_BringToTrial","floor":36.0},{"not_picked":["Hololive_Watashimo","Hololive_Breathe","Hololive_CallOmaruPolka","Hololive_OvertimeWork"],"picked":"SKIP","floor":39.0},{"not_picked":["Hololive_Rebound","Hololive_CallTokinoSora+1","Hololive_CallAiraniIofifteen","Hololive_HuntDinosaur"],"picked":"SKIP","floor":45.0},{"not_picked":["Hololive_AWSL","Hololive_HuntDinosaur","Hololive_CallNakiriAyame"],"picked":"Hololive_Yoholoon+1","floor":47.0},{"not_picked":["Hololive_Trident","Hololive_CallShiroganeNoel","Hololive_Sequa"],"picked":"Hololive_RevenueBasedLive+1","floor":48.0},{"not_picked":["Hololive_Psychosis+1","Hololive_CocoNews","Hololive_StrengthChampion+1"],"picked":"Hololive_CallOkamiMio","floor":54.0}],"player_experience":344452,"relics_obtained":[{"floor":6.0,"key":"Potion Belt"},{"floor":7.0,"key":"Strawberry"},{"floor":23.0,"key":"Shuriken"},{"floor":25.0,"key":"Pantograph"},{"floor":26.0,"key":"Bronze Scales"},{"floor":29.0,"key":"White Beast Statue"},{"floor":37.0,"key":"Pear"},{"floor":43.0,"key":"Meat on the Bone"},{"floor":47.0,"key":"Omamori"}],"event_choices":[],"is_beta":false,"boss_relics":[{"not_picked":["Philosopher\u0027s Stone","Calling Bell"],"picked":"Tiny House"},{"not_picked":["Velvet Choker","Hololive_ChaosS"],"picked":"Runic Pyramid"}],"items_purged_floors":[13,53],"is_endless":false,"potions_floor_spawned":[3,4,7,11,18,25,31,33,35,36,39,45,47,48,54],"ascension_level":6}}