{"host":"bdah08t7zwmeo3sv","time":1612801935,"event":{"mods":["2.2 Compatiblity","Act Like it!","BaseMod","Colored Map","Colored Powertips","Gensokyo","Minty Spire (QoL Compilation)","Quick Restart","StSLib","everything is the same but u backflip on backflip"],"gold_per_floor":[113,113,113,113,138,153,153,153,166,166,176,189,207,207,306,306,317,329,111,123,142,142,377,60,83,101,101,429,429,533,533,548,563,563,577,577,612,612,647,647,647,647,647,7,7,7,7,7,7,7,7],"floor_reached":54,"language":"ENG","playtime":2571,"items_purged":[],"score":835,"play_id":"fa85b6c8-3d17-47a8-b449-2c9bfd8ce7a3","local_time":"20210208173215","is_ascension_mode":false,"campfire_choices":[{"data":"Zap","floor":8,"key":"SMITH"},{"data":"Dualcast","floor":11,"key":"SMITH"},{"floor":15,"key":"REST"},{"floor":23,"key":"REST"},{"floor":30,"key":"REST"},{"floor":32,"key":"REST"},{"floor":41,"key":"RECALL"},{"floor":47,"key":"REST"},{"floor":49,"key":"REST"},{"data":"Thunder Strike","floor":52,"key":"SMITH"}],"circlet_count":0,"master_deck":["Strike_B","Strike_B","Strike_B","Strike_B","Defend_B","Defend_B","Defend_B","Defend_B","Zap+1","Dualcast+1","Sweeping Beam","Turbo","Tempest","Fusion+1","Redo+1","Coolheaded+1","Ball Lightning","Thunder Strike+1","Melter","Storm","Hologram+1","Beam Cell+1","Rainbow+1","Chill+1","Auto Shields+1","Injury","Defragment+1","Core Surge","Cold Snap+1","Fusion+1","Buffer","Aggregate+1","Gensokyo:AllTheWorldsEvil","Double Energy+1","Rainbow+1","Writhe","Transmutation+1","Leap+1"],"relics":["Cracked Core","NeowsBlessing","Strawberry","Gensokyo:CelestialsFlawlessClothing","Gensokyo:PortableGap","HornCleat","Toxic Egg 2","Cursed Key","Boot","Bottled Lightning","Letter Opener","Lantern","Ginger","Kunai","SacredBark","Meat on the Bone","Peace Pipe","Mango","Ice Cream","Bottled Tornado","Happy Flower"],"acts_visited":["Gensokyo:Gensokyo","Gensokyo:Gensokyoer","Gensokyo:Gensokyoest","TheEnding"],"potions_floor_usage":[21,22,24,33,38,42,45,50,54],"damage_taken":[{"damage":0,"enemies":"Gensokyo:2_Kodama","floor":1,"turns":1},{"damage":0,"enemies":"Gensokyo:Cirno","floor":6,"turns":2},{"damage":0,"enemies":"Gensokyo:Gryphon","floor":7,"turns":1},{"damage":0,"enemies":"Gensokyo:Python","floor":10,"turns":2},{"damage":6,"enemies":"Gensokyo:Kitsune","floor":12,"turns":2},{"damage":0,"enemies":"Gensokyo:LivingMonolith","floor":13,"turns":3},{"damage":0,"enemies":"Gensokyo:2_Rabbits","floor":14,"turns":3},{"damage":30,"enemies":"Gensokyo:Yukari","floor":16,"turns":12},{"damage":0,"enemies":"Gensokyo:2_Gloops","floor":18,"turns":3},{"damage":0,"enemies":"Gensokyo:AngelMirror","floor":19,"turns":3},{"damage":30,"enemies":"Gensokyo:Swordslinger","floor":21,"turns":4},{"damage":18,"enemies":"Gensokyo:Slime_Group","floor":22,"turns":4},{"damage":35,"enemies":"Gensokyo:Koishi","floor":24,"turns":6},{"damage":3,"enemies":"Gensokyo:Wraith","floor":27,"turns":3},{"damage":13,"enemies":"Gensokyo:Reisen","floor":31,"turns":7},{"damage":125,"enemies":"Gensokyo:Eternal_Rivals","floor":33,"turns":12},{"damage":0,"enemies":"Gensokyo:3_Bats","floor":35,"turns":3},{"damage":11,"enemies":"Gensokyo:AncientGuardian","floor":36,"turns":4},{"damage":0,"enemies":"Gensokyo:3_Boulders","floor":38,"turns":5},{"damage":12,"enemies":"Gensokyo:Marisa","floor":40,"turns":4},{"damage":26,"enemies":"Gensokyo:Kasen","floor":42,"turns":8},{"damage":0,"enemies":"Gensokyo:Dusk_and_Dawn","floor":45,"turns":1},{"damage":0,"enemies":"Gensokyo:Yuyuko","floor":50,"turns":6},{"damage":167,"enemies":"Shield and Spear","floor":54,"turns":11}],"seed_played":"-8091526258419733731","potions_obtained":[{"floor":10,"key":"Regen Potion"},{"floor":14,"key":"FairyPotion"},{"floor":16,"key":"PowerPotion"},{"floor":22,"key":"Dexterity Potion"},{"floor":31,"key":"LiquidBronze"},{"floor":33,"key":"Fire Potion"},{"floor":35,"key":"SmokeBomb"},{"floor":38,"key":"LiquidMemories"},{"floor":42,"key":"SpeedPotion"}],"is_trial":false,"path_per_floor":["M","?","?","?","E","M","R","T","M","R","M","M","M","R","B",null,"M","M","COS","M","M","R","E","$","T","M","R","E","R","B",null,"M","M","?","M","T","E","R","E","T","?","M","R","$","R","B",null,"R","$","E"],"character_chosen":"DEFECT","items_purchased":["Letter Opener","Auto Shields+1","Transmutation+1","Bottled Tornado","Happy Flower","PowerPotion","Leap+1"],"campfire_rested":6,"item_purchase_floors":[25,25,48,48,48,48,48],"current_hp_per_floor":[75,72,52,52,52,52,52,52,52,52,46,46,46,67,37,71,71,71,71,41,28,49,14,14,14,11,31,18,38,30,68,68,57,57,57,57,45,45,31,45,13,25,48,48,71,71,79,79,79,0,0],"gold":7,"neow_bonus":"THREE_ENEMY_KILL","is_daily":false,"chose_seed":false,"campfire_upgraded":3,"win_rate":0.0,"timestamp":1612801935,"path_taken":["M","?","?","?","E","?","R","T","M","R","M","M","M","R","BOSS","M","?","COS","M","M","R","E","?","T","?","R","E","R","BOSS","M","M","?","M","?","E","R","E","T","?","?","R","$","R","BOSS","R","$","E"],"items_purchased_type":["Relic","Card","Card","Relic","Relic","Potion","Card"],"build_version":"2020-12-22","purchased_purges":0,"victory":false,"max_hp_per_floor":[75,82,82,71,71,71,71,71,71,71,71,71,71,71,71,71,71,71,71,71,71,71,71,71,71,68,68,68,68,68,68,68,68,68,68,68,68,68,68,82,82,79,79,79,79,79,79,79,79,79,79],"card_choices":[{"not_picked":["Go for the Eyes","Leap"],"picked":"Sweeping Beam","floor":1},{"not_picked":["Stack","Tempest"],"picked":"Turbo","floor":6},{"not_picked":["FTL","Hologram"],"picked":"Tempest","floor":7},{"not_picked":["Beam Cell","Recycle+1"],"picked":"Fusion+1","floor":10},{"not_picked":["Cold Snap","Stack+1"],"picked":"Redo+1","floor":12},{"not_picked":["Steam Power+1","Heatsinks"],"picked":"Coolheaded+1","floor":13},{"not_picked":["Sweeping Beam","Steam+1"],"picked":"Ball Lightning","floor":14},{"not_picked":["All For One","Reboot+1"],"picked":"Thunder Strike","floor":16},{"not_picked":["Turbo+1","Rip and Tear"],"picked":"Melter","floor":18},{"not_picked":["Rebound+1","Hologram+1"],"picked":"Storm","floor":19},{"not_picked":["Conserve Battery+1","Beam Cell"],"picked":"Hologram+1","floor":21},{"not_picked":["Sweeping Beam","Cold Snap+1"],"picked":"Beam Cell+1","floor":22},{"not_picked":["Reboot","Hyperbeam"],"picked":"Rainbow","floor":24},{"not_picked":["Reprogram+1","Glacier+1"],"picked":"Chill+1","floor":24},{"not_picked":["Double Energy+1","Gash"],"picked":"Defragment+1","floor":27},{"not_picked":["Hologram+1","Turbo+1"],"picked":"Core Surge","floor":31},{"not_picked":["Biased Cognition","Thunder Strike"],"picked":"Machine Learning","floor":33},{"not_picked":["Heatsinks+1","Sweeping Beam+1"],"picked":"Cold Snap+1","floor":35},{"not_picked":["Steam+1","Ball Lightning"],"picked":"Fusion+1","floor":36},{"not_picked":["Defragment+1","Steam+1"],"picked":"Aggregate+1","floor":38},{"not_picked":["Turbo+1","Rip and Tear"],"picked":"Double Energy+1","floor":40},{"not_picked":["Tempest+1","Auto Shields+1"],"picked":"Rainbow+1","floor":42}],"player_experience":24101,"relics_obtained":[{"floor":6,"key":"HornCleat"},{"floor":9,"key":"Toxic Egg 2"},{"floor":24,"key":"Bottled Lightning"},{"floor":26,"key":"Lantern"},{"floor":31,"key":"Kunai"},{"floor":40,"key":"Meat on the Bone"},{"floor":42,"key":"Peace Pipe"},{"floor":43,"key":"Mango"}],"event_choices":[],"is_beta":false,"boss_relics":[{"not_picked":["Busted Crown","Fusion Hammer"],"picked":"Cursed Key"},{"not_picked":["Philosopher\u0027s Stone","Empty Cage"],"picked":"SacredBark"}],"items_purged_floors":[],"is_endless":false,"potions_floor_spawned":[10,14,16,18,22,31,33,35,38,42],"killed_by":"Shield and Spear","ascension_level":0}}