{"host":"k85tjwrh7mjrrc9a","time":1612819581,"event":{"mods":["AchievementEnabler","BaseMod","Colored Powertips","Highlight Path","Minty Spire (QoL Compilation)","Rare Cards Sparkle","StSLib"],"gold_per_floor":[110,110,121,121,141,141,166,166,193,210,41,61,7,17,17,89,89,107,107,126,142,153,153,153,153],"floor_reached":24,"language":"ENG","playtime":1015,"items_purged":[],"score":380,"play_id":"d7fb8cdf-48a9-41e7-ba0f-0e40685993df","local_time":"20210208162621","is_ascension_mode":true,"campfire_choices":[{"data":"Bash","floor":6.0,"key":"SMITH"},{"floor":15.0,"key":"REST"},{"floor":23,"key":"REST"}],"circlet_count":0,"master_deck":["AscendersBane","Strike_R","Strike_R","Strike_R","Strike_R","Defend_R","Defend_R","Defend_R","Bash+1","Twin Strike","Cleave","Shrug It Off","Body Slam","Ghostly Armor","Armaments","Shrug It Off","Impervious","Evolve","Iron Wave"],"relics":["Black Blood","Boot","Centennial Puzzle","Red Skull","Happy Flower"],"acts_visited":["Exordium","TheCity"],"potions_floor_usage":[16],"damage_taken":[{"damage":9.0,"enemies":"Jaw Worm","floor":1.0,"turns":5.0},{"damage":5.0,"enemies":"2 Louse","floor":3.0,"turns":3.0},{"damage":14.0,"enemies":"Small Slimes","floor":5.0,"turns":4.0},{"damage":47.0,"enemies":"Lagavulin","floor":7.0,"turns":7.0},{"damage":4.0,"enemies":"3 Louse","floor":10.0,"turns":2.0},{"damage":1.0,"enemies":"Looter","floor":12.0,"turns":2.0},{"damage":0.0,"enemies":"Lots of Slimes","floor":14.0,"turns":2.0},{"damage":44,"enemies":"Slime Boss","floor":16,"turns":9},{"damage":36,"enemies":"Shell Parasite","floor":18,"turns":7},{"damage":2,"enemies":"Chosen","floor":20,"turns":4},{"damage":22,"enemies":"Snecko","floor":21,"turns":5},{"damage":30,"enemies":"Shelled Parasite and Fungi","floor":22,"turns":5},{"damage":52,"enemies":"Slavers","floor":24,"turns":4}],"seed_played":"-8339913534525953959","potions_obtained":[{"floor":5.0,"key":"Explosive Potion"},{"floor":7.0,"key":"Ancient Potion"},{"floor":10.0,"key":"SteroidPotion"},{"floor":21,"key":"SteroidPotion"}],"is_trial":false,"path_per_floor":["M","?","M","?","M","R","E","$","T","M","$","M","$","M","R","B",null,"M","?","M","M","M","R","E"],"character_chosen":"IRONCLAD","items_purchased":["Happy Flower","Shrug It Off"],"campfire_rested":2,"item_purchase_floors":[11,13],"current_hp_per_floor":[65,58,59,59,51,51,10,10,10,12,12,17,17,23,45,7,58,34,34,44,34,16,38,0,0],"gold":153,"neow_bonus":"RANDOM_COMMON_RELIC","is_daily":false,"chose_seed":false,"campfire_upgraded":1,"win_rate":0.0,"timestamp":1612819581,"path_taken":["M","?","M","?","M","R","E","$","T","M","?","?","$","M","R","BOSS","M","?","?","M","M","R","E"],"items_purchased_type":["Relic","Card"],"build_version":"2020-12-22","purchased_purges":0,"victory":false,"max_hp_per_floor":[75,75,75,75,75,75,75,75,75,75,75,75,75,75,75,75,75,75,75,75,75,75,75,75,75],"card_choices":[{"not_picked":["Flex","Metallicize"],"picked":"Twin Strike","floor":1.0},{"not_picked":["Clothesline","Dual Wield"],"picked":"Cleave","floor":3.0},{"not_picked":["Reckless Charge","Perfected Strike"],"picked":"Shrug It Off","floor":5.0},{"not_picked":["Carnage","Thunderclap"],"picked":"Body Slam","floor":7.0},{"not_picked":["Spot Weakness","Havoc"],"picked":"Ghostly Armor","floor":10.0},{"not_picked":["Iron Wave","Cleave"],"picked":"Armaments","floor":12.0},{"not_picked":["Wild Strike","Burning Pact","Pummel"],"picked":"SKIP","floor":14.0},{"not_picked":["Fiend Fire","Immolate"],"picked":"Impervious","floor":16},{"not_picked":["Warcry","Seeing Red","Combust"],"picked":"SKIP","floor":18},{"not_picked":["Flex","Dark Embrace","Dual Wield"],"picked":"SKIP","floor":20},{"not_picked":["Feel No Pain","Shrug It Off"],"picked":"Evolve","floor":21},{"not_picked":["Searing Blow+1","Sword Boomerang"],"picked":"Iron Wave","floor":22}],"player_experience":254720,"relics_obtained":[{"floor":7.0,"key":"Centennial Puzzle"},{"floor":9.0,"key":"Red Skull"}],"event_choices":[{"cards_removed":["Strike_R"],"damage_healed":0.0,"max_hp_gain":0.0,"max_hp_loss":0.0,"gold_gain":0.0,"event_name":"Golden Wing","player_choice":"Card Removal","floor":2.0,"gold_loss":0.0,"damage_taken":7.0},{"damage_healed":0.0,"max_hp_gain":0.0,"max_hp_loss":0.0,"gold_gain":0.0,"event_name":"Shining Light","player_choice":"Ignored","floor":4.0,"gold_loss":0.0,"damage_taken":0.0},{"cards_removed":["Defend_R"],"damage_healed":0,"gold_gain":0,"player_choice":"Purged","damage_taken":0,"max_hp_gain":0,"max_hp_loss":0,"event_name":"Purifier","floor":19,"gold_loss":0}],"is_beta":false,"boss_relics":[{"not_picked":["Black Star","Runic Dome"],"picked":"Black Blood"}],"items_purged_floors":[],"is_endless":false,"potions_floor_spawned":[5,7,10,14,21],"killed_by":"Slavers","ascension_level":18}}