{"host":"92108ef2q9tm8rod","time":1612748607,"event":{"mods":["BaseMod","Defuse TimeMaze Blight","Minty Spire (QoL Compilation)","StSLib","The Jungle"],"gold_per_floor":[115,115,115,133,151,151,151,185,209,209,240,240,255,180,180,275,275,285,298,298,298,84,84,84,110,110,110,110,128,128,143,143,242,242,255,52,102,122,134,134,164,164,164,164,191,223,236,236,236,236],"floor_reached":51,"language":"ENG","playtime":3097,"items_purged":["Prepared","Dodge and Roll+1"],"score":1109,"play_id":"2f8c2589-b8ea-4a0c-9c53-232a663b4de9","local_time":"20210208014327","daily_mods":["SealedDeck","Colorless Cards","Heirloom","Flight"],"is_ascension_mode":false,"campfire_choices":[{"data":"Acrobatics","floor":6,"key":"SMITH"},{"data":"Underhanded Strike","floor":7,"key":"SMITH"},{"data":"Panacea","floor":10,"key":"SMITH"},{"data":"Underhanded Strike","floor":12,"key":"SMITH"},{"data":"Acrobatics","floor":15,"key":"SMITH"},{"data":"Blur","floor":23,"key":"SMITH"},{"data":"Finesse","floor":24,"key":"SMITH"},{"data":"Backflip","floor":27,"key":"SMITH"},{"data":"Backflip","floor":28,"key":"SMITH"},{"data":"Dodge and Roll","floor":30,"key":"SMITH"},{"floor":32,"key":"REST"},{"floor":40,"key":"REST"},{"floor":42,"key":"REST"},{"floor":44,"key":"REST"},{"floor":49,"key":"REST"}],"circlet_count":0,"master_deck":["Acrobatics+1","Backflip+1","Backflip+1","Setup+1","Underhanded Strike+1","Underhanded Strike+1","Acrobatics+1","Panacea+1","Finesse+1","Blur+1"],"relics":["Ring of the Snake","Pocketwatch","Strawberry","Orichalcum","Singing Bowl","SacredBark","theJungle:BirthdayCakeSlice","Omamori","Smiling Mask","Darkstone Periapt","Membership Card","Thread and Needle","Ancient Tea Set","Molten Egg 2","Bottled Lightning","Oddly Smooth Stone"],"acts_visited":["Exordium","Exordium","TheBeyond"],"potions_floor_usage":[16,47,50],"damage_taken":[{"damage":0,"enemies":"Small Slimes","floor":1,"turns":3},{"damage":0,"enemies":"2 Louse","floor":4,"turns":1},{"damage":0,"enemies":"Cultist","floor":5,"turns":2},{"damage":0,"enemies":"Gremlin Nob","floor":8,"turns":2},{"damage":0,"enemies":"3 Sentries","floor":11,"turns":3},{"damage":0,"enemies":"2 Fungi Beasts","floor":13,"turns":2},{"damage":0,"enemies":"Hexaghost","floor":16,"turns":2},{"damage":0,"enemies":"theJungle:MUSHROOMGANG","floor":18,"turns":2},{"damage":0,"enemies":"theJungle:Flameango_and_Byrd","floor":19,"turns":2},{"damage":0,"enemies":"theJungle:MamaSnecko","floor":25,"turns":2},{"damage":0,"enemies":"theJungle:Lyon","floor":29,"turns":2},{"damage":0,"enemies":"theJungle:2_Flameangoes","floor":31,"turns":4},{"damage":42,"enemies":"theJungle:FunGuy","floor":33,"turns":16},{"damage":0,"enemies":"3 Shapes","floor":35,"turns":3},{"damage":0,"enemies":"Mind Bloom Boss Battle","floor":37,"turns":2},{"damage":0,"enemies":"Orb Walker","floor":38,"turns":2},{"damage":0,"enemies":"Sphere and 2 Shapes","floor":39,"turns":3},{"damage":0,"enemies":"Nemesis","floor":41,"turns":5},{"damage":0,"enemies":"Reptomancer","floor":45,"turns":5},{"damage":0,"enemies":"Nemesis","floor":46,"turns":5},{"damage":0,"enemies":"Spire Growth","floor":47,"turns":2},{"damage":0,"enemies":"Donu and Deca","floor":50,"turns":10}],"seed_played":"-8711296616264918756","potions_obtained":[{"floor":4,"key":"LiquidMemories"},{"floor":8,"key":"ColorlessPotion"},{"floor":11,"key":"DistilledChaos"},{"floor":16,"key":"ColorlessPotion"},{"floor":19,"key":"Energy Potion"},{"floor":33,"key":"GhostInAJar"},{"floor":41,"key":"PowerPotion"},{"floor":46,"key":"FearPotion"}],"is_trial":true,"path_per_floor":["M","?","?","M","M","R","R","E","T","R","E","R","M","$","R","B",null,"M","M","?","?","$","R","R","E","T","R","R","M","R","M","R","B",null,"M","$","?","M","M","R","E","R","T","R","E","E","M","?","R","B",null],"character_chosen":"THE_SILENT","items_purchased":["Omamori","Blur","Membership Card"],"campfire_rested":5,"item_purchase_floors":[22,22,36],"current_hp_per_floor":[70,70,70,70,70,70,70,77,77,77,79,79,81,81,81,83,83,85,87,87,92,92,92,92,94,94,94,94,96,96,98,98,58,100,102,102,104,106,108,108,110,110,110,110,112,114,116,118,118,118],"gold":236,"neow_bonus":"","is_daily":false,"chose_seed":false,"campfire_upgraded":10,"win_rate":0.0,"timestamp":1612748607,"path_taken":["M","?","?","M","M","R","R","E","T","R","E","R","?","$","R","BOSS","M","M","?","?","$","R","R","E","T","R","R","M","R","M","R","BOSS","M","$","?","M","M","R","E","R","T","R","E","E","M","?","R","BOSS"],"items_purchased_type":["Relic","Card","Relic"],"build_version":"2020-12-22","purchased_purges":2,"victory":true,"max_hp_per_floor":[70,70,70,70,70,70,70,77,77,77,79,79,81,81,81,83,83,85,87,87,92,92,92,92,94,94,94,94,96,96,98,98,100,100,102,102,104,106,108,108,110,110,110,110,112,114,116,118,118,118],"card_choices":[{"not_picked":["Deadly Poison","Quick Slash"],"picked":"Panacea","floor":1},{"not_picked":["PiercingWail","Sucker Punch","Acrobatics"],"picked":"SKIP","floor":4},{"not_picked":["Deadly Poison","Sucker Punch"],"picked":"Finesse","floor":5},{"not_picked":["Deflect","Panache","Poisoned Stab"],"picked":"SKIP","floor":8},{"not_picked":["Dodge and Roll","Impatience","Doppelganger"],"picked":"Singing Bowl","floor":11},{"not_picked":["Deflect","Slice","Quick Slash"],"picked":"Singing Bowl","floor":13},{"not_picked":["Phantasmal Killer","Night Terror","Panache"],"picked":"Singing Bowl","floor":16},{"not_picked":["Outmaneuver+1","Concentrate","Blade Dance+1"],"picked":"Singing Bowl","floor":18},{"not_picked":["Bane+1","Cloak And Dagger","Deadly Poison+1"],"picked":"Singing Bowl","floor":19},{"not_picked":["Footwork","Deadly Poison+1","Caltrops"],"picked":"Singing Bowl","floor":25},{"not_picked":["Blade Dance","Secret Technique","Dodge and Roll+1"],"picked":"Singing Bowl","floor":29},{"not_picked":["Outmaneuver","Poisoned Stab","Backflip+1"],"picked":"Singing Bowl","floor":31},{"not_picked":["Wraith Form v2","Burst","Magnetism"],"picked":"Singing Bowl","floor":33},{"not_picked":["Bane+1","Acrobatics+1","Flying Knee+1"],"picked":"Singing Bowl","floor":35},{"not_picked":["Cloak And Dagger","Bandage Up","Riddle With Holes+1"],"picked":"Singing Bowl","floor":37},{"not_picked":["Swift Strike","Accuracy","Blade Dance+1"],"picked":"Singing Bowl","floor":38},{"not_picked":["Backstab","Jack Of All Trades+1","Deadly Poison+1"],"picked":"Singing Bowl","floor":39},{"not_picked":["A Thousand Cuts","PiercingWail+1","Panacea+1"],"picked":"Singing Bowl","floor":41},{"not_picked":["Panacea","PiercingWail","Bandage Up"],"picked":"Singing Bowl","floor":45},{"not_picked":["Underhanded Strike+1","Dagger Throw+1","Poisoned Stab+1"],"picked":"Singing Bowl","floor":46},{"not_picked":["Deadly Poison+1","After Image","Backflip+1"],"picked":"Singing Bowl","floor":47},{"not_picked":["Dramatic Entrance+1","Forethought","Purity"],"picked":"Singing Bowl","floor":48}],"player_experience":3398816,"relics_obtained":[{"floor":8,"key":"Strawberry"},{"floor":9,"key":"Orichalcum"},{"floor":11,"key":"Singing Bowl"},{"floor":25,"key":"Smiling Mask"},{"floor":26,"key":"Darkstone Periapt"},{"floor":37,"key":"Thread and Needle"},{"floor":41,"key":"Ancient Tea Set"},{"floor":43,"key":"Molten Egg 2"},{"floor":45,"key":"Bottled Lightning"},{"floor":46,"key":"Oddly Smooth Stone"}],"event_choices":[{"damage_healed":0,"gold_gain":0,"player_choice":"Grow","damage_taken":0,"max_hp_gain":0,"max_hp_loss":0,"event_name":"Living Wall","floor":2,"gold_loss":0,"cards_upgraded":["Setup"]},{"cards_removed":["PiercingWail"],"damage_healed":0,"gold_gain":0,"player_choice":"Purged","damage_taken":0,"max_hp_gain":0,"max_hp_loss":0,"event_name":"Purifier","floor":3,"gold_loss":0},{"damage_healed":0,"gold_gain":0,"player_choice":"Fight","damage_taken":0,"max_hp_gain":0,"max_hp_loss":0,"event_name":"MindBloom","floor":37,"gold_loss":0},{"damage_healed":0,"gold_gain":0,"player_choice":"Memory 1","damage_taken":0,"max_hp_gain":0,"max_hp_loss":0,"event_name":"SensoryStone","floor":48,"gold_loss":0}],"is_beta":false,"boss_relics":[{"not_picked":["Empty Cage","SlaversCollar"],"picked":"SacredBark"},{"not_picked":["Snecko Eye","Runic Pyramid","Coffee Dripper"]}],"items_purged_floors":[14,36],"is_endless":false,"potions_floor_spawned":[4,8,11,16,19,33,38,41,46],"ascension_level":0}}