{"host":"vflj39ie5n27t074","time":1612757594,"event":{"mods":["BaseMod","BetterRewards","Bossed Relics","Colored Map","Colored Powertips","Downfall","Hero for Fun","Hubris","Infinite Spire","Marisa????????","Minty Spire (QoL Compilation)","Replay The Spire","SIMod","StSLib","The Jungle","The Mystic","The Poker Player","The Servant 0.9.4"],"gold_per_floor":[118,68,88,88,13,43,43,43,43,53,53,87,87,101,194,194,194],"floor_reached":16,"language":"ENG","playtime":440,"items_purged":["Defend_P"],"score":146,"play_id":"06178e1c-cc5a-4296-b131-8f4fefb59173","local_time":"20210207221314","is_ascension_mode":true,"campfire_choices":[{"data":"Eruption","floor":8,"key":"SMITH"},{"data":"Judgement","floor":13,"key":"SMITH"}],"circlet_count":0,"master_deck":["Strike_P","Strike_P","Strike_P","Defend_P","Defend_P","Defend_P","Eruption+1","Vigilance","PathToVictory","ClearTheMind+1","WheelKick","Judgement+1","FlurryOfBlows"],"relics":["PureWater","NeowsBlessing","Boot","Pear","Lantern"],"acts_visited":["Exordium"],"potions_floor_usage":[16],"damage_taken":[{"damage":0,"enemies":"2 Louse","floor":1,"turns":1},{"damage":0,"enemies":"Cultist","floor":3,"turns":1},{"damage":0,"enemies":"Gremlin Nob","floor":6,"turns":1},{"damage":8,"enemies":"Small Slimes","floor":10,"turns":2},{"damage":23,"enemies":"Lagavulin","floor":12,"turns":5},{"damage":0,"enemies":"Looter","floor":14,"turns":1},{"damage":57,"enemies":"Slime Boss","floor":16,"turns":7}],"seed_played":"-1792412741475652915","potions_obtained":[{"floor":6,"key":"sneckomod:MuddlingPotion"},{"floor":12,"key":"Ancient Potion"},{"floor":14,"key":"Energy Potion"}],"is_trial":false,"path_per_floor":["M","?","M","?","$","E","$","R","T","M","?","E","R","M","R_BF","B"],"character_chosen":"WATCHER","items_purchased":[],"campfire_rested":0,"item_purchase_floors":[],"current_hp_per_floor":[72,72,72,72,72,72,72,72,82,74,74,51,51,51,51,0,0],"gold":194,"neow_bonus":"THREE_ENEMY_KILL","is_daily":false,"chose_seed":false,"campfire_upgraded":2,"win_rate":0.0,"timestamp":1612757594,"path_taken":["M","?","M","?","$","E","$","R","T","?","?","E","R","M","R_BF","BOSS"],"items_purchased_type":[],"build_version":"2020-12-22","purchased_purges":1,"victory":false,"max_hp_per_floor":[72,72,72,72,72,72,72,72,82,82,82,82,82,82,82,82,82],"card_choices":[{"not_picked":["JustLucky","Replay:ManipulateFuture"],"picked":"PathToVictory","floor":1},{"not_picked":["CarveReality","Replay:BluntJabs"],"picked":"ClearTheMind","floor":3},{"not_picked":["FlyingSleeves","Prostrate"],"picked":"WheelKick","floor":6},{"not_picked":["Consecrate","JustLucky","EmptyFist"],"picked":"SKIP","floor":10},{"not_picked":["Protect","CutThroughFate"],"picked":"Judgement","floor":12},{"not_picked":["ThirdEye","FollowUp"],"picked":"FlurryOfBlows","floor":14}],"player_experience":91430,"relics_obtained":[{"floor":6,"key":"Boot"},{"floor":9,"key":"Pear"},{"floor":12,"key":"Lantern"}],"event_choices":[{"cards_removed":["Strike_P"],"damage_healed":0,"gold_gain":0,"player_choice":"Card Removal","damage_taken":0,"max_hp_gain":0,"max_hp_loss":0,"event_name":"The Cleric","floor":2,"gold_loss":50},{"damage_healed":0,"gold_gain":0,"player_choice":"0 cards matched","damage_taken":0,"max_hp_gain":0,"max_hp_loss":0,"event_name":"Match and Keep!","floor":4,"gold_loss":0,"cards_obtained":[]}],"is_beta":false,"boss_relics":[],"items_purged_floors":[5],"is_endless":false,"potions_floor_spawned":[6,12,14],"killed_by":"Slime Boss","ascension_level":2}}