{"host":"xu4bnwtq7hv5gr1m","time":1612769336,"event":{"mods":["Act Like it!","Aspiration","BaseMod","Conspire","Gensokyo","Hallownest","Hubris","Lobotomy","LobotomyExtend","Marked Mod","Minty Spire (QoL Compilation)","Replay The Spire","StSLib","¡¾ÒÅÎï¿¨ÅÆ¡¿REMEMod"],"gold_per_floor":[118,118,118,135,145,145,177,177,177,188,188,205,205,215,215,313,313,332,357,357,357,70,70,104,120,146,158,158,185,205,205,205,302,302,312,404,404,404,626,670,670,683,707,719,748,748,516,536,536,536],"floor_reached":51,"language":"ZHS","playtime":2905,"items_purged":["Impervious+1"],"score":840,"play_id":"da9efbe5-a4c3-46e0-8ab2-a3d6d04f02be","local_time":"20210208152856","is_ascension_mode":false,"campfire_choices":[{"data":"conspire:Purge","floor":6,"key":"SMITH"},{"floor":8,"key":"REST"},{"data":"Sword Boomerang","floor":13,"key":"SMITH"},{"data":"Impervious","floor":15,"key":"SMITH"},{"floor":23,"key":"REST"},{"floor":28,"key":"REST"},{"floor":32,"key":"RECALL"},{"floor":41,"key":"REST"},{"floor":46,"key":"REST"},{"floor":49,"key":"REST"}],"circlet_count":0,"master_deck":["BlueStar","BigBird","ApocalypseBird","PunishingBird","LongBird","BodiesMountain","CENSORED","OSAHOGD","Pommel Strike+1","MHz","CrumblingArmor","Sword Boomerang+1","Thunderclap+1","Sword Boomerang+1","REME_Cut+1","Replay:Undeath\u0027s Touch+1","Whirlwind+1"],"relics":["Burning Blood","REME_ComplimentaryCards","CogitoBucket","RabbitCall","LetterFromLob","Self Forming Clay","hubris:DuctTape","Replay:Bottled Eggs","hubris:SphereOfDissonance","AspirationHeart","CENSORED_r","Runic Pyramid","Red Mask","Moonlight_r","hubris:Zylophone","Justitia_r","Amita_r","SkinProphecy","Strawberry","TheSmile_r","MealTicket","Twilight","WantedRequest","Lamp_r","aspiration:WatcherSkillbook","AtMidnight","ChangeAnything","CeramicFish","Ice Cream","hubris:TenFootPole","SoundOfStar_r"],"acts_visited":["Exordium","TheCity","TheBeyond"],"potions_floor_usage":[12,24,25,33,40,50,51,51,51,51,51],"damage_taken":[{"damage":8,"enemies":"2 Louse","floor":1,"turns":2},{"damage":6,"enemies":"Cultist","floor":4,"turns":4},{"damage":8,"enemies":"Small Slimes","floor":5,"turns":3},{"damage":33,"enemies":"Replay:BlueRogue","floor":7,"turns":6},{"damage":5,"enemies":"Blue Slaver","floor":10,"turns":3},{"damage":5,"enemies":"Looter","floor":12,"turns":4},{"damage":16,"enemies":"2 Fungi Beasts","floor":14,"turns":3},{"damage":72,"enemies":"Fading Forest","floor":16,"turns":9},{"damage":31,"enemies":"2 Thieves","floor":18,"turns":3},{"damage":20,"enemies":"Masked Bandits","floor":19,"turns":3},{"damage":21,"enemies":"Replay:Snechameleon","floor":24,"turns":3},{"damage":35,"enemies":"Spheric Guardian","floor":25,"turns":5},{"damage":0,"enemies":"3 Cultists","floor":27,"turns":3},{"damage":18,"enemies":"Book of Stabbing","floor":29,"turns":3},{"damage":1,"enemies":"Snake Plant","floor":30,"turns":2},{"damage":32,"enemies":"conspire:HollyBat","floor":31,"turns":4},{"damage":43,"enemies":"conspire:MysteriousRune","floor":33,"turns":5},{"damage":0,"enemies":"3 Darklings","floor":35,"turns":1},{"damage":19,"enemies":"R_Hoarder","floor":40,"turns":6},{"damage":6,"enemies":"3 Shapes","floor":42,"turns":2},{"damage":6,"enemies":"Writhing Mass","floor":44,"turns":3},{"damage":3,"enemies":"Transient","floor":45,"turns":4},{"damage":0,"enemies":"Maw","floor":48,"turns":2},{"damage":69,"enemies":"hubris:GrandSnecko","floor":50,"turns":6},{"damage":60,"enemies":"Malkuth","floor":51,"turns":3},{"damage":52,"enemies":"Netzach","floor":51,"turns":3},{"damage":89,"enemies":"Chesed","floor":51,"turns":3},{"damage":139,"enemies":"Hokma","floor":51,"turns":5}],"seed_played":"875861739401317182","potions_obtained":[{"floor":7,"key":"ColorlessPotion"},{"floor":14,"key":"PowerPotion"},{"floor":18,"key":"EssenceOfSteel"},{"floor":19,"key":"Regen Potion"},{"floor":25,"key":"Regen Potion"},{"floor":31,"key":"Energy Potion"},{"floor":35,"key":"DistilledChaos"},{"floor":36,"key":"EntropicBrew"},{"floor":48,"key":"BlessingOfTheForge"}],"is_trial":false,"path_per_floor":["M","?","?","M","M","R","E","R","T","M","T","M","R","M","R","B",null,"M","?","$","M","$","R","E","M","T","M","R","E","M","M","R","B",null,"M","?","?","?","?","E","R","M","T","M","M","R","$","M","R","B",null],"character_chosen":"IRONCLAD","items_purchased":["hubris:Zylophone","hubris:TenFootPole"],"campfire_rested":6,"item_purchase_floors":[22,47],"current_hp_per_floor":[78,83,76,76,74,74,47,72,72,73,73,84,84,74,74,18,95,82,95,95,39,39,67,69,76,83,108,108,104,114,120,120,125,128,128,95,95,95,95,130,131,136,136,139,142,142,142,145,145,127],"gold":536,"neow_bonus":"","is_daily":false,"chose_seed":false,"campfire_upgraded":3,"win_rate":0.0,"timestamp":1612769336,"path_taken":["M","?","?","M","M","R","E","R","T","M","?","?","R","M","R","BOSS","M","?","$","M","$","R","E","M","T","M","R","E","M","M","R","BOSS","M","?","?","?","?","E","R","M","T","M","M","R","$","M","R","BOSS"],"items_purchased_type":["Relic","Relic"],"build_version":"2020-12-22","purchased_purges":1,"victory":true,"max_hp_per_floor":[80,85,85,85,85,85,85,85,85,85,85,95,95,95,95,95,95,95,95,95,95,95,95,95,95,102,108,108,111,114,123,123,128,128,133,133,133,126,126,131,131,136,136,139,142,142,142,145,145,152],"card_choices":[{"not_picked":["Wellcheers","PunishingBird"],"picked":"OSAHOGD","floor":1},{"not_picked":["Body Slam","Perfected Strike","Massacre"],"picked":"SKIP","floor":1},{"not_picked":["ReplayTheSpireMod:Muscle Training","Shrug It Off"],"picked":"Pommel Strike","floor":4},{"not_picked":["Wellcheers","ShyLook"],"picked":"MHz","floor":4},{"not_picked":["Pommel Strike","Cleave"],"picked":"Power Through","floor":5},{"not_picked":["MeatLantern","PunishingBird","SpiderBud"],"picked":"Singing Bowl","floor":5},{"not_picked":["Sever Soul","Body Slam"],"picked":"Impervious","floor":7},{"not_picked":["ShyLook","CherryBlossoms"],"picked":"CrumblingArmor","floor":7},{"not_picked":["Murderer","HeroicMonk","WhiteNight"],"picked":"Singing Bowl","floor":10},{"not_picked":["HeroicMonk","WhitesApple"],"picked":"OldLady","floor":10},{"not_picked":["Perfected Strike","Rage","ReplayTheSpireMod:Stacked"],"picked":"SKIP","floor":10},{"not_picked":["Flex","Warcry"],"picked":"Sword Boomerang","floor":12},{"not_picked":["MeatLantern","DreamingCurrent","WallGazer"],"picked":"Singing Bowl","floor":12},{"not_picked":["Disarm","Armaments"],"picked":"Thunderclap","floor":14},{"not_picked":["UniverseFragment","MeatLantern"],"picked":"CENSORED","floor":14},{"not_picked":["Replay:Many Hands","conspire:HitWhereItHurts"],"picked":"Limit Break","floor":16},{"not_picked":["WallGazer","Murderer","Porccubus"],"picked":"Singing Bowl","floor":16},{"not_picked":["RedShoes","ShyLook"],"picked":"Murderer","floor":16},{"not_picked":["Freischutz","Scorched","NakedNest"],"picked":"Singing Bowl","floor":18},{"not_picked":["Inflame","Sentinel+1","Perfected Strike"],"picked":"SKIP","floor":18},{"not_picked":["ReplayTheSpireMod:Stacked","Corruption"],"picked":"Sword Boomerang","floor":19},{"not_picked":["Bloodbath","Yin","FieryBird"],"picked":"Singing Bowl","floor":19},{"not_picked":["Scorched","Bloodbath"],"picked":"LongBird","floor":19},{"not_picked":["LittleHelper","UniverseFragment","WhiteNight"],"picked":"Singing Bowl","floor":24},{"not_picked":["hubris:ReadiedAction+1","Replay:Undeath\u0027s Touch","Inflame"],"picked":"SKIP","floor":24},{"not_picked":["UniverseFragment","QueenBee","OldLady"],"picked":"Singing Bowl","floor":25},{"not_picked":["Woodsman","Freischutz"],"picked":"BodiesMountain","floor":25},{"not_picked":["Carnage","Body Slam","REME_Scribble"],"picked":"SKIP","floor":25},{"not_picked":["UniverseFragment","MeatLantern"],"picked":"PunishingBird","floor":27},{"not_picked":["REME_ACTH","Fire Breathing","ReplayTheSpireMod:Strike From Hell"],"picked":"SKIP","floor":27},{"not_picked":["Scorched","QueenBee","DreamingCurrent"],"picked":"Singing Bowl","floor":29},{"not_picked":["Shrug It Off","Twin Strike","Life Link"],"picked":"SKIP","floor":29},{"not_picked":["UniverseFragment","SpiderBud"],"picked":"BigBird","floor":30},{"not_picked":["Pommel Strike","Clash","REME_FearOfPain"],"picked":"SKIP","floor":30},{"not_picked":["GalaxyChild","VoidDream"],"picked":"Mercenary","floor":31},{"not_picked":["FairyFestival","GreedKing"],"picked":"QueenOfHatred","floor":33},{"not_picked":["LaLuna","RedShoes","WallGazer"],"picked":"Singing Bowl","floor":35},{"not_picked":["Protect+1","Shrug It Off","Pommel Strike","MarkedMod:FirstStrike"],"picked":"SKIP","floor":35},{"not_picked":["SashWhip+1","FlyingSleeves","Burning Pact+1"],"picked":"REME_Cut+1","floor":36},{"not_picked":["PathToVictory","Consecrate+1","SashWhip+1"],"picked":"Replay:Undeath\u0027s Touch+1","floor":36},{"not_picked":["Laetitia","Rudolta"],"picked":"BlueStar","floor":40},{"not_picked":["Replay:Cycle","Heavy Blade","Infernal Blade","Pommel Strike"],"picked":"SKIP","floor":40},{"not_picked":["Laetitia","SpiderBud","Bloodbath"],"picked":"Singing Bowl","floor":42},{"not_picked":["Body Slam+1","Eclipse","Evaluate+1","MentalFortress"],"picked":"SKIP","floor":42},{"not_picked":["FieryBird","OldLady","DespairKnight"],"picked":"Singing Bowl","floor":44},{"not_picked":["ThirdEye+1","Study","Havoc","WreathOfFlame"],"picked":"SKIP","floor":44},{"not_picked":["JustLucky","Defy Death","Sever Soul+1"],"picked":"Whirlwind+1","floor":45},{"not_picked":["WhitesApple","BlackSwan","FieryBird"],"picked":"Singing Bowl","floor":45},{"not_picked":["LaLuna","RedShoes","FieryBird"],"picked":"Singing Bowl","floor":48},{"not_picked":["ReplayTheSpireMod:Corrosion Curse+1","Replay:AllIn","Defy Death","Evaluate+1"],"picked":"SKIP","floor":48}],"player_experience":755805,"relics_obtained":[{"floor":1,"key":"LetterFromLob"},{"floor":7,"key":"hubris:DuctTape"},{"floor":9,"key":"Replay:Bottled Eggs"},{"floor":11,"key":"hubris:SphereOfDissonance"},{"floor":19,"key":"Red Mask"},{"floor":26,"key":"Strawberry"},{"floor":29,"key":"MealTicket"},{"floor":31,"key":"Twilight"},{"floor":35,"key":"AtMidnight"},{"floor":36,"key":"CeramicFish"},{"floor":40,"key":"Ice Cream"}],"event_choices":[{"damage_healed":0,"gold_gain":0,"player_choice":"Donut","damage_taken":0,"max_hp_gain":5,"max_hp_loss":0,"event_name":"Big Fish","floor":2,"gold_loss":0},{"damage_healed":0,"gold_gain":0,"player_choice":"Success","damage_taken":7,"relics_obtained":["Self Forming Clay"],"max_hp_gain":0,"max_hp_loss":0,"event_name":"Scrap Ooze","floor":3,"gold_loss":0},{"damage_healed":0,"gold_gain":0,"player_choice":"Fought Bandits","damage_taken":0,"max_hp_gain":0,"max_hp_loss":0,"event_name":"Masked Bandits","floor":19,"gold_loss":0},{"damage_healed":0,"gold_gain":0,"player_choice":"Leave","damage_taken":0,"max_hp_gain":0,"max_hp_loss":0,"event_name":"conspire:Investor","floor":37,"gold_loss":0},{"damage_healed":0,"gold_gain":0,"player_choice":"Max HP","damage_taken":0,"max_hp_gain":0,"max_hp_loss":7,"event_name":"Winding Halls","floor":38,"gold_loss":0},{"damage_healed":0,"gold_gain":222,"player_choice":"Wore Mask","damage_taken":0,"max_hp_gain":0,"max_hp_loss":0,"event_name":"Tomb of Lord Red Mask","floor":39,"gold_loss":0}],"is_beta":false,"boss_relics":[{"not_picked":["ChewingGum","hubris:Stopwatch"],"picked":"Runic Pyramid"},{"not_picked":["Runic Dome","Empty Cage"],"picked":"aspiration:WatcherSkillbook"}],"items_purged_floors":[47],"is_endless":false,"potions_floor_spawned":[7,14,18,19,25,31,35,48],"ascension_level":0}}