{"host":"8zow35rkxv448q2r","time":1612806034,"event":{"mods":["AchievementEnabler","BaseMod","Colored Map","Colored Powertips","Minty Spire (QoL Compilation)","Relic Stats"],"gold_per_floor":[111,123,99249,99249,99249,99284,99284,99301,99301,99301,99314,99332,99359,84249,84249,84363,84444,84465,84065,84087,83727,83727,83761,74296,74296,74296,74321,74337,74437,74437,74452,74452,74559,74559,74573,74309,74309,74320,74035,74072,74072,74294,74294,74346,74381,74090,74123,74150,74150,74150,74150,74150,73785,73815,73815],"floor_reached":56,"language":"ENG","playtime":2969,"items_purged":["Fire Breathing+1","Inflame","Evolve+1","Heavy Blade","Exhume+1","Anger","Thunderclap","Heavy Blade+1"],"score":2305,"play_id":"8e10b741-4312-4f3f-8ac1-dc8d3ecb44b4","local_time":"20210208124034","is_ascension_mode":true,"campfire_choices":[{"floor":7.0,"key":"REST"},{"data":"Rupture","floor":10.0,"key":"SMITH"},{"data":"Combust","floor":15.0,"key":"SMITH"},{"floor":25,"key":"RECALL"},{"data":"Bash","floor":32,"key":"SMITH"},{"data":"Apotheosis+1","floor":41,"key":"PURGE"},{"floor":49,"key":"DIG"},{"floor":52,"key":"DIG"}],"circlet_count":43,"master_deck":["AscendersBane","Bash+1","Rupture+1","Bludgeon+1","Combust+1","Flame Barrier+1","Twin Strike+1","Reaper+1","Seeing Red+1","Limit Break+1","Uppercut+1","Perfected Strike+1","Heavy Blade+1","Combust+1","Inflame+1","Bloodletting+1","Impervious+1","Mayhem+1","Heavy Blade+1","Berserk+1","Demon Form+1","Limit Break+1","Whirlwind+1"],"relics":["Burning Blood","Darkstone Periapt","Self Forming Clay","HandDrill","Bottled Tornado","The Courier","Lizard Tail","Medical Kit","Molten Egg 2","Meat on the Bone","Bag of Preparation","Ancient Tea Set","Tiny Chest","Peace Pipe","Toy Ornithopter","Sundial","Pantograph","Whetstone","Potion Belt","Blood Vial","Bronze Scales","Kunai","Blue Candle","Toxic Egg 2","HornCleat","White Beast Statue","CeramicFish","Art of War","MealTicket","Bottled Flame","Gremlin Horn","Ginger","Pear","Red Skull","Magic Flower","Singing Bowl","Eternal Feather","Regal Pillow","Bag of Marbles","Torii","Calipers","InkBottle","Paper Frog","StoneCalendar","Omamori","Ornamental Fan","Shovel","FossilizedHelix","Oddly Smooth Stone","Shuriken","StrikeDummy","Matryoshka","Vajra","Dream Catcher","PreservedInsect","Question Card","Mercury Hourglass","Happy Flower","Akabeko","Lantern","Nunchaku","Mummified Hand","Juzu Bracelet","Frozen Egg 2","Orichalcum","Boot","Letter Opener","Strawberry","War Paint","Dead Branch","Anchor","WingedGreaves","Unceasing Top","CaptainsWheel","Pen Nib","Du-Vu Doll","Turnip","TungstenRod","Ice Cream","Incense Burner","Champion Belt","Pocketwatch","Mango","Prayer Wheel","Thread and Needle","Charon\u0027s Ashes","Bird Faced Urn","Gambling Chip","Pandora\u0027s Box","Brimstone","Strange Spoon","MutagenicStrength","Circlet","Chemical X","Red Mask","Fusion Hammer","Sling","Toolbox","DollysMirror","OrangePellets"],"acts_visited":["Exordium","TheCity","TheBeyond","TheEnding"],"potions_floor_usage":[],"damage_taken":[{"damage":15.0,"enemies":"Cultist","floor":1.0,"turns":5.0},{"damage":3.0,"enemies":"Small Slimes","floor":2.0,"turns":3.0},{"damage":28.0,"enemies":"Gremlin Nob","floor":6.0,"turns":4.0},{"damage":10.0,"enemies":"2 Louse","floor":8.0,"turns":3.0},{"damage":20.0,"enemies":"Large Slime","floor":11.0,"turns":4.0},{"damage":7.0,"enemies":"Exordium Wildlife","floor":12.0,"turns":3.0},{"damage":22.0,"enemies":"3 Sentries","floor":13.0,"turns":4.0},{"damage":0.0,"enemies":"Hexaghost","floor":16.0,"turns":3.0},{"damage":0.0,"enemies":"Spheric Guardian","floor":18.0,"turns":1.0},{"damage":0,"enemies":"Chosen","floor":20,"turns":1},{"damage":0,"enemies":"Slavers","floor":23,"turns":1},{"damage":0,"enemies":"Masked Bandits","floor":27,"turns":1},{"damage":0,"enemies":"Snake Plant","floor":28,"turns":1},{"damage":0,"enemies":"Colosseum Slavers","floor":29,"turns":1},{"damage":0,"enemies":"Colosseum Nobs","floor":29,"turns":2},{"damage":0,"enemies":"Snecko","floor":31,"turns":1},{"damage":0,"enemies":"Champ","floor":33,"turns":1},{"damage":0,"enemies":"Orb Walker","floor":35,"turns":1},{"damage":0,"enemies":"3 Shapes","floor":38,"turns":1},{"damage":0,"enemies":"Giant Head","floor":40,"turns":1},{"damage":0,"enemies":"2 Orb Walkers","floor":44,"turns":1},{"damage":0,"enemies":"Nemesis","floor":45,"turns":1},{"damage":0,"enemies":"Sphere and 2 Shapes","floor":47,"turns":1},{"damage":2,"enemies":"Donu and Deca","floor":50,"turns":2},{"damage":0,"enemies":"Shield and Spear","floor":54,"turns":1},{"damage":8,"enemies":"The Heart","floor":55,"turns":3}],"seed_played":"-3886664043285344095","potions_obtained":[{"floor":1.0,"key":"Regen Potion"},{"floor":8.0,"key":"Fire Potion"},{"floor":12.0,"key":"GamblersBrew"},{"floor":13.0,"key":"PowerPotion"},{"floor":18,"key":"PowerPotion"}],"is_trial":false,"path_per_floor":["M","M","$","?","?","E","R","M","T","R","M","M","E","$","R","B",null,"M","$","M","$","?","E","$","R","T","?","M","?","T","M","R","B",null,"M","$","?","M","$","E","R","?","T","?","E","$","M","T","R","B",null,"R","$","E","B",null],"character_chosen":"IRONCLAD","items_purchased":["Bludgeon","FairyPotion","Darkstone Periapt","Self Forming Clay","HandDrill","Medical Kit","Molten Egg 2","Meat on the Bone","Bag of Preparation","Ancient Tea Set","Tiny Chest","Peace Pipe","Toy Ornithopter","Sundial","Pantograph","Inflame","Whetstone","Potion Belt","Blood Vial","Bronze Scales","Kunai","Blue Candle","Toxic Egg 2","Apotheosis+1","HornCleat","White Beast Statue","CeramicFish","Art of War","MealTicket","Bottled Flame","Gremlin Horn","Ginger","Pear","Red Skull","Magic Flower","Singing Bowl","Eternal Feather","Regal Pillow","Bag of Marbles","Torii","Calipers","InkBottle","Paper Frog","StoneCalendar","Omamori","Ornamental Fan","Shovel","FossilizedHelix","Oddly Smooth Stone","Shuriken","StrikeDummy","Matryoshka","Vajra","Dream Catcher","PreservedInsect","Question Card","Mercury Hourglass","Happy Flower","Akabeko","Lantern","Nunchaku","Mummified Hand","Juzu Bracelet","Frozen Egg 2","Orichalcum","Boot","Letter Opener","Strawberry","War Paint","Dead Branch","Anchor","WingedGreaves","Unceasing Top","CaptainsWheel","Pen Nib","Du-Vu Doll","Turnip","TungstenRod","Ice Cream","Incense Burner","Champion Belt","Pocketwatch","Mango","Prayer Wheel","Thread and Needle","Charon\u0027s Ashes","Bird Faced Urn","Gambling Chip","Twin Strike+1","Fire Breathing+1","Brimstone","DistilledChaos","Regen Potion","FairyPotion","Strange Spoon","Mayhem+1","Chemical X","Circlet","Heavy Blade+1","Circlet","Circlet","Circlet","Circlet","Circlet","Circlet","Circlet","Circlet","Circlet","Circlet","Circlet","Circlet","Circlet","Circlet","Circlet","Circlet","Circlet","Circlet","Circlet","Circlet","Circlet","Circlet","Circlet","Circlet","Circlet","Circlet","Circlet","Circlet","Sling","Toolbox","DollysMirror","OrangePellets","Whirlwind+1"],"campfire_rested":1,"item_purchase_floors":[3,3,3,3,3,14,14,14,14,14,14,14,14,14,14,14,14,14,14,14,14,14,14,14,14,14,14,14,14,14,14,14,14,14,14,14,14,14,14,14,14,14,14,14,14,14,14,14,14,14,14,14,14,14,14,14,14,14,14,14,14,14,14,14,14,14,14,14,14,14,14,14,14,14,14,14,14,14,14,14,14,14,14,14,14,14,14,14,14,14,19,19,19,19,21,21,24,24,24,24,24,24,24,24,24,24,24,24,24,24,24,24,24,24,24,24,24,24,24,24,24,24,24,24,24,24,24,36,39,46,53,53],"current_hp_per_floor":[71,74,74,74,74,57,83,79,79,79,65,64,48,79,91,119,119,121,121,123,123,123,123,123,123,123,125,129,131,131,135,135,135,135,139,139,141,145,145,145,145,145,145,147,149,149,153,153,153,153,153,153,153,155,155],"gold":73815,"neow_bonus":"TEN_PERCENT_HP_BONUS","is_daily":false,"chose_seed":false,"campfire_upgraded":3,"win_rate":0.0,"timestamp":1612806034,"path_taken":["M","M","$","?","?","E","R","M","T","R","M","M","E","$","R","BOSS","M","$","M","$","?","E","$","R","T","?","M","?","?","M","R","BOSS","M","$","?","M","$","E","R","?","T","?","E","$","M","?","R","BOSS","R","$","E","BOSS"],"items_purchased_type":["Card","Potion","Relic","Relic","Relic","Relic","Relic","Relic","Relic","Relic","Relic","Relic","Relic","Relic","Relic","Card","Relic","Relic","Relic","Relic","Relic","Relic","Relic","Card","Relic","Relic","Relic","Relic","Relic","Relic","Relic","Relic","Relic","Relic","Relic","Relic","Relic","Relic","Relic","Relic","Relic","Relic","Relic","Relic","Relic","Relic","Relic","Relic","Relic","Relic","Relic","Relic","Relic","Relic","Relic","Relic","Relic","Relic","Relic","Relic","Relic","Relic","Relic","Relic","Relic","Relic","Relic","Relic","Relic","Relic","Relic","Relic","Relic","Relic","Relic","Relic","Relic","Relic","Relic","Relic","Relic","Relic","Relic","Relic","Relic","Relic","Relic","Relic","Card","Card","Relic","Potion","Potion","Potion","Relic","Card","Relic","Undefined","Card","Undefined","Undefined","Undefined","Undefined","Undefined","Undefined","Undefined","Undefined","Undefined","Undefined","Undefined","Undefined","Undefined","Undefined","Undefined","Undefined","Undefined","Undefined","Undefined","Undefined","Undefined","Undefined","Undefined","Undefined","Undefined","Undefined","Undefined","Undefined","Relic","Relic","Relic","Relic","Card"],"build_version":"2020-12-22","purchased_purges":8,"victory":true,"max_hp_per_floor":[88,88,88,88,88,88,88,88,88,88,88,88,88,119,119,119,119,121,121,123,123,123,123,123,123,123,125,129,131,131,135,135,135,135,139,139,141,145,145,145,145,145,145,147,149,149,153,153,153,153,153,153,153,155,155],"relic_stats":{"Gremlin Horn":[13,13],"CeramicFish":189,"Whetstone":["Strike_R","Bludgeon"],"Ginger":[2],"Boot":[4],"Blood Vial":3,"Lizard Tail":0,"Sundial":[0],"MealTicket":0,"Prayer Wheel":8,"HandDrill":[6],"Kunai":[13],"Happy Flower":[8],"counters":[26,51],"Blue Candle":[0],"Dead Branch":[16],"Eternal Feather":12,"Pen Nib":[6],"Charon\u0027s Ashes":[39],"Letter Opener":[16],"War Paint":["Flame Barrier","Defend_R"],"Question Card":26,"OrangePellets":[4],"Shuriken":[13],"Bronze Scales":[31],"Bird Faced Urn":[8],"Pandora\u0027s Box":["Seeing Red","Exhume","Limit Break","Uppercut","Perfected Strike","Evolve","Heavy Blade","Combust","Inflame"],"obtain_stats":[{"Whetstone":14,"Ginger":14,"Bottled Tornado":6,"Boot":14,"Sling":36,"Blood Vial":14,"Sundial":14,"MealTicket":14,"Fusion Hammer":34,"HandDrill":3,"Kunai":14,"Pear":14,"Blue Candle":14,"Eternal Feather":14,"Pen Nib":14,"Akabeko":14,"Bird Faced Urn":14,"MutagenicStrength":22,"Pandora\u0027s Box":17,"StrikeDummy":14,"Unceasing Top":14,"Regal Pillow":14,"Lantern":14,"Singing Bowl":14,"Torii":14,"Magic Flower":14,"StoneCalendar":14,"Bag of Preparation":14,"Ancient Tea Set":14,"Burning Blood":0,"Shovel":14,"Matryoshka":14,"Toolbox":39,"WingedGreaves":14,"Chemical X":24,"InkBottle":14,"Paper Frog":14,"Potion Belt":14,"Self Forming Clay":3,"Circlet":23,"Thread and Needle":14,"The Courier":9,"PreservedInsect":14,"Omamori":14,"Frozen Egg 2":14,"Ornamental Fan":14,"Turnip":14,"Art of War":14,"Champion Belt":14,"Toy Ornithopter":14,"Ice Cream":14,"Calipers":14,"Gremlin Horn":14,"CeramicFish":14,"Vajra":14,"Lizard Tail":13,"HornCleat":14,"DollysMirror":46,"Strawberry":14,"Prayer Wheel":14,"Toxic Egg 2":14,"Happy Flower":14,"Dead Branch":14,"Oddly Smooth Stone":14,"Charon\u0027s Ashes":14,"Letter Opener":14,"War Paint":14,"Question Card":14,"Du-Vu Doll":14,"OrangePellets":53,"Bottled Flame":14,"Shuriken":14,"Brimstone":19,"Bronze Scales":14,"Molten Egg 2":14,"Meat on the Bone":14,"Pocketwatch":14,"Darkstone Periapt":3,"Mango":14,"Juzu Bracelet":14,"Incense Burner":14,"Dream Catcher":14,"Nunchaku":14,"Mummified Hand":14,"Pantograph":14,"Gambling Chip":14,"Tiny Chest":14,"Red Mask":27,"Red Skull":14,"Orichalcum":14,"Medical Kit":14,"White Beast Statue":14,"Mercury Hourglass":14,"Peace Pipe":14,"Strange Spoon":21,"Anchor":14,"CaptainsWheel":14,"Bag of Marbles":14,"FossilizedHelix":14,"TungstenRod":14},{"Whetstone":7,"Ginger":7,"Bottled Tornado":3,"Boot":7,"Sling":18,"Blood Vial":7,"Sundial":7,"MealTicket":7,"Fusion Hammer":17,"HandDrill":2,"Kunai":7,"Pear":7,"Blue Candle":7,"Eternal Feather":7,"Pen Nib":7,"Akabeko":7,"Bird Faced Urn":7,"MutagenicStrength":10,"Pandora\u0027s Box":8,"StrikeDummy":7,"Unceasing Top":7,"Regal Pillow":7,"Lantern":7,"Singing Bowl":7,"Torii":7,"Magic Flower":7,"StoneCalendar":7,"Bag of Preparation":7,"Ancient Tea Set":7,"Burning Blood":0,"Shovel":7,"Matryoshka":7,"Toolbox":19,"WingedGreaves":7,"Chemical X":11,"InkBottle":7,"Paper Frog":7,"Potion Belt":7,"Self Forming Clay":2,"Circlet":11,"Thread and Needle":7,"The Courier":4,"PreservedInsect":7,"Omamori":7,"Frozen Egg 2":7,"Ornamental Fan":7,"Turnip":7,"Art of War":7,"Champion Belt":7,"Toy Ornithopter":7,"Ice Cream":7,"Calipers":7,"Gremlin Horn":7,"CeramicFish":7,"Vajra":7,"Lizard Tail":7,"HornCleat":7,"DollysMirror":22,"Strawberry":7,"Prayer Wheel":7,"Toxic Egg 2":7,"Happy Flower":7,"Dead Branch":7,"Oddly Smooth Stone":7,"Charon\u0027s Ashes":7,"Letter Opener":7,"War Paint":7,"Question Card":7,"Du-Vu Doll":7,"OrangePellets":24,"Bottled Flame":7,"Shuriken":7,"Brimstone":9,"Bronze Scales":7,"Molten Egg 2":7,"Meat on the Bone":7,"Pocketwatch":7,"Darkstone Periapt":2,"Mango":7,"Juzu Bracelet":7,"Incense Burner":7,"Dream Catcher":7,"Nunchaku":7,"Mummified Hand":7,"Pantograph":7,"Gambling Chip":7,"Tiny Chest":7,"Red Mask":12,"Red Skull":7,"Orichalcum":7,"Medical Kit":7,"White Beast Statue":7,"Mercury Hourglass":7,"Peace Pipe":7,"Strange Spoon":10,"Anchor":7,"CaptainsWheel":7,"Bag of Marbles":7,"FossilizedHelix":7,"TungstenRod":7},{"Whetstone":26,"Ginger":26,"Bottled Tornado":12,"Boot":26,"Sling":40,"Blood Vial":26,"Sundial":26,"MealTicket":26,"Fusion Hammer":39,"HandDrill":8,"Kunai":26,"Pear":26,"Blue Candle":26,"Eternal Feather":26,"Pen Nib":26,"Akabeko":26,"Bird Faced Urn":26,"MutagenicStrength":31,"Pandora\u0027s Box":29,"StrikeDummy":26,"Unceasing Top":26,"Regal Pillow":26,"Lantern":26,"Singing Bowl":26,"Torii":26,"Magic Flower":26,"StoneCalendar":26,"Bag of Preparation":26,"Ancient Tea Set":26,"Burning Blood":0,"Shovel":26,"Matryoshka":26,"Toolbox":41,"WingedGreaves":26,"Chemical X":32,"InkBottle":26,"Paper Frog":26,"Potion Belt":26,"Self Forming Clay":8,"Circlet":32,"Thread and Needle":26,"The Courier":15,"PreservedInsect":26,"Omamori":26,"Frozen Egg 2":26,"Ornamental Fan":26,"Turnip":26,"Art of War":26,"Champion Belt":26,"Toy Ornithopter":26,"Ice Cream":26,"Calipers":26,"Gremlin Horn":26,"CeramicFish":26,"Vajra":26,"Lizard Tail":26,"HornCleat":26,"DollysMirror":44,"Strawberry":26,"Prayer Wheel":26,"Toxic Egg 2":26,"Happy Flower":26,"Dead Branch":26,"Oddly Smooth Stone":26,"Charon\u0027s Ashes":26,"Letter Opener":26,"War Paint":26,"Question Card":26,"Du-Vu Doll":26,"OrangePellets":47,"Bottled Flame":26,"Shuriken":26,"Brimstone":30,"Bronze Scales":26,"Molten Egg 2":26,"Meat on the Bone":26,"Pocketwatch":26,"Darkstone Periapt":8,"Mango":26,"Juzu Bracelet":26,"Incense Burner":26,"Dream Catcher":26,"Nunchaku":26,"Mummified Hand":26,"Pantograph":26,"Gambling Chip":26,"Tiny Chest":26,"Red Mask":33,"Red Skull":26,"Orichalcum":26,"Medical Kit":26,"White Beast Statue":26,"Mercury Hourglass":26,"Peace Pipe":26,"Strange Spoon":31,"Anchor":26,"CaptainsWheel":26,"Bag of Marbles":26,"FossilizedHelix":26,"TungstenRod":26}],"Unceasing Top":[0],"Meat on the Bone":0,"Pocketwatch":[0],"Darkstone Periapt":0,"Regal Pillow":0,"Singing Bowl":36,"Torii":3,"Magic Flower":[3],"StoneCalendar":[0],"Bag of Preparation":[38],"Juzu Bracelet":1,"Burning Blood":44,"Dream Catcher":0,"Nunchaku":[6],"Shovel":2,"Mummified Hand":[110],"Pantograph":25,"Gambling Chip":[8],"Tiny Chest":2,"Chemical X":[2],"InkBottle":[15],"Self Forming Clay":[42],"PreservedInsect":337,"Orichalcum":[6],"Medical Kit":[4],"Mercury Hourglass":[108],"Peace Pipe":1,"Strange Spoon":[10],"Ornamental Fan":[52],"Turnip":[2],"Art of War":[0],"Champion Belt":[36],"Toy Ornithopter":0,"TungstenRod":8},"card_choices":[{"not_picked":["Wild Strike","Flex"],"picked":"Rupture","floor":1.0},{"not_picked":["Power Through","True Grit","Shrug It Off"],"picked":"SKIP","floor":2.0},{"not_picked":["True Grit","Infernal Blade"],"picked":"Combust","floor":6.0},{"not_picked":["Burning Pact","Clash","Pommel Strike"],"picked":"SKIP","floor":8.0},{"not_picked":["Dual Wield","Thunderclap"],"picked":"Anger","floor":11.0},{"not_picked":["Iron Wave","Double Tap"],"picked":"Heavy Blade","floor":12.0},{"not_picked":["Shockwave","Anger"],"picked":"Flame Barrier","floor":13.0},{"not_picked":["Fiend Fire+1","Barricade+1","Exhume+1"],"picked":"Reaper+1","floor":16.0},{"not_picked":["Body Slam+1","Iron Wave+1","Entrench+1","Perfected Strike+1"],"picked":"Singing Bowl","floor":18},{"not_picked":["Pommel Strike+1","Inflame+1","Combust+1"],"picked":"Bloodletting+1","floor":18},{"not_picked":["Thunderclap+1","Havoc+1","Anger+1","Pommel Strike+1"],"picked":"Singing Bowl","floor":20},{"not_picked":["Anger+1","Uppercut+1","Disarm+1"],"picked":"Impervious+1","floor":20},{"not_picked":["Hemokinesis+1","Pommel Strike+1","Iron Wave+1"],"picked":"Heavy Blade+1","floor":23},{"not_picked":["True Grit+1","Twin Strike+1","Heavy Blade+1","Flex+1"],"picked":"Singing Bowl","floor":27},{"not_picked":["Havoc+1","Dual Wield+1","Reckless Charge+1","Rupture+1"],"picked":"Singing Bowl","floor":28},{"not_picked":["Feel No Pain+1","Shrug It Off+1","Anger+1","Dark Embrace+1"],"picked":"Singing Bowl","floor":28},{"not_picked":["Berserk+1","Warcry+1","Intimidate+1","Thunderclap+1"],"picked":"Singing Bowl","floor":29},{"not_picked":["Reckless Charge+1","Shockwave+1","Sword Boomerang+1","Dual Wield+1"],"picked":"Singing Bowl","floor":31},{"not_picked":["Clothesline+1","Sword Boomerang+1","Shrug It Off+1","Dropkick+1"],"picked":"Singing Bowl","floor":31},{"not_picked":["Feed+1","Brutality+1","Immolate+1"],"picked":"Berserk+1","floor":33},{"not_picked":["Flame Barrier+1","Pommel Strike+1","Searing Blow+1","Seeing Red+1"],"picked":"Singing Bowl","floor":35},{"not_picked":["Body Slam+1","Wild Strike+1","Anger+1","Burning Pact+1"],"picked":"Singing Bowl","floor":35},{"not_picked":["Deep Breath+1","Blind+1","Mind Blast+1","Purity+1"],"picked":"Singing Bowl","floor":37},{"not_picked":["Shrug It Off+1","Clothesline+1","Disarm+1","Ghostly Armor+1"],"picked":"Singing Bowl","floor":38},{"not_picked":["Armaments+1","Clothesline+1","Feel No Pain+1","Hemokinesis+1"],"picked":"Singing Bowl","floor":38},{"not_picked":["True Grit+1","Sentinel+1","Pommel Strike+1"],"picked":"Demon Form+1","floor":40},{"not_picked":["True Grit+1","Shrug It Off+1","Seeing Red+1","Warcry+1"],"picked":"Singing Bowl","floor":44},{"not_picked":["Disarm+1","Body Slam+1","Warcry+1","Flex+1"],"picked":"Singing Bowl","floor":45},{"not_picked":["Flex+1","Body Slam+1","Perfected Strike+1","Anger+1"],"picked":"Singing Bowl","floor":47},{"not_picked":["Armaments+1","Fire Breathing+1","True Grit+1","Thunderclap+1"],"picked":"Singing Bowl","floor":47},{"not_picked":["Thunderclap+1","Uppercut+1","Warcry+1","Twin Strike+1"],"picked":"Singing Bowl","floor":54}],"player_experience":176346,"relics_obtained":[{"floor":6.0,"key":"Bottled Tornado"},{"floor":9.0,"key":"The Courier"},{"floor":13.0,"key":"Lizard Tail"},{"floor":23,"key":"Circlet"},{"floor":26,"key":"Circlet"},{"floor":27,"key":"Red Mask"},{"floor":29,"key":"Circlet"},{"floor":29,"key":"Circlet"},{"floor":30,"key":"Circlet"},{"floor":30,"key":"Circlet"},{"floor":40,"key":"Circlet"},{"floor":43,"key":"Circlet"},{"floor":44,"key":"Circlet"},{"floor":45,"key":"Circlet"},{"floor":48,"key":"Circlet"},{"floor":49,"key":"Circlet"},{"floor":52,"key":"Circlet"},{"floor":54,"key":"Circlet"}],"event_choices":[{"damage_healed":0.0,"max_hp_gain":0.0,"max_hp_loss":0.0,"gold_gain":0.0,"event_name":"The Cleric","player_choice":"Leave","floor":4.0,"gold_loss":0.0,"damage_taken":0.0},{"damage_healed":0.0,"max_hp_gain":0.0,"max_hp_loss":0.0,"gold_gain":0.0,"event_name":"Match and Keep!","player_choice":"1 cards matched","floor":5.0,"gold_loss":0.0,"damage_taken":0.0,"cards_obtained":["Thunderclap"]},{"damage_healed":0.0,"max_hp_gain":0.0,"max_hp_loss":0.0,"gold_gain":0.0,"event_name":"Match and Keep!","player_choice":"1 cards matched","floor":5.0,"gold_loss":0.0,"damage_taken":0.0,"cards_obtained":["Thunderclap"]},{"damage_healed":0,"gold_gain":0,"player_choice":"Inject Mutagens","damage_taken":0,"relics_obtained":["MutagenicStrength"],"max_hp_gain":0,"max_hp_loss":0,"event_name":"Drug Dealer","floor":22,"gold_loss":0},{"damage_healed":0,"gold_gain":0,"player_choice":"Fought Bandits","damage_taken":0,"max_hp_gain":0,"max_hp_loss":0,"event_name":"Masked Bandits","floor":27,"gold_loss":0},{"damage_healed":0,"gold_gain":0,"player_choice":"Fight","damage_taken":0,"max_hp_gain":0,"max_hp_loss":0,"event_name":"Colosseum","floor":29,"gold_loss":0},{"damage_healed":0,"gold_gain":0,"player_choice":"Fought Nobs","damage_taken":0,"max_hp_gain":0,"max_hp_loss":0,"event_name":"Colosseum","floor":29,"gold_loss":0},{"damage_healed":0,"gold_gain":0,"player_choice":"Memory 1","damage_taken":0,"max_hp_gain":0,"max_hp_loss":0,"event_name":"SensoryStone","floor":37,"gold_loss":0},{"damage_healed":0,"gold_gain":222,"player_choice":"Wore Mask","damage_taken":0,"max_hp_gain":0,"max_hp_loss":0,"event_name":"Tomb of Lord Red Mask","floor":42,"gold_loss":0},{"damage_healed":0,"gold_gain":0,"player_choice":"Fight","damage_taken":0,"max_hp_gain":0,"max_hp_loss":0,"event_name":"Mysterious Sphere","floor":44,"gold_loss":0}],"is_beta":false,"boss_relics":[{"not_picked":["Sozu","Coffee Dripper"],"picked":"Pandora\u0027s Box"},{"not_picked":["Calling Bell","Black Star"],"picked":"Fusion Hammer"}],"items_purged_floors":[14,19,21,24,36,39,46,53],"is_endless":false,"potions_floor_spawned":[1,8,12,13,16,18,20,23,27,28,29,29,31,33,35,38,40,44,45,47,54],"ascension_level":11}}