{"host":"sav7uxregyirlf69","time":1612743342,"event":{"mods":["AchievementEnabler","BaseMod","Colored Map","DeckTracker","Keyboard Shortcuts","Minty Spire (QoL Compilation)","READ ME - Guardian Mod","StSLib","SuperFastMode"],"gold_per_floor":[116,116,136,154,114,146,71,106,106,118,129,129,192,21,21,95,95,107,132,144,69,81,81,111,122,122,122,132,232,262,262,262,262,262],"floor_reached":33,"language":"KOR","playtime":805,"items_purged":["Strike_G"],"score":690,"play_id":"a52bd3bc-90f5-4e47-9d75-263434d98bc2","local_time":"20210208091542","is_ascension_mode":true,"campfire_choices":[{"data":"Tactician","floor":15,"key":"SMITH"},{"data":"Catalyst","floor":23,"key":"SMITH"},{"floor":27,"key":"REST"},{"floor":32,"key":"REST"}],"circlet_count":0,"master_deck":["AscendersBane","Strike_G","Strike_G","Strike_G","Defend_G","Defend_G","Defend_G","Defend_G","Defend_G","Survivor","Neutralize","Poisoned Stab","Dagger Throw","Tactician+1","Blade Dance","Corpse Explosion","PiercingWail","Caltrops+1","Malaise","Acrobatics","Backflip","Catalyst+1","Crippling Poison"],"relics":["Ring of the Snake","Meat on the Bone","FossilizedHelix","Frozen Egg 2","Orichalcum","Membership Card","Philosopher\u0027s Stone","Red Mask","Bag of Marbles","Letter Opener","Ice Cream","Molten Egg 2","StrikeDummy"],"acts_visited":["Exordium","TheCity"],"potions_floor_usage":[8,8,8,16,19,24],"damage_taken":[{"damage":0.0,"enemies":"Jaw Worm","floor":1.0,"turns":6.0},{"damage":1.0,"enemies":"Cultist","floor":3.0,"turns":4.0},{"damage":0.0,"enemies":"2 Louse","floor":4.0,"turns":3.0},{"damage":52.0,"enemies":"3 Sentries","floor":6.0,"turns":16.0},{"damage":0,"enemies":"Gremlin Nob","floor":8,"turns":3},{"damage":0,"enemies":"Red Slaver","floor":10,"turns":2},{"damage":0,"enemies":"2 Fungi Beasts","floor":11,"turns":3},{"damage":9,"enemies":"3 Sentries","floor":13,"turns":3},{"damage":13,"enemies":"Hexaghost","floor":16,"turns":9},{"damage":12,"enemies":"Chosen","floor":18,"turns":5},{"damage":7,"enemies":"Masked Bandits","floor":19,"turns":2},{"damage":11,"enemies":"Spheric Guardian","floor":20,"turns":5},{"damage":16,"enemies":"Snecko","floor":22,"turns":6},{"damage":4,"enemies":"Gremlin Leader","floor":24,"turns":6},{"damage":23,"enemies":"Cultist and Chosen","floor":25,"turns":7},{"damage":0,"enemies":"3 Cultists","floor":28,"turns":2},{"damage":10,"enemies":"Colosseum Slavers","floor":29,"turns":4},{"damage":38,"enemies":"Colosseum Nobs","floor":29,"turns":4},{"damage":17,"enemies":"Slavers","floor":30,"turns":3},{"damage":13,"enemies":"Collector","floor":33,"turns":6}],"seed_played":"4429563517389701817","potions_obtained":[{"floor":5.0,"key":"EntropicBrew"},{"floor":5.0,"key":"EssenceOfSteel"},{"floor":8,"key":"SteroidPotion"},{"floor":18,"key":"LiquidBronze"},{"floor":22,"key":"PowerPotion"},{"floor":29,"key":"Ancient Potion"},{"floor":30,"key":"Energy Potion"}],"is_trial":false,"path_per_floor":["M","?","M","M","?","E","$","E","T","M","M","?","?","$","R","B",null,"M","?","M","?","M","R","E","M","T","R","M","?","E","?","R","B"],"character_chosen":"THE_SILENT","items_purchased":["Membership Card"],"campfire_rested":2,"item_purchase_floors":[14],"current_hp_per_floor":[59,59,58,58,58,18,18,30,30,42,42,42,45,45,45,44,61,49,42,43,43,39,39,35,24,24,43,43,19,14,14,33,20,20],"gold":262,"neow_bonus":"RANDOM_COLORLESS","is_daily":false,"chose_seed":false,"campfire_upgraded":2,"win_rate":0.0,"timestamp":1612743342,"path_taken":["M","?","M","?","?","E","?","E","T","M","M","?","?","?","R","BOSS","M","?","M","?","M","R","E","M","T","R","M","?","E","?","R","BOSS"],"items_purchased_type":["Relic"],"build_version":"2020-12-22","purchased_purges":1,"victory":false,"max_hp_per_floor":[66,66,66,66,66,66,66,66,66,66,66,66,66,66,66,66,66,66,66,66,66,66,66,66,66,66,66,66,66,66,66,66,66,66],"card_choices":[{"not_picked":["Trip","Enlightenment"],"picked":"Panacea","floor":0.0},{"not_picked":["PiercingWail","Outmaneuver"],"picked":"Poisoned Stab","floor":1.0},{"not_picked":["Dodge and Roll","Cloak And Dagger"],"picked":"Dagger Throw","floor":3.0},{"not_picked":["Well Laid Plans","Sucker Punch"],"picked":"Tactician","floor":4.0},{"not_picked":["Bouncing Flask","PiercingWail"],"picked":"Blade Dance","floor":6},{"not_picked":["Distraction","Terror"],"picked":"Corpse Explosion","floor":8},{"not_picked":["Cloak And Dagger","Deflect","Underhanded Strike"],"picked":"SKIP","floor":10},{"not_picked":["Flying Knee","Infinite Blades+1"],"picked":"PiercingWail","floor":11},{"not_picked":["Riddle With Holes","Deflect"],"picked":"Caltrops+1","floor":13},{"not_picked":["Unload","Envenom+1"],"picked":"Malaise","floor":16},{"not_picked":["Heel Hook","Dodge and Roll"],"picked":"Acrobatics","floor":18},{"not_picked":["Concentrate","Caltrops+1"],"picked":"Backflip","floor":19},{"not_picked":["Caltrops+1","Skewer"],"picked":"Catalyst","floor":20},{"not_picked":["Catalyst","Deadly Poison"],"picked":"Crippling Poison","floor":22},{"not_picked":["Slice","Endless Agony","Setup"],"picked":"SKIP","floor":24},{"not_picked":["Deflect","Cloak And Dagger","Skewer"],"picked":"SKIP","floor":25},{"not_picked":["Quick Slash","PiercingWail","Crippling Poison"],"picked":"SKIP","floor":28},{"not_picked":["Quick Slash+1","Acrobatics","Cloak And Dagger"],"picked":"SKIP","floor":30}],"player_experience":1517070,"relics_obtained":[{"floor":6,"key":"FossilizedHelix"},{"floor":8,"key":"Frozen Egg 2"},{"floor":13,"key":"Orichalcum"},{"floor":19,"key":"Red Mask"},{"floor":24,"key":"Bag of Marbles"},{"floor":26,"key":"Letter Opener"},{"floor":29,"key":"Ice Cream"},{"floor":29,"key":"Molten Egg 2"},{"floor":30,"key":"StrikeDummy"}],"event_choices":[{"cards_removed":["Panacea"],"damage_healed":0.0,"max_hp_gain":0.0,"max_hp_loss":0.0,"gold_gain":0.0,"event_name":"WeMeetAgain","player_choice":"Gave Card","floor":2.0,"gold_loss":0.0,"damage_taken":0.0,"relics_obtained":["Meat on the Bone"]},{"damage_healed":0.0,"max_hp_gain":0.0,"max_hp_loss":0.0,"gold_gain":0.0,"event_name":"The Woman in Blue","player_choice":"Bought 3 Potions","floor":5.0,"gold_loss":0.0,"damage_taken":0.0},{"damage_healed":0,"gold_gain":0,"cards_transformed":["Strike_G"],"player_choice":"Change","damage_taken":0,"max_hp_gain":0,"max_hp_loss":0,"event_name":"Living Wall","floor":12,"gold_loss":0,"cards_obtained":["Expertise"]},{"damage_healed":0,"gold_gain":0,"player_choice":"Searched \u00272\u0027 times","damage_taken":0,"max_hp_gain":0,"max_hp_loss":0,"event_name":"Dead Adventurer","floor":13,"gold_loss":0},{"damage_healed":0,"gold_gain":0,"player_choice":"Fought Bandits","damage_taken":0,"max_hp_gain":0,"max_hp_loss":0,"event_name":"Masked Bandits","floor":19,"gold_loss":0},{"cards_removed":["Expertise"],"damage_healed":0,"gold_gain":0,"player_choice":"Gave Gold","damage_taken":0,"max_hp_gain":0,"max_hp_loss":0,"event_name":"Beggar","floor":21,"gold_loss":75},{"damage_healed":0,"gold_gain":0,"player_choice":"Fight","damage_taken":0,"max_hp_gain":0,"max_hp_loss":0,"event_name":"Colosseum","floor":29,"gold_loss":0},{"damage_healed":0,"gold_gain":0,"player_choice":"Fought Nobs","damage_taken":0,"max_hp_gain":0,"max_hp_loss":0,"event_name":"Colosseum","floor":29,"gold_loss":0},{"damage_healed":0,"gold_gain":0,"player_choice":"Ignored","damage_taken":0,"max_hp_gain":0,"max_hp_loss":0,"event_name":"Cursed Tome","floor":31,"gold_loss":0}],"is_beta":false,"boss_relics":[{"not_picked":["SacredBark","Velvet Choker"],"picked":"Philosopher\u0027s Stone"}],"items_purged_floors":[7],"is_endless":false,"potions_floor_spawned":[8,10,13,18,22,29,30],"killed_by":"Collector","ascension_level":20}}