{"host":"p6y17sixyu8q9v1f","time":1612816596,"event":{"mods":["BaseMod","Colored Map","Minty Spire (QoL Compilation)"],"gold_per_floor":[113,0,0,0,20,58,77,77,104,123,136,136,136,36,36,156,156,179,179,29,53,86,86,86],"floor_reached":23,"language":"ENG","playtime":623,"items_purged":["Strike_B","Defend_B"],"score":330,"play_id":"d5b6acfb-616b-4eac-b158-8a495f6498d4","local_time":"20210208143636","is_ascension_mode":true,"campfire_choices":[{"data":"Zap","floor":8,"key":"SMITH"},{"data":"Dualcast","floor":12,"key":"SMITH"},{"floor":15,"key":"REST"}],"circlet_count":0,"master_deck":["Strike_B","Strike_B","Defend_B","Defend_B","Defend_B","Zap+1","Dualcast+1","Sweeping Beam","Melter+1","Glacier","Cold Snap+1","Glacier","Machine Learning","Cold Snap"],"relics":["Cracked Core","NeowsBlessing","Golden Idol","Bag of Preparation","Bag of Marbles","Inserter","MutagenicStrength","Bronze Scales","Red Mask"],"acts_visited":["Exordium","TheCity"],"potions_floor_usage":[1,16,16,16,22,23,23],"damage_taken":[{"damage":0,"enemies":"2 Louse","floor":1,"turns":1},{"damage":0,"enemies":"Small Slimes","floor":5,"turns":1},{"damage":0,"enemies":"Lagavulin","floor":6,"turns":1},{"damage":0,"enemies":"Cultist","floor":7,"turns":4},{"damage":12,"enemies":"Large Slime","floor":10,"turns":6},{"damage":1,"enemies":"Blue Slaver","floor":11,"turns":3},{"damage":0,"enemies":"Hexaghost","floor":16,"turns":12},{"damage":5,"enemies":"Chosen","floor":18,"turns":6},{"damage":1,"enemies":"Shell Parasite","floor":21,"turns":5},{"damage":33,"enemies":"Masked Bandits","floor":22,"turns":5},{"damage":59,"enemies":"Gremlin Leader","floor":23,"turns":8}],"seed_played":"-3408458015582702311","potions_obtained":[{"floor":1,"key":"Fruit Juice"},{"floor":5,"key":"GamblersBrew"},{"floor":7,"key":"FocusPotion"},{"floor":11,"key":"PotionOfCapacity"},{"floor":16,"key":"Regen Potion"},{"floor":18,"key":"Block Potion"},{"floor":22,"key":"ColorlessPotion"}],"is_trial":false,"path_per_floor":["M","$","?","?","M","E","M","R","T","M","M","R","?","$","R","B",null,"M","?","$","M","?","E"],"character_chosen":"DEFECT","items_purchased":["Melter","Bronze Scales"],"campfire_rested":1,"item_purchase_floors":[2,20],"current_hp_per_floor":[80,80,73,53,53,53,53,53,53,41,40,40,24,24,48,48,72,67,67,67,66,33,0,0],"gold":86,"neow_bonus":"THREE_ENEMY_KILL","is_daily":false,"chose_seed":false,"campfire_upgraded":2,"win_rate":0.0,"timestamp":1612816596,"path_taken":["M","$","?","?","M","E","M","R","T","M","M","R","?","$","R","BOSS","M","?","$","M","?","E"],"items_purchased_type":["Card","Relic"],"build_version":"2020-12-22","purchased_purges":2,"victory":false,"max_hp_per_floor":[80,80,80,80,80,80,80,80,80,80,80,80,80,80,80,80,80,80,80,80,80,80,80,80],"card_choices":[{"not_picked":["Darkness","Turbo"],"picked":"Sweeping Beam","floor":1},{"not_picked":["Turbo","Coolheaded"],"picked":"Glacier","floor":5},{"not_picked":["Ball Lightning","Hologram"],"picked":"Cold Snap","floor":6},{"not_picked":["Compile Driver","Double Energy"],"picked":"Glacier","floor":7},{"not_picked":["Go for the Eyes","Beam Cell","Rip and Tear"],"picked":"SKIP","floor":10},{"not_picked":["Undo","Force Field","Fusion"],"picked":"SKIP","floor":11},{"not_picked":["Fission","Amplify"],"picked":"Machine Learning","floor":16},{"not_picked":["Go for the Eyes","BootSequence"],"picked":"Cold Snap","floor":18},{"not_picked":["Steam","Beam Cell","Darkness"],"picked":"SKIP","floor":21}],"player_experience":1076489,"relics_obtained":[{"floor":6,"key":"Bag of Preparation"},{"floor":9,"key":"Bag of Marbles"},{"floor":22,"key":"Red Mask"}],"event_choices":[{"cards_removed":["Strike_B"],"damage_healed":0,"gold_gain":0,"player_choice":"Card Removal","damage_taken":7,"max_hp_gain":0,"max_hp_loss":0,"event_name":"Golden Wing","floor":3,"gold_loss":0},{"damage_healed":0,"gold_gain":0,"player_choice":"Take Damage","damage_taken":20,"relics_obtained":["Golden Idol"],"max_hp_gain":0,"max_hp_loss":0,"event_name":"Golden Idol","floor":4,"gold_loss":0},{"damage_healed":0,"gold_gain":0,"player_choice":"Entered Light","damage_taken":16,"max_hp_gain":0,"max_hp_loss":0,"event_name":"Shining Light","floor":13,"gold_loss":0,"cards_upgraded":["Cold Snap","Melter"]},{"damage_healed":0,"gold_gain":0,"player_choice":"Inject Mutagens","damage_taken":0,"relics_obtained":["MutagenicStrength"],"max_hp_gain":0,"max_hp_loss":0,"event_name":"Drug Dealer","floor":19,"gold_loss":0},{"damage_healed":0,"gold_gain":0,"player_choice":"Fought Bandits","damage_taken":0,"max_hp_gain":0,"max_hp_loss":0,"event_name":"Masked Bandits","floor":22,"gold_loss":0}],"is_beta":false,"boss_relics":[{"not_picked":["Coffee Dripper","Cursed Key"],"picked":"Inserter"}],"items_purged_floors":[2,14],"is_endless":false,"potions_floor_spawned":[1,5,7,11,16,18,22],"killed_by":"Gremlin Leader","ascension_level":5}}