{"host":"4eao2pkwlmv012cz","time":1612773106,"event":{"mods":["BaseMod","Colored Powertips","Minty Spire (QoL Compilation)","Permanent Neow","Quick Restart","Random Character Button","StSLib"],"gold_per_floor":[114,132,47,47,67,67,98,98,98,98,124,124,124,10,10,10,10],"floor_reached":16,"language":"ENG","playtime":355,"items_purged":["Strike_B"],"score":212,"play_id":"1c052aae-7837-4d9e-89a9-b1704f5a3bc4","local_time":"20210208033146","is_ascension_mode":true,"campfire_choices":[{"floor":6,"key":"REST"},{"floor":8,"key":"REST"},{"floor":10,"key":"REST"},{"data":"Capacitor","floor":15,"key":"SMITH"}],"circlet_count":0,"master_deck":["AscendersBane","Strike_B+1","Strike_B","Defend_B+1","Defend_B","Zap","Dualcast+1","Capacitor+1","Compile Driver","Cold Snap+1","Ball Lightning","Static Discharge","Meteor Strike","Lockon","Core Surge","FTL"],"relics":["Cracked Core","Whetstone","Mercury Hourglass","War Paint"],"acts_visited":["Exordium"],"potions_floor_usage":[11],"damage_taken":[{"damage":12,"enemies":"Small Slimes","floor":1,"turns":3},{"damage":10,"enemies":"Jaw Worm","floor":2,"turns":4},{"damage":8,"enemies":"2 Louse","floor":5,"turns":2},{"damage":29,"enemies":"Lagavulin","floor":7,"turns":5},{"damage":28,"enemies":"Gremlin Nob","floor":11,"turns":3},{"damage":38,"enemies":"Hexaghost","floor":16,"turns":7}],"seed_played":"-2916124638475025994","potions_obtained":[{"floor":1,"key":"SpeedPotion"},{"floor":7,"key":"AttackPotion"}],"is_trial":false,"path_per_floor":["M","M","$","?","M","R","E","R","T","R","E","?","?","$","R","B"],"character_chosen":"DEFECT","items_purchased":["Static Discharge","FTL"],"campfire_rested":3,"item_purchase_floors":[3,14],"current_hp_per_floor":[34,24,24,17,9,30,1,22,22,43,15,32,32,32,32,0,0],"gold":10,"neow_bonus":"TRANSFORM_TWO_CARDS","is_daily":false,"chose_seed":false,"campfire_upgraded":1,"win_rate":0.0,"timestamp":1612773106,"path_taken":["M","M","$","?","M","R","E","R","T","R","E","?","?","?","R","BOSS"],"items_purchased_type":["Card","Card"],"build_version":"2020-12-22","purchased_purges":1,"victory":false,"max_hp_per_floor":[71,71,71,71,71,71,71,71,71,71,71,71,68,68,68,68,68],"card_choices":[{"not_picked":["Genetic Algorithm","Scrape"],"picked":"Cold Snap","floor":1},{"not_picked":["Conserve Battery","Turbo"],"picked":"Ball Lightning","floor":2},{"not_picked":["Streamline","Defragment"],"picked":"Meteor Strike","floor":5},{"not_picked":["Gash","Compile Driver"],"picked":"Lockon","floor":7},{"not_picked":["Go for the Eyes","Streamline"],"picked":"Core Surge","floor":11}],"player_experience":2907635,"relics_obtained":[{"floor":7,"key":"Whetstone"},{"floor":9,"key":"Mercury Hourglass"},{"floor":11,"key":"War Paint"}],"event_choices":[{"cards_removed":["Defend_B"],"damage_healed":0,"gold_gain":0,"player_choice":"Card Removal","damage_taken":7,"max_hp_gain":0,"max_hp_loss":0,"event_name":"Golden Wing","floor":4,"gold_loss":0},{"damage_healed":17,"gold_gain":0,"player_choice":"Healed and dodged fight","damage_taken":0,"max_hp_gain":0,"max_hp_loss":0,"event_name":"Mushrooms","floor":12,"gold_loss":0,"cards_obtained":["Parasite"]},{"cards_removed":["Parasite"],"damage_healed":0,"gold_gain":0,"player_choice":"Forget","damage_taken":0,"max_hp_gain":0,"max_hp_loss":0,"event_name":"Living Wall","floor":13,"gold_loss":0}],"is_beta":false,"boss_relics":[],"items_purged_floors":[14],"is_endless":false,"potions_floor_spawned":[1,7],"killed_by":"Hexaghost","ascension_level":20}}