{"host":"lzpp66udqthct9jv","time":1612801185,"event":{"mods":["Act Like it!","BaseMod","Better-Laid Plans","Chen","Emptier Cage","Gensokyo","Highlight Path","Koishi","Marisa£®ÏF”Í°°ƒß¿Ì…≥£©","Minty Spire (QoL Compilation)","Pale of the Ancients","Quick Restart","Reimu£®≤©¿ˆ¡È√Œ£©","Remilia£®¿Ÿ√◊¿Ú—«£©","Shop Mod","StSLib","The Administrix","The Servant 0.9.4","Yakumo Yukari mod","Youmu£®ªÍ∆«—˝√Œ£©","Yuyuko","ÛÙª÷∏ƒœ"],"gold_per_floor":[112,112,62,81,81,81,95,124,124,124,124,155,175,195,195,294,294,308,323,168,93,93,93,108,108,108,8,8,8,40,60,60,161,161,176,15,28,47,47,80,80,80,134,134,162,162,162,195,195,195,195,195,13,47,47],"floor_reached":56,"language":"ZHS","playtime":2294,"items_purged":["Defend_B","Strike_B+1"],"score":1633,"play_id":"4eeb4399-08fc-4144-b624-f00afd4553c2","local_time":"20210209001945","is_ascension_mode":true,"campfire_choices":[{"data":"Dualcast","floor":6.0,"key":"SMITH"},{"data":"Consume","floor":10.0,"key":"SMITH"},{"data":"Turbo","floor":15.0,"key":"SMITH"},{"data":"Fission","floor":23.0,"key":"SMITH"},{"data":"Self Repair","floor":25.0,"key":"SMITH"},{"data":"Envy_TH","floor":32.0,"key":"PURGE"},{"data":"Defragment","floor":42.0,"key":"SMITH"},{"data":"Loop","floor":46,"key":"SMITH"},{"floor":49,"key":"RECALL"},{"data":"Scrape+1","floor":52,"key":"PURGE"}],"circlet_count":0,"master_deck":["Dualcast+1","Echo Form","Consume+1","Coolheaded","Ball Lightning","Glacier","Capacitor+1","Turbo+1","Fission+1","Capacitor+1","Auto Shields+1","Defragment+1","Loop+1","Self Repair+1","Loop+1","Skim+1","White Noise+1","Gensokyo:MorningMist","Double Energy+1","Core Surge","Static Discharge+1"],"relics":["Cracked Core","Symbiotic Virus","Question Card","Happy Flower","Astrolabe","MealTicket","Peace Pipe","Bird Faced Urn","Coffee Dripper","OrangePellets","Shuriken","ScarletDevilRocket","Bag of Marbles","RuthlessExorcism:ReiMu","Mercury Hourglass"],"acts_visited":["Exordium","TheCity","Gensokyo:Gensokyoest","TheEnding"],"potions_floor_usage":[53,55,55],"damage_taken":[{"damage":0.0,"enemies":"Small Slimes","floor":1.0,"turns":3.0},{"damage":2.0,"enemies":"Jaw Worm","floor":4.0,"turns":3.0},{"damage":1.0,"enemies":"Cultist","floor":7.0,"turns":3.0},{"damage":21.0,"enemies":"3 Sentries","floor":8.0,"turns":9.0},{"damage":11.0,"enemies":"Gremlin Nob","floor":12.0,"turns":3.0},{"damage":1.0,"enemies":"2 Fungi Beasts","floor":13.0,"turns":3.0},{"damage":6.0,"enemies":"Blue Slaver","floor":14.0,"turns":4.0},{"damage":0.0,"enemies":"The Guardian","floor":16.0,"turns":8.0},{"damage":0.0,"enemies":"Chosen","floor":18.0,"turns":3.0},{"damage":6.0,"enemies":"3 Byrds","floor":19.0,"turns":6.0},{"damage":36.0,"enemies":"Cultist and Chosen","floor":24.0,"turns":6.0},{"damage":18.0,"enemies":"Book of Stabbing","floor":30.0,"turns":9.0},{"damage":11.0,"enemies":"Snecko","floor":31.0,"turns":6.0},{"damage":7.0,"enemies":"Automaton","floor":33.0,"turns":9.0},{"damage":54.0,"enemies":"Gensokyo:3_Boulders","floor":35.0,"turns":9.0},{"damage":18.0,"enemies":"Gensokyo:3_Bats","floor":37.0,"turns":6.0},{"damage":0.0,"enemies":"Gensokyo:SeedOfUnknown","floor":38.0,"turns":5.0},{"damage":25.0,"enemies":"Gensokyo:Kasen","floor":40.0,"turns":6.0},{"damage":0,"enemies":"Gensokyo:Doremy","floor":45,"turns":7},{"damage":11,"enemies":"Gensokyo:Marisa","floor":48,"turns":6},{"damage":0,"enemies":"Gensokyo:Shinki","floor":50,"turns":11},{"damage":5,"enemies":"Shield and Spear","floor":54,"turns":10},{"damage":56,"enemies":"The Heart","floor":55,"turns":12}],"seed_played":"2386215974928691800","potions_obtained":[{"floor":1.0,"key":"BlessingOfTheForge"},{"floor":12.0,"key":"LiquidMemories"},{"floor":13.0,"key":"BlessingOfTheForge"},{"floor":18.0,"key":"BlessingOfTheForge"},{"floor":24.0,"key":"Fire Potion"},{"floor":33.0,"key":"LiquidBronze"},{"floor":37.0,"key":"BlessingOfTheForge"},{"floor":45,"key":"AttackPotion"}],"is_trial":false,"path_per_floor":["M","?","?","M","T","R","M","E","T","R","?","E","M","M","R","B",null,"M","M","$","?","?","R","M","R","T","$","?","?","E","M","R","B",null,"M","COS","M","M","?","E","?","R","T","?","E","R","?","E","R","B",null,"R","$","E","B",null],"character_chosen":"DEFECT","items_purchased":["Self Repair","Core Surge","Fruit Juice"],"campfire_rested":0,"item_purchase_floors":[20,53,53],"current_hp_per_floor":[75,60,60,58,58,58,57,36,36,36,36,25,24,18,18,18,61,61,55,55,55,55,55,26,26,26,41,41,41,33,56,56,75,75,51,51,71,75,64,67,67,67,67,67,75,75,75,75,75,75,75,75,80,80,55],"gold":47,"neow_bonus":"ONE_RANDOM_RARE_CARD","is_daily":false,"chose_seed":false,"campfire_upgraded":7,"win_rate":0.0,"timestamp":1612801185,"path_taken":["M","?","?","M","?","R","?","E","T","R","?","E","M","M","R","BOSS","M","M","$","?","?","R","M","R","T","$","?","?","E","M","R","BOSS","M","COS","M","M","?","E","?","R","T","?","E","R","?","E","R","BOSS","R","$","E","BOSS"],"items_purchased_type":["Card","Card","Potion"],"build_version":"2020-12-22","purchased_purges":2,"victory":true,"max_hp_per_floor":[75,75,75,75,75,75,75,75,75,75,75,75,75,75,75,75,75,75,75,75,75,75,75,75,75,75,75,75,75,75,75,75,75,75,75,75,75,75,75,75,75,75,75,75,75,75,75,75,75,75,75,75,80,80,80],"card_choices":[{"not_picked":["FTL","Beam Cell"],"picked":"Consume","floor":1.0},{"not_picked":["Streamline","Rip and Tear","Static Discharge"],"picked":"SKIP","floor":4.0},{"not_picked":["BootSequence","Doom and Gloom"],"picked":"Coolheaded","floor":7.0},{"not_picked":["Coolheaded","Sweeping Beam"],"picked":"Ball Lightning","floor":8.0},{"not_picked":["Leap","Stack","Heatsinks"],"picked":"Capacitor","floor":12.0},{"not_picked":["Steam Power","Sweeping Beam","Ball Lightning"],"picked":"Turbo","floor":13.0},{"not_picked":["Melter","Chaos","Doom and Gloom","Hello World"],"picked":"SKIP","floor":14.0},{"not_picked":["Biased Cognition","Meteor Strike","Rainbow"],"picked":"Fission","floor":16.0},{"not_picked":["Redo","Steam","Double Energy"],"picked":"Defragment","floor":18.0},{"not_picked":["Rebound","Steam","Sweeping Beam"],"picked":"Loop","floor":19.0},{"not_picked":["Sunder","Steam","Redo","Force Field"],"picked":"SKIP","floor":24.0},{"not_picked":["White Noise","Sweeping Beam+1","Cold Snap+1"],"picked":"Capacitor","floor":30.0},{"not_picked":["Hologram","Go for the Eyes","Reprogram+1","Stack+1"],"picked":"SKIP","floor":31.0},{"not_picked":["Darkness","Barrage","Genetic Algorithm+1","Cold Snap"],"picked":"SKIP","floor":35.0},{"not_picked":["Consume","Darkness+1","Self Repair+1"],"picked":"Loop+1","floor":37.0},{"not_picked":["Conserve Battery+1","Gash+1","Ball Lightning+1"],"picked":"Skim+1","floor":38.0},{"not_picked":["Beam Cell+1","Sweeping Beam+1","Rip and Tear+1","Turbo+1"],"picked":"SKIP","floor":40.0},{"not_picked":["Loop","Rebound+1","Hello World"],"picked":"White Noise+1","floor":45},{"not_picked":["Gensokyo:SalamanderShield","Gensokyo:BrilliantDragonBullet"],"picked":"Gensokyo:MorningMist","floor":47},{"not_picked":["Stack","Skim","Fusion"],"picked":"Double Energy+1","floor":48},{"not_picked":["Beam Cell+1","Double Energy","Streamline"],"picked":"Static Discharge+1","floor":54}],"player_experience":1860911,"relics_obtained":[{"floor":8.0,"key":"Symbiotic Virus"},{"floor":9.0,"key":"Question Card"},{"floor":12.0,"key":"Happy Flower"},{"floor":26.0,"key":"MealTicket"},{"floor":30.0,"key":"Bird Faced Urn"},{"floor":40.0,"key":"Shuriken"},{"floor":43.0,"key":"ScarletDevilRocket"},{"floor":45,"key":"Bag of Marbles"},{"floor":48,"key":"RuthlessExorcism:ReiMu"},{"floor":54,"key":"Mercury Hourglass"}],"event_choices":[{"damage_healed":0.0,"max_hp_gain":0.0,"max_hp_loss":0.0,"gold_gain":0.0,"event_name":"Shining Light","player_choice":"Entered Light","floor":2.0,"gold_loss":0.0,"damage_taken":15.0,"cards_upgraded":["Strike_B","Strike_B"]},{"cards_removed":["Strike_B"],"damage_healed":0.0,"max_hp_gain":0.0,"max_hp_loss":0.0,"gold_gain":0.0,"event_name":"The Cleric","player_choice":"Card Removal","floor":3.0,"gold_loss":50.0,"damage_taken":0.0},{"damage_healed":0.0,"max_hp_gain":0.0,"max_hp_loss":0.0,"gold_gain":0.0,"cards_transformed":["Strike_B"],"event_name":"Living Wall","player_choice":"Change","floor":11.0,"gold_loss":0.0,"damage_taken":0.0,"cards_obtained":["Glacier"]},{"cards_removed":["Strike_B"],"damage_healed":0.0,"max_hp_gain":0.0,"max_hp_loss":0.0,"gold_gain":0.0,"event_name":"Beggar","player_choice":"Gave Gold","floor":21.0,"gold_loss":75.0,"damage_taken":0.0},{"damage_healed":0.0,"max_hp_gain":0.0,"max_hp_loss":0.0,"gold_gain":0.0,"event_name":"Ghosts","player_choice":"Ignored","floor":22.0,"gold_loss":0.0,"damage_taken":0.0},{"damage_healed":0.0,"max_hp_gain":0.0,"max_hp_loss":0.0,"gold_gain":0.0,"event_name":"Addict","player_choice":"Stole Relic","floor":28.0,"gold_loss":0.0,"damage_taken":0.0,"relics_obtained":["Peace Pipe"],"cards_obtained":["Shame"]}],"is_beta":false,"boss_relics":[{"not_picked":["Snecko Eye","SacredBark"],"picked":"Astrolabe"},{"not_picked":["Sozu","Velvet Choker"],"picked":"Coffee Dripper"}],"items_purged_floors":[20,27],"is_endless":false,"potions_floor_spawned":[1,12,13,14,18,24,33,37,45],"ascension_level":5}}