{"host":"bvc3bp2iol2n355r","time":1612819867,"event":{"mods":["AchievementEnabler","BaseMod","Dark Map","Downfall","Minty Spire (QoL Compilation)","Relic Stats","StSLib"],"gold_per_floor":[113,129,145,320,2,32,32,65,65,108,108,135,135,35,35,119,119,130,157,157,184,184,184],"floor_reached":22,"language":"ENG","playtime":982,"items_purged":["Doubt","Strike_R"],"score":347,"play_id":"0df26378-8f66-47c0-9f2d-ace648f5dcf1","local_time":"20210208163107","is_ascension_mode":true,"campfire_choices":[{"data":"Spot Weakness","floor":7,"key":"SMITH"},{"data":"Clothesline","floor":11,"key":"SMITH"},{"data":"True Grit","floor":13,"key":"SMITH"},{"data":"Whirlwind","floor":15,"key":"SMITH"}],"circlet_count":0,"master_deck":["AscendersBane","Strike_R","Strike_R","Defend_R","Defend_R","Defend_R","Defend_R","Bash","Clothesline+1","Spot Weakness+1","Pummel","Whirlwind+1","Thunderclap","Second Wind","True Grit+1","Impervious","Battle Trance","Shrug It Off"],"relics":["Burning Blood","Meat on the Bone","Anchor","Turnip","hexamod:CandleOfCauterizing","CeramicFish","Empty Cage"],"acts_visited":["Exordium","TheCity"],"potions_floor_usage":[6,10,16,16,22],"damage_taken":[{"damage":9,"enemies":"2 Louse","floor":1,"turns":2},{"damage":10,"enemies":"Small Slimes","floor":2,"turns":3},{"damage":6,"enemies":"Cultist","floor":3,"turns":4},{"damage":41,"enemies":"Lagavulin","floor":6,"turns":9},{"damage":13,"enemies":"Gremlin Nob","floor":8,"turns":3},{"damage":17,"enemies":"3 Sentries","floor":10,"turns":4},{"damage":1,"enemies":"Red Slaver","floor":12,"turns":3},{"damage":46,"enemies":"Slime Boss","floor":16,"turns":7},{"damage":0,"enemies":"3 Byrds","floor":18,"turns":3},{"damage":11,"enemies":"Chosen","floor":19,"turns":5},{"damage":25,"enemies":"Shelled Parasite and Fungi","floor":21,"turns":7},{"damage":49,"enemies":"Sentry and Sphere","floor":22,"turns":7}],"seed_played":"924793567118758660","potions_obtained":[{"floor":1,"key":"sneckomod:MuddlingPotion"},{"floor":3,"key":"HeartOfIron"},{"floor":8,"key":"Regen Potion"},{"floor":10,"key":"AttackPotion"},{"floor":12,"key":"SteroidPotion"},{"floor":19,"key":"sneckomod:MuddlingPotion"}],"is_trial":false,"path_per_floor":["M","M","M","?","$","E","R","E","T","E","R","M","R","$","R","B",null,"M","M","?","M","M"],"character_chosen":"IRONCLAD","items_purchased":["Meat on the Bone"],"campfire_rested":0,"item_purchase_floors":[5],"current_hp_per_floor":[65,61,61,61,61,38,38,43,43,44,44,49,49,49,49,21,62,68,63,63,44,0,0],"gold":184,"neow_bonus":"THREE_CARDS","is_daily":false,"chose_seed":false,"campfire_upgraded":4,"win_rate":0.0,"timestamp":1612819867,"path_taken":["M","M","M","?","$","E","R","E","T","E","R","M","R","$","R","BOSS","M","M","?","M","?"],"items_purchased_type":["Relic"],"build_version":"2020-12-22","purchased_purges":2,"victory":false,"max_hp_per_floor":[75,75,75,75,75,75,75,75,75,75,75,75,75,75,75,75,75,75,75,75,75,75,75],"relic_stats":{"counters":[12,57],"CeramicFish":45,"Turnip":[10],"obtain_stats":[{"Anchor":6,"hexamod:CandleOfCauterizing":9,"CeramicFish":10,"Turnip":8,"Empty Cage":17,"Burning Blood":0,"Meat on the Bone":5},{"Anchor":4,"hexamod:CandleOfCauterizing":5,"CeramicFish":6,"Turnip":5,"Empty Cage":8,"Burning Blood":0,"Meat on the Bone":3},{"Anchor":18,"hexamod:CandleOfCauterizing":21,"CeramicFish":25,"Turnip":21,"Empty Cage":35,"Burning Blood":0,"Meat on the Bone":9}],"Burning Blood":66,"Meat on the Bone":36},"card_choices":[{"not_picked":["Havoc","Sentinel"],"picked":"Clothesline","floor":0},{"not_picked":["Clothesline","Armaments"],"picked":"Spot Weakness","floor":1},{"not_picked":["Fire Breathing","Anger"],"picked":"Pummel","floor":2},{"not_picked":["Heavy Blade","Disarm"],"picked":"Whirlwind","floor":3},{"not_picked":["Twin Strike","Spot Weakness"],"picked":"Thunderclap","floor":6},{"not_picked":["Armaments","Brutality","Thunderclap"],"picked":"SKIP","floor":8},{"not_picked":["Rage","Pommel Strike"],"picked":"Second Wind","floor":10},{"not_picked":["Pommel Strike","Rupture"],"picked":"True Grit","floor":12},{"not_picked":["Fiend Fire","Brutality"],"picked":"Impervious","floor":16},{"not_picked":["Second Wind","Sword Boomerang","Clothesline"],"picked":"SKIP","floor":18},{"not_picked":["Inflame","Armaments"],"picked":"Battle Trance","floor":19},{"not_picked":["Sword Boomerang+1","Fire Breathing"],"picked":"Shrug It Off","floor":21}],"player_experience":588099,"relics_obtained":[{"floor":6,"key":"Anchor"},{"floor":8,"key":"Turnip"},{"floor":9,"key":"hexamod:CandleOfCauterizing"},{"floor":10,"key":"CeramicFish"}],"event_choices":[{"damage_healed":0,"gold_gain":175,"player_choice":"AGREE","damage_taken":0,"max_hp_gain":0,"max_hp_loss":0,"event_name":"Liars Game","floor":4,"gold_loss":0,"cards_obtained":["Doubt"]},{"damage_healed":0,"gold_gain":0,"player_choice":"0 cards matched","damage_taken":0,"max_hp_gain":0,"max_hp_loss":0,"event_name":"Match and Keep!","floor":20,"gold_loss":0,"cards_obtained":[]}],"is_beta":false,"boss_relics":[{"not_picked":["SacredBark","Black Blood"],"picked":"Empty Cage"}],"items_purged_floors":[5,14],"is_endless":false,"potions_floor_spawned":[1,3,8,10,12,19],"killed_by":"Sentry and Sphere","ascension_level":14}}