{"host":"wghdsg8ym2wc7ov9","time":1612814219,"event":{"mods":["A Penny For Your Troubles","AchievementEnabler","Astrologer","BaseMod","Beaked The Cultist","Better Altar","Better Note","Bossed Relics","ChefMod","Colored Map","Evolution","Fox Events","Hermit","Highlight Path","Jorbs\u0027s Wanderer Trilogy","KinomotoSakuraMod(????)","Minty Spire (QoL Compilation)","Random Character Button","Relic Stats","SIMod","Shop Mod","StSLib","The Blackbeard","The Bladedancer","The Construct","The Cursed","The Death Knight","The Gatherer","The Hierophant","The Marked","The Mystic","The Necromancer","The Runesmith","The Senshi","The Servant 0.9.4","Weighted Paths"],"gold_per_floor":[218,218,230,250,267,267,299,299,299,314,314,331,351,526,526,622,622,639,639,656,354,367,367,386,386,462,462,493,570,41,141,141,236,236,254,274,319,319,329,359,58,75,75,75,90,123,178,189,189,192,192,192,15,45,45],"floor_reached":56,"language":"ENG","playtime":15132,"items_purged":[],"score":1356,"play_id":"9547e21e-ac9d-4c58-8b69-7d30dd9b730b","local_time":"20210208115659","is_ascension_mode":false,"campfire_choices":[{"data":"Bone_Bullets","floor":6.0,"key":"SMITH"},{"data":"Summon_Vampire_Lady","floor":8.0,"key":"SMITH"},{"data":"Uncharnel","floor":11.0,"key":"SMITH"},{"data":"Summon_Undead","floor":15.0,"key":"SMITH"},{"data":"Cloudkill","floor":23.0,"key":"SMITH"},{"data":"Requiem","floor":25.0,"key":"SMITH"},{"floor":27.0,"key":"RECALL"},{"floor":32.0,"key":"DIG"},{"data":"Discovery","floor":44.0,"key":"SMITH"},{"floor":49.0,"key":"DIG"},{"data":"1","floor":52,"key":"LIFT"}],"circlet_count":0,"master_deck":["Blood_Whip","Bone_Bullets+1","Death_Coil","Finger_Of_Death","Defend_W","Defend_W","Defend_W","Defend_W","Negative_Energy_Arrows","Bone_Wall","Toxic_Smoke_Screen","Negative_Energy_Sphere","Blood_Is_Power","Siphon_Strength","Thousand_Bone_Knives","Bone_Prison","Summon_Vampire_Lady+1","Uncharnel+1","Summon_Undead+1","Shade_Step","Doubt","Requiem+1","Slay_Living","beaked:CrazyRituals+1","Pandemic","Cloudkill+1","Bone_Armory","Summon_Undead+1","Negative_Energy_Javelin","Bone_Bullets","Summon_Vampire_Lady","Summon_Lich","Spectral_Armor","Summon_Death_Knight","Blood_Curse","Cloudkill","Scare+1","Toxic_Smoke_Screen+1","Shackles_Of_Pain","Panache","Shackles_Of_Pain","Discovery+1","Cloudkill","Siphon_Strength+1","Plague_Bolt+1","Thousand_Bone_Knives+1","Requiem","Spectral_Armor","Apotheosis","Summon_Undead_Army","Summon_Undead_Army","Bone_Shift","Mind Blast","Spectral_Armor+1"],"relics":["Vampire_Amulet","EVO:Axolotl","Happy Flower","Eternal Feather","Black Star","Orichalcum","The Courier","Turnip","Anchor","Membership Card","Shovel","Boot","PreservedInsect","Ornamental Fan","theSenshi:FeatherClipsRelic","Girya","Letter Opener","beaked:SacredNecklace","Regal Pillow","Omamori","Medical Kit","Bag of Preparation","Darkstone Periapt","Centennial Puzzle","Akabeko","theSenshi:SpiralHeartMoonRodRelic","Unceasing Top","Bag of Marbles","Bottled Tornado"],"acts_visited":["Exordium","TheCity","TheBeyond","TheEnding"],"potions_floor_usage":[55],"damage_taken":[{"damage":2.0,"enemies":"Jaw Worm","floor":1.0,"turns":4.0},{"damage":2.0,"enemies":"Cultist","floor":3.0,"turns":3.0},{"damage":4.0,"enemies":"Small Slimes","floor":4.0,"turns":4.0},{"damage":2.0,"enemies":"2 Fungi Beasts","floor":5.0,"turns":4.0},{"damage":24.0,"enemies":"3 Sentries","floor":7.0,"turns":6.0},{"damage":12.0,"enemies":"Exordium Thugs","floor":10.0,"turns":7.0},{"damage":7.0,"enemies":"Exordium Wildlife","floor":12.0,"turns":4.0},{"damage":6.0,"enemies":"Blue Slaver","floor":13.0,"turns":3.0},{"damage":2.0,"enemies":"Slime Boss","floor":16.0,"turns":4.0},{"damage":10.0,"enemies":"3 Byrds","floor":18.0,"turns":5.0},{"damage":9.0,"enemies":"Chosen","floor":20.0,"turns":6.0},{"damage":8.0,"enemies":"Centurion and Healer","floor":22.0,"turns":6.0},{"damage":24.0,"enemies":"Snake Plant","floor":24.0,"turns":5.0},{"damage":75.0,"enemies":"Slavers","floor":28.0,"turns":6.0},{"damage":22.0,"enemies":"Colosseum Slavers","floor":31.0,"turns":4.0},{"damage":12.0,"enemies":"Colosseum Nobs","floor":31.0,"turns":4.0},{"damage":54.0,"enemies":"Collector","floor":33.0,"turns":8.0},{"damage":5.0,"enemies":"Orb Walker","floor":35.0,"turns":4.0},{"damage":11.0,"enemies":"3 Shapes","floor":36.0,"turns":4.0},{"damage":24.0,"enemies":"Transient","floor":37.0,"turns":5.0},{"damage":2.0,"enemies":"4 Shapes","floor":39.0,"turns":5.0},{"damage":30.0,"enemies":"beaked:SuperParasite","floor":40.0,"turns":6.0},{"damage":28.0,"enemies":"3 Darklings","floor":42.0,"turns":4.0},{"damage":14.0,"enemies":"Sphere and 2 Shapes","floor":45.0,"turns":5.0},{"damage":3.0,"enemies":"Giant Head","floor":46.0,"turns":6.0},{"damage":21.0,"enemies":"2 Orb Walkers","floor":47.0,"turns":4.0},{"damage":15.0,"enemies":"Maw","floor":48.0,"turns":6.0},{"damage":65.0,"enemies":"Donu and Deca","floor":50.0,"turns":8.0},{"damage":22,"enemies":"Shield and Spear","floor":54,"turns":3},{"damage":89,"enemies":"The Heart","floor":55,"turns":9}],"seed_played":"-234163596884249561","potions_obtained":[{"floor":3.0,"key":"Explosive Potion"},{"floor":4.0,"key":"Regen Potion"},{"floor":7.0,"key":"Fire Potion"},{"floor":12.0,"key":"FairyPotion"},{"floor":16.0,"key":"FairyPotion"},{"floor":28.0,"key":"LiquidMemories"},{"floor":31.0,"key":"Dexterity Potion"},{"floor":39.0,"key":"BlessingOfTheForge"},{"floor":40.0,"key":"PowerPotion"},{"floor":47.0,"key":"LiquidMemories"},{"floor":54,"key":"Dexterity Potion"}],"is_trial":false,"path_per_floor":["M","?","M","M","M","R","E","R","T","M","R","M","M","?","R","B",null,"M","?","M","$","M","R","M","R","T","R","E","T","$","?","R","B",null,"M","M","M","?","M","E","$","M","T","R","M","E","?","M","R","B",null,"R","$","E","B",null],"character_chosen":"NECROMANCER","items_purchased":["Cloudkill","Orichalcum","Bone_Armory","Membership Card","Shovel","Summon_Vampire_Lady","Summon_Lich","Boot","PreservedInsect","Ornamental Fan","Medical Kit","Panache","Shackles_Of_Pain","Discovery","Cloudkill","Bag of Preparation","Apotheosis","Summon_Undead_Army","Summon_Undead_Army","Bone_Shift","Mind Blast"],"campfire_rested":0,"item_purchase_floors":[21,21,21,30,30,30,30,30,30,30,41,41,41,41,41,41,53,53,53,53,53],"current_hp_per_floor":[75,75,75,73,75,75,57,57,57,64,73,75,71,71,75,75,75,75,75,75,75,75,75,65,75,75,75,48,48,48,46,64,61,75,75,75,75,75,75,63,63,58,58,75,69,75,62,65,77,35,77,77,77,65,16],"gold":45,"neow_bonus":"HUNDRED_GOLD","is_daily":false,"chose_seed":false,"campfire_upgraded":7,"win_rate":0.0,"timestamp":1612814219,"path_taken":["M","?","M","?","M","R","E","R","T","M","R","M","?","?","R","BOSS","M","?","M","$","M","R","M","R","T","R","E","?","$","?","R","BOSS","M","M","M","?","M","E","$","M","T","R","M","E","?","?","R","BOSS","R","$","E","BOSS"],"items_purchased_type":["Card","Relic","Card","Relic","Relic","Card","Card","Relic","Relic","Relic","Relic","Card","Card","Card","Card","Relic","Card","Card","Card","Card","Card"],"build_version":"2020-12-22","purchased_purges":0,"victory":true,"max_hp_per_floor":[75,75,75,75,75,75,75,75,75,75,75,75,75,75,75,75,75,75,75,75,75,75,75,75,75,75,75,75,75,75,75,75,75,75,75,75,75,75,75,75,75,75,75,75,75,75,75,77,77,77,77,77,77,77,77],"relic_stats":{"Darkstone Periapt":0,"Regal Pillow":0,"Happy Flower":[43],"counters":[30,152],"Eternal Feather":70,"PreservedInsect":292,"Bag of Preparation":[16],"Letter Opener":[144],"Orichalcum":[282],"Boot":[138],"Medical Kit":[1],"Centennial Puzzle":[15],"Shovel":2,"Ornamental Fan":[32],"Turnip":[15],"Black Star":4,"obtain_stats":[{"Darkstone Periapt":43,"Regal Pillow":40,"theSenshi:FeatherClipsRelic":31,"Bag of Preparation":41,"EVO:Axolotl":0,"theSenshi:SpiralHeartMoonRodRelic":47,"Bottled Tornado":54,"Boot":30,"Centennial Puzzle":46,"Shovel":30,"Vampire_Amulet":0,"Girya":31,"Happy Flower":7,"Eternal Feather":9,"The Courier":26,"PreservedInsect":30,"beaked:SacredNecklace":34,"Omamori":40,"Letter Opener":32,"Orichalcum":21,"Medical Kit":41,"Akabeko":46,"Anchor":28,"Ornamental Fan":30,"Turnip":28,"Black Star":17,"Bag of Marbles":54,"Membership Card":30,"Unceasing Top":49},{"Darkstone Periapt":23,"Regal Pillow":22,"theSenshi:FeatherClipsRelic":16,"Bag of Preparation":22,"EVO:Axolotl":0,"theSenshi:SpiralHeartMoonRodRelic":26,"Bottled Tornado":29,"Boot":14,"Centennial Puzzle":25,"Shovel":14,"Vampire_Amulet":0,"Girya":16,"Happy Flower":5,"Eternal Feather":5,"The Courier":13,"PreservedInsect":14,"beaked:SacredNecklace":17,"Omamori":22,"Letter Opener":16,"Orichalcum":11,"Medical Kit":22,"Akabeko":25,"Anchor":14,"Ornamental Fan":14,"Turnip":14,"Black Star":9,"Bag of Marbles":29,"Membership Card":14,"Unceasing Top":27},{"Darkstone Periapt":111,"Regal Pillow":107,"theSenshi:FeatherClipsRelic":75,"Bag of Preparation":107,"EVO:Axolotl":0,"theSenshi:SpiralHeartMoonRodRelic":126,"Bottled Tornado":143,"Boot":67,"Centennial Puzzle":122,"Shovel":67,"Vampire_Amulet":0,"Girya":75,"Happy Flower":21,"Eternal Feather":21,"The Courier":61,"PreservedInsect":67,"beaked:SacredNecklace":83,"Omamori":107,"Letter Opener":75,"Orichalcum":50,"Medical Kit":107,"Akabeko":122,"Anchor":67,"Ornamental Fan":67,"Turnip":67,"Black Star":39,"Bag of Marbles":143,"Membership Card":67,"Unceasing Top":132}],"Unceasing Top":[7]},"card_choices":[{"not_picked":["Bone_Spikes","Blood_Is_Power"],"picked":"Toxic_Smoke_Screen","floor":1.0},{"not_picked":["Blood_Shield","Blood_Whip"],"picked":"Siphon_Strength","floor":3.0},{"not_picked":["Finger_Of_Death","Exploit"],"picked":"Thousand_Bone_Knives","floor":4.0},{"not_picked":["Death_March_Dance","Vampiric_Strike"],"picked":"Bone_Prison","floor":5.0},{"not_picked":["Acid_Javelin","Negative_Energy_Shield"],"picked":"Summon_Vampire_Lady","floor":7.0},{"not_picked":["Death_March_Dance","Shade_Step"],"picked":"Uncharnel","floor":10.0},{"not_picked":["Blood_Whip","Death_Coil"],"picked":"Summon_Undead","floor":12.0},{"not_picked":["Blood_Is_Power","Bones_to_Steel"],"picked":"Shade_Step","floor":13.0},{"not_picked":["Skeleton_Dragon","Negative_Energy_Bomb"],"picked":"Requiem","floor":16.0},{"not_picked":["Blood_Shield","Blood_Whip"],"picked":"Slay_Living","floor":18.0},{"not_picked":["Bone_Armor","Negative_Energy_Sphere+1"],"picked":"Pandemic","floor":20.0},{"not_picked":["Bone_Prison","Bones_to_Steel"],"picked":"Summon_Undead+1","floor":22.0},{"not_picked":["Death_March_Dance","Blood_Whip+1"],"picked":"Negative_Energy_Javelin","floor":24.0},{"not_picked":["Blood_Whip+1","Deaths_Shadow"],"picked":"Bone_Bullets","floor":28.0},{"not_picked":["Slay_Living","Uncharnel"],"picked":"Spectral_Armor","floor":31.0},{"not_picked":["Requiem","Negative_Energy_Bomb"],"picked":"Summon_Death_Knight","floor":33.0},{"not_picked":["Vampiric_Strike+1","Toxic_Smoke_Screen+1"],"picked":"Blood_Curse","floor":35.0},{"not_picked":["Negative_Energy_Sphere+1","Bone_Shift+1"],"picked":"Cloudkill","floor":36.0},{"not_picked":["Finger_Of_Death","Bone_Bullets"],"picked":"Scare+1","floor":37.0},{"not_picked":["Negative_Energy_Javelin+1","Death_March_Dance"],"picked":"Toxic_Smoke_Screen+1","floor":39.0},{"not_picked":["Negative_Energy_Shield+1","Summon_Vampire_Lady"],"picked":"Shackles_Of_Pain","floor":40.0},{"not_picked":["Shackles_Of_Pain+1","Necromantic_Selection"],"picked":"Siphon_Strength+1","floor":42.0},{"not_picked":["Bone_Armory","Chill_Blood"],"picked":"Plague_Bolt+1","floor":45.0},{"not_picked":["Blood_Whip+1","Bone_Prison+1"],"picked":"Thousand_Bone_Knives+1","floor":46.0},{"not_picked":["Blood_Whip","Scare"],"picked":"Requiem","floor":47.0},{"not_picked":["Negative_Energy_Mist","Vampiric_Strike+1"],"picked":"Spectral_Armor","floor":48.0},{"not_picked":["Negative_Energy_Mist","Violent_Necrosis"],"picked":"Spectral_Armor+1","floor":54}],"player_experience":908431,"relics_obtained":[{"floor":7.0,"key":"Happy Flower"},{"floor":9.0,"key":"Eternal Feather"},{"floor":26.0,"key":"The Courier"},{"floor":28.0,"key":"Turnip"},{"floor":28.0,"key":"Anchor"},{"floor":31.0,"key":"theSenshi:FeatherClipsRelic"},{"floor":31.0,"key":"Girya"},{"floor":32.0,"key":"Letter Opener"},{"floor":40.0,"key":"Regal Pillow"},{"floor":40.0,"key":"Omamori"},{"floor":43.0,"key":"Darkstone Periapt"},{"floor":46.0,"key":"Centennial Puzzle"},{"floor":46.0,"key":"Akabeko"},{"floor":47.0,"key":"theSenshi:SpiralHeartMoonRodRelic"},{"floor":49.0,"key":"Unceasing Top"},{"floor":54,"key":"Bag of Marbles"},{"floor":54,"key":"Bottled Tornado"}],"event_choices":[{"damage_healed":0.0,"max_hp_gain":0.0,"max_hp_loss":0.0,"gold_gain":0.0,"event_name":"Match and Keep!","player_choice":"2 cards matched","floor":2.0,"gold_loss":0.0,"damage_taken":0.0,"cards_obtained":["Negative_Energy_Sphere","Blood_Is_Power"]},{"damage_healed":0.0,"max_hp_gain":0.0,"max_hp_loss":0.0,"gold_gain":175.0,"event_name":"Liars Game","player_choice":"AGREE","floor":14.0,"gold_loss":0.0,"damage_taken":0.0,"cards_obtained":["Doubt"]},{"cards_removed":["Summon_Vampire_Lady"],"damage_healed":0.0,"max_hp_gain":0.0,"max_hp_loss":0.0,"gold_gain":0.0,"event_name":"betterNote:BetterNote","player_choice":"Take \u0026 Give","floor":19.0,"gold_loss":0.0,"damage_taken":0.0,"cards_obtained":["beaked:CrazyRituals"]},{"damage_healed":0.0,"max_hp_gain":0.0,"max_hp_loss":0.0,"gold_gain":0.0,"event_name":"Colosseum","player_choice":"Fight","floor":31.0,"gold_loss":0.0,"damage_taken":0.0},{"damage_healed":0.0,"max_hp_gain":0.0,"max_hp_loss":0.0,"gold_gain":0.0,"event_name":"Colosseum","player_choice":"Fought Nobs","floor":31.0,"gold_loss":0.0,"damage_taken":0.0},{"damage_healed":0.0,"max_hp_gain":0.0,"max_hp_loss":0.0,"gold_gain":0.0,"event_name":"Mysterious Sphere","player_choice":"Fight","floor":47.0,"gold_loss":0.0,"damage_taken":0.0}],"is_beta":false,"boss_relics":[{"not_picked":["Philosopher\u0027s Stone","Ectoplasm"],"picked":"Black Star"},{"not_picked":["Busted Crown","Empty Cage"],"picked":"beaked:SacredNecklace"}],"items_purged_floors":[],"is_endless":false,"potions_floor_spawned":[3,4,7,12,13,16,24,28,31,31,39,40,45,46,47,48,54],"ascension_level":0}}