{"host":"2lo6hma6kymb0g9i","time":1612805418,"event":{"mods":["BaseMod","Colored Map","DeckTracker","Minty Spire (QoL Compilation)"],"gold_per_floor":[115,115,130,26,26,59,29,57,57,57,57,75,105,118,118,189,189,205,205,105,105,105,105,124,151,151,151,151,167,167,242,242,242,242],"floor_reached":33,"language":"JPN","playtime":1656,"items_purged":["Pain","Defend_G"],"score":608,"play_id":"063d441c-f30f-46ce-afc3-fbf1694bf2f3","local_time":"20210209023018","is_ascension_mode":true,"campfire_choices":[{"floor":11,"key":"REST"},{"data":"Calculated Gamble","floor":15,"key":"SMITH"},{"floor":23,"key":"REST"},{"floor":28,"key":"REST"},{"floor":30,"key":"REST"},{"data":"Blade Dance","floor":32,"key":"SMITH"}],"circlet_count":0,"master_deck":["AscendersBane","Strike_G","Strike_G","Defend_G","Defend_G","Defend_G","Defend_G","Survivor","Neutralize","Blade Dance+1","Dagger Throw","PiercingWail","Cloak And Dagger","PiercingWail","Calculated Gamble+1","Corpse Explosion","Bouncing Flask+1","Blade Dance"],"relics":["Ring of the Snake","NeowsBlessing","WarpedTongs","StrikeDummy","Incense Burner","Boot","Omamori","Empty Cage","Bag of Preparation","Mummified Hand","MutagenicStrength","Molten Egg 2"],"acts_visited":["Exordium","TheCity"],"potions_floor_usage":[16,25,33],"damage_taken":[{"damage":0.0,"enemies":"Cultist","floor":1.0,"turns":1.0},{"damage":2.0,"enemies":"Small Slimes","floor":3.0,"turns":1.0},{"damage":0.0,"enemies":"Gremlin Nob","floor":6.0,"turns":1.0},{"damage":39,"enemies":"3 Sentries","floor":8,"turns":10},{"damage":0,"enemies":"2 Louse","floor":12,"turns":2},{"damage":7,"enemies":"Lagavulin","floor":13,"turns":7},{"damage":1,"enemies":"Exordium Thugs","floor":14,"turns":4},{"damage":14,"enemies":"Slime Boss","floor":16,"turns":9},{"damage":25,"enemies":"Chosen","floor":18,"turns":5},{"damage":11,"enemies":"Spheric Guardian","floor":24,"turns":5},{"damage":22,"enemies":"Slavers","floor":25,"turns":5},{"damage":24,"enemies":"Shelled Parasite and Fungi","floor":29,"turns":4},{"damage":21,"enemies":"Collector","floor":33,"turns":9}],"seed_played":"-7460287104673860591","potions_obtained":[{"floor":6.0,"key":"SpeedPotion"},{"floor":13,"key":"CultistPotion"},{"floor":16,"key":"Fire Potion"}],"is_trial":false,"path_per_floor":["M","?","M","$","?","E","$","E","T","?","R","M","E","M","R","B",null,"M","?","$","$","?","R","M","E","T","?","R","M","R","T","R","B"],"character_chosen":"THE_SILENT","items_purchased":["PiercingWail","PiercingWail"],"campfire_rested":4,"item_purchase_floors":[4,7],"current_hp_per_floor":[59,59,57,57,50,50,50,11,11,11,30,30,23,22,22,8,52,27,23,23,23,23,42,31,9,9,9,28,4,23,23,23,2,2],"gold":242,"neow_bonus":"THREE_ENEMY_KILL","is_daily":false,"chose_seed":false,"campfire_upgraded":2,"win_rate":0.0,"timestamp":1612805418,"path_taken":["M","?","M","?","?","E","$","E","T","?","R","M","E","M","R","BOSS","M","?","?","$","?","R","M","E","T","?","R","?","R","?","R","BOSS"],"items_purchased_type":["Card","Card"],"build_version":"2020-12-22","purchased_purges":2,"victory":false,"max_hp_per_floor":[66,66,66,66,66,66,66,66,66,66,66,66,66,66,66,66,66,66,66,66,66,66,66,66,66,66,66,66,66,66,66,66,66,66],"card_choices":[{"not_picked":["Bane","Blur"],"picked":"Blade Dance","floor":1.0},{"not_picked":["Endless Agony","Bane"],"picked":"Dagger Throw","floor":3.0},{"not_picked":["Deadly Poison","Flying Knee"],"picked":"Cloak And Dagger","floor":6.0},{"not_picked":["Dodge and Roll","Bane","Outmaneuver"],"picked":"SKIP","floor":8},{"not_picked":["Dodge and Roll","Concentrate","Underhanded Strike"],"picked":"SKIP","floor":12},{"not_picked":["Escape Plan","Slice","Deadly Poison"],"picked":"SKIP","floor":13},{"not_picked":["Slice","Predator"],"picked":"Calculated Gamble","floor":14},{"not_picked":["Envenom","Grand Finale"],"picked":"Corpse Explosion","floor":16},{"not_picked":["Acrobatics","Prepared","Backstab"],"picked":"SKIP","floor":18},{"not_picked":["Deadly Poison","Quick Slash","Bouncing Flask"],"picked":"SKIP","floor":24},{"not_picked":["Prepared","Bouncing Flask+1","Well Laid Plans+1"],"picked":"SKIP","floor":25},{"not_picked":["Prepared","Well Laid Plans+1"],"picked":"Bouncing Flask+1","floor":25},{"not_picked":["Acrobatics","Dodge and Roll"],"picked":"Blade Dance","floor":29}],"player_experience":1149033,"relics_obtained":[{"floor":6.0,"key":"StrikeDummy"},{"floor":8,"key":"Incense Burner"},{"floor":9,"key":"Boot"},{"floor":13,"key":"Omamori"},{"floor":25,"key":"Bag of Preparation"},{"floor":26,"key":"Mummified Hand"},{"floor":31,"key":"Molten Egg 2"}],"event_choices":[{"damage_healed":0.0,"max_hp_gain":0.0,"max_hp_loss":0.0,"gold_gain":0.0,"event_name":"Accursed Blacksmith","player_choice":"Rummage","floor":2.0,"gold_loss":0.0,"damage_taken":0.0,"relics_obtained":["WarpedTongs"],"cards_obtained":["Pain"]},{"cards_removed":["Strike_G"],"damage_healed":0.0,"max_hp_gain":0.0,"max_hp_loss":0.0,"gold_gain":0.0,"event_name":"Golden Wing","player_choice":"Card Removal","floor":5.0,"gold_loss":0.0,"damage_taken":7.0},{"damage_healed":0,"gold_gain":0,"player_choice":"Fled","damage_taken":0,"max_hp_gain":0,"max_hp_loss":0,"event_name":"Scrap Ooze","floor":10,"gold_loss":0},{"damage_healed":0,"gold_gain":0,"player_choice":"Bought 0 Potions","damage_taken":0,"max_hp_gain":0,"max_hp_loss":0,"event_name":"The Woman in Blue","floor":19,"gold_loss":0},{"damage_healed":0,"gold_gain":0,"player_choice":"Ignored","damage_taken":0,"max_hp_gain":0,"max_hp_loss":0,"event_name":"The Mausoleum","floor":22,"gold_loss":0},{"damage_healed":0,"gold_gain":0,"player_choice":"Inject Mutagens","damage_taken":0,"relics_obtained":["MutagenicStrength"],"max_hp_gain":0,"max_hp_loss":0,"event_name":"Drug Dealer","floor":27,"gold_loss":0}],"is_beta":false,"boss_relics":[{"not_picked":["Velvet Choker","Runic Dome"],"picked":"Empty Cage"}],"items_purged_floors":[4,20],"is_endless":false,"potions_floor_spawned":[6,13,16],"killed_by":"Collector","ascension_level":20}}