{"host":"jqln3q8z91cyrmpl","time":1612771854,"event":{"mods":["AchievementEnabler","BaseMod","Colored Map","DeckTracker","Keyboard Shortcuts","Minty Spire (QoL Compilation)","SuperFastMode"],"gold_per_floor":[112,132,152,152,162,162,162,179,202,52,72,72,72,83,83,185,185,199,224,224,75,75,75,92,122,190,210,210,210,222,240,240,337,337,351,573,573,382,398,398,48,48,97,97,97,97,115,135,135,135],"floor_reached":51,"language":"KOR","playtime":1906,"items_purged":["Strike_B","Defend_B","Defend_B"],"score":961,"play_id":"e080381e-3522-41ce-9f4a-91097d57a518","local_time":"20210208171054","is_ascension_mode":true,"campfire_choices":[{"data":"Zap","floor":6,"key":"SMITH"},{"data":"Dualcast","floor":12,"key":"SMITH"},{"data":"Coolheaded","floor":15,"key":"SMITH"},{"data":"Defragment","floor":23,"key":"SMITH"},{"data":"Rainbow","floor":28,"key":"SMITH"},{"data":"Tempest","floor":32,"key":"SMITH"},{"data":"Chill","floor":40,"key":"SMITH"},{"data":"Defragment","floor":42,"key":"SMITH"},{"data":"Streamline","floor":44,"key":"SMITH"},{"data":"Buffer","floor":49,"key":"SMITH"}],"circlet_count":0,"master_deck":["AscendersBane","Zap+1","Dualcast+1","Sweeping Beam","Coolheaded+1","Go for the Eyes+1","Seek","Scrape","Compile Driver","Rainbow+1","Gash+1","Chaos+1","Defragment+1","Lockon","Turbo","Chill+1","Tempest+1","Buffer+1","Gash+1","Defragment+1","Coolheaded+1","Streamline+1","Thinking Ahead","White Noise+1"],"relics":["Coffee Dripper","Eternal Feather","Potion Belt","DataDisk","Empty Cage","Red Mask","TungstenRod","Singing Bowl","Runic Pyramid","Regal Pillow","Whetstone"],"acts_visited":["Exordium","TheCity","TheBeyond"],"potions_floor_usage":[19,19,33,33,33,33,50,50,50,50],"damage_taken":[{"damage":1,"enemies":"Cultist","floor":1,"turns":3},{"damage":0,"enemies":"2 Louse","floor":2,"turns":3},{"damage":5,"enemies":"Small Slimes","floor":3,"turns":3},{"damage":3,"enemies":"Looter","floor":5,"turns":2},{"damage":0,"enemies":"2 Fungi Beasts","floor":8,"turns":3},{"damage":1,"enemies":"Lots of Slimes","floor":11,"turns":3},{"damage":2,"enemies":"Large Slime","floor":14,"turns":5},{"damage":35,"enemies":"Hexaghost","floor":16,"turns":9},{"damage":10,"enemies":"2 Thieves","floor":18,"turns":3},{"damage":5,"enemies":"Masked Bandits","floor":19,"turns":3},{"damage":0,"enemies":"Spheric Guardian","floor":24,"turns":3},{"damage":12,"enemies":"Slavers","floor":25,"turns":6},{"damage":2,"enemies":"Centurion and Healer","floor":27,"turns":4},{"damage":0,"enemies":"3 Cultists","floor":30,"turns":4},{"damage":0,"enemies":"Shelled Parasite and Fungi","floor":31,"turns":3},{"damage":35,"enemies":"Collector","floor":33,"turns":8},{"damage":9,"enemies":"3 Darklings","floor":35,"turns":4},{"damage":2,"enemies":"Orb Walker","floor":39,"turns":3},{"damage":0,"enemies":"3 Darklings","floor":47,"turns":3},{"damage":0,"enemies":"Jaw Worm Horde","floor":48,"turns":4},{"damage":18,"enemies":"Awakened One","floor":50,"turns":9}],"seed_played":"-9209125762325010528","potions_obtained":[{"floor":1,"key":"GamblersBrew"},{"floor":5,"key":"Dexterity Potion"},{"floor":14,"key":"Explosive Potion"},{"floor":16,"key":"PowerPotion"},{"floor":24,"key":"Energy Potion"},{"floor":25,"key":"Dexterity Potion"},{"floor":27,"key":"DistilledChaos"},{"floor":33,"key":"EssenceOfDarkness"},{"floor":39,"key":"ColorlessPotion"}],"is_trial":false,"path_per_floor":["M","M","M","T","M","R","?","M","T","$","M","R","?","M","R","B",null,"M","?","?","$","?","R","M","E","T","M","R","?","M","M","R","B",null,"M","?","?","$","M","R","$","R","T","R","?","$","M","M","R","B",null],"character_chosen":"DEFECT","items_purchased":["DataDisk","Defragment","Defragment","Swift Potion","Streamline","Regal Pillow","Swift Potion"],"campfire_rested":0,"item_purchase_floors":[10,21,38,38,41,41,41],"current_hp_per_floor":[67,67,62,62,59,68,68,68,68,68,67,75,75,73,75,40,66,56,51,51,51,51,60,60,48,48,48,57,57,57,57,66,31,66,57,57,57,57,55,67,67,77,77,77,72,72,72,74,83,65],"gold":135,"neow_bonus":"BOSS_RELIC","is_daily":false,"chose_seed":false,"campfire_upgraded":10,"win_rate":0.0,"timestamp":1612771854,"path_taken":["M","?","M","?","M","R","?","M","T","$","M","R","?","M","R","BOSS","M","?","?","$","?","R","?","E","T","M","R","?","M","M","R","BOSS","M","?","?","$","M","R","$","R","T","R","?","?","?","M","R","BOSS"],"items_purchased_type":["Relic","Card","Card","Potion","Card","Relic","Potion"],"build_version":"2020-12-22","purchased_purges":3,"victory":true,"max_hp_per_floor":[75,75,75,75,75,75,75,75,75,75,75,75,75,75,75,75,75,75,75,75,75,75,75,75,75,75,77,77,77,77,77,77,77,77,77,77,77,77,77,77,77,77,77,77,81,81,81,83,83,83],"card_choices":[{"not_picked":["Gash","Compile Driver"],"picked":"Sweeping Beam","floor":1},{"not_picked":["Lockon","Steam"],"picked":"Coolheaded","floor":2},{"not_picked":["Heatsinks","Melter"],"picked":"Go for the Eyes","floor":3},{"not_picked":["Coolheaded","Rebound"],"picked":"Seek","floor":5},{"not_picked":["Rebound","Blizzard"],"picked":"Scrape","floor":8},{"not_picked":["Steam","Scrape"],"picked":"Compile Driver","floor":11},{"not_picked":["Auto Shields","Sweeping Beam","Lockon"],"picked":"SKIP","floor":14},{"not_picked":["Fission","Reboot"],"picked":"Rainbow","floor":16},{"not_picked":["Coolheaded","Steam"],"picked":"Gash","floor":18},{"not_picked":["White Noise","Glacier"],"picked":"Chaos+1","floor":19},{"not_picked":["Beam Cell","Compile Driver","Barrage"],"picked":"SKIP","floor":24},{"not_picked":["Fission","Recycle"],"picked":"Lockon","floor":25},{"not_picked":["Stack","Redo","Conserve Battery"],"picked":"Singing Bowl","floor":27},{"not_picked":["Doom and Gloom+1","Rebound"],"picked":"Chill","floor":30},{"not_picked":["Turbo+1","Lockon+1"],"picked":"Tempest","floor":31},{"not_picked":["Seek","Machine Learning"],"picked":"Buffer","floor":33},{"not_picked":["Chaos+1","Stack+1"],"picked":"Gash+1","floor":35},{"not_picked":["Hello World","Hologram+1"],"picked":"Coolheaded+1","floor":39},{"not_picked":["Purity","Panache","Magnetism"],"picked":"Singing Bowl","floor":45},{"not_picked":["Deep Breath","PanicButton","Panacea"],"picked":"Singing Bowl","floor":45},{"not_picked":["Purity","HandOfGreed"],"picked":"Thinking Ahead","floor":45},{"not_picked":["Redo+1","Glacier"],"picked":"White Noise+1","floor":47},{"not_picked":["Gash+1","Self Repair+1","Steam"],"picked":"Singing Bowl","floor":48}],"player_experience":419870,"relics_obtained":[{"floor":4,"key":"Eternal Feather"},{"floor":9,"key":"Potion Belt"},{"floor":19,"key":"Red Mask"},{"floor":25,"key":"TungstenRod"},{"floor":26,"key":"Singing Bowl"},{"floor":43,"key":"Whetstone"}],"event_choices":[{"damage_healed":0,"gold_gain":0,"player_choice":"Ignored","damage_taken":0,"max_hp_gain":0,"max_hp_loss":0,"event_name":"Liars Game","floor":7,"gold_loss":0},{"cards_removed":["Strike_B"],"damage_healed":0,"gold_gain":0,"player_choice":"Forget","damage_taken":0,"max_hp_gain":0,"max_hp_loss":0,"event_name":"Living Wall","floor":13,"gold_loss":0},{"damage_healed":0,"gold_gain":0,"player_choice":"Fought Bandits","damage_taken":0,"max_hp_gain":0,"max_hp_loss":0,"event_name":"Masked Bandits","floor":19,"gold_loss":0},{"damage_healed":0,"gold_gain":0,"player_choice":"Ignored","damage_taken":0,"max_hp_gain":0,"max_hp_loss":0,"event_name":"Vampires","floor":20,"gold_loss":0},{"cards_removed":["Strike_B"],"damage_healed":0,"gold_gain":0,"player_choice":"Offered Basic","damage_taken":0,"max_hp_gain":0,"max_hp_loss":0,"event_name":"Bonfire Elementals","floor":22,"gold_loss":0},{"damage_healed":0,"gold_gain":0,"cards_transformed":["Defend_B"],"player_choice":"Transformed","damage_taken":0,"max_hp_gain":0,"max_hp_loss":0,"event_name":"Transmorgrifier","floor":29,"gold_loss":0,"cards_obtained":["Turbo"]},{"damage_healed":0,"gold_gain":222,"player_choice":"Wore Mask","damage_taken":0,"max_hp_gain":0,"max_hp_loss":0,"event_name":"Tomb of Lord Red Mask","floor":36,"gold_loss":0},{"damage_healed":0,"gold_gain":0,"player_choice":"Ignored","damage_taken":0,"max_hp_gain":0,"max_hp_loss":0,"event_name":"Mysterious Sphere","floor":37,"gold_loss":0},{"damage_healed":0,"gold_gain":0,"player_choice":"Memory 3","damage_taken":10,"max_hp_gain":0,"max_hp_loss":0,"event_name":"SensoryStone","floor":45,"gold_loss":0}],"is_beta":false,"boss_relics":[{"not_picked":["Cursed Key","Fusion Hammer"],"picked":"Empty Cage"},{"not_picked":["Astrolabe","Philosopher\u0027s Stone"],"picked":"Runic Pyramid"}],"items_purged_floors":[21,38,41],"is_endless":false,"potions_floor_spawned":[1,5,14,16,24,25,27,33,39,48],"ascension_level":10}}