{"host":"7wi4qgm5yw4j7oz0","time":1612807806,"event":{"mods":["AchievementEnabler","BaseMod","Block Reminder","Colored Map","Colored Powertips","Highlight Path","Minty Spire (QoL Compilation)","Permanent Neow","Random Character Button","Rare Cards Sparkle","StSLib","everything is the same but u backflip on backflip"],"gold_per_floor":[111,124,199,209,226,226,244,244,268,279,279,135,135,159,159,260,260,272,283,183,200,200,200,214,232,259,259,259],"floor_reached":27,"language":"KOR","playtime":871,"items_purged":["Strike_R","Bash"],"score":279,"play_id":"36f6acfc-3194-4a6c-a52e-984a6a0563f5","local_time":"20210209031006","is_ascension_mode":true,"campfire_choices":[{"data":"Flex","floor":6.0,"key":"SMITH"},{"data":"Armaments","floor":8.0,"key":"SMITH"},{"data":"Warcry","floor":11.0,"key":"SMITH"},{"data":"Inflame","floor":15.0,"key":"SMITH"},{"data":"Heavy Blade","floor":23,"key":"SMITH"}],"circlet_count":0,"master_deck":["Strike_R","Strike_R","Strike_R","Defend_R","Defend_R","Defend_R","Defend_R","Burning Pact","Heavy Blade+1","Heavy Blade","Pummel","Flex+1","Armaments+1","Warcry+1","Inflame+1","Barricade","Thunderclap","Battle Trance+1","Disarm+1","Disarm+1","Second Wind","Sentinel"],"relics":["Burning Blood","Vajra","Dream Catcher","Runic Cube","Centennial Puzzle"],"acts_visited":["Exordium","TheCity"],"potions_floor_usage":[21,24],"damage_taken":[{"damage":9.0,"enemies":"2 Louse","floor":1.0,"turns":3.0},{"damage":2.0,"enemies":"Small Slimes","floor":2.0,"turns":4.0},{"damage":3.0,"enemies":"Jaw Worm","floor":4.0,"turns":4.0},{"damage":18.0,"enemies":"3 Louse","floor":5.0,"turns":4.0},{"damage":16.0,"enemies":"Red Slaver","floor":7.0,"turns":4.0},{"damage":0.0,"enemies":"2 Fungi Beasts","floor":10.0,"turns":1.0},{"damage":15.0,"enemies":"The Guardian","floor":16.0,"turns":8.0},{"damage":22.0,"enemies":"Spheric Guardian","floor":18.0,"turns":4.0},{"damage":29.0,"enemies":"2 Thieves","floor":19.0,"turns":4.0},{"damage":36,"enemies":"Snake Plant","floor":21,"turns":4},{"damage":25,"enemies":"Sentry and Sphere","floor":24,"turns":4},{"damage":8,"enemies":"Snecko","floor":25,"turns":5},{"damage":11,"enemies":"Gremlin Leader","floor":27,"turns":1}],"seed_played":"-4018795027173577228","potions_obtained":[{"floor":2.0,"key":"FairyPotion"},{"floor":4.0,"key":"AttackPotion"},{"floor":7.0,"key":"SneckoOil"},{"floor":18.0,"key":"AttackPotion"},{"floor":21,"key":"PowerPotion"},{"floor":24,"key":"Strength Potion"}],"is_trial":false,"path_per_floor":["M","M","?","M","M","R","M","R","T","M","R","$","?","T","R","B",null,"M","M","$","M","?","R","M","M","T","E"],"character_chosen":"IRONCLAD","items_purchased":["Inflame"],"campfire_rested":0,"item_purchase_floors":[12],"current_hp_per_floor":[69,73,62,65,53,53,43,43,43,49,49,49,49,49,49,40,70,54,31,31,30,30,30,11,9,9,0,0],"gold":259,"neow_bonus":"TRANSFORM_CARD","is_daily":false,"chose_seed":false,"campfire_upgraded":5,"win_rate":0.0,"timestamp":1612807806,"path_taken":["M","M","?","M","M","R","M","R","T","M","R","$","?","?","R","BOSS","M","M","$","M","?","R","M","M","T","E"],"items_purchased_type":["Card"],"build_version":"2020-12-22","purchased_purges":2,"victory":false,"max_hp_per_floor":[80,80,80,80,80,80,80,80,80,80,80,80,80,80,80,80,80,80,80,80,80,80,80,80,80,80,80,80],"card_choices":[{"not_picked":["Armaments","Blood for Blood"],"picked":"Heavy Blade","floor":1.0},{"not_picked":["Clothesline","Sword Boomerang"],"picked":"Heavy Blade","floor":2.0},{"not_picked":["Iron Wave","Pommel Strike"],"picked":"Pummel","floor":4.0},{"not_picked":["Havoc","Barricade"],"picked":"Flex","floor":5.0},{"not_picked":["True Grit","Searing Blow"],"picked":"Armaments","floor":7.0},{"not_picked":["Searing Blow","Twin Strike"],"picked":"Warcry","floor":10.0},{"not_picked":["Impervious","Juggernaut"],"picked":"Barricade","floor":16.0},{"not_picked":["Sword Boomerang","Blood for Blood"],"picked":"Thunderclap","floor":18.0},{"not_picked":["Armaments","Combust"],"picked":"Battle Trance+1","floor":19.0},{"not_picked":["Pommel Strike","Rupture+1"],"picked":"Disarm+1","floor":21},{"not_picked":["Shrug It Off","Blood for Blood+1"],"picked":"Second Wind","floor":24},{"not_picked":["True Grit+1","Havoc"],"picked":"Sentinel","floor":25}],"player_experience":272445,"relics_obtained":[{"floor":9.0,"key":"Vajra"},{"floor":14.0,"key":"Dream Catcher"},{"floor":26,"key":"Centennial Puzzle"}],"event_choices":[{"damage_healed":0.0,"max_hp_gain":0.0,"max_hp_loss":0.0,"gold_gain":75.0,"event_name":"World of Goop","player_choice":"Gather Gold","floor":3.0,"gold_loss":0.0,"damage_taken":11.0},{"damage_healed":0.0,"max_hp_gain":0.0,"max_hp_loss":0.0,"gold_gain":0.0,"event_name":"Golden Idol","player_choice":"Ignored","floor":13.0,"gold_loss":0.0,"damage_taken":0.0},{"damage_healed":0,"gold_gain":0,"player_choice":"Copied","damage_taken":0,"max_hp_gain":0,"max_hp_loss":0,"event_name":"Duplicator","floor":22,"gold_loss":0,"cards_obtained":["Disarm"]}],"is_beta":false,"boss_relics":[{"not_picked":["SacredBark","Ectoplasm"],"picked":"Runic Cube"}],"items_purged_floors":[12,20],"is_endless":false,"potions_floor_spawned":[2,4,7,18,21,24],"killed_by":"Gremlin Leader","ascension_level":7}}