{"host":"qwb18rbrg3wnmsho","time":1612795598,"event":{"mods":["ATMod(°¢èªMod)","Act Like it!","BaseMod","BetterRewards","Gensokyo","Minty Spire (QoL Compilation)","Potion Indicator Mod","Quarter Circle Forward PUNCH!","Reliquary","Remilia£¨ÀÙÃ×ÀòÑÇ£©","Replay The Spire","StSLib","Wide Potions","[IsaacMod]ÒÔÈö¼âËþ"],"gold_per_floor":[113,209,220,220,232,232,248,118,118,147,176,191,223,243,243,345,345,355,367,367,386,403,475,491,520,520,631,631,469,519,539,539,642,642,729,543,555,644,659,688,688,735,814,849,849,877,877,891,986,850,850,850,540,574,574,574],"floor_reached":55,"language":"ZHS","playtime":4116,"items_purged":["Strike_RM","Strike_RM","Defend_RM","Defend_RM"],"score":1687,"play_id":"654bb84a-9275-45a4-8508-99bc0de49cb1","local_time":"20210208224638","is_ascension_mode":true,"campfire_choices":[{"data":"AT_KingSlayer","floor":6,"key":"SMITH"},{"data":"HunterOfTheNight","floor":15,"key":"SMITH"},{"data":"HeartBreak","floor":28,"key":"SMITH"},{"data":"EternalNight","floor":32,"key":"SMITH"},{"floor":41,"key":"RECALL"},{"data":"ScarletNetherworld","floor":47,"key":"SMITH"},{"data":"CeilingFear","floor":49,"key":"SMITH"},{"data":"ScarletGensokyo","floor":52,"key":"SMITH"}],"circlet_count":0,"master_deck":["AscendersBane","Strike_RM","Strike_RM+1","Defend_RM","Defend_RM","AT_KingSlayer+1","MastersStateliness+1","UnstableMagic","Stigmanizer","ScarletNetherworld+1","ScarletGensokyo+1","MillenniumVampire","HunterOfTheNight+1","HeartBreak+1","HellCatastrophe+1","RedNightlessCastle+1","CeilingFear+1","EternalNight+1","ChainGang","ScarletImprint"],"relics":["ScarletHat","HushsDoor","AT_ATBox","NeowsBlessing","SteamSale","Toy Ornithopter","BloodDonationMachine","Odd Mushroom","Calipers","MagicMushroom","AT_DeathDance","GuppysTail","AT_Kusabimaru","reliquary:BrokenClock","reliquary:HotPoker","Replay:Baseball","reliquary:FeatherDuster","SatanicBible","Whetstone","TuHaoJin","GuppysHead","BookOfRevelations","Dead Branch","Chameleon Ring"],"acts_visited":["Exordium","TheCity","TheBeyond","TheEnding"],"potions_floor_usage":[10,13,21,23,25,25,42,48,55,55],"damage_taken":[{"damage":0,"enemies":"Small Slimes","floor":1,"turns":1},{"damage":0,"enemies":"Cultist","floor":3,"turns":3},{"damage":0,"enemies":"2 Louse","floor":5,"turns":4},{"damage":5,"enemies":"Looter","floor":7,"turns":3},{"damage":0,"enemies":"Lagavulin","floor":10,"turns":10},{"damage":4,"enemies":"The Mushroom Lair","floor":11,"turns":4},{"damage":0,"enemies":"2 Fungi Beasts","floor":12,"turns":4},{"damage":0,"enemies":"Gremlin Nob","floor":13,"turns":4},{"damage":4,"enemies":"Exordium Wildlife","floor":14,"turns":7},{"damage":0,"enemies":"The Guardian","floor":16,"turns":11},{"damage":0,"enemies":"3 Byrds","floor":18,"turns":2},{"damage":0,"enemies":"Shell Parasite","floor":19,"turns":4},{"damage":0,"enemies":"Cultist and Chosen","floor":21,"turns":5},{"damage":0,"enemies":"Snecko","floor":22,"turns":2},{"damage":12,"enemies":"Slavers","floor":23,"turns":7},{"damage":4,"enemies":"Centurion and Healer","floor":24,"turns":3},{"damage":5,"enemies":"Gremlin Leader","floor":25,"turns":2},{"damage":0,"enemies":"Sentry and Sphere","floor":27,"turns":2},{"damage":0,"enemies":"Hiden Room Battle","floor":30,"turns":3},{"damage":0,"enemies":"Snake Plant","floor":31,"turns":3},{"damage":8,"enemies":"Collector","floor":33,"turns":3},{"damage":0,"enemies":"3 Shapes","floor":35,"turns":4},{"damage":0,"enemies":"3 Darklings","floor":37,"turns":2},{"damage":10,"enemies":"Writhing Mass","floor":39,"turns":4},{"damage":50,"enemies":"Reptomancer","floor":40,"turns":3},{"damage":0,"enemies":"R_Hoarder","floor":42,"turns":4},{"damage":0,"enemies":"Reptomancer","floor":44,"turns":1},{"damage":0,"enemies":"Nemesis","floor":46,"turns":1},{"damage":0,"enemies":"Spire Growth","floor":48,"turns":3},{"damage":55,"enemies":"Awakened One","floor":50,"turns":6},{"damage":0,"enemies":"Shield and Spear","floor":54,"turns":5},{"damage":146,"enemies":"Delirium","floor":55,"turns":10}],"seed_played":"4671058867181108747","potions_obtained":[{"floor":1,"key":"LiquidMemories"},{"floor":10,"key":"Venom Potion"},{"floor":12,"key":"PowerPotion"},{"floor":13,"key":"PowerPotion"},{"floor":14,"key":"SkillPotion"},{"floor":22,"key":"SneckoOil"},{"floor":23,"key":"Reflective Coating"},{"floor":25,"key":"FairyPotion"},{"floor":40,"key":"ColorlessPotion"},{"floor":46,"key":"FearPotion"}],"is_trial":false,"path_per_floor":["M","?","M","?","M","R","M","$","T","E","?","M","E","M","R","B",null,"M","M","?","M","M","E","M","E","T","M","R","$","?","M","R","B",null,"M","$","M","?","M","E","R","E","T","E","?","E","R","M","R","B",null,"R","$","E","B"],"character_chosen":"REMILIA","items_purchased":["Toy Ornithopter","ScarletNetherworld","HeartBreak","reliquary:BrokenClock","CeilingFear","reliquary:FeatherDuster","Dead Branch","Energy Potion","DistilledChaos","ScarletImprint"],"campfire_rested":0,"item_purchase_floors":[8,8,17,29,29,36,53,53,53,53],"current_hp_per_floor":[68,53,53,38,38,38,37,37,37,51,48,48,65,62,62,66,78,79,79,79,79,79,72,71,74,74,61,61,61,47,48,48,41,70,61,61,62,42,33,69,69,75,75,75,75,75,75,79,70,24,65,65,65,67,0,0],"gold":574,"neow_bonus":"THREE_ENEMY_KILL","is_daily":false,"chose_seed":false,"campfire_upgraded":7,"win_rate":0.0,"timestamp":1612795598,"path_taken":["M","?","M","?","M","R","M","$","T","E","?","M","E","M","R","BOSS","M","?","?","M","M","E","M","E","T","M","R","$","?","M","R","BOSS","M","$","M","?","M","E","R","E","T","E","?","E","R","M","R","BOSS","R","$","E","BOSS"],"items_purchased_type":["Relic","Card","Card","Relic","Card","Relic","Relic","Potion","Potion","Card"],"build_version":"2020-12-22","purchased_purges":4,"victory":false,"max_hp_per_floor":[75,75,75,75,75,75,75,75,75,75,75,75,75,75,75,75,79,79,79,79,79,79,79,79,79,79,79,79,79,79,79,79,79,79,79,79,79,79,79,79,79,79,79,79,79,79,79,79,79,79,79,79,79,79,79,79],"card_choices":[{"not_picked":["StarOfDavid","BombardNight"],"picked":"MastersStateliness","floor":1},{"not_picked":["LeisurelyOfLord","CharismaGuard"],"picked":"UnstableMagic","floor":3},{"not_picked":["UltimateOffering","VampireSweep"],"picked":"Stigmanizer","floor":5},{"not_picked":["UltimateOffering","UnstableMagic","MiserableFate"],"picked":"SKIP","floor":7},{"not_picked":["BloodyMagicSquare","RedNightlessCastle"],"picked":"ScarletGensokyo","floor":10},{"not_picked":["BloodyMagicSquare","BloodyTrap"],"picked":"MillenniumVampire","floor":12},{"not_picked":["BloodyMagicSquare","ScarletDream","ScarletSymphony"],"picked":"SKIP","floor":13},{"not_picked":["MastersStateliness","RedRainbow"],"picked":"HunterOfTheNight","floor":14},{"not_picked":["FavorOfDestiny","ScarletImprint","VampireKiss"],"picked":"SKIP","floor":18},{"not_picked":["AfternoonTea","VampirishNight+1","RedRainbow"],"picked":"SKIP","floor":19},{"not_picked":["MastersStateliness","UnderTheZenith","VampireClaw"],"picked":"SKIP","floor":21},{"not_picked":["Ultimatum","MastersStateliness"],"picked":"HellCatastrophe","floor":22},{"not_picked":["MastersStateliness+1","CharismaGuard","VampireKiss"],"picked":"SKIP","floor":23},{"not_picked":["FavorOfDestiny","UnstableMagic+1","VampireKiss"],"picked":"SKIP","floor":24},{"not_picked":["AfternoonTea","Maim","BloodAndWine"],"picked":"SKIP","floor":25},{"not_picked":["StarOfDavid","AfternoonTea"],"picked":"RedNightlessCastle","floor":27},{"not_picked":["UnderTheZenith","UnstableMagic"],"picked":"EternalNight","floor":30},{"not_picked":["EternalNight","VampireSweep+1","ScarletImprint"],"picked":"SKIP","floor":31},{"not_picked":["ForbiddenFruit","DevilSight+1","EndlessAdversity"],"picked":"SKIP","floor":35},{"not_picked":["BadLadyScramble","ScarletImprint","NightDance"],"picked":"SKIP","floor":37},{"not_picked":["MillenniumVampire","NightDance"],"picked":"VampireSweep+1","floor":38},{"not_picked":["BloodyCatastrophe","NightDance","BloodyTrap"],"picked":"SKIP","floor":39},{"not_picked":["FitfulNightmare","ForbiddenFruit","MastersStateliness"],"picked":"SKIP","floor":40},{"not_picked":["CharismaGuard","MastersStateliness","StarOfDavid"],"picked":"SKIP","floor":42},{"not_picked":["EternalNight","BloodyMagicSquare","EndlessAdversity"],"picked":"SKIP","floor":44},{"not_picked":["DiffusionOfMisfortune","DemonKingCradle"],"picked":"ChainGang","floor":46},{"not_picked":["CharismaGuard","ForbiddenFruit","ScarletDevil"],"picked":"SKIP","floor":48},{"not_picked":["HunterOfTheNight","UnstableMagic","FavorOfDestiny"],"picked":"SKIP","floor":54}],"player_experience":300170,"relics_obtained":[{"floor":10,"key":"BloodDonationMachine"},{"floor":11,"key":"Odd Mushroom"},{"floor":13,"key":"Calipers"},{"floor":23,"key":"AT_DeathDance"},{"floor":25,"key":"GuppysTail"},{"floor":26,"key":"AT_Kusabimaru"},{"floor":30,"key":"reliquary:HotPoker"},{"floor":30,"key":"Replay:Baseball"},{"floor":40,"key":"SatanicBible"},{"floor":42,"key":"Whetstone"},{"floor":43,"key":"TuHaoJin"},{"floor":44,"key":"GuppysHead"},{"floor":46,"key":"BookOfRevelations"},{"floor":54,"key":"Chameleon Ring"}],"event_choices":[{"damage_healed":0,"gold_gain":0,"player_choice":"Entered Light","damage_taken":15,"max_hp_gain":0,"max_hp_loss":0,"event_name":"Shining Light","floor":4,"gold_loss":0,"cards_upgraded":["Strike_RM","MastersStateliness"]},{"damage_healed":0,"gold_gain":0,"player_choice":"Fought Mushrooms","damage_taken":0,"max_hp_gain":0,"max_hp_loss":0,"event_name":"Mushrooms","floor":11,"gold_loss":0},{"damage_healed":0,"gold_gain":0,"player_choice":"Fight","damage_taken":0,"max_hp_gain":0,"max_hp_loss":0,"event_name":"HidenRoomEvent","floor":30,"gold_loss":0},{"cards_removed":["VampireSweep"],"damage_healed":0,"gold_gain":0,"player_choice":"Removed Attack","damage_taken":0,"max_hp_gain":0,"max_hp_loss":0,"event_name":"Falling","floor":45,"gold_loss":0}],"is_beta":false,"boss_relics":[{"not_picked":["ChewingGum","Busted Crown"],"picked":"MagicMushroom"},{"not_picked":[]},{"not_picked":["reliquary:Ember","ChampionBelt","Fusion Hammer"]}],"items_purged_floors":[8,29,36,53],"is_endless":false,"potions_floor_spawned":[1,10,12,13,16,19,22,25,30,35,39,40,46,54],"killed_by":"Delirium","ascension_level":12}}