{"host":"0ueeacaatm8t6jyh","time":1612801000,"event":{"mods":["AchievementEnabler","BaseMod","Colored Powertips","Minty Spire (QoL Compilation)","Quick Restart","Rare Cards Sparkle","Shop Mod","StSLib"],"gold_per_floor":[112,126,126,139,157,187,187,187,187],"floor_reached":8,"language":"ZHS","playtime":241,"items_purged":[],"score":96,"play_id":"80727ae3-c29b-403a-bfd6-f185933941fd","local_time":"20210209001640","is_ascension_mode":true,"campfire_choices":[{"floor":7,"key":"REST"}],"circlet_count":0,"master_deck":["AscendersBane","Strike_G","Strike_G","Strike_G","Strike_G","Defend_G","Defend_G","Defend_G","Defend_G","Defend_G","Survivor","Neutralize","Blade Dance","Backflip","Acrobatics","Terror"],"relics":["Ring of the Snake","NeowsBlessing","Boot"],"acts_visited":["Exordium"],"potions_floor_usage":[6],"damage_taken":[{"damage":0.0,"enemies":"Cultist","floor":1.0,"turns":1.0},{"damage":0.0,"enemies":"Jaw Worm","floor":2.0,"turns":1.0},{"damage":0.0,"enemies":"2 Louse","floor":4.0,"turns":1.0},{"damage":18.0,"enemies":"Exordium Thugs","floor":5.0,"turns":5.0},{"damage":60,"enemies":"Lagavulin","floor":6,"turns":9},{"damage":0,"enemies":"3 Sentries","floor":8,"turns":1}],"seed_played":"1419067638733300713","potions_obtained":[{"floor":2.0,"key":"FairyPotion"},{"floor":5.0,"key":"AttackPotion"}],"is_trial":false,"path_per_floor":["M","M","?","M","M","E","R","E"],"character_chosen":"THE_SILENT","items_purchased":[],"campfire_rested":1,"item_purchase_floors":[],"current_hp_per_floor":[63,63,63,63,45,6,27,27,27],"gold":187,"neow_bonus":"THREE_ENEMY_KILL","is_daily":false,"chose_seed":false,"campfire_upgraded":0,"win_rate":0.0,"timestamp":1612801000,"path_taken":["M","M","?","?","M","E","R","E"],"items_purchased_type":[],"build_version":"2020-12-22","purchased_purges":0,"victory":false,"max_hp_per_floor":[70,70,70,70,70,70,70,70,70],"card_choices":[{"not_picked":["Dagger Spray","Backflip"],"picked":"Blade Dance","floor":1.0},{"not_picked":["Dagger Spray","Riddle With Holes"],"picked":"Backflip","floor":2.0},{"not_picked":["Deadly Poison","Infinite Blades"],"picked":"Acrobatics","floor":4.0},{"not_picked":["Dodge and Roll","Cloak And Dagger","Slice"],"picked":"SKIP","floor":5.0},{"not_picked":["Outmaneuver","Quick Slash"],"picked":"Terror","floor":6}],"player_experience":518463,"relics_obtained":[{"floor":6,"key":"Boot"}],"event_choices":[{"cards_removed":["Strike_G"],"damage_healed":0.0,"max_hp_gain":0.0,"max_hp_loss":0.0,"gold_gain":0.0,"event_name":"Purifier","player_choice":"Purged","floor":3.0,"gold_loss":0.0,"damage_taken":0.0}],"is_beta":false,"boss_relics":[],"items_purged_floors":[],"is_endless":false,"potions_floor_spawned":[2,5],"killed_by":"3 Sentries","ascension_level":13}}