{"host":"0tiuc76yumknr6qf","time":1612806205,"event":{"mods":["Aspiration","BaseMod","Bestiary","Colored Map","DeckTracker","Highlight Path","Minty Spire (QoL Compilation)","StSLib"],"gold_per_floor":[119,138,155,155,166,166,197,197,197,197,216,216,236,268,268,339,339,350,362,362,372,372,372,405,405,428,106,133,5,16,41,41,117,117,132,132,132,143,168,168,168],"floor_reached":40,"language":"ENG","playtime":2347,"items_purged":["Strike_G"],"score":983,"play_id":"15de3aef-3c04-4665-8c87-6bae3feee93b","local_time":"20210208114325","is_ascension_mode":true,"campfire_choices":[{"data":"Masterful Stab","floor":6.0,"key":"SMITH"},{"data":"Unload","floor":8.0,"key":"SMITH"},{"data":"Neutralize","floor":10.0,"key":"SMITH"},{"data":"Deadly Poison","floor":12.0,"key":"SMITH"},{"data":"Infinite Blades","floor":15.0,"key":"SMITH"},{"data":"Eviscerate","floor":23.0,"key":"SMITH"},{"data":"Adrenaline","floor":25.0,"key":"SMITH"},{"data":"Corpse Explosion","floor":32.0,"key":"SMITH"}],"circlet_count":0,"master_deck":["AscendersBane","Strike_G","Strike_G","Strike_G","Strike_G","Defend_G","Defend_G","Defend_G","Defend_G","Defend_G","Survivor","Neutralize+1","Poisoned Stab+1","Deadly Poison+1","Flying Knee","Masterful Stab+1","Unload+1","Blur","Infinite Blades+1","Adrenaline+1","Caltrops+1","Acrobatics","J.A.X.","Concentrate","Eviscerate+1","Accuracy","PiercingWail","Blur","Accuracy","Corpse Explosion+1","aspiration:Lunge","After Image","Acrobatics","Mayhem","Secret Weapon","Purity"],"relics":["Ring of the Snake","aspiration:Nostalgia","Burning Blood","Sundial","PreservedInsect","Oddly Smooth Stone","Runic Pyramid","Pocketwatch","aspiration:VileToxins","Bag of Marbles","MealTicket","Fusion Hammer","Lantern"],"acts_visited":["Exordium","TheCity","TheBeyond"],"potions_floor_usage":[33],"damage_taken":[{"damage":1.0,"enemies":"Small Slimes","floor":1.0,"turns":4.0},{"damage":4.0,"enemies":"Cultist","floor":2.0,"turns":4.0},{"damage":0.0,"enemies":"2 Louse","floor":3.0,"turns":3.0},{"damage":10.0,"enemies":"Large Slime","floor":5.0,"turns":6.0},{"damage":42.0,"enemies":"3 Sentries","floor":7.0,"turns":13.0},{"damage":8.0,"enemies":"Blue Slaver","floor":11.0,"turns":3.0},{"damage":1.0,"enemies":"2 Fungi Beasts","floor":13.0,"turns":2.0},{"damage":15.0,"enemies":"Lagavulin","floor":14.0,"turns":4.0},{"damage":7.0,"enemies":"Hexaghost","floor":16.0,"turns":9.0},{"damage":0.0,"enemies":"3 Byrds","floor":18.0,"turns":3.0},{"damage":12.0,"enemies":"Shell Parasite","floor":19.0,"turns":5.0},{"damage":8.0,"enemies":"Centurion and Healer","floor":21.0,"turns":6.0},{"damage":11.0,"enemies":"Slavers","floor":24.0,"turns":2.0},{"damage":9.0,"enemies":"Book of Stabbing","floor":28.0,"turns":3.0},{"damage":3.0,"enemies":"Chosen and Byrds","floor":30.0,"turns":3.0},{"damage":0.0,"enemies":"Gremlin Leader","floor":31.0,"turns":4.0},{"damage":48,"enemies":"Automaton","floor":33,"turns":10},{"damage":18,"enemies":"3 Darklings","floor":35,"turns":5},{"damage":0,"enemies":"Orb Walker","floor":38,"turns":2},{"damage":42,"enemies":"Reptomancer","floor":40,"turns":3}],"seed_played":"5771259293925659191","potions_obtained":[{"floor":1.0,"key":"BlessingOfTheForge"},{"floor":5.0,"key":"LiquidBronze"},{"floor":16.0,"key":"SkillPotion"},{"floor":18.0,"key":"LiquidBronze"},{"floor":28.0,"key":"Poison Potion"}],"is_trial":false,"path_per_floor":["M","M","M","?","M","R","E","R","T","R","M","R","M","E","R","B",null,"M","M","?","M","?","R","E","R","T","$","E","$","M","E","R","B",null,"M","?","?","M","T","E"],"character_chosen":"THE_SILENT","items_purchased":["aspiration:VileToxins","Accuracy","Blur","Accuracy"],"campfire_rested":0,"item_purchase_floors":[27,27,29,29],"current_hp_per_floor":[64,66,66,66,62,62,26,26,26,26,24,24,29,20,20,19,54,60,54,54,52,52,52,47,47,47,47,44,44,47,53,53,11,52,40,40,30,36,36,0,0],"gold":168,"neow_bonus":"NOSTALGIA","is_daily":false,"chose_seed":false,"campfire_upgraded":8,"win_rate":0.0,"timestamp":1612806205,"path_taken":["M","M","M","?","M","R","E","R","T","R","?","R","M","E","R","BOSS","M","M","?","M","?","R","E","R","T","$","E","$","M","E","R","BOSS","M","?","?","M","?","E"],"items_purchased_type":["Relic","Card","Card","Card"],"build_version":"2020-12-22","purchased_purges":1,"victory":false,"max_hp_per_floor":[66,66,66,66,66,66,66,66,66,66,66,66,66,66,66,66,66,66,66,66,66,66,66,66,66,66,66,66,66,66,66,66,66,66,66,63,63,63,63,63,63],"card_choices":[{"not_picked":["Reflex","Calculated Gamble"],"picked":"Poisoned Stab","floor":1.0},{"not_picked":["Sucker Punch","Cloak And Dagger"],"picked":"Deadly Poison","floor":2.0},{"not_picked":["Deflect","Prepared"],"picked":"Flying Knee","floor":3.0},{"not_picked":["Flechettes","Deadly Poison"],"picked":"Masterful Stab","floor":5.0},{"not_picked":["Finisher","Dagger Throw"],"picked":"Unload","floor":7.0},{"not_picked":["Dagger Spray","Flying Knee"],"picked":"Blur","floor":11.0},{"not_picked":["Dagger Throw","Dagger Spray","Outmaneuver"],"picked":"SKIP","floor":13.0},{"not_picked":["Bane","Slice"],"picked":"Infinite Blades","floor":14.0},{"not_picked":["Night Terror","Corpse Explosion"],"picked":"Adrenaline","floor":16.0},{"not_picked":["Deflect","Endless Agony"],"picked":"Caltrops+1","floor":18.0},{"not_picked":["Underhanded Strike","Outmaneuver"],"picked":"Acrobatics","floor":19.0},{"not_picked":["Prepared","Tactician"],"picked":"Concentrate","floor":21.0},{"not_picked":["Dagger Spray","Riddle With Holes","Terror"],"picked":"SKIP","floor":24.0},{"not_picked":["Endless Agony","Sucker Punch"],"picked":"PiercingWail","floor":28.0},{"not_picked":["Prepared","Slice"],"picked":"Corpse Explosion","floor":30.0},{"not_picked":["Bane","Bullet Time"],"picked":"aspiration:Lunge","floor":31.0},{"not_picked":["Envenom","Corpse Explosion"],"picked":"After Image","floor":33},{"not_picked":["Slice","Outmaneuver"],"picked":"Acrobatics","floor":35},{"not_picked":["Jack Of All Trades","Dramatic Entrance"],"picked":"Mayhem","floor":37},{"not_picked":["Purity","Forethought"],"picked":"Secret Weapon","floor":37},{"not_picked":["Dramatic Entrance","Magnetism"],"picked":"Purity","floor":37},{"not_picked":["Sucker Punch","Slice+1","Skewer"],"picked":"SKIP","floor":38}],"player_experience":1955486,"relics_obtained":[{"floor":7.0,"key":"Sundial"},{"floor":9.0,"key":"PreservedInsect"},{"floor":14.0,"key":"Oddly Smooth Stone"},{"floor":24.0,"key":"Pocketwatch"},{"floor":28.0,"key":"Bag of Marbles"},{"floor":31.0,"key":"MealTicket"},{"floor":39,"key":"Lantern"}],"event_choices":[{"damage_healed":0.0,"max_hp_gain":0.0,"max_hp_loss":0.0,"gold_gain":0.0,"event_name":"Accursed Blacksmith","player_choice":"Forge","floor":4.0,"gold_loss":0.0,"damage_taken":0.0,"cards_upgraded":["Poisoned Stab"]},{"damage_healed":0.0,"max_hp_gain":0.0,"max_hp_loss":0.0,"gold_gain":0.0,"event_name":"Drug Dealer","player_choice":"Obtain J.A.X.","floor":20.0,"gold_loss":0.0,"damage_taken":0.0,"cards_obtained":["J.A.X."]},{"damage_healed":0.0,"max_hp_gain":0.0,"max_hp_loss":0.0,"gold_gain":0.0,"event_name":"The Library","player_choice":"Read","floor":22.0,"gold_loss":0.0,"damage_taken":0.0,"cards_obtained":["Eviscerate"]},{"damage_healed":0,"gold_gain":0,"player_choice":"Max HP","damage_taken":0,"max_hp_gain":0,"max_hp_loss":3,"event_name":"Winding Halls","floor":36,"gold_loss":0},{"damage_healed":0,"gold_gain":0,"player_choice":"Memory 3","damage_taken":10,"max_hp_gain":0,"max_hp_loss":0,"event_name":"SensoryStone","floor":37,"gold_loss":0}],"is_beta":false,"boss_relics":[{"not_picked":["Astrolabe","SlaversCollar"],"picked":"Runic Pyramid"},{"not_picked":["Black Star","Coffee Dripper"],"picked":"Fusion Hammer"}],"items_purged_floors":[27],"is_endless":false,"potions_floor_spawned":[1,5,11,13,16,18,19,28],"killed_by":"Reptomancer","ascension_level":20}}