{"host":"rn4c402gwd40h2z6","time":1612801249,"event":{"mods":["10 clothes from DAL","A Penny For Your Troubles","ATMod(阿瑾Mod)","Act Like it!","Ascension Unlocker","BaseMod","CapriCore","Card Forge","Challenge The Spire","DNKmod","Data Control","Downfall","Easy Mod","Friendly Minions","Infinite Spire","Mimic Mod","Minty Spire (QoL Compilation)","MostiFishMod","Pale of the Ancients","Permanent Neow","Quick Restart","Random Character Button","RumiaBox-露米娅的神秘盒子","Spicy Shops","StSLib","TestMod","The Construct","[GremlinLeader]The Maniac","[LAZYMAN]RSMod","noobMod","theHeart","【功能Mod】混沌之环修复补丁","【功能Mod】精心准备","【功能Mod】聪明的最终Boss","【遗物Mod】死灵法师NEW","【遗物卡牌】REMEMod"],"gold_per_floor":[99,99,99,99,99,399,399,399,399,431,431,431,431,431,431,431,431,131,131,131,131,231,231,231,231,231,231,231,231,231,231,231,231,231,231,231,231,231,231,506,506,506,506,506,506,194,194,194,194,194,194,227,102,102,102,102],"floor_reached":57,"language":"ZHS","playtime":1054,"items_purged":["Regret","champ:Defend","champ:Defend"],"score":2788,"play_id":"9fa291ca-c4a4-4537-a652-cff1e7d82ceb","local_time":"20210209002049","is_ascension_mode":true,"campfire_choices":[{"floor":1,"key":"RECALL"},{"floor":18,"key":"REST"},{"floor":30,"key":"REST"},{"floor":35,"key":"REST"},{"floor":47,"key":"REST"},{"data":"bronze:InfiniteBeams","floor":54,"key":"SMITH"}],"circlet_count":0,"master_deck":["AscendersBane","champ:Strike","champ:Strike","champ:Strike","champ:Strike","champ:Defend","champ:Execute","champ:Taunt","champ:AdrenalArmor","champ:RisingSlash+1","MostiFishMod:Neptune+1","MostiFishMod:TheEndOfMoonlight+1","MostiFishMod:SparklingWater","MostiFishMod:FantasySummer","MostiFishMod:NightSea","bronze:InfiniteBeams+1"],"relics":["champ:ChampionCrown","Hammer of Thor","Seething Fire","Anvil of the Gods","REME_ComplimentaryCards","AT_ATBox","DaveBox","testmod-TestBox","testmod-RainbowHikingShoes","downfall:HeartBlessingRed","downfall:HeartBlessingGreen","downfall:HeartBlessingBlue","Molten Egg 2","MoonlightInvasionPlan","SSSystem","testmod-Nyarlathotep","Slimebound:PreparedRelic","OrangePellets","dwlrmod:NightmareFuel","champ:DuelingGlove"],"acts_visited":["Exordium","TheCity","TheBeyond","TheEnding"],"potions_floor_usage":[],"damage_taken":[{"damage":0,"enemies":"Small Slimes","floor":2,"turns":1},{"damage":0,"enemies":"Jaw Worm","floor":3,"turns":1},{"damage":0,"enemies":"downfall:FleeingMerchant","floor":6,"turns":1},{"damage":0,"enemies":"Cultist","floor":9,"turns":1},{"damage":0,"enemies":"Lagavulin","floor":10,"turns":1},{"damage":0,"enemies":"Red Slaver","floor":12,"turns":1},{"damage":0,"enemies":"2 Fungi Beasts","floor":13,"turns":1},{"damage":0,"enemies":"Gremlin Gang","floor":14,"turns":1},{"damage":0,"enemies":"3 Louse","floor":15,"turns":1},{"damage":0,"enemies":"SI_SHIV_ARCHETYPE","floor":16,"turns":1},{"damage":0,"enemies":"3 Byrds","floor":19,"turns":1},{"damage":0,"enemies":"Shell Parasite","floor":20,"turns":1},{"damage":0,"enemies":"Snake Plant","floor":21,"turns":1},{"damage":0,"enemies":"Centurion and Healer","floor":23,"turns":1},{"damage":0,"enemies":"Cultist and Chosen","floor":26,"turns":1},{"damage":0,"enemies":"Chosen and Byrds","floor":27,"turns":1},{"damage":0,"enemies":"Snecko","floor":28,"turns":1},{"damage":0,"enemies":"Centurion and Healer","floor":29,"turns":1},{"damage":0,"enemies":"3 Cultists","floor":32,"turns":1},{"damage":0,"enemies":"IC_MUSHROOM_ARCHETYPE","floor":33,"turns":1},{"damage":0,"enemies":"Orb Walker","floor":36,"turns":1},{"damage":5,"enemies":"3 Darklings","floor":37,"turns":1},{"damage":0,"enemies":"4 Shapes","floor":38,"turns":1},{"damage":0,"enemies":"Spire Growth","floor":41,"turns":1},{"damage":0,"enemies":"Reptomancer","floor":44,"turns":1},{"damage":0,"enemies":"Spire Growth","floor":45,"turns":1},{"damage":0,"enemies":"3 Darklings","floor":48,"turns":1},{"damage":0,"enemies":"4 Shapes","floor":49,"turns":1},{"damage":0,"enemies":"DF_ARCHETYPE_ORBS","floor":50,"turns":1},{"damage":0,"enemies":"DF_ARCHETYPE_ORBS","floor":52,"turns":1},{"damage":23,"enemies":"downfall:NeowBoss","floor":55,"turns":3},{"damage":84,"enemies":"downfall:NeowBossFinal","floor":56,"turns":4}],"seed_played":"-6114404323231089165","potions_obtained":[],"is_trial":false,"path_per_floor":["R","M","M","?","?","$","T","$","M","E","$","M","M","M","M","B",null,"R","M","M","M","?","M","T","?","M","M","M","M","R","?","M","B",null,"R","M","M","M","?","?","MIM","AVR","$","E","M","$","R","M","M","B",null,"E","$","R","B","B",null],"character_chosen":"THE_CHAMP","items_purchased":["LiquidMemories","champ:CounterPotion"],"campfire_rested":4,"item_purchase_floors":[46,46],"current_hp_per_floor":[81,81,81,86,86,86,86,86,86,86,86,86,86,86,86,86,92,104,104,104,104,104,104,104,92,92,92,92,92,104,104,104,104,104,104,104,99,99,99,99,99,99,99,99,99,99,104,104,104,104,104,104,104,104,91,7],"gold":102,"neow_bonus":"TEN_PERCENT_HP_BONUS","is_daily":false,"chose_seed":false,"campfire_upgraded":1,"win_rate":0.0,"timestamp":1612801249,"path_taken":["R","M","M","?","?","$","T","$","M","E","?","M","M","M","M","BOSS","R","M","M","M","?","?","T","?","M","M","M","?","R","?","M","BOSS","R","M","M","?","?","?","MIM","AVR","?","E","M","$","R","M","M","BOSS","E","$","R","BOSS","BOSS"],"items_purchased_type":["Potion","Potion"],"build_version":"2020-12-22","purchased_purges":3,"victory":true,"max_hp_per_floor":[89,89,89,94,94,94,94,94,94,94,94,94,94,94,94,94,94,104,104,104,104,104,104,104,104,104,104,104,104,104,104,104,104,104,104,104,104,104,104,104,104,104,104,104,104,104,104,104,104,104,104,104,104,104,104,104],"card_choices":[{"not_picked":["champ:EndlessRage","champ:Shatter","champ:PreciseThrust"],"picked":"SKIP","floor":2},{"not_picked":["champ:Circumvent","champ:HeartStrike","champ:BladeFlurry"],"picked":"SKIP","floor":3},{"not_picked":["champ:EnGarde","champ:GutPunch","champ:PreciseThrust"],"picked":"SKIP","floor":6},{"not_picked":["champ:CalledShot","champ:ViciousMockery","champ:Shatter"],"picked":"SKIP","floor":9},{"not_picked":["champ:Duel","champ:BladeFlurry","champ:EnGarde"],"picked":"SKIP","floor":10},{"not_picked":["champ:RapidStrikes","champ:GladiatorStyle","champ:IronFortress"],"picked":"SKIP","floor":12},{"not_picked":["champ:RapidStrikes","champ:PreciseThrust","champ:DefensiveShout"],"picked":"SKIP","floor":13},{"not_picked":["champ:SwordSigil","champ:HoldFirm","champ:DefensiveShout"],"picked":"SKIP","floor":14},{"not_picked":["champ:BerserkersShout","champ:Shatter","champ:EnragedBash"],"picked":"SKIP","floor":15},{"not_picked":["champ:EnGarde","champ:Lariat","champ:CrownThrow"],"picked":"SKIP","floor":19},{"not_picked":["champ:Circumvent+1","champ:FalseCounter","champ:IgnorePain"],"picked":"SKIP","floor":20},{"not_picked":["champ:BerserkersShout","champ:BladeFlurry+1","champ:StanceDance"],"picked":"SKIP","floor":21},{"not_picked":["champ:PreciseThrust","champ:CrownThrow+1","champ:EnGarde"],"picked":"SKIP","floor":23},{"not_picked":["champ:Endure","champ:BladeFlurry+1","champ:LastStand"],"picked":"SKIP","floor":26},{"not_picked":["champ:StanceDance","champ:Circumvent","champ:DeathBlow+1"],"picked":"SKIP","floor":27},{"not_picked":["champ:SetATrap","champ:EndlessRage","champ:RapidStrikes+1"],"picked":"SKIP","floor":28},{"not_picked":["champ:EndlessRage","champ:ShieldSigil","champ:BringItOn+1"],"picked":"SKIP","floor":29},{"not_picked":["champ:Backstep","champ:AdrenalArmor","champ:ViciousMockery"],"picked":"SKIP","floor":32},{"not_picked":["champ:EnGarde","champ:Endure","champ:BladeFlurry+1"],"picked":"SKIP","floor":36},{"not_picked":["champ:FanOfKnives+1","champ:Haymaker+1","champ:Shatter+1"],"picked":"SKIP","floor":37},{"not_picked":["champ:SetATrap","champ:FlashCut+1","champ:GutPunch+1"],"picked":"SKIP","floor":38},{"not_picked":["champ:CrookedStrike+1","champ:PreciseThrust+1","champ:Haymaker+1"],"picked":"SKIP","floor":44},{"not_picked":["champ:FancyFootwork","champ:MurderStrike+1","champ:BladeFlurry+1"],"picked":"SKIP","floor":45},{"not_picked":["champ:BerserkersShout","champ:DeathBlow+1","champ:Shatter+1"],"picked":"SKIP","floor":48},{"not_picked":["champ:PreciseThrust+1","champ:FlashCut+1","champ:FalseCounter"],"picked":"SKIP","floor":49},{"not_picked":["champ:Haymaker+1","champ:TornadoPunch+1","champ:GutPunch+1"],"picked":"SKIP","floor":52}],"player_experience":161123,"relics_obtained":[{"floor":10,"key":"testmod-RainbowHikingShoes"},{"floor":24,"key":"Molten Egg 2"},{"floor":41,"key":"testmod-Nyarlathotep"},{"floor":44,"key":"Slimebound:PreparedRelic"},{"floor":52,"key":"dwlrmod:NightmareFuel"},{"floor":52,"key":"champ:DuelingGlove"}],"event_choices":[{"damage_healed":0,"gold_gain":0,"player_choice":"Donut","damage_taken":0,"max_hp_gain":5,"max_hp_loss":0,"event_name":"Big Fish","floor":4,"gold_loss":0},{"damage_healed":0,"gold_gain":0,"cards_transformed":["champ:Defend"],"player_choice":"Change","damage_taken":0,"max_hp_gain":0,"max_hp_loss":0,"event_name":"Living Wall","floor":5,"gold_loss":0,"cards_obtained":["champ:AdrenalArmor"]},{"damage_healed":0,"gold_gain":0,"player_choice":"Swap Relic","damage_taken":0,"relics_obtained":["SSSystem"],"max_hp_gain":0,"max_hp_loss":0,"event_name":"给自己的盒子","floor":39,"relics_lost":["ice"],"gold_loss":0}],"is_beta":false,"boss_relics":[{"not_picked":["sneckomod:SneckoTalon","Coffee Dripper","infinitespire:Cupcake"]},{"not_picked":["testmod-Prudence","SoulBox"],"picked":"MoonlightInvasionPlan"}],"items_purged_floors":[46,46,53],"is_endless":false,"potions_floor_spawned":[9,12,14,15,16,26,28,29,32,33,37,38,48],"ascension_level":20}}