{"host":"kh6fvhxn285ncg0o","time":1612827110,"event":{"mods":["Act Like it!","BaseMod","Colored Map","Friendly Minions","Keyboard Shortcuts","Minty Spire (QoL Compilation)","Quick Restart","Relic Stats","StSLib","SuperFastMode","UnlockEverythingMod"],"gold_per_floor":[19,19,32,45,45,45,63,63,63,89,133,153,24,0,0,0,0],"floor_reached":16,"language":"KOR","playtime":210,"items_purged":[],"score":200,"play_id":"90b79e27-a900-4ab7-80e6-5a225e2b540f","local_time":"20210209083150","is_ascension_mode":true,"campfire_choices":[{"data":"Bash","floor":6,"key":"SMITH"},{"data":"Uppercut","floor":15,"key":"SMITH"}],"circlet_count":0,"master_deck":["AscendersBane","Strike_R","Strike_R","Strike_R","Defend_R","Defend_R","Defend_R","Defend_R","Bash+1","Body Slam+1","Shrug It Off","Feel No Pain","Uppercut+1"],"relics":["Burning Blood","Golden Idol","Pear","Strawberry","The Courier","TheAbacus"],"acts_visited":[],"potions_floor_usage":[11],"damage_taken":[{"damage":12,"enemies":"Cultist","floor":1,"turns":5},{"damage":13,"enemies":"Small Slimes","floor":3,"turns":6},{"damage":10,"enemies":"2 Louse","floor":4,"turns":4},{"damage":8,"enemies":"Blue Slaver","floor":7,"turns":4},{"damage":31,"enemies":"Gremlin Nob","floor":11,"turns":4},{"damage":8,"enemies":"2 Fungi Beasts","floor":12,"turns":5},{"damage":6,"enemies":"Looter","floor":14,"turns":4},{"damage":0,"enemies":"Slime Boss","floor":16,"turns":1}],"seed_played":"-5494892410503565656","potions_obtained":[{"floor":7,"key":"Swift Potion"},{"floor":11,"key":"Explosive Potion"}],"is_trial":false,"path_per_floor":["M","?","M","M","?","R","M","?","T","T","E","M","$","M","R","B"],"character_chosen":"IRONCLAD","items_purchased":["TheAbacus"],"campfire_rested":0,"item_purchase_floors":[13],"current_hp_per_floor":[62,62,55,51,51,51,49,49,59,66,41,39,39,39,39,39,39],"gold":0,"neow_bonus":"REMOVE_TWO","is_daily":false,"chose_seed":false,"campfire_upgraded":2,"win_rate":0.0,"timestamp":1612827110,"path_taken":["M","?","M","M","?","R","?","?","T","?","E","M","$","M","R","BOSS"],"items_purchased_type":["Relic"],"build_version":"2020-12-22","purchased_purges":0,"victory":false,"max_hp_per_floor":[75,68,68,68,68,68,68,68,78,85,85,85,85,85,85,85,85],"relic_stats":{"TheAbacus":[6],"counters":[8,33],"Golden Idol":23,"obtain_stats":[{"Pear":9,"TheAbacus":13,"Golden Idol":2,"Strawberry":10,"The Courier":11,"Burning Blood":0},{"Pear":4,"TheAbacus":6,"Golden Idol":1,"Strawberry":4,"The Courier":5,"Burning Blood":0},{"Pear":19,"TheAbacus":28,"Golden Idol":5,"Strawberry":19,"The Courier":23,"Burning Blood":0}],"Burning Blood":42},"card_choices":[{"not_picked":["Thunderclap","Flex"],"picked":"Body Slam","floor":1},{"not_picked":["Anger","Whirlwind"],"picked":"Shrug It Off","floor":7},{"not_picked":["Inflame","Body Slam"],"picked":"Feel No Pain","floor":11},{"not_picked":["Thunderclap","Pommel Strike"],"picked":"Uppercut","floor":14}],"player_experience":1332744,"relics_obtained":[{"floor":9,"key":"Pear"},{"floor":10,"key":"Strawberry"},{"floor":11,"key":"The Courier"}],"event_choices":[{"damage_healed":0,"gold_gain":0,"player_choice":"Lose Max HP","damage_taken":0,"relics_obtained":["Golden Idol"],"max_hp_gain":0,"max_hp_loss":7,"event_name":"Golden Idol","floor":2,"gold_loss":0},{"damage_healed":0,"gold_gain":0,"player_choice":"Upgraded","damage_taken":0,"max_hp_gain":0,"max_hp_loss":0,"event_name":"Upgrade Shrine","floor":5,"gold_loss":0,"cards_upgraded":["Body Slam"]},{"damage_healed":0,"gold_gain":0,"player_choice":"Ignored","damage_taken":0,"max_hp_gain":0,"max_hp_loss":0,"event_name":"Liars Game","floor":8,"gold_loss":0}],"is_beta":false,"boss_relics":[],"items_purged_floors":[],"is_endless":false,"potions_floor_spawned":[7,11],"killed_by":"Slime Boss","ascension_level":20}}