{"host":"sav7uxregyirlf69","time":1612784044,"event":{"mods":["AchievementEnabler","BaseMod","Colored Map","DeckTracker","Keyboard Shortcuts","Minty Spire (QoL Compilation)","READ ME - Guardian Mod","StSLib","SuperFastMode"],"gold_per_floor":[112,127,24,24,24,24,24,24,49,74,74,97,119,136,136,136,136],"floor_reached":16,"language":"KOR","playtime":171,"items_purged":["Strike_G"],"score":184,"play_id":"54296ae6-19a3-4e7e-95fd-d72236917e77","local_time":"20210208203404","is_ascension_mode":true,"campfire_choices":[{"data":"Defend_G","floor":6.0,"key":"PURGE"},{"data":"Eviscerate","floor":8,"key":"SMITH"},{"data":"Concentrate","floor":15,"key":"SMITH"}],"circlet_count":0,"master_deck":["AscendersBane","Strike_G","Strike_G","Strike_G","Strike_G","Defend_G","Defend_G","Defend_G","Defend_G","Survivor","Neutralize","Eviscerate+1","Blade Dance","Acrobatics","Reflex","Concentrate+1"],"relics":["Ring of the Snake","NeowsBlessing","Peace Pipe","CeramicFish"],"acts_visited":["Exordium"],"potions_floor_usage":[12,16],"damage_taken":[{"damage":0.0,"enemies":"Cultist","floor":1.0,"turns":1.0},{"damage":0.0,"enemies":"2 Louse","floor":2.0,"turns":1.0},{"damage":0,"enemies":"Jaw Worm","floor":10,"turns":1},{"damage":4,"enemies":"Gremlin Gang","floor":12,"turns":3},{"damage":1,"enemies":"2 Fungi Beasts","floor":13,"turns":3},{"damage":8,"enemies":"Looter","floor":14,"turns":2},{"damage":28,"enemies":"Hexaghost","floor":16,"turns":9}],"seed_played":"758585931127369885","potions_obtained":[{"floor":2.0,"key":"PowerPotion"},{"floor":10,"key":"AttackPotion"},{"floor":14,"key":"Poison Potion"}],"is_trial":false,"path_per_floor":["M","M","$","?","?","R","$","R","T","M","?","M","M","M","R","B"],"character_chosen":"THE_SILENT","items_purchased":["Blade Dance"],"campfire_rested":0,"item_purchase_floors":[3],"current_hp_per_floor":[59,59,59,64,38,38,38,38,38,38,38,34,33,25,25,0,0],"gold":136,"neow_bonus":"THREE_ENEMY_KILL","is_daily":false,"chose_seed":false,"campfire_upgraded":2,"win_rate":0.0,"timestamp":1612784044,"path_taken":["M","?","?","?","?","R","?","R","T","?","?","M","M","M","R","BOSS"],"items_purchased_type":["Card"],"build_version":"2020-12-22","purchased_purges":1,"victory":false,"max_hp_per_floor":[66,66,66,71,71,71,71,71,71,71,71,71,71,71,71,71,71],"card_choices":[{"not_picked":["Sucker Punch","Flying Knee"],"picked":"Eviscerate","floor":1.0},{"not_picked":["Outmaneuver","Deflect","PiercingWail"],"picked":"SKIP","floor":2.0},{"not_picked":["Deadly Poison","Blur"],"picked":"Acrobatics","floor":10},{"not_picked":["Setup","Riddle With Holes"],"picked":"Reflex","floor":12},{"not_picked":["Deadly Poison","Noxious Fumes"],"picked":"Concentrate","floor":13},{"not_picked":["Accuracy","Dagger Throw","Deflect"],"picked":"SKIP","floor":14}],"player_experience":1526396,"relics_obtained":[{"floor":9,"key":"CeramicFish"}],"event_choices":[{"damage_healed":0.0,"max_hp_gain":5.0,"max_hp_loss":0.0,"gold_gain":0.0,"event_name":"Big Fish","player_choice":"Donut","floor":4.0,"gold_loss":0.0,"damage_taken":0.0},{"damage_healed":0.0,"max_hp_gain":0.0,"max_hp_loss":0.0,"gold_gain":0.0,"event_name":"Scrap Ooze","player_choice":"Success","floor":5.0,"gold_loss":0.0,"damage_taken":26.0,"relics_obtained":["Peace Pipe"]},{"damage_healed":0,"gold_gain":0,"player_choice":"Ignored","damage_taken":0,"max_hp_gain":0,"max_hp_loss":0,"event_name":"Liars Game","floor":11,"gold_loss":0}],"is_beta":false,"boss_relics":[],"items_purged_floors":[3],"is_endless":false,"potions_floor_spawned":[2,10,14],"killed_by":"Hexaghost","ascension_level":20}}