{"host":"phy652c7lim9lcu2","time":1612746841,"event":{"mods":["BaseMod","BetterRewards","Colored Powertips","Downfall","Googly Eyes","Hubris","Minty Spire (QoL Compilation)","Relic Stats","Spicy Shops","StSLib","everything is the same but u backflip on backflip"],"gold_per_floor":[113,167,23,40,50,85,85,112,112,122,144,179,209,74,74,184,184,200,216,216,57,75,75,93,93,93,113,113,113,138,148,148,257,257,273,286,312,312,312,312,344,344,371,395,395,421,57,83,83,83,83,83,34,63,63],"floor_reached":56,"language":"ENG","playtime":2746,"items_purged":["Strike_B","Strike_B","Defend_B"],"score":2182,"play_id":"3c8e383d-1f3c-4cd5-ad07-53fd628e6d49","local_time":"20210208111401","is_ascension_mode":true,"campfire_choices":[{"floor":7.0,"key":"REST"},{"data":"Defragment","floor":15.0,"key":"SMITH"},{"data":"Strike_B","floor":23.0,"key":"PURGE"},{"data":"Defend_B","floor":25.0,"key":"PURGE"},{"data":"Strike_B","floor":29.0,"key":"PURGE"},{"data":"Scrape","floor":32.0,"key":"SMITH"},{"floor":40.0,"key":"RECALL"},{"data":"Defend_B","floor":42.0,"key":"PURGE"},{"data":"Zap","floor":49.0,"key":"SMITH"},{"data":"Capacitor","floor":52.0,"key":"SMITH"}],"circlet_count":0,"master_deck":["AscendersBane","Zap+1","Dualcast","Scrape+1","Gash","Coolheaded+1","Capacitor+1","Redo+1","Gash","Reinforced Body+1","Beam Cell","Gash","Self Repair","Defragment+1","Echo Form","Consume+1","Gash","Echo Form","Loop+1","Cold Snap","Go for the Eyes+1"],"relics":["Cracked Core","Toxic Egg 2","MealTicket","ClockworkSouvenir","Lantern","Peace Pipe","Orichalcum","Potion Belt","DataDisk","Runic Capacitor","CeramicFish","hubris:TenFootPole","Busted Crown","StrikeDummy","PreservedInsect","hubris:Backtick","Calipers","Dream Catcher","Bag of Preparation","hubris:Towel","hubris:DeckOfHolding","Mummified Hand","hubris:BundleOfHerbs"],"acts_visited":["Exordium","TheCity","TheBeyond","TheEnding"],"potions_floor_usage":[55,55,55],"damage_taken":[{"damage":3.0,"enemies":"Cultist","floor":1.0,"turns":4.0},{"damage":0.0,"enemies":"2 Louse","floor":4.0,"turns":2.0},{"damage":0.0,"enemies":"Small Slimes","floor":5.0,"turns":2.0},{"damage":11.0,"enemies":"Gremlin Nob","floor":6.0,"turns":5.0},{"damage":7.0,"enemies":"Gremlin Gang","floor":8.0,"turns":6.0},{"damage":3.0,"enemies":"3 Louse","floor":10.0,"turns":3.0},{"damage":12.0,"enemies":"Large Slime","floor":11.0,"turns":4.0},{"damage":18.0,"enemies":"Lagavulin","floor":12.0,"turns":6.0},{"damage":8.0,"enemies":"Slime Boss","floor":16.0,"turns":10.0},{"damage":6.0,"enemies":"Chosen","floor":18.0,"turns":4.0},{"damage":2.0,"enemies":"2 Thieves","floor":19.0,"turns":4.0},{"damage":8.0,"enemies":"Snecko","floor":22.0,"turns":6.0},{"damage":2.0,"enemies":"Snake Plant","floor":24.0,"turns":4.0},{"damage":0.0,"enemies":"Chosen and Byrds","floor":27.0,"turns":6.0},{"damage":40.0,"enemies":"Slavers","floor":30.0,"turns":6.0},{"damage":4.0,"enemies":"Cultist and Chosen","floor":31.0,"turns":4.0},{"damage":12.0,"enemies":"Champ","floor":33.0,"turns":6.0},{"damage":33.0,"enemies":"3 Shapes","floor":35.0,"turns":5.0},{"damage":4.0,"enemies":"Orb Walker","floor":36.0,"turns":5.0},{"damage":47.0,"enemies":"3 Darklings","floor":37.0,"turns":6.0},{"damage":37.0,"enemies":"Reptomancer","floor":41.0,"turns":6.0},{"damage":40.0,"enemies":"4 Shapes","floor":44.0,"turns":5.0},{"damage":8.0,"enemies":"Nemesis","floor":46.0,"turns":5.0},{"damage":0.0,"enemies":"Maw","floor":48.0,"turns":4.0},{"damage":0.0,"enemies":"hubris:GrandSnecko","floor":50.0,"turns":7.0},{"damage":23,"enemies":"Shield and Spear","floor":54,"turns":5},{"damage":24,"enemies":"The Heart","floor":55,"turns":10}],"seed_played":"-6743749631915609128","potions_obtained":[{"floor":4.0,"key":"ColorlessPotion"},{"floor":5.0,"key":"Ancient Potion"},{"floor":6.0,"key":"DistilledChaos"},{"floor":16.0,"key":"hexamod:SoulburnPotion"},{"floor":27.0,"key":"Block Potion"},{"floor":30.0,"key":"Regen Potion"},{"floor":31.0,"key":"Dexterity Potion"},{"floor":35.0,"key":"Explosive Potion"},{"floor":44.0,"key":"SkillPotion"},{"floor":48.0,"key":"FocusPotion"},{"floor":54,"key":"SkillPotion"}],"is_trial":false,"path_per_floor":["M","T","$","M","M","E","R","M","T","M","M","E","?","$","R","B",null,"M","M","?","$","M","R","M","R","T","M","$","R","E","M","R","B",null,"M","M","M","?","?","R","E","R","T","M","?","E","$","M","R","B",null,"R","$","E","B",null],"character_chosen":"DEFECT","items_purchased":["Toxic Egg 2","Scrape","MealTicket","ClockworkSouvenir","Lantern","Gash","Peace Pipe","Coolheaded+1","Capacitor","Orichalcum","Potion Belt","Redo+1","Runic Capacitor","Defragment","Consume+1","Mummified Hand","sneckomod:MuddlingPotion"],"campfire_rested":1,"item_purchase_floors":[0,0,0,0,0,0,0,0,0,0,0,0,3,14,21,47,53],"current_hp_per_floor":[17,17,32,32,32,21,43,36,36,33,21,10,10,25,25,24,62,63,61,61,75,74,74,72,72,72,75,75,75,42,45,45,40,66,47,57,24,66,66,66,43,43,43,17,17,23,38,52,52,59,64,64,66,50,33],"gold":63,"neow_bonus":"","is_daily":false,"chose_seed":false,"campfire_upgraded":4,"win_rate":0.0,"timestamp":1612746841,"path_taken":["M","?","$","?","M","E","R","M","T","M","M","E","?","$","R","BOSS","M","M","?","$","M","R","M","R","T","M","$","R","E","M","R","BOSS","M","?","?","?","?","R","E","R","T","M","?","E","$","M","R","BOSS","R","$","E","BOSS"],"items_purchased_type":["Relic","Card","Relic","Relic","Relic","Card","Relic","Card","Card","Relic","Relic","Card","Relic","Card","Card","Relic","Potion"],"build_version":"2020-12-22","purchased_purges":3,"victory":true,"max_hp_per_floor":[75,75,75,75,75,75,75,75,75,75,75,75,75,75,75,75,75,75,75,75,75,75,75,75,75,75,75,75,75,75,75,75,75,75,75,75,75,66,66,66,66,66,66,66,66,66,66,66,66,66,66,66,66,66,66],"relic_stats":{"Peace Pipe":7,"Dream Catcher":0,"Busted Crown":62,"counters":[83,458],"Mummified Hand":[25],"CeramicFish":333,"MealTicket":70,"PreservedInsect":1226,"Bag of Preparation":[20],"Orichalcum":[432],"obtain_stats":[{"Calipers":39,"Gremlin Horn":0,"CeramicFish":7,"Vajra":10,"Runic Capacitor":3,"Whetstone":47,"Sozu":17,"Lizard Tail":34,"HornCleat":0,"MealTicket":0,"hubris:DeckOfHolding":46,"Kunai":45,"Toxic Egg 2":0,"Happy Flower":41,"Blue Candle":6,"Oddly Smooth Stone":9,"War Paint":47,"Question Card":9,"Cables":26,"Bronze Scales":23,"hubris:TenFootPole":12,"StrikeDummy":26,"Lantern":53,"Mango":28,"Bag of Preparation":46,"Empty Cage":17,"ClockworkSouvenir":22,"Nunchaku":8,"Dream Catcher":41,"hubris:Backtick":34,"Shovel":6,"Mummified Hand":29,"Cracked Core":0,"Potion Belt":0,"Golden Idol":14,"Thread and Needle":0,"PreservedInsect":21,"Omamori":30,"Orichalcum":54,"hubris:Towel":12,"White Beast Statue":42,"Calling Bell":34,"Peace Pipe":0,"Anchor":28,"DataDisk":34,"CaptainsWheel":54,"Busted Crown":17,"Orrery":21,"Turnip":24,"hubris:BundleOfHerbs":54,"Bag of Marbles":40,"Bottled Lightning":31,"Membership Card":0},{"Calipers":21,"Gremlin Horn":0,"CeramicFish":33,"Vajra":8,"Runic Capacitor":57,"Whetstone":26,"Sozu":37,"Lizard Tail":47,"HornCleat":30,"MealTicket":56,"hubris:DeckOfHolding":79,"Kunai":24,"Toxic Egg 2":56,"Happy Flower":51,"Blue Candle":6,"Oddly Smooth Stone":34,"War Paint":52,"Question Card":7,"Cables":15,"Bronze Scales":41,"hubris:TenFootPole":64,"StrikeDummy":69,"Lantern":54,"Mango":43,"Bag of Preparation":52,"Empty Cage":10,"ClockworkSouvenir":40,"Nunchaku":34,"Dream Catcher":77,"hubris:Backtick":18,"Shovel":33,"Mummified Hand":16,"Cracked Core":0,"Potion Belt":56,"Golden Idol":9,"Thread and Needle":30,"PreservedInsect":13,"Omamori":45,"Orichalcum":29,"hubris:Towel":34,"White Beast Statue":24,"Calling Bell":47,"Peace Pipe":56,"Anchor":16,"DataDisk":18,"CaptainsWheel":55,"Busted Crown":65,"Orrery":13,"Turnip":14,"hubris:BundleOfHerbs":82,"Bag of Marbles":22,"Bottled Lightning":17,"Membership Card":30},{"Calipers":110,"Gremlin Horn":0,"CeramicFish":184,"Vajra":30,"Runic Capacitor":323,"Whetstone":144,"Sozu":206,"Lizard Tail":261,"HornCleat":174,"MealTicket":319,"hubris:DeckOfHolding":433,"Kunai":128,"Toxic Egg 2":319,"Happy Flower":280,"Blue Candle":23,"Oddly Smooth Stone":189,"War Paint":286,"Question Card":26,"Cables":74,"Bronze Scales":224,"hubris:TenFootPole":351,"StrikeDummy":379,"Lantern":302,"Mango":235,"Bag of Preparation":286,"Empty Cage":43,"ClockworkSouvenir":218,"Nunchaku":189,"Dream Catcher":423,"hubris:Backtick":94,"Shovel":184,"Mummified Hand":79,"Cracked Core":0,"Potion Belt":319,"Golden Idol":33,"Thread and Needle":174,"PreservedInsect":63,"Omamori":247,"Orichalcum":172,"hubris:Towel":189,"White Beast Statue":128,"Calling Bell":261,"Peace Pipe":319,"Anchor":79,"DataDisk":94,"CaptainsWheel":308,"Busted Crown":361,"Orrery":63,"Turnip":67,"hubris:BundleOfHerbs":449,"Bag of Marbles":116,"Bottled Lightning":84,"Membership Card":174}]},"card_choices":[{"not_picked":["Redo+1","Stack+1"],"picked":"Gash","floor":1.0},{"not_picked":["Stack+1","Skim+1"],"picked":"Reinforced Body+1","floor":4.0},{"not_picked":["Recycle+1","hubris:PowerSurge","Barrage"],"picked":"SKIP","floor":5.0},{"not_picked":["Chaos+1","Leap+1"],"picked":"Beam Cell","floor":6.0},{"not_picked":["Barrage","Glacier+1"],"picked":"Gash","floor":8.0},{"not_picked":["Streamline","Leap+1","Lockon"],"picked":"SKIP","floor":10.0},{"not_picked":["Aggregate+1","Conserve Battery+1"],"picked":"Self Repair","floor":11.0},{"not_picked":["Undo+1","Compile Driver","Meteor Strike"],"picked":"SKIP","floor":12.0},{"not_picked":["Thunder Strike","Hyperbeam"],"picked":"Echo Form","floor":16.0},{"not_picked":["hubris:PowerSurge"],"picked":"SKIP","floor":18.0},{"not_picked":["Streamline"],"picked":"SKIP","floor":19.0},{"not_picked":["Heatsinks"],"picked":"SKIP","floor":22.0},{"not_picked":["Go for the Eyes"],"picked":"SKIP","floor":24.0},{"not_picked":[],"picked":"Gash","floor":27.0},{"not_picked":["Melter"],"picked":"SKIP","floor":30.0},{"not_picked":["Hello World"],"picked":"SKIP","floor":31.0},{"not_picked":[],"picked":"Echo Form","floor":33.0},{"not_picked":["hubris:PowerSurge+1"],"picked":"SKIP","floor":35.0},{"not_picked":["Leap+1"],"picked":"SKIP","floor":36.0},{"not_picked":[],"picked":"Loop+1","floor":37.0},{"not_picked":["Redo+1"],"picked":"SKIP","floor":41.0},{"not_picked":[],"picked":"Cold Snap","floor":44.0},{"not_picked":["Ball Lightning+1"],"picked":"SKIP","floor":46.0},{"not_picked":[],"picked":"Go for the Eyes+1","floor":48.0},{"not_picked":["Ball Lightning+1"],"picked":"SKIP","floor":54}],"player_experience":303051,"relics_obtained":[{"floor":2.0,"key":"DataDisk"},{"floor":6.0,"key":"CeramicFish"},{"floor":12.0,"key":"hubris:TenFootPole"},{"floor":26.0,"key":"StrikeDummy"},{"floor":30.0,"key":"PreservedInsect"},{"floor":41.0,"key":"Dream Catcher"},{"floor":43.0,"key":"Bag of Preparation"},{"floor":46.0,"key":"hubris:DeckOfHolding"},{"floor":54,"key":"hubris:BundleOfHerbs"}],"event_choices":[{"damage_healed":0.0,"max_hp_gain":0.0,"max_hp_loss":0.0,"gold_gain":30.0,"event_name":"Dead Adventurer","player_choice":"Searched \u00272\u0027 times","floor":13.0,"gold_loss":0.0,"damage_taken":0.0},{"cards_removed":["Defend_B"],"damage_healed":0.0,"max_hp_gain":0.0,"max_hp_loss":0.0,"gold_gain":0.0,"event_name":"Purifier","player_choice":"Purged","floor":20.0,"gold_loss":0.0,"damage_taken":0.0},{"damage_healed":66.0,"max_hp_gain":0.0,"max_hp_loss":9.0,"gold_gain":0.0,"event_name":"The Moai Head","player_choice":"Heal","floor":38.0,"gold_loss":0.0,"damage_taken":0.0},{"damage_healed":0.0,"max_hp_gain":0.0,"max_hp_loss":0.0,"gold_gain":0.0,"event_name":"SensoryStone","player_choice":"Memory 1","floor":39.0,"gold_loss":0.0,"damage_taken":0.0}],"is_beta":false,"boss_relics":[{"not_picked":["hubris:GrandSneckoEye","Sozu"],"picked":"Busted Crown"},{"not_picked":["Inserter","Coffee Dripper"],"picked":"hubris:Backtick"}],"items_purged_floors":[14,21,47],"is_endless":false,"potions_floor_spawned":[4,5,6,16,27,30,31,35,44,48,54],"ascension_level":11}}