{"host":"wshey5htrz8rni6u","time":1612773166,"event":{"mods":["2.2 Compatiblity","BaseMod","Best Route Mod","Block Reminder","Colored Map","Colored Powertips","Current Relic Mod","Curses Come First","Dark Map","Key Reminder","Minty Spire (QoL Compilation)","Potion Indicator Mod","Quick Restart","Random Character Button","Relic Sorter","Relic Stats","StSLib","SuperFastMode","Twitch Utils","Unceasing Turn Reminder","Weighted Paths","everything is the same but u backflip on backflip"],"gold_per_floor":[119,132,57,75,75,108,122,142,166,166,178,209,209,109,109,210,210,229,247,247,247,346,372,372,384,473,502,534,577,589,614,626,740,752,775,211,211,227,240,275,275,25,25,41,41,74,89,103,103,103],"floor_reached":51,"language":"ENG","playtime":2770,"items_purged":["Strike_B","Strike_B","Writhe"],"score":984,"play_id":"4e5165b1-b057-4910-ba55-30ed3375f6d5","local_time":"20210208003246","is_ascension_mode":false,"campfire_choices":[{"floor":10,"key":"REST"},{"data":"Zap","floor":13,"key":"SMITH"},{"data":"Dualcast","floor":15,"key":"SMITH"},{"data":"Defragment","floor":25,"key":"SMITH"},{"data":"Electrodynamics","floor":30,"key":"SMITH"},{"floor":32,"key":"REST"},{"data":"Reboot","floor":41,"key":"SMITH"},{"data":"Capacitor","floor":45,"key":"SMITH"},{"floor":49,"key":"REST"}],"circlet_count":0,"master_deck":["Defend_B","Defend_B","Zap+1","Dualcast+1","Gash+1","Capacitor+1","Ball Lightning","Ball Lightning","Conserve Battery","Defragment+1","Reboot+1","Melter","Electrodynamics+1","Go for the Eyes+1","Stack+1","All For One","Chill","Conserve Battery+1","Auto Shields","Steam","Machine Learning","Barrage+1","Metamorphosis+1","Consume+1","Madness+1","Madness+1","Stack+1","Leap+1","Beam Cell+1","Stack+1","Static Discharge","Streamline+1","Lockon+1","Tempest+1"],"relics":["FrozenCore","CultistMask","Eternal Feather","Whetstone","Strawberry","Busted Crown","Lantern","MawBank","Shuriken","Bottled Tornado","Toxic Egg 2","Centennial Puzzle","White Beast Statue","Regal Pillow"],"acts_visited":["Exordium","TheCity","TheBeyond"],"potions_floor_usage":[6,28,29,33,33,40,40,44,48,50,50,50],"damage_taken":[{"damage":0,"enemies":"Small Slimes","floor":1,"turns":2},{"damage":1,"enemies":"Cultist","floor":2,"turns":3},{"damage":0,"enemies":"2 Louse","floor":4,"turns":1},{"damage":33,"enemies":"3 Sentries","floor":6,"turns":8},{"damage":5,"enemies":"Large Slime","floor":7,"turns":4},{"damage":3,"enemies":"Looter","floor":8,"turns":3},{"damage":2,"enemies":"Blue Slaver","floor":11,"turns":3},{"damage":14,"enemies":"Lagavulin","floor":12,"turns":6},{"damage":28,"enemies":"Slime Boss","floor":16,"turns":7},{"damage":0,"enemies":"Spheric Guardian","floor":18,"turns":1},{"damage":8,"enemies":"2 Thieves","floor":19,"turns":2},{"damage":15,"enemies":"Book of Stabbing","floor":23,"turns":4},{"damage":10,"enemies":"Chosen and Byrds","floor":27,"turns":4},{"damage":2,"enemies":"Shelled Parasite and Fungi","floor":28,"turns":3},{"damage":19,"enemies":"Slavers","floor":29,"turns":5},{"damage":0,"enemies":"3 Cultists","floor":31,"turns":2},{"damage":25,"enemies":"Champ","floor":33,"turns":8},{"damage":5,"enemies":"3 Shapes","floor":35,"turns":3},{"damage":6,"enemies":"Orb Walker","floor":38,"turns":3},{"damage":29,"enemies":"Jaw Worm Horde","floor":39,"turns":4},{"damage":0,"enemies":"Nemesis","floor":40,"turns":7},{"damage":8,"enemies":"Sphere and 2 Shapes","floor":44,"turns":3},{"damage":29,"enemies":"Giant Head","floor":46,"turns":7},{"damage":0,"enemies":"3 Darklings","floor":47,"turns":3},{"damage":8,"enemies":"Writhing Mass","floor":48,"turns":4},{"damage":27,"enemies":"Time Eater","floor":50,"turns":9}],"seed_played":"222997338593105923","potions_obtained":[{"floor":2,"key":"Regen Potion"},{"floor":6,"key":"Block Potion"},{"floor":7,"key":"CultistPotion"},{"floor":16,"key":"Explosive Potion"},{"floor":29,"key":"BlessingOfTheForge"},{"floor":31,"key":"FocusPotion"},{"floor":33,"key":"PowerPotion"},{"floor":38,"key":"DistilledChaos"},{"floor":44,"key":"Explosive Potion"},{"floor":46,"key":"PowerPotion"},{"floor":48,"key":"Weak Potion"}],"is_trial":false,"path_per_floor":["M","M","$","M","?","E","M","M","T","R","M","E","R","$","R","B",null,"M","M","?","?","?","E","?","R","T","M","M","E","R","M","R","B",null,"M","$","?","M","M","E","R","$","T","M","R","E","M","M","R","B",null],"character_chosen":"DEFECT","items_purchased":["Toxic Egg 2","Metamorphosis+1","Consume+1","Stack+1","Static Discharge","EssenceOfSteel","EssenceOfSteel"],"campfire_rested":3,"item_purchase_floors":[36,36,36,42,42,42,42],"current_hp_per_floor":[54,53,53,53,53,34,29,26,26,54,52,45,54,54,60,32,82,82,74,74,58,58,43,43,52,52,42,40,21,33,33,71,46,87,82,82,71,65,36,36,51,51,51,43,61,32,32,24,83,56],"gold":103,"neow_bonus":"REMOVE_TWO","is_daily":false,"chose_seed":false,"campfire_upgraded":6,"win_rate":0.0,"timestamp":1612773166,"path_taken":["M","M","$","M","?","E","M","M","T","R","M","E","R","$","R","BOSS","M","M","?","?","?","E","?","R","T","M","M","E","R","M","R","BOSS","M","$","?","M","M","E","R","$","T","M","R","E","M","M","R","BOSS"],"items_purchased_type":["Relic","Card","Card","Card","Card","Potion","Potion"],"build_version":"2020-12-13","purchased_purges":3,"victory":true,"max_hp_per_floor":[75,75,75,75,75,75,75,75,75,75,75,82,82,82,82,82,82,82,82,82,87,87,87,87,87,87,87,87,87,87,87,87,87,87,87,87,87,87,87,87,87,87,87,87,87,87,87,87,87,87],"relic_stats":{"Centennial Puzzle":[12],"Regal Pillow":15,"Busted Crown":32,"counters":[26,109],"Shuriken":[26],"Eternal Feather":105,"Whetstone":["Strike_B","Gash"],"MawBank":144,"obtain_stats":[{"Lantern":23,"Regal Pillow":46,"Eternal Feather":6,"Whetstone":9,"Bottled Tornado":29,"MawBank":24,"White Beast Statue":43,"FrozenCore":34,"Centennial Puzzle":40,"Busted Crown":17,"Shuriken":26,"Strawberry":12,"CultistMask":5,"Toxic Egg 2":36,"Cracked Core":0},{"Lantern":12,"Regal Pillow":23,"Eternal Feather":4,"Whetstone":6,"Bottled Tornado":15,"MawBank":12,"White Beast Statue":21,"FrozenCore":17,"Centennial Puzzle":21,"Busted Crown":9,"Shuriken":12,"Strawberry":8,"CultistMask":3,"Toxic Egg 2":18,"Cracked Core":0},{"Lantern":44,"Regal Pillow":93,"Eternal Feather":14,"Whetstone":21,"Bottled Tornado":56,"MawBank":44,"White Beast Statue":83,"FrozenCore":66,"Centennial Puzzle":83,"Busted Crown":37,"Shuriken":44,"Strawberry":30,"CultistMask":6,"Toxic Egg 2":69,"Cracked Core":0}],"FrozenCore":[10]},"card_choices":[{"not_picked":["Coolheaded","Cold Snap"],"picked":"Gash","floor":1},{"not_picked":["Steam","Sweeping Beam"],"picked":"Capacitor","floor":2},{"not_picked":["Compile Driver","Go for the Eyes"],"picked":"Ball Lightning","floor":4},{"not_picked":["Compile Driver","Reprogram"],"picked":"Ball Lightning","floor":6},{"not_picked":["Steam","Coolheaded"],"picked":"Conserve Battery","floor":7},{"not_picked":["Force Field","Rip and Tear"],"picked":"Defragment","floor":8},{"not_picked":["Gash","Scrape"],"picked":"Reboot","floor":11},{"not_picked":["Beam Cell","Steam"],"picked":"Melter","floor":12},{"not_picked":["Seek","All For One"],"picked":"Electrodynamics","floor":16},{"not_picked":[],"picked":"Go for the Eyes+1","floor":18},{"not_picked":[],"picked":"Stack+1","floor":19},{"not_picked":[],"picked":"Conserve Battery+1","floor":23},{"not_picked":[],"picked":"Auto Shields","floor":27},{"not_picked":["Coolheaded"],"picked":"SKIP","floor":28},{"not_picked":[],"picked":"Steam","floor":29},{"not_picked":["Aggregate"],"picked":"SKIP","floor":31},{"not_picked":[],"picked":"Machine Learning","floor":33},{"not_picked":[],"picked":"Barrage+1","floor":35},{"not_picked":[],"picked":"Stack+1","floor":38},{"not_picked":[],"picked":"Leap+1","floor":39},{"not_picked":[],"picked":"Beam Cell+1","floor":40},{"not_picked":["Melter"],"picked":"SKIP","floor":44},{"not_picked":[],"picked":"Streamline+1","floor":46},{"not_picked":[],"picked":"Lockon+1","floor":47},{"not_picked":[],"picked":"Tempest+1","floor":48}],"player_experience":15277,"relics_obtained":[{"floor":6,"key":"Eternal Feather"},{"floor":9,"key":"Whetstone"},{"floor":12,"key":"Strawberry"},{"floor":23,"key":"Lantern"},{"floor":26,"key":"Shuriken"},{"floor":29,"key":"Bottled Tornado"},{"floor":40,"key":"Centennial Puzzle"},{"floor":43,"key":"White Beast Statue"},{"floor":46,"key":"Regal Pillow"}],"event_choices":[{"damage_healed":0,"gold_gain":0,"player_choice":"Trade","damage_taken":0,"relics_obtained":["CultistMask"],"max_hp_gain":0,"max_hp_loss":0,"event_name":"FaceTrader","floor":5,"gold_loss":0},{"damage_healed":0,"gold_gain":0,"cards_transformed":["Strike_B","Defend_B"],"player_choice":"Became Test Subject","damage_taken":0,"max_hp_gain":0,"max_hp_loss":0,"event_name":"Drug Dealer","floor":20,"gold_loss":0,"cards_obtained":["All For One","Chill"]},{"damage_healed":0,"gold_gain":0,"player_choice":"Shed Blood","damage_taken":21,"max_hp_gain":5,"max_hp_loss":0,"event_name":"Forgotten Altar","floor":21,"gold_loss":0},{"damage_healed":0,"gold_gain":99,"player_choice":"Stole From Cult","damage_taken":0,"max_hp_gain":0,"max_hp_loss":0,"event_name":"Nest","floor":22,"gold_loss":0},{"damage_healed":0,"gold_gain":0,"player_choice":"Opened","damage_taken":0,"relics_obtained":["MawBank"],"max_hp_gain":0,"max_hp_loss":0,"event_name":"The Mausoleum","floor":24,"gold_loss":0,"cards_obtained":["Writhe"]},{"damage_healed":0,"gold_gain":0,"player_choice":"Embrace Madness","damage_taken":11,"max_hp_gain":0,"max_hp_loss":0,"event_name":"Winding Halls","floor":37,"gold_loss":0,"cards_obtained":["Madness","Madness"]}],"is_beta":false,"boss_relics":[{"not_picked":["Fusion Hammer","Philosopher\u0027s Stone"],"picked":"Busted Crown"},{"not_picked":["Astrolabe","Velvet Choker"],"picked":"FrozenCore"}],"items_purged_floors":[3,14,36],"is_endless":false,"potions_floor_spawned":[2,6,7,16,18,29,31,33,38,44,46,47,48],"ascension_level":0}}