{"host":"981nlwu0905dw1bz","time":1612798246,"event":{"mods":["AchievementEnabler","BaseMod","DeckTracker","Minty Spire (QoL Compilation)","Rare Cards Sparkle","SuperFastMode"],"gold_per_floor":[119,194,194,210,210,210,245,245,245,255,270,270,270,37,37,37,37,37],"floor_reached":17,"language":"KOR","playtime":199,"items_purged":[],"score":205,"play_id":"bded8ea0-7bcb-4870-980c-d7df0886a211","local_time":"20210209003046","is_ascension_mode":true,"campfire_choices":[{"data":"Dagger Spray","floor":6.0,"key":"SMITH"},{"data":"Slice","floor":12.0,"key":"SMITH"},{"data":"Backstab","floor":15.0,"key":"SMITH"},{"data":"Accuracy","floor":16.0,"key":"SMITH"}],"circlet_count":0,"master_deck":["AscendersBane","Strike_G","Strike_G","Strike_G","Strike_G","Defend_G","Defend_G","Defend_G","Defend_G","Defend_G","Survivor+1","Neutralize","Dagger Spray+1","Backstab+1","Slice+1","Accuracy+1","Accuracy","Dodge and Roll+1"],"relics":["Ring of the Snake","NeowsBlessing","Akabeko","Centennial Puzzle","Toxic Egg 2","Regal Pillow"],"acts_visited":["Exordium"],"potions_floor_usage":[17],"damage_taken":[{"damage":0.0,"enemies":"Jaw Worm","floor":1.0,"turns":1.0},{"damage":0.0,"enemies":"2 Louse","floor":4.0,"turns":1.0},{"damage":0.0,"enemies":"Gremlin Nob","floor":7.0,"turns":1.0},{"damage":0.0,"enemies":"Cultist","floor":10.0,"turns":2.0},{"damage":0.0,"enemies":"Looter","floor":11.0,"turns":1.0},{"damage":56,"enemies":"Slime Boss","floor":17,"turns":8}],"seed_played":"-571587420665742658","potions_obtained":[{"floor":1.0,"key":"SteroidPotion"},{"floor":10.0,"key":"Ancient Potion"}],"is_trial":false,"path_per_floor":["M","?","?","M","T","R","E","?","T","M","M","R","?","$","R","R","B"],"character_chosen":"THE_SILENT","items_purchased":["Regal Pillow","Accuracy","Dodge and Roll+1"],"campfire_rested":0,"item_purchase_floors":[14,14,14],"current_hp_per_floor":[63,52,52,52,52,52,52,52,52,52,52,52,52,52,52,52,0,0],"gold":37,"neow_bonus":"THREE_ENEMY_KILL","is_daily":false,"chose_seed":false,"campfire_upgraded":4,"win_rate":0.0,"timestamp":1612798246,"path_taken":["M","?","?","?","?","R","E","?","T","?","M","R","?","$","R","R","BOSS"],"items_purchased_type":["Relic","Card","Card"],"build_version":"2020-12-22","purchased_purges":0,"victory":false,"max_hp_per_floor":[70,70,70,70,70,70,70,70,70,70,70,70,70,70,70,70,70,70],"card_choices":[{"not_picked":["Accuracy","Predator"],"picked":"Dagger Spray","floor":1.0},{"not_picked":["Dagger Throw","Prepared"],"picked":"Backstab","floor":4.0},{"not_picked":["Dagger Throw","Masterful Stab"],"picked":"Slice","floor":7.0},{"not_picked":["PiercingWail+1","Catalyst+1","Flechettes"],"picked":"SKIP","floor":10.0},{"not_picked":["Heel Hook","Bane"],"picked":"Accuracy","floor":11.0}],"player_experience":565067,"relics_obtained":[{"floor":5.0,"key":"Akabeko"},{"floor":7.0,"key":"Centennial Puzzle"},{"floor":9.0,"key":"Toxic Egg 2"}],"event_choices":[{"damage_healed":0.0,"max_hp_gain":0.0,"max_hp_loss":0.0,"gold_gain":75.0,"event_name":"World of Goop","player_choice":"Gather Gold","floor":2.0,"gold_loss":0.0,"damage_taken":11.0},{"damage_healed":0.0,"max_hp_gain":0.0,"max_hp_loss":0.0,"gold_gain":0.0,"event_name":"Golden Wing","player_choice":"Ignored","floor":3.0,"gold_loss":0.0,"damage_taken":0.0},{"cards_removed":["Strike_G"],"damage_healed":0.0,"max_hp_gain":0.0,"max_hp_loss":0.0,"gold_gain":0.0,"event_name":"Purifier","player_choice":"Purged","floor":8.0,"gold_loss":0.0,"damage_taken":0.0},{"damage_healed":0.0,"max_hp_gain":0.0,"max_hp_loss":0.0,"gold_gain":0.0,"event_name":"Accursed Blacksmith","player_choice":"Forge","floor":13.0,"gold_loss":0.0,"damage_taken":0.0,"cards_upgraded":["Survivor"]}],"is_beta":false,"boss_relics":[],"items_purged_floors":[],"is_endless":false,"potions_floor_spawned":[1,10,11],"killed_by":"Slime Boss","ascension_level":12}}