{"host":"0kk91h4bq4kgfj0u","time":1612799886,"event":{"mods":["BaseMod","Bestiary","Block Reminder","Colored Map","Colored Powertips","Curses Come First","Highlight Path","Minty Spire (QoL Compilation)","Relic Stats","StSLib"],"gold_per_floor":[139,154,154,154,173,173,23,61,61,116,135,60,60,79,79,204,204,223,223,223],"floor_reached":19,"language":"ENG","playtime":841,"items_purged":[],"score":192,"play_id":"eab7880b-773f-4740-9fde-3c07ca5bc185","local_time":"20210208105806","daily_mods":["Shiny","Green Cards","Terminal"],"is_ascension_mode":false,"campfire_choices":[{"data":"DevaForm","floor":6,"key":"SMITH"},{"floor":15,"key":"REST"}],"circlet_count":0,"master_deck":["Venomology","Corpse Explosion","Malaise","Phantasmal Killer","Die Die Die","Adrenaline","Envenom","Doppelganger","Burst","Wraith Form v2","Tools of the Trade","Night Terror","Unload","After Image","Bullet Time","Storm of Steel","Glass Knife","A Thousand Cuts","Grand Finale","Judgement","ConjureBlade","MasterReality","Brilliance","Devotion","Blasphemy","Ragnarok","LessonLearned","Scrawl","Vault","Alpha","Wish","Omniscience","Establishment","SpiritShield","DevaForm+1","DeusExMachina","Caltrops","Cloak And Dagger","Injury","Reflex","Outmaneuver","Tactician","Slice","Outmaneuver"],"relics":["PureWater","Darkstone Periapt","Golden Idol","PreservedInsect","Ancient Tea Set","Pen Nib","Black Star"],"acts_visited":["Exordium","TheCity"],"potions_floor_usage":[11],"damage_taken":[{"damage":7,"enemies":"Small Slimes","floor":1,"turns":4},{"damage":2,"enemies":"2 Louse","floor":2,"turns":4},{"damage":1,"enemies":"Jaw Worm","floor":5,"turns":4},{"damage":4,"enemies":"3 Sentries","floor":8,"turns":2},{"damage":20,"enemies":"Gremlin Gang","floor":11,"turns":4},{"damage":10,"enemies":"Large Slime","floor":14,"turns":5},{"damage":36,"enemies":"Hexaghost","floor":16,"turns":9},{"damage":22,"enemies":"Chosen","floor":18,"turns":5},{"damage":43,"enemies":"3 Byrds","floor":19,"turns":4}],"seed_played":"-2425098010432476902","potions_obtained":[{"floor":1,"key":"ColorlessPotion"},{"floor":16,"key":"Regen Potion"}],"is_trial":false,"path_per_floor":["M","M","?","?","M","R","$","E","T","?","M","$","?","M","R","B",null,"M","M"],"character_chosen":"WATCHER","items_purchased":["PreservedInsect","Tactician"],"campfire_rested":1,"item_purchase_floors":[7,12],"current_hp_per_floor":[64,62,55,61,60,60,60,56,56,56,36,36,41,31,51,15,65,43,0,0],"gold":223,"neow_bonus":"","is_daily":true,"chose_seed":false,"campfire_upgraded":1,"win_rate":0.0,"timestamp":1612799886,"path_taken":["M","M","?","?","M","R","$","E","T","?","M","$","?","M","R","BOSS","M","M"],"items_purchased_type":["Relic","Card"],"build_version":"2020-12-22","purchased_purges":0,"victory":false,"max_hp_per_floor":[70,69,68,73,72,71,70,69,68,67,66,65,69,68,67,66,65,64,64,64],"relic_stats":{"Darkstone Periapt":6,"counters":[9,41],"Golden Idol":49,"PreservedInsect":31,"Pen Nib":[3],"Black Star":0,"obtain_stats":[{"Darkstone Periapt":3,"Golden Idol":4,"PreservedInsect":7,"Pen Nib":9,"Black Star":17,"PureWater":0,"Ancient Tea Set":8},{"Darkstone Periapt":2,"Golden Idol":2,"PreservedInsect":3,"Pen Nib":4,"Black Star":7,"PureWater":0,"Ancient Tea Set":4},{"Darkstone Periapt":8,"Golden Idol":8,"PreservedInsect":12,"Pen Nib":14,"Black Star":32,"PureWater":0,"Ancient Tea Set":14}]},"card_choices":[{"not_picked":["FlyingSleeves","Endless Agony"],"picked":"Caltrops","floor":1},{"not_picked":["LikeWater","PathToVictory"],"picked":"Cloak And Dagger","floor":2},{"not_picked":["FlurryOfBlows","Prepared"],"picked":"Reflex","floor":5},{"not_picked":["Reflex","Halt","Prepared"],"picked":"SKIP","floor":8},{"not_picked":["Halt","Well Laid Plans"],"picked":"Outmaneuver","floor":11},{"not_picked":["Cloak And Dagger","Choke"],"picked":"Slice","floor":14},{"not_picked":["Crippling Poison","Collect"],"picked":"Outmaneuver","floor":18}],"player_experience":862500,"relics_obtained":[{"floor":8,"key":"Ancient Tea Set"},{"floor":9,"key":"Pen Nib"}],"event_choices":[{"damage_healed":0,"gold_gain":0,"player_choice":"Success","damage_taken":7,"relics_obtained":["Darkstone Periapt"],"max_hp_gain":0,"max_hp_loss":0,"event_name":"Scrap Ooze","floor":3,"gold_loss":0},{"damage_healed":0,"gold_gain":0,"player_choice":"Take Wound","damage_taken":0,"relics_obtained":["Golden Idol"],"max_hp_gain":0,"max_hp_loss":0,"event_name":"Golden Idol","floor":4,"gold_loss":0,"cards_obtained":["Injury"]},{"damage_healed":0,"gold_gain":55,"player_choice":"Gained Gold","damage_taken":0,"max_hp_gain":0,"max_hp_loss":0,"event_name":"Golden Wing","floor":10,"gold_loss":0},{"damage_healed":0,"gold_gain":0,"player_choice":"Donut","damage_taken":0,"max_hp_gain":5,"max_hp_loss":0,"event_name":"Big Fish","floor":13,"gold_loss":0}],"is_beta":false,"boss_relics":[{"not_picked":["Cursed Key","Ectoplasm"],"picked":"Black Star"}],"items_purged_floors":[],"is_endless":false,"potions_floor_spawned":[1,16],"killed_by":"3 Byrds","ascension_level":0}}