{"host":"vflj39ie5n27t074","time":1612813605,"event":{"mods":["BaseMod","BetterRewards","Bossed Relics","Colored Map","Colored Powertips","Downfall","Hero for Fun","Hubris","Infinite Spire","Marisa????????","Minty Spire (QoL Compilation)","Replay The Spire","SIMod","StSLib","The Jungle","The Mystic","The Poker Player","The Servant 0.9.4"],"gold_per_floor":[116,134,134,148,148,174,174,174,198,214,26,56,56,33,33,136,136,150,150,150,150,170,202,218,237,291,318,329,329,329,345,345,444,444,456,498,516,516,516,549,549,606,652,652,694,694,709,719,719,725],"floor_reached":51,"language":"ENG","playtime":2604,"items_purged":["Regret"],"score":965,"play_id":"aaab8088-cd37-4561-a584-f3f225026bac","local_time":"20210208134645","is_ascension_mode":true,"campfire_choices":[{"data":"SashWhip","floor":8.0,"key":"SMITH"},{"data":"ClearTheMind","floor":13.0,"key":"SMITH"},{"floor":15.0,"key":"REST"},{"data":"Vault","floor":30,"key":"SMITH"},{"data":"Vault","floor":32,"key":"SMITH"},{"data":"Wallop","floor":44,"key":"SMITH"},{"data":"Indignation","floor":46,"key":"SMITH"},{"data":"Wish","floor":49,"key":"SMITH"}],"circlet_count":0,"master_deck":["Strike_P","Strike_P","Strike_P","Strike_P+1","Defend_P","Defend_P","Defend_P","Defend_P","Eruption+1","Vigilance","SashWhip+1","ClearTheMind+1","FearNoEvil","CutThroughFate","Indignation+1","Tantrum","ThirdEye","Vault+1","FlurryOfBlows","EmptyMind","Vault+1","Wish+1","Wallop+1","Vault+1"],"relics":["hubris:VirtuousBlindfold","Bag of Preparation","Onion Ring","Regal Pillow","Membership Card","Ornamental Fan","Runic Pyramid","Sozu","hubris:CuriousFeather","infinitespire:Midas Blood","ReplayTheSpireMod:TigerMarble","infinitespire:PuzzleCube","Astrolabe","MealTicket","Snack Pack","Gremlin Food"],"acts_visited":["Exordium","TheCity","TheBeyond"],"potions_floor_usage":[],"damage_taken":[{"damage":0.0,"enemies":"Small Slimes","floor":1.0,"turns":2.0},{"damage":0.0,"enemies":"2 Louse","floor":2.0,"turns":1.0},{"damage":0.0,"enemies":"Jaw Worm","floor":4.0,"turns":2.0},{"damage":13.0,"enemies":"Gremlin Nob","floor":6.0,"turns":4.0},{"damage":9.0,"enemies":"Gremlin Gang","floor":10.0,"turns":4.0},{"damage":0.0,"enemies":"Lagavulin","floor":12.0,"turns":2.0},{"damage":32.0,"enemies":"The Guardian","floor":16.0,"turns":6.0},{"damage":0.0,"enemies":"Chosen","floor":18.0,"turns":3.0},{"damage":0.0,"enemies":"2 Thieves","floor":22.0,"turns":2.0},{"damage":0.0,"enemies":"Book of Stabbing","floor":23.0,"turns":3.0},{"damage":0.0,"enemies":"3 Cultists","floor":24.0,"turns":4.0},{"damage":0.0,"enemies":"Sentry and Sphere","floor":25.0,"turns":2.0},{"damage":0.0,"enemies":"Gremlin Leader","floor":27.0,"turns":3.0},{"damage":0,"enemies":"Centurion and Healer","floor":28,"turns":1},{"damage":0,"enemies":"Cultist and Chosen","floor":31,"turns":2},{"damage":9,"enemies":"Champ","floor":33,"turns":7},{"damage":11,"enemies":"Orb Walker","floor":35,"turns":2},{"damage":0,"enemies":"3 Shapes","floor":36,"turns":3},{"damage":0,"enemies":"3 Darklings","floor":37,"turns":3},{"damage":0,"enemies":"Nemesis","floor":40,"turns":5},{"damage":0,"enemies":"Reptomancer","floor":42,"turns":4},{"damage":0,"enemies":"Jaw Worm Horde","floor":45,"turns":3},{"damage":0,"enemies":"Spire Growth","floor":47,"turns":3},{"damage":0,"enemies":"Writhing Mass","floor":48,"turns":3},{"damage":35,"enemies":"Donu and Deca","floor":50,"turns":7}],"seed_played":"3606894929448599339","potions_obtained":[{"floor":1.0,"key":"FearPotion"},{"floor":2.0,"key":"SpeedPotion"},{"floor":6.0,"key":"LiquidMemories"},{"floor":12.0,"key":"hexamod:SoulburnPotion"}],"is_trial":false,"path_per_floor":["M","M","?","M","?","E","?","R","T","M","$","E","R","$","R","B",null,"M","AVR","?","?","M","E","M","M","T","E","M","$","R","M","R","B",null,"M","M","M","?","AVR","E","?","E","T","R","M","R","M","M","R","B",null],"character_chosen":"WATCHER","items_purchased":["Membership Card","ThirdEye"],"campfire_rested":1,"item_purchase_floors":[11,14],"current_hp_per_floor":[72,72,72,72,72,59,59,59,59,50,50,50,50,50,72,40,72,72,72,72,72,72,72,72,72,72,72,72,72,72,72,72,63,72,61,61,61,61,61,65,65,65,65,65,69,69,72,72,72,45],"gold":725,"neow_bonus":"BOSS_RELIC","is_daily":false,"chose_seed":false,"campfire_upgraded":7,"win_rate":0.0,"timestamp":1612813605,"path_taken":["M","M","?","M","?","E","?","R","T","M","$","E","R","$","R","BOSS","M","AVR","?","?","M","E","M","M","T","E","M","$","R","M","R","BOSS","M","M","?","?","AVR","E","?","E","T","R","M","R","M","M","R","BOSS"],"items_purchased_type":["Relic","Card"],"build_version":"2020-12-22","purchased_purges":1,"victory":true,"max_hp_per_floor":[72,72,72,72,72,72,72,72,72,72,72,72,72,72,72,72,72,72,72,72,72,72,72,72,72,72,72,72,72,72,72,72,72,72,72,72,72,72,72,72,72,72,72,72,72,72,72,72,72,72],"card_choices":[{"not_picked":["ThirdEye","EmptyFist"],"picked":"SashWhip","floor":1.0},{"not_picked":["FollowUp","Prostrate"],"picked":"ClearTheMind","floor":2.0},{"not_picked":["Protect","EmptyFist"],"picked":"FearNoEvil","floor":4.0},{"not_picked":["FlyingSleeves","Wish"],"picked":"CutThroughFate","floor":6.0},{"not_picked":["CrushJoints","ClearTheMind"],"picked":"Indignation","floor":10.0},{"not_picked":["JustLucky","FearNoEvil"],"picked":"Tantrum","floor":12.0},{"not_picked":["Judgement","DevaForm"],"picked":"Vault","floor":16.0},{"not_picked":["Perseverance","PathToVictory","JustLucky+1"],"picked":"SKIP","floor":18.0},{"not_picked":["TalkToTheHand","Worship+1"],"picked":"FlurryOfBlows","floor":22.0},{"not_picked":["CarveReality","Vengeance+1"],"picked":"EmptyMind","floor":23.0},{"not_picked":["Replay:ManipulateFuture","FearNoEvil","MasterReality"],"picked":"SKIP","floor":24.0},{"not_picked":["TalkToTheHand+1","CrushJoints","Consecrate+1"],"picked":"SKIP","floor":25.0},{"not_picked":["Prostrate","PathToVictory+1","Evaluate"],"picked":"SKIP","floor":27},{"not_picked":["JustLucky","SashWhip+1","BowlingBash"],"picked":"SKIP","floor":28},{"not_picked":["MentalFortress","Worship+1"],"picked":"Vault","floor":31},{"not_picked":["Scrawl","MasterReality"],"picked":"Wish","floor":33},{"not_picked":["Evaluate","WreathOfFlame","Wallop+1"],"picked":"SKIP","floor":35},{"not_picked":["FlyingSleeves","FlurryOfBlows","CrushJoints"],"picked":"SKIP","floor":36},{"not_picked":["ForeignInfluence+1","Prostrate","Evaluate+1"],"picked":"SKIP","floor":37},{"not_picked":["WreathOfFlame","LikeWater+1"],"picked":"Wallop","floor":40},{"not_picked":["Wish","EmptyFist","Replay:BluntJabs"],"picked":"SKIP","floor":42},{"not_picked":["EmptyBody","CutThroughFate+1","PathToVictory"],"picked":"SKIP","floor":45},{"not_picked":["WheelKick","Consecrate+1","FlyingSleeves"],"picked":"SKIP","floor":47},{"not_picked":["Prostrate+1","CutThroughFate","SashWhip+1"],"picked":"SKIP","floor":48}],"player_experience":100775,"relics_obtained":[{"floor":6.0,"key":"Onion Ring"},{"floor":9.0,"key":"Regal Pillow"},{"floor":12.0,"key":"Ornamental Fan"},{"floor":23.0,"key":"infinitespire:Midas Blood"},{"floor":26.0,"key":"ReplayTheSpireMod:TigerMarble"},{"floor":27,"key":"infinitespire:PuzzleCube"},{"floor":40,"key":"MealTicket"},{"floor":42,"key":"Snack Pack"},{"floor":43,"key":"Gremlin Food"}],"event_choices":[{"damage_healed":0.0,"max_hp_gain":0.0,"max_hp_loss":0.0,"gold_gain":0.0,"event_name":"Big Fish","player_choice":"Box","floor":3.0,"gold_loss":0.0,"damage_taken":0.0,"relics_obtained":["Bag of Preparation"],"cards_obtained":["Regret"]},{"damage_healed":0.0,"max_hp_gain":0.0,"max_hp_loss":0.0,"gold_gain":0.0,"event_name":"Living Wall","player_choice":"Grow","floor":5.0,"gold_loss":0.0,"damage_taken":0.0,"cards_upgraded":["Eruption"]},{"damage_healed":0.0,"max_hp_gain":0.0,"max_hp_loss":0.0,"gold_gain":0.0,"event_name":"Beggar","player_choice":"Ignored","floor":20.0,"gold_loss":0.0,"damage_taken":0.0},{"damage_healed":0.0,"max_hp_gain":0.0,"max_hp_loss":0.0,"gold_gain":0.0,"event_name":"Lab","player_choice":"Got Potions","floor":21.0,"gold_loss":0.0,"damage_taken":0.0},{"damage_healed":0,"gold_gain":0,"player_choice":"Copied","damage_taken":0,"max_hp_gain":0,"max_hp_loss":0,"event_name":"Duplicator","floor":41,"gold_loss":0,"cards_obtained":["Vault"]}],"is_beta":false,"boss_relics":[{"not_picked":["Replay:Wanted Poster","Black Star"],"picked":"Runic Pyramid"},{"not_picked":["Runic Dome","Replay:Fungal Core"],"picked":"Astrolabe"}],"items_purged_floors":[11],"is_endless":false,"potions_floor_spawned":[1,2,6,12,22,23,25,31,42,45,47],"ascension_level":2}}