{"host":"k1hhfsso5sz592ni","time":1612764689,"event":{"mods":["BaseMod","Colored Map","Minty Spire (QoL Compilation)","Quick Restart","Replay The Spire","StSLib","TestMod","everything is the same but u backflip on backflip"],"gold_per_floor":[116,116,131,131,151,151,184,184,252,252,252,177,198,219,219,325,325,344,368,368,386,286,286,385,411,411,326,401,422,422,463,463,576,576,576,576],"floor_reached":35,"language":"ZHS","playtime":903,"items_purged":["Defend_R","Strike_R"],"score":400,"play_id":"a5857c87-11c9-4ef4-aa0f-8bcb06b81ea5","local_time":"20210208141129","is_ascension_mode":false,"campfire_choices":[{"data":"Hemogenesis","floor":6.0,"key":"SMITH"},{"data":"Clash","floor":8.0,"key":"SMITH"},{"data":"Bash","floor":11.0,"key":"SMITH"},{"floor":15.0,"key":"RECALL"},{"data":"Warcry","floor":23.0,"key":"SMITH"},{"data":"Strike_R","floor":32.0,"key":"SMITH"}],"circlet_count":0,"master_deck":["Strike_R+1","Bash+1","Clash+1","Brutality+1","Warcry+1","Seeing Red+1","Injury","Writhe"],"relics":["Burning Blood","testmod-TestBox","testmod-DeterminationOfClimber","NeowsBlessing","Ring of Hypnosis","ReplayTheSpireMod:Ring of Exchange","Mirror","Blue Candle","Astrolabe","Singing Bowl","Pet Ghost","Dream Catcher","Kintsugi"],"acts_visited":["Exordium","TheCity","TheBeyond"],"potions_floor_usage":[],"damage_taken":[{"damage":0.0,"enemies":"Jaw Worm","floor":1.0,"turns":1.0},{"damage":0.0,"enemies":"2 Louse","floor":3.0,"turns":1.0},{"damage":0.0,"enemies":"Cultist","floor":5.0,"turns":1.0},{"damage":9.0,"enemies":"3 Sentries","floor":7.0,"turns":7.0},{"damage":3.0,"enemies":"2 Fungi Beasts","floor":13.0,"turns":2.0},{"damage":0.0,"enemies":"Red Slaver","floor":14.0,"turns":1.0},{"damage":38.0,"enemies":"Hexaghost","floor":16.0,"turns":7.0},{"damage":5.0,"enemies":"Shell Parasite","floor":18.0,"turns":2.0},{"damage":7.0,"enemies":"2 Thieves","floor":19.0,"turns":2.0},{"damage":23.0,"enemies":"Centurion and Healer","floor":21.0,"turns":2.0},{"damage":1.0,"enemies":"Shelled Parasite and Fungi","floor":25.0,"turns":2.0},{"damage":1.0,"enemies":"Chosen and Byrds","floor":29.0,"turns":2.0},{"damage":1.0,"enemies":"Gremlin Leader","floor":31.0,"turns":2.0},{"damage":50.0,"enemies":"Automaton","floor":33.0,"turns":6.0},{"damage":0,"enemies":"3 Darklings","floor":35,"turns":1}],"seed_played":"6127357066482286650","potions_obtained":[{"floor":1.0,"key":"BlessingOfTheForge"},{"floor":4.0,"key":"Toxic Potion"},{"floor":4.0,"key":"Fruit Juice"},{"floor":4.0,"key":"Ancient Potion"},{"floor":7.0,"key":"testmod-SpacePotion"},{"floor":16.0,"key":"Milkshake"},{"floor":18.0,"key":"BlessingOfTheForge"}],"is_trial":false,"path_per_floor":["M","?","M","?","M","R","E","R","T","?","R","$","M","M","R","B",null,"M","M","?","M","$","R","?","M","T","?","?","M","?","E","R","B",null,"M"],"character_chosen":"IRONCLAD","items_purchased":[],"campfire_rested":0,"item_purchase_floors":[],"current_hp_per_floor":[80,80,80,85,85,85,85,85,85,85,85,85,85,85,85,67,85,85,85,85,85,85,85,85,85,85,85,77,87,79,89,89,58,91,91,91],"gold":576,"neow_bonus":"THREE_ENEMY_KILL","is_daily":false,"chose_seed":false,"campfire_upgraded":5,"win_rate":0.0,"timestamp":1612764689,"path_taken":["M","?","M","?","?","R","E","R","T","?","R","$","M","?","R","BOSS","M","M","?","?","$","R","?","M","T","?","?","?","?","E","R","BOSS","M"],"items_purchased_type":[],"build_version":"2020-12-22","purchased_purges":2,"victory":false,"max_hp_per_floor":[80,80,80,85,85,85,85,85,85,85,85,85,85,85,85,85,85,85,85,85,85,85,85,85,85,85,85,85,87,87,89,89,91,91,91,91],"card_choices":[{"not_picked":["Sentinel","ReplayTheSpireMod:Strike From Hell","Cleave"],"picked":"SKIP","floor":1.0},{"not_picked":["Twin Strike","Cleave","Feel No Pain"],"picked":"SKIP","floor":3.0},{"not_picked":["Heavy Blade","Sever Soul"],"picked":"Hemogenesis","floor":5.0},{"not_picked":["Replay:Undeath\u0027s Touch","Havoc"],"picked":"Clash","floor":7.0},{"not_picked":["Metallicize","Inflame","Entrench"],"picked":"SKIP","floor":13.0},{"not_picked":["Sword Boomerang","Pommel Strike","Headbutt"],"picked":"SKIP","floor":14.0},{"not_picked":["True Grit","Shockwave"],"picked":"Warcry","floor":18.0},{"not_picked":["Reckless Charge+1","Pommel Strike","Flex+1"],"picked":"SKIP","floor":19.0},{"not_picked":["Pommel Strike","Warcry"],"picked":"Seeing Red+1","floor":21.0},{"not_picked":["Replay:Undeath\u0027s Touch","Wild Strike","Thunderclap"],"picked":"SKIP","floor":25.0},{"not_picked":["Havoc+1","Armaments+1","ReplayTheSpireMod:Muscle Training"],"picked":"Singing Bowl","floor":29.0},{"not_picked":["Havoc+1","Sword Boomerang","Sentinel"],"picked":"Singing Bowl","floor":31.0},{"not_picked":["Feed","Bludgeon","Impervious"],"picked":"Singing Bowl","floor":33.0}],"player_experience":575120,"relics_obtained":[{"floor":2.0,"key":"Ring of Hypnosis"},{"floor":2.0,"key":"ReplayTheSpireMod:Ring of Exchange"},{"floor":7.0,"key":"Mirror"},{"floor":9.0,"key":"Blue Candle"},{"floor":26.0,"key":"Singing Bowl"},{"floor":31.0,"key":"Dream Catcher"}],"event_choices":[{"damage_healed":0.0,"max_hp_gain":0.0,"max_hp_loss":0.0,"gold_gain":0.0,"event_name":"Lab","player_choice":"Got Potions","floor":4.0,"gold_loss":0.0,"damage_taken":0.0},{"cards_removed":["Defend_R"],"damage_healed":0.0,"max_hp_gain":0.0,"max_hp_loss":0.0,"gold_gain":0.0,"event_name":"Bonfire Elementals","player_choice":"Offered Basic","floor":10.0,"gold_loss":0.0,"damage_taken":0.0},{"damage_healed":0.0,"max_hp_gain":0.0,"max_hp_loss":0.0,"gold_gain":0.0,"cards_transformed":["Shockwave"],"event_name":"Transmorgrifier","player_choice":"Transformed","floor":20.0,"gold_loss":0.0,"damage_taken":0.0,"cards_obtained":["Fire Breathing"]},{"damage_healed":0.0,"max_hp_gain":0.0,"max_hp_loss":0.0,"gold_gain":99.0,"event_name":"Nest","player_choice":"Stole From Cult","floor":24.0,"gold_loss":0.0,"damage_taken":0.0},{"damage_healed":0.0,"max_hp_gain":0.0,"max_hp_loss":0.0,"gold_gain":0.0,"event_name":"Addict","player_choice":"Obtained Relic","floor":27.0,"gold_loss":85.0,"damage_taken":0.0,"relics_obtained":["Pet Ghost"]},{"damage_healed":0.0,"max_hp_gain":0.0,"max_hp_loss":0.0,"gold_gain":75.0,"event_name":"FaceTrader","player_choice":"Touch","floor":28.0,"gold_loss":0.0,"damage_taken":8.0},{"damage_healed":0.0,"max_hp_gain":0.0,"max_hp_loss":0.0,"gold_gain":0.0,"event_name":"Wheel of Change","player_choice":"Damaged","floor":30.0,"gold_loss":0.0,"damage_taken":8.0}],"is_beta":false,"boss_relics":[{"not_picked":["Replay:Drink Me","Brimstone"],"picked":"Astrolabe"},{"not_picked":["PrismaticShard","DollysMirror"],"picked":"Kintsugi"}],"items_purged_floors":[12,22],"is_endless":false,"potions_floor_spawned":[1,5,7,16,18,25,33],"killed_by":"3 Darklings","ascension_level":0}}