{"host":"94qggqh0xz0sp6ai","time":1612815306,"event":{"mods":["100% Spire Juice","Abigail Mod","Act Like it!","BaseMod","CapriCore","Downfall","Friendly Minions","Gensokyo","Hermit","Jorbs\u0027s Wanderer Trilogy","Koishi","Marisa（霧雨　魔理沙）","Minty Spire (QoL Compilation)","Permanent Neow","Reimu（博??梦）","StSLib","The Alterego","The Construct","The Cursed","The Hierophant","The Immortal","The Marked","The Mystic","The Senshi","The Servant 0.9.4","TheBandit","Waifu the Spire"],"gold_per_floor":[114,133,150,97,97,97,97],"floor_reached":6,"language":"ENG","playtime":163,"items_purged":[],"score":68,"play_id":"f87ffc8e-0cd8-4711-961e-96f30f10ceb3","local_time":"20210208141506","is_ascension_mode":true,"campfire_choices":[],"circlet_count":0,"master_deck":["AscendersBane","Strike_Lin:ReiMu","Strike_Lin:ReiMu","Strike_Lin:ReiMu","Defend_Lin:ReiMu","Defend_Lin:ReiMu","Defend_Lin:ReiMu","Defend_Lin:ReiMu","NB:ReiMu","Stagnation:ReiMu","PassingAway:ReiMu","Conquer:ReiMu","Enchanting:ReiMu","RainPray2:ReiMu","SubAcupoint:ReiMu"],"relics":["FlyPower:ReiMu","GremlinMask"],"acts_visited":["Exordium"],"potions_floor_usage":[6],"damage_taken":[{"damage":21,"enemies":"Jaw Worm","floor":1,"turns":9},{"damage":8,"enemies":"Cultist","floor":2,"turns":4},{"damage":0,"enemies":"2 Louse","floor":3,"turns":1},{"damage":27,"enemies":"Gremlin Nob","floor":6,"turns":3}],"seed_played":"-7690815296598568817","potions_obtained":[{"floor":3,"key":"Energy Potion"}],"is_trial":false,"path_per_floor":["M","M","M","$","?","E"],"character_chosen":"REIMU","items_purchased":["SubAcupoint:ReiMu"],"campfire_rested":0,"item_purchase_floors":[4],"current_hp_per_floor":[33,25,25,25,25,0,0],"gold":97,"neow_bonus":"TRANSFORM_CARD","is_daily":false,"chose_seed":false,"campfire_upgraded":0,"win_rate":0.0,"timestamp":1612815306,"path_taken":["M","M","M","$","?","E"],"items_purchased_type":["Card"],"build_version":"2020-12-22","purchased_purges":0,"victory":false,"max_hp_per_floor":[60,60,60,60,60,60,60],"card_choices":[{"not_picked":["Enchanting:ReiMu","CareerPray:ReiMu"],"picked":"Conquer:ReiMu","floor":1},{"not_picked":["FineLineFantasy:ReiMu","WonderfulDomain:ReiMu"],"picked":"Enchanting:ReiMu","floor":2},{"not_picked":["EmergencyTakeOff:ReiMu","PhosphorusFlame:ReiMu"],"picked":"RainPray2:ReiMu","floor":3}],"player_experience":1530068,"relics_obtained":[],"event_choices":[{"damage_healed":0,"gold_gain":0,"player_choice":"Trade","damage_taken":0,"relics_obtained":["GremlinMask"],"max_hp_gain":0,"max_hp_loss":0,"event_name":"FaceTrader","floor":5,"gold_loss":0}],"is_beta":false,"boss_relics":[],"items_purged_floors":[],"is_endless":false,"potions_floor_spawned":[3],"killed_by":"Gremlin Nob","ascension_level":18}}