{"host":"sgqhwtqjaxn0ibpt","time":1612747303,"event":{"mods":["2.2 Compatiblity","AchievementEnabler","Aspiration","BaseMod","Beaked The Cultist","Better Altar","Better Third Choice","Clockwork Mod","Colored Powertips","Conspire","Disable Question Mark Monsters","Downfall","Energized Spire","Glutton Mod","Gremlin Mod","Gremlin Skip","Hermit","Hubris","Jorbs\u0027s Wanderer Trilogy","Mad Scientist","Minty Spire (QoL Compilation)","Permanent Neow","Quick Restart","Random Character Button","Rare Cards Sparkle","Reworked Bosses","SacredBarkPlus","Shop Mod","StSLib","The Bug Knight","The Construct","The Cursed","The Forsaken","The Hierophant","The Runesmith","TheHeartMod","Trackpad","Wandering Minibosses"],"gold_per_floor":[163,174,174,184,34,65,65,98,121,140,167,14,14,33,33,129,129,147,147,147,159,80,80,80],"floor_reached":23,"language":"ENG","playtime":852,"items_purged":["Strike_G","Strike_G"],"score":259,"play_id":"89ea6418-135c-4dcc-834c-2c64f0e7ace6","local_time":"20210207202143","is_ascension_mode":false,"campfire_choices":[{"data":"Accuracy","floor":7,"key":"SMITH"},{"data":"Footwork","floor":15,"key":"SMITH"}],"circlet_count":0,"master_deck":["Strike_G","Strike_G+1","Strike_G","Defend_G","Defend_G","Defend_G+1","Defend_G","Defend_G","Survivor+1","Neutralize","hubris:Counter","Eviscerate","Blade Dance+1","Noxious Fumes","Accuracy+1","Unload","Dagger Throw","Deadly Poison","Leg Sweep","Footwork+1","Burst","Terror","Infinite Blades","PiercingWail","hubris:Sniper"],"relics":["Tiny House","aspiration:FetidBarrel","aspiration:DSix","War Paint","aspiration:StickyExplosives_weak","construct:ClawGrip","Blood Vial","Ice Cream","hubris:EvacipatedBox"],"acts_visited":["Exordium","TheCity"],"potions_floor_usage":[11,16,23],"damage_taken":[{"damage":2,"enemies":"Small Slimes","floor":1,"turns":5},{"damage":5,"enemies":"Jaw Worm","floor":2,"turns":4},{"damage":1,"enemies":"Cultist","floor":4,"turns":3},{"damage":25,"enemies":"Lagavulin","floor":6,"turns":7},{"damage":10,"enemies":"Gremlin Nob","floor":8,"turns":3},{"damage":11,"enemies":"conspire:2 RoseBushes","floor":10,"turns":4},{"damage":18,"enemies":"Lagavulin","floor":11,"turns":4},{"damage":0,"enemies":"3 Louse","floor":14,"turns":3},{"damage":0,"enemies":"Hexaghost","floor":16,"turns":8},{"damage":8,"enemies":"Shell Parasite","floor":18,"turns":5},{"damage":5,"enemies":"3 Byrds","floor":21,"turns":5},{"damage":15,"enemies":"Slavers","floor":23,"turns":1}],"seed_played":"-5599516453242384342","potions_obtained":[{"floor":0,"key":"champ:CounterPotion"},{"floor":4,"key":"Weak Potion"},{"floor":6,"key":"SpeedPotion"},{"floor":8,"key":"DistilledChaos"},{"floor":10,"key":"PowerPotion"},{"floor":11,"key":"PowerPotion"}],"is_trial":false,"path_per_floor":["M","M","?","M","$","E","R","E","T","M","E","$","?","M","R","B",null,"M","?","$","M","$","E"],"character_chosen":"THE_SILENT","items_purchased":["Accuracy","Unload","Footwork","Blood Vial","Ice Cream","hubris:EvacipatedBox","hubris:Sniper"],"campfire_rested":0,"item_purchase_floors":[5,5,12,20,20,20,22],"current_hp_per_floor":[73,68,68,67,67,42,42,32,32,21,3,3,28,28,28,28,75,67,67,13,10,10,0,0],"gold":80,"neow_bonus":"BOSS_RELIC","is_daily":false,"chose_seed":false,"campfire_upgraded":2,"win_rate":0.0,"timestamp":1612747303,"path_taken":["M","M","?","M","$","E","R","E","T","M","E","$","?","M","R","BOSS","M","?","?","M","$","E"],"items_purchased_type":["Card","Card","Card","Relic","Relic","Relic","Card"],"build_version":"2020-12-22","purchased_purges":2,"victory":false,"max_hp_per_floor":[75,75,75,75,75,75,75,75,75,75,75,75,75,75,75,75,75,75,75,75,75,75,75,75],"card_choices":[{"not_picked":["hubris:SlightOfHand","Underhanded Strike"],"picked":"hubris:Counter","floor":0},{"not_picked":["Dagger Throw","Backflip"],"picked":"Eviscerate","floor":1},{"not_picked":["Acrobatics","Calculated Gamble"],"picked":"Blade Dance","floor":2},{"not_picked":["Calculated Gamble","Blade Dance"],"picked":"Noxious Fumes","floor":4},{"not_picked":["Setup","Underhanded Strike"],"picked":"Dagger Throw","floor":6},{"not_picked":["Skewer","Setup"],"picked":"Deadly Poison","floor":8},{"not_picked":["Escape Plan","Slice","Eviscerate"],"picked":"SKIP","floor":10},{"not_picked":["Escape Plan","Slice","Eviscerate"],"picked":"SKIP","floor":10},{"not_picked":["Slice","hubris:SlightOfHand"],"picked":"Leg Sweep","floor":11},{"not_picked":["Bane","Dodge and Roll","Prepared"],"picked":"SKIP","floor":14},{"not_picked":["Envenom","Tools of the Trade"],"picked":"Burst","floor":16},{"not_picked":["hubris:SlightOfHand","Prepared"],"picked":"Terror","floor":18},{"not_picked":["Dodge and Roll","Bane"],"picked":"PiercingWail","floor":21}],"player_experience":160277,"relics_obtained":[{"floor":6,"key":"aspiration:FetidBarrel"},{"floor":8,"key":"aspiration:DSix"},{"floor":9,"key":"War Paint"},{"floor":11,"key":"aspiration:StickyExplosives_weak"}],"event_choices":[{"damage_healed":25,"gold_gain":0,"player_choice":"Banana","damage_taken":0,"max_hp_gain":0,"max_hp_loss":0,"event_name":"Big Fish","floor":13,"gold_loss":0},{"damage_healed":0,"gold_gain":0,"player_choice":"Read","damage_taken":0,"max_hp_gain":0,"max_hp_loss":0,"event_name":"The Library","floor":19,"gold_loss":0,"cards_obtained":["Infinite Blades"]}],"is_beta":false,"boss_relics":[{"not_picked":["aspiration:FutureDiary","trackpad:Coffee"],"picked":"construct:ClawGrip"}],"items_purged_floors":[12,20],"is_endless":false,"potions_floor_spawned":[4,6,8,10,11],"killed_by":"Slavers","ascension_level":0}}