{"host":"at5b10nm0iti0w4x","time":1612743362,"event":{"mods":["2.2 Compatiblity","AchievementEnabler","BaseMod","Bestiary","Block Reminder","Colored Map","Colored Powertips","Highlight Path","Keyboard Shortcuts","Minty Spire (QoL Compilation)","Relic Stats","Slay the Relics Exporter","StSLib","SuperFastMode","Unknown Chances"],"gold_per_floor":[118,128,139,64,77,103,103,122,122,122,122,122,158,181,181,300,300,319,319,345,355,355,355,385,385,385,400,52,82,82,96,96,192,192,205,219,219,219,219],"floor_reached":38,"language":"ENG","playtime":4291,"items_purged":["Strike_R","Strike_R"],"score":449,"play_id":"bfebdde0-a028-4471-93dd-a64bad2a54d4","local_time":"20210207191602","is_ascension_mode":false,"campfire_choices":[{"data":"Armaments","floor":7,"key":"SMITH"},{"floor":10,"key":"REST"},{"data":"Entrench","floor":15,"key":"SMITH"},{"data":"Berserk","floor":23,"key":"SMITH"},{"floor":25,"key":"REST"},{"data":"Rupture","floor":32,"key":"SMITH"}],"circlet_count":0,"master_deck":["Strike_R","Strike_R","Strike_R","Defend_R","Defend_R","Defend_R","Defend_R","Bash","Iron Wave","True Grit","Wild Strike","Armaments+1","Brutality+1","Thunderclap","Evolve","Entrench+1","Berserk+1","Shrug It Off+1","Battle Trance","Feel No Pain","Reckless Charge+1","Impervious","Juggernaut","Dual Wield+1","Rupture+1","Wild Strike","Barricade","Headbutt","Headbutt+1"],"relics":["Burning Blood","NeowsBlessing","Calipers","Sundial","Bloody Idol","Question Card","Art of War","Sozu","Red Skull","Enchiridion","Letter Opener","Strawberry","Membership Card","Darkstone Periapt","Philosopher\u0027s Stone"],"acts_visited":["Exordium","TheCity","TheBeyond"],"potions_floor_usage":[16,36],"damage_taken":[{"damage":0,"enemies":"Cultist","floor":1,"turns":1},{"damage":0,"enemies":"Small Slimes","floor":2,"turns":1},{"damage":0,"enemies":"2 Louse","floor":3,"turns":1},{"damage":34,"enemies":"Exordium Thugs","floor":5,"turns":9},{"damage":25,"enemies":"Gremlin Nob","floor":6,"turns":5},{"damage":16,"enemies":"Large Slime","floor":8,"turns":8},{"damage":20,"enemies":"3 Sentries","floor":13,"turns":7},{"damage":0,"enemies":"Blue Slaver","floor":14,"turns":5},{"damage":31,"enemies":"The Guardian","floor":16,"turns":14},{"damage":23,"enemies":"3 Byrds","floor":18,"turns":7},{"damage":15,"enemies":"Spheric Guardian","floor":21,"turns":6},{"damage":31,"enemies":"Slavers","floor":24,"turns":7},{"damage":20,"enemies":"Snake Plant","floor":27,"turns":3},{"damage":5,"enemies":"Gremlin Leader","floor":29,"turns":6},{"damage":19,"enemies":"Shelled Parasite and Fungi","floor":31,"turns":5},{"damage":22,"enemies":"Champ","floor":33,"turns":8},{"damage":17,"enemies":"3 Shapes","floor":35,"turns":3},{"damage":63,"enemies":"3 Darklings","floor":36,"turns":6},{"damage":23,"enemies":"Maw","floor":38,"turns":6}],"seed_played":"8695898121449475367","potions_obtained":[{"floor":5,"key":"BloodPotion"},{"floor":8,"key":"Energy Potion"},{"floor":14,"key":"LiquidMemories"},{"floor":16,"key":"Fire Potion"}],"is_trial":false,"path_per_floor":["M","M","M","$","M","E","R","M","T","R","?","?","E","M","R","B",null,"M","?","T","M","?","R","E","R","T","M","$","E","?","M","R","B",null,"M","M","?","M"],"character_chosen":"IRONCLAD","items_purchased":["Membership Card","Impervious","Juggernaut"],"campfire_rested":2,"item_purchase_floors":[28,28,28],"current_hp_per_floor":[80,80,80,80,52,33,33,23,23,47,47,40,26,32,32,7,74,57,57,62,58,42,42,22,44,51,42,42,48,48,40,40,29,81,75,23,23,0,0],"gold":219,"neow_bonus":"THREE_ENEMY_KILL","is_daily":false,"chose_seed":false,"campfire_upgraded":4,"win_rate":0.0,"timestamp":1612743362,"path_taken":["M","M","M","?","M","E","R","M","T","R","?","?","E","M","R","BOSS","M","?","?","M","?","R","E","R","T","M","?","E","?","M","R","BOSS","M","M","?","?"],"items_purchased_type":["Relic","Card","Card"],"build_version":"2020-12-22","purchased_purges":2,"victory":false,"max_hp_per_floor":[80,80,80,80,80,80,80,80,80,80,74,74,74,74,74,74,74,74,74,74,74,74,74,74,74,81,81,81,81,81,81,81,81,81,81,81,81,81,81],"relic_stats":{"Sozu":3,"Darkstone Periapt":0,"counters":[19,107],"Sundial":[14],"Bloody Idol":45,"Art of War":[10],"Letter Opener":[40],"Question Card":12,"obtain_stats":[{"Darkstone Periapt":29,"Calipers":6,"NeowsBlessing":0,"Golden Idol":11,"Enchiridion":22,"Letter Opener":24,"Question Card":12,"Burning Blood":0,"Sozu":17,"Sundial":9,"Bloody Idol":19,"Strawberry":26,"Philosopher\u0027s Stone":34,"Art of War":13,"Membership Card":28,"Red Skull":20},{"Darkstone Periapt":14,"Calipers":5,"NeowsBlessing":0,"Golden Idol":6,"Enchiridion":11,"Letter Opener":12,"Question Card":6,"Burning Blood":0,"Sozu":9,"Sundial":6,"Bloody Idol":10,"Strawberry":12,"Philosopher\u0027s Stone":16,"Art of War":7,"Membership Card":13,"Red Skull":10},{"Darkstone Periapt":80,"Calipers":17,"NeowsBlessing":0,"Golden Idol":25,"Enchiridion":64,"Letter Opener":71,"Question Card":25,"Burning Blood":0,"Sozu":51,"Sundial":25,"Bloody Idol":58,"Strawberry":71,"Philosopher\u0027s Stone":93,"Art of War":32,"Membership Card":74,"Red Skull":58}],"Burning Blood":90},"card_choices":[{"not_picked":["Clash","Thunderclap"],"picked":"Iron Wave","floor":1},{"not_picked":["Bludgeon","Pommel Strike"],"picked":"True Grit","floor":2},{"not_picked":["Havoc","True Grit"],"picked":"Wild Strike","floor":3},{"not_picked":["Perfected Strike","Iron Wave"],"picked":"Armaments","floor":5},{"not_picked":["Uppercut","Cleave"],"picked":"Brutality","floor":6},{"not_picked":["Armaments","Havoc"],"picked":"Thunderclap","floor":8},{"not_picked":["Havoc","Twin Strike","Thunderclap"],"picked":"Evolve","floor":13},{"not_picked":["Heavy Blade","True Grit","Juggernaut"],"picked":"Entrench","floor":14},{"not_picked":["Juggernaut","Bludgeon","Exhume"],"picked":"Berserk","floor":16},{"not_picked":["Twin Strike","Entrench","Reckless Charge+1"],"picked":"Shrug It Off+1","floor":18},{"not_picked":["Thunderclap","Iron Wave","Body Slam"],"picked":"Battle Trance","floor":21},{"not_picked":["Infernal Blade","Dark Embrace","Sentinel"],"picked":"Feel No Pain","floor":24},{"not_picked":["Ghostly Armor","Havoc+1","Iron Wave"],"picked":"Reckless Charge+1","floor":27},{"not_picked":["Clothesline","Thunderclap","Body Slam"],"picked":"Dual Wield+1","floor":29},{"not_picked":["Uppercut","Dropkick+1","Rupture+1"],"picked":"Wild Strike","floor":31},{"not_picked":["Immolate","Double Tap","Feed"],"picked":"Barricade","floor":33},{"not_picked":["Seeing Red+1","Sword Boomerang","Rampage+1"],"picked":"Headbutt","floor":35},{"not_picked":["Heavy Blade","Havoc+1","Pommel Strike+1"],"picked":"Headbutt+1","floor":36}],"player_experience":64569,"relics_obtained":[{"floor":6,"key":"Calipers"},{"floor":9,"key":"Sundial"},{"floor":13,"key":"Art of War"},{"floor":20,"key":"Red Skull"},{"floor":22,"key":"Enchiridion"},{"floor":24,"key":"Letter Opener"},{"floor":26,"key":"Strawberry"},{"floor":29,"key":"Darkstone Periapt"}],"event_choices":[{"damage_healed":0,"gold_gain":0,"player_choice":"Lose Max HP","damage_taken":0,"relics_obtained":["Golden Idol"],"max_hp_gain":0,"max_hp_loss":6,"event_name":"Golden Idol","floor":11,"gold_loss":0},{"damage_healed":0,"gold_gain":0,"player_choice":"Success","damage_taken":7,"relics_obtained":["Question Card"],"max_hp_gain":0,"max_hp_loss":0,"event_name":"Scrap Ooze","floor":12,"gold_loss":0},{"damage_healed":0,"gold_gain":0,"player_choice":"Gave Idol","damage_taken":0,"relics_obtained":["Bloody Idol"],"max_hp_gain":0,"max_hp_loss":0,"event_name":"Forgotten Altar","floor":19,"relics_lost":["Golden Idol"],"gold_loss":0},{"damage_healed":0,"gold_gain":0,"player_choice":"Obtained Book","damage_taken":16,"max_hp_gain":0,"max_hp_loss":0,"event_name":"Cursed Tome","floor":22,"gold_loss":0},{"damage_healed":0,"gold_gain":0,"player_choice":"Read","damage_taken":0,"max_hp_gain":0,"max_hp_loss":0,"event_name":"The Library","floor":30,"gold_loss":0,"cards_obtained":["Rupture"]},{"damage_healed":0,"gold_gain":0,"player_choice":"Forge","damage_taken":0,"max_hp_gain":0,"max_hp_loss":0,"event_name":"Accursed Blacksmith","floor":37,"gold_loss":0,"cards_upgraded":["Brutality"]}],"is_beta":false,"boss_relics":[{"not_picked":["Ectoplasm","Snecko Eye"],"picked":"Sozu"},{"not_picked":["Tiny House","Empty Cage"],"picked":"Philosopher\u0027s Stone"}],"items_purged_floors":[4,28],"is_endless":false,"potions_floor_spawned":[5,8,14,16,18,33,35],"killed_by":"Maw","ascension_level":0}}