{"host":"i1jfmzuw7df2nlxn","time":1612746008,"event":{"mods":["BaseMod","DeckTracker","Minty Spire (QoL Compilation)","Permanent Neow","StSLib","The Wild Card"],"gold_per_floor":[119,134,1,1,19,19,32,32,57,72,85,98,58,69,69,173,173,193,207,53,64,64,96,96,96,96,296,296,310,322,49,49,154,154,174,185,105,105,118,118,135,184,210,210,62,62,76,4,4,4],"floor_reached":51,"language":"ENG","playtime":3019,"items_purged":["Strike_B","Strike_B"],"score":686,"play_id":"7aea9fe5-9c04-4adb-98b6-54e35ecf49fa","local_time":"20210207200008","is_ascension_mode":false,"campfire_choices":[{"data":"Static Discharge","floor":6,"key":"SMITH"},{"data":"Defragment","floor":8,"key":"SMITH"},{"floor":15,"key":"REST"},{"floor":24,"key":"REST"},{"floor":28,"key":"REST"},{"floor":32,"key":"REST"},{"data":"Fission","floor":40,"key":"SMITH"},{"data":"Storm","floor":44,"key":"SMITH"},{"data":"Seek","floor":49,"key":"SMITH"}],"circlet_count":0,"master_deck":["Defend_B+1","Defend_B","Defend_B","Defend_B","Zap","Dualcast","Storm+1","Defragment+1","Static Discharge+1","Leap","Conserve Battery","Genetic Algorithm","Capacitor","Seek+1","Ball Lightning","Storm","Conserve Battery+1","Chaos+1","Defragment+1","Electrodynamics+1","Self Repair+1","Fission+1","Loop+1","Reboot","Loop+1"],"relics":["Cracked Core","Toy Ornithopter","Velvet Choker","Ancient Tea Set","Nilry\u0027s Codex","Frozen Egg 2","Philosopher\u0027s Stone","CaptainsWheel","War Paint","Bag of Preparation"],"acts_visited":["Exordium","TheCity","TheBeyond"],"potions_floor_usage":[16,16,21,23,33,42,50,50],"damage_taken":[{"damage":1,"enemies":"Cultist","floor":1,"turns":3},{"damage":4,"enemies":"Small Slimes","floor":2,"turns":4},{"damage":2,"enemies":"2 Louse","floor":5,"turns":4},{"damage":8,"enemies":"Looter","floor":7,"turns":3},{"damage":6,"enemies":"2 Fungi Beasts","floor":10,"turns":4},{"damage":18,"enemies":"Lots of Slimes","floor":11,"turns":4},{"damage":5,"enemies":"Looter","floor":12,"turns":3},{"damage":7,"enemies":"Blue Slaver","floor":14,"turns":2},{"damage":0,"enemies":"The Guardian","floor":16,"turns":9},{"damage":23,"enemies":"2 Thieves","floor":18,"turns":4},{"damage":16,"enemies":"Chosen","floor":19,"turns":5},{"damage":16,"enemies":"Snake Plant","floor":21,"turns":4},{"damage":34,"enemies":"Gremlin Leader","floor":23,"turns":6},{"damage":13,"enemies":"3 Cultists","floor":29,"turns":5},{"damage":8,"enemies":"Cultist and Chosen","floor":30,"turns":5},{"damage":32,"enemies":"Automaton","floor":33,"turns":8},{"damage":7,"enemies":"Orb Walker","floor":35,"turns":4},{"damage":3,"enemies":"3 Darklings","floor":36,"turns":2},{"damage":13,"enemies":"4 Shapes","floor":39,"turns":3},{"damage":8,"enemies":"Sphere and 2 Shapes","floor":41,"turns":2},{"damage":35,"enemies":"2 Orb Walkers","floor":42,"turns":4},{"damage":0,"enemies":"Writhing Mass","floor":47,"turns":3},{"damage":101,"enemies":"Awakened One","floor":50,"turns":9}],"seed_played":"-9212916743797832379","potions_obtained":[{"floor":5,"key":"EssenceOfSteel"},{"floor":10,"key":"BlessingOfTheForge"},{"floor":14,"key":"Energy Potion"},{"floor":16,"key":"LiquidBronze"},{"floor":19,"key":"BlessingOfTheForge"},{"floor":29,"key":"DistilledChaos"},{"floor":33,"key":"DuplicationPotion"},{"floor":47,"key":"Energy Potion"}],"is_trial":false,"path_per_floor":["M","M","$","?","M","R","M","R","T","M","M","M","$","M","R","B",null,"M","M","$","M","?","E","R","?","T","?","R","M","M","$","R","B",null,"M","M","$","?","M","R","M","?","T","R","$","?","M","$","R","B",null],"character_chosen":"DEFECT","items_purchased":["Static Discharge","Leap","Capacitor","Storm","Defragment+1","FairyPotion","Self Repair+1","Bag of Preparation","PotionOfCapacity"],"campfire_rested":4,"item_purchase_floors":[3,3,13,20,31,31,37,45,48],"current_hp_per_floor":[81,77,77,82,80,80,72,72,72,66,48,43,43,36,62,72,87,64,48,48,37,37,8,34,18,18,18,44,31,23,23,49,22,87,80,77,77,77,74,74,76,56,56,56,56,56,66,66,66,18],"gold":4,"neow_bonus":"TEN_PERCENT_HP_BONUS","is_daily":false,"chose_seed":false,"campfire_upgraded":5,"win_rate":0.0,"timestamp":1612746008,"path_taken":["M","M","?","?","M","R","M","R","T","M","M","M","$","M","R","BOSS","M","M","$","M","?","E","R","?","T","?","R","M","?","$","R","BOSS","M","M","$","?","M","R","M","?","T","R","?","?","M","$","R","BOSS"],"items_purchased_type":["Card","Card","Card","Card","Card","Potion","Card","Relic","Potion"],"build_version":"2020-12-22","purchased_purges":2,"victory":true,"max_hp_per_floor":[82,82,82,87,87,87,87,87,87,87,87,87,87,87,87,87,87,87,87,87,87,87,87,87,87,87,87,87,87,87,87,87,87,87,87,87,87,87,87,87,87,87,87,87,87,87,87,87,87,87],"card_choices":[{"not_picked":["Go for the Eyes","Streamline"],"picked":"Storm","floor":1},{"not_picked":["Go for the Eyes","Cold Snap"],"picked":"Defragment","floor":2},{"not_picked":["Streamline","Reinforced Body"],"picked":"Conserve Battery","floor":5},{"not_picked":["Hologram","Cold Snap"],"picked":"Genetic Algorithm","floor":7},{"not_picked":["Gash","Steam","Cold Snap"],"picked":"SKIP","floor":10},{"not_picked":["Sweeping Beam","Barrage","Thunder Strike"],"picked":"SKIP","floor":11},{"not_picked":["Barrage","Coolheaded","Leap"],"picked":"SKIP","floor":12},{"not_picked":["Sweeping Beam","Streamline","Cold Snap"],"picked":"SKIP","floor":14},{"not_picked":["All For One","Biased Cognition"],"picked":"Seek","floor":16},{"not_picked":["Redo","Melter+1","Streamline"],"picked":"SKIP","floor":18},{"not_picked":["Steam","Coolheaded"],"picked":"Ball Lightning","floor":19},{"not_picked":["Ball Lightning","Sweeping Beam","Gash"],"picked":"SKIP","floor":21},{"not_picked":["Sweeping Beam","Reboot"],"picked":"Conserve Battery","floor":23},{"not_picked":["Undo","Stack"],"picked":"Chaos+1","floor":29},{"not_picked":["Redo","Leap","Beam Cell"],"picked":"SKIP","floor":30},{"not_picked":["Buffer+1","Core Surge"],"picked":"Electrodynamics+1","floor":33},{"not_picked":["Rip and Tear+1","Hologram+1","Streamline"],"picked":"SKIP","floor":35},{"not_picked":["Glacier+1","Turbo","Coolheaded+1"],"picked":"SKIP","floor":36},{"not_picked":["Compile Driver","Coolheaded+1"],"picked":"Fission","floor":39},{"not_picked":["Sweeping Beam+1","Steam Power+1","Redo+1"],"picked":"SKIP","floor":41},{"not_picked":["Sweeping Beam","Steam+1"],"picked":"Loop+1","floor":42},{"not_picked":["Conserve Battery+1","Streamline+1"],"picked":"Loop+1","floor":47}],"player_experience":58567,"relics_obtained":[{"floor":9,"key":"Toy Ornithopter"},{"floor":23,"key":"Ancient Tea Set"},{"floor":25,"key":"Nilry\u0027s Codex"},{"floor":26,"key":"Frozen Egg 2"},{"floor":42,"key":"CaptainsWheel"},{"floor":43,"key":"War Paint"}],"event_choices":[{"damage_healed":0,"gold_gain":0,"player_choice":"Donut","damage_taken":0,"max_hp_gain":5,"max_hp_loss":0,"event_name":"Big Fish","floor":4,"gold_loss":0},{"damage_healed":0,"gold_gain":0,"player_choice":"Ignored","damage_taken":0,"max_hp_gain":0,"max_hp_loss":0,"event_name":"The Mausoleum","floor":22,"gold_loss":0},{"damage_healed":0,"gold_gain":0,"player_choice":"Obtained Book","damage_taken":16,"max_hp_gain":0,"max_hp_loss":0,"event_name":"Cursed Tome","floor":25,"gold_loss":0},{"damage_healed":0,"gold_gain":250,"player_choice":"Bet on Owner","damage_taken":0,"max_hp_gain":0,"max_hp_loss":0,"event_name":"The Joust","floor":27,"gold_loss":50},{"cards_removed":["Strike_B"],"damage_healed":0,"gold_gain":0,"player_choice":"Removed Attack","damage_taken":0,"max_hp_gain":0,"max_hp_loss":0,"event_name":"Falling","floor":38,"gold_loss":0},{"damage_healed":0,"gold_gain":0,"player_choice":"Fight","damage_taken":0,"max_hp_gain":0,"max_hp_loss":0,"event_name":"Mysterious Sphere","floor":42,"gold_loss":0},{"damage_healed":0,"gold_gain":0,"cards_transformed":["Strike_B"],"player_choice":"Transformed","damage_taken":0,"max_hp_gain":0,"max_hp_loss":0,"event_name":"Transmorgrifier","floor":46,"gold_loss":0,"cards_obtained":["Reboot"]}],"is_beta":false,"boss_relics":[{"not_picked":["Astrolabe","Sozu"],"picked":"Velvet Choker"},{"not_picked":["Fusion Hammer","Inserter"],"picked":"Philosopher\u0027s Stone"}],"items_purged_floors":[20,31],"is_endless":false,"potions_floor_spawned":[5,10,14,16,19,29,33,39,41,47],"ascension_level":0}}