{"host":"gaqyve1328ta0etl","time":1612825385,"event":{"mods":["BaseMod","Colored Map","Colored Powertips","Duelist Mod","Googly Eyes","Hero for Fun","Minty Spire (QoL Compilation)","Shop Mod","StSLib","SuperFastMode","The Hierophant","The Runesmith"],"gold_per_floor":[119,119,194,210,135,135,153,153,153,167,167,19,53,73,73,177,177,193,39,39,55,1,1,11,11,58,58,91,108,108,124,124,124,124],"floor_reached":33,"language":"ENG","playtime":1671,"items_purged":["Strike_B","Strike_B"],"score":398,"play_id":"5086d589-9f7c-4c13-aad6-b8989ebd243a","local_time":"20210208150305","is_ascension_mode":true,"campfire_choices":[{"data":"Zap","floor":6.0,"key":"SMITH"},{"data":"Compile Driver","floor":8.0,"key":"SMITH"},{"floor":15.0,"key":"REST"},{"floor":23,"key":"REST"},{"data":"Glacier","floor":25,"key":"SMITH"},{"floor":32,"key":"REST"}],"circlet_count":0,"master_deck":["AscendersBane","Defend_B","Defend_B","Zap+1","Dualcast","Compile Driver+1","Ball Lightning","Conserve Battery","Cold Snap","Electrodynamics","Conserve Battery+1","Genetic Algorithm+1","Meteor Strike+1","Glacier+1","Undo+1"],"relics":["Cracked Core","NeowsBlessing","Matryoshka","Juzu Bracelet","Astrolabe","MealTicket","Ornamental Fan","Dream Catcher","Art of War","Question Card"],"acts_visited":["Exordium","TheCity"],"potions_floor_usage":[24,31,31],"damage_taken":[{"damage":0.0,"enemies":"Jaw Worm","floor":1.0,"turns":1.0},{"damage":0.0,"enemies":"Small Slimes","floor":4.0,"turns":1.0},{"damage":0.0,"enemies":"Cultist","floor":7.0,"turns":1.0},{"damage":5.0,"enemies":"Large Slime","floor":10.0,"turns":5.0},{"damage":20.0,"enemies":"3 Sentries","floor":13.0,"turns":8.0},{"damage":11.0,"enemies":"Exordium Thugs","floor":14.0,"turns":4.0},{"damage":10.0,"enemies":"The Guardian","floor":16.0,"turns":11.0},{"damage":11,"enemies":"Spheric Guardian","floor":18,"turns":5},{"damage":5,"enemies":"Chosen","floor":21,"turns":5},{"damage":0,"enemies":"Snecko","floor":24,"turns":3},{"damage":45,"enemies":"theDuelist:KaibaA2","floor":28,"turns":10},{"damage":1,"enemies":"Centurion and Healer","floor":29,"turns":5},{"damage":0,"enemies":"Snake Plant","floor":31,"turns":5},{"damage":44,"enemies":"Automaton","floor":33,"turns":10}],"seed_played":"4310746509628713001","potions_obtained":[{"floor":1.0,"key":"FearPotion"},{"floor":14.0,"key":"DuplicationPotion"},{"floor":21,"key":"PowerPotion"},{"floor":24,"key":"Ancient Potion"},{"floor":29,"key":"Block Potion"}],"is_trial":false,"path_per_floor":["M","?","?","M","$","R","M","R","T","M","?","$","E","M","R","B",null,"M","$","?","M","?","R","M","R","T","?","E","M","?","M","R","B"],"character_chosen":"DEFECT","items_purchased":["Cold Snap","MealTicket"],"campfire_rested":3,"item_purchase_floors":[12,19],"current_hp_per_floor":[68,73,65,65,65,65,65,65,65,60,60,60,40,29,53,43,71,60,60,60,55,55,79,79,79,79,79,34,33,18,18,43,0,0],"gold":124,"neow_bonus":"THREE_ENEMY_KILL","is_daily":false,"chose_seed":false,"campfire_upgraded":3,"win_rate":0.0,"timestamp":1612825385,"path_taken":["M","?","?","M","$","R","?","R","T","M","?","$","E","M","R","BOSS","M","$","?","M","?","R","M","R","T","?","E","M","?","M","R","BOSS"],"items_purchased_type":["Card","Relic"],"build_version":"2020-12-22","purchased_purges":2,"victory":false,"max_hp_per_floor":[75,80,80,80,80,80,80,80,80,80,80,80,80,80,80,80,80,80,80,80,80,80,80,80,80,80,80,80,80,85,85,85,85,85],"card_choices":[{"not_picked":["Sunder","Leap"],"picked":"Compile Driver","floor":1.0},{"not_picked":["Conserve Battery","Go for the Eyes"],"picked":"Ball Lightning","floor":4.0},{"not_picked":["Echo Form","Hello World"],"picked":"Conserve Battery","floor":7.0},{"not_picked":["Streamline","White Noise","Hologram"],"picked":"SKIP","floor":10.0},{"not_picked":["BootSequence","Stack","Turbo"],"picked":"SKIP","floor":13.0},{"not_picked":["Streamline","Ball Lightning","Hello World"],"picked":"SKIP","floor":14.0},{"not_picked":["Fission","All For One"],"picked":"Electrodynamics","floor":16.0},{"not_picked":["Scrape+1","Recycle"],"picked":"Glacier","floor":18},{"not_picked":["Barrage","Self Repair","Reinforced Body"],"picked":"SKIP","floor":21},{"not_picked":["Double Energy","Hologram+1","Streamline"],"picked":"SKIP","floor":24},{"not_picked":["Stack","Reprogram","Compile Driver"],"picked":"SKIP","floor":28},{"not_picked":["Streamline","Cold Snap","Rebound"],"picked":"Undo+1","floor":29},{"not_picked":["Reprogram","Undo","Turbo+1","Go for the Eyes"],"picked":"SKIP","floor":31}],"player_experience":2106081,"relics_obtained":[{"floor":9.0,"key":"Matryoshka"},{"floor":13.0,"key":"Juzu Bracelet"},{"floor":26,"key":"Dream Catcher"},{"floor":26,"key":"Art of War"},{"floor":28,"key":"Question Card"}],"event_choices":[{"damage_healed":0.0,"max_hp_gain":5.0,"max_hp_loss":0.0,"gold_gain":0.0,"event_name":"Big Fish","player_choice":"Donut","floor":2.0,"gold_loss":0.0,"damage_taken":0.0},{"damage_healed":0.0,"max_hp_gain":0.0,"max_hp_loss":0.0,"gold_gain":75.0,"event_name":"FaceTrader","player_choice":"Touch","floor":3.0,"gold_loss":0.0,"damage_taken":8.0},{"cards_removed":["Strike_B"],"damage_healed":0.0,"max_hp_gain":0.0,"max_hp_loss":0.0,"gold_gain":0.0,"event_name":"Living Wall","player_choice":"Forget","floor":11.0,"gold_loss":0.0,"damage_taken":0.0},{"damage_healed":0,"gold_gain":0,"player_choice":"Ignored","damage_taken":0,"max_hp_gain":0,"max_hp_loss":0,"event_name":"The Mausoleum","floor":20,"gold_loss":0},{"damage_healed":0,"gold_gain":0,"player_choice":"Paid Gold","damage_taken":0,"relics_obtained":["Ornamental Fan"],"max_hp_gain":0,"max_hp_loss":0,"event_name":"WeMeetAgain","floor":22,"gold_loss":54},{"damage_healed":0,"gold_gain":0,"player_choice":"Ignored","damage_taken":0,"max_hp_gain":0,"max_hp_loss":0,"event_name":"Ghosts","floor":27,"gold_loss":0},{"damage_healed":0,"gold_gain":0,"player_choice":"Shed Blood","damage_taken":20,"max_hp_gain":5,"max_hp_loss":0,"event_name":"Forgotten Altar","floor":30,"gold_loss":0}],"is_beta":false,"boss_relics":[{"not_picked":["SlaversCollar","Ectoplasm"],"picked":"Astrolabe"}],"items_purged_floors":[5,12],"is_endless":false,"potions_floor_spawned":[1,14,21,24,29],"killed_by":"Automaton","ascension_level":10}}