{"host":"c6u7e77myxvw4d0m","time":1612820969,"event":{"mods":["AchievementEnabler","BaseMod","Bestiary","Colored Map","Colored Powertips","Minty Spire (QoL Compilation)","Rare Cards Sparkle","Relic Stats","everything is the same but u backflip on backflip"],"gold_per_floor":[117,127,146,15,25,52,52,62,62,78,78,95,120,135,135,206,206,221,241,258,208,3,28,28,28,28],"floor_reached":25,"language":"ENG","playtime":3417,"items_purged":[],"score":474,"play_id":"9e086521-8886-4d7e-bf52-47cb0d68af1a","local_time":"20210208234929","is_ascension_mode":true,"campfire_choices":[{"data":"Dash","floor":7.0,"key":"SMITH"},{"data":"Blade Dance","floor":11.0,"key":"SMITH"},{"floor":15.0,"key":"REST"},{"floor":24.0,"key":"REST"}],"circlet_count":0,"master_deck":["AscendersBane","Strike_G","Strike_G","Strike_G","Strike_G","Strike_G+1","Defend_G","Defend_G","Defend_G","Defend_G","Defend_G","Survivor","Neutralize","Blade Dance+1","Choke","Quick Slash","Predator","Dash+1","Deadly Poison","Backflip","Quick Slash","Poisoned Stab","Dagger Spray","Endless Agony","Corpse Explosion","Acrobatics+1","Slice","Accuracy","Blade Dance"],"relics":["Black Star","Shuriken","Orichalcum","Mummified Hand","Dead Branch","Bag of Marbles","WristBlade","Membership Card","Question Card","Juzu Bracelet"],"acts_visited":["Exordium","TheCity"],"potions_floor_usage":[],"damage_taken":[{"damage":0.0,"enemies":"Small Slimes","floor":1.0,"turns":5.0},{"damage":0.0,"enemies":"Cultist","floor":2.0,"turns":4.0},{"damage":2.0,"enemies":"2 Louse","floor":3.0,"turns":4.0},{"damage":0.0,"enemies":"Large Slime","floor":5.0,"turns":4.0},{"damage":17.0,"enemies":"3 Sentries","floor":6.0,"turns":10.0},{"damage":0.0,"enemies":"Looter","floor":8.0,"turns":3.0},{"damage":0.0,"enemies":"2 Fungi Beasts","floor":10.0,"turns":3.0},{"damage":5.0,"enemies":"Exordium Thugs","floor":12.0,"turns":5.0},{"damage":16.0,"enemies":"Lagavulin","floor":13.0,"turns":7.0},{"damage":0.0,"enemies":"Large Slime","floor":14.0,"turns":3.0},{"damage":16.0,"enemies":"The Guardian","floor":16.0,"turns":7.0},{"damage":0.0,"enemies":"Chosen","floor":18.0,"turns":2.0},{"damage":5.0,"enemies":"Shell Parasite","floor":19.0,"turns":2.0},{"damage":22.0,"enemies":"Snake Plant","floor":20.0,"turns":4.0},{"damage":17.0,"enemies":"Slavers","floor":23.0,"turns":3.0},{"damage":36,"enemies":"Book of Stabbing","floor":25,"turns":3}],"seed_played":"-8783998507024423952","potions_obtained":[{"floor":3.0,"key":"Poison Potion"},{"floor":12.0,"key":"GamblersBrew"},{"floor":16.0,"key":"SneckoOil"},{"floor":23.0,"key":"Ancient Potion"}],"is_trial":false,"path_per_floor":["M","M","M","$","M","E","R","M","T","M","R","M","E","M","R","B",null,"M","M","M","?","$","E","R","E"],"character_chosen":"THE_SILENT","items_purchased":["Fire Potion","Predator","Membership Card","DistilledChaos"],"campfire_rested":2,"item_purchase_floors":[4,4,22,22],"current_hp_per_floor":[59,59,57,57,57,40,40,40,40,40,40,35,19,19,38,22,55,55,50,28,28,28,11,30,0,0],"gold":28,"neow_bonus":"BOSS_RELIC","is_daily":false,"chose_seed":false,"campfire_upgraded":2,"win_rate":0.0,"timestamp":1612820969,"path_taken":["M","M","M","$","M","E","R","M","T","M","R","M","E","M","R","BOSS","M","M","M","?","$","E","R","E"],"items_purchased_type":["Potion","Card","Relic","Potion"],"build_version":"2020-12-22","purchased_purges":0,"victory":false,"max_hp_per_floor":[66,66,66,66,66,66,66,66,66,66,66,66,66,66,66,66,66,66,66,66,66,66,66,66,66,66],"relic_stats":{"counters":[16,69],"Shuriken":[27],"Mummified Hand":[1],"Dead Branch":[35],"Black Star":3,"Juzu Bracelet":0,"Orichalcum":[102],"Question Card":0,"obtain_stats":[{"WristBlade":17,"Shuriken":6,"Mummified Hand":9,"Dead Branch":13,"Black Star":0,"Bag of Marbles":13,"Juzu Bracelet":23,"Membership Card":22,"Orichalcum":6,"Question Card":23,"Ring of the Snake":0},{"WristBlade":11,"Shuriken":5,"Mummified Hand":6,"Dead Branch":9,"Black Star":0,"Bag of Marbles":9,"Juzu Bracelet":15,"Membership Card":14,"Orichalcum":5,"Question Card":15,"Ring of the Snake":0},{"WristBlade":55,"Shuriken":27,"Mummified Hand":30,"Dead Branch":45,"Black Star":0,"Bag of Marbles":45,"Juzu Bracelet":66,"Membership Card":63,"Orichalcum":27,"Question Card":66,"Ring of the Snake":0}]},"card_choices":[{"not_picked":["Slice","Skewer"],"picked":"Blade Dance","floor":1.0},{"not_picked":["Slice","Blur"],"picked":"Choke","floor":2.0},{"not_picked":["Cloak And Dagger","Deadly Poison"],"picked":"Quick Slash","floor":3.0},{"not_picked":["Acrobatics","Blade Dance"],"picked":"Dash","floor":5.0},{"not_picked":["Acrobatics","PiercingWail"],"picked":"Deadly Poison","floor":6.0},{"not_picked":["Distraction","Acrobatics"],"picked":"Backflip","floor":8.0},{"not_picked":["Deflect","Predator"],"picked":"Quick Slash","floor":10.0},{"not_picked":["Doppelganger","Accuracy"],"picked":"Poisoned Stab","floor":12.0},{"not_picked":["Dash","Underhanded Strike"],"picked":"Dagger Spray","floor":13.0},{"not_picked":["Sucker Punch","Deflect"],"picked":"Endless Agony","floor":14.0},{"not_picked":["A Thousand Cuts","Storm of Steel"],"picked":"Corpse Explosion","floor":16.0},{"not_picked":["Expertise","Reflex"],"picked":"Acrobatics","floor":18.0},{"not_picked":["Quick Slash","Poisoned Stab"],"picked":"Slice","floor":19.0},{"not_picked":["Outmaneuver","Night Terror"],"picked":"Accuracy","floor":20.0},{"not_picked":["Dagger Throw","Prepared"],"picked":"Blade Dance","floor":23.0}],"player_experience":729948,"relics_obtained":[{"floor":6.0,"key":"Shuriken"},{"floor":6.0,"key":"Orichalcum"},{"floor":9.0,"key":"Mummified Hand"},{"floor":13.0,"key":"Dead Branch"},{"floor":13.0,"key":"Bag of Marbles"},{"floor":23.0,"key":"Question Card"},{"floor":23.0,"key":"Juzu Bracelet"}],"event_choices":[{"damage_healed":0.0,"max_hp_gain":0.0,"max_hp_loss":0.0,"gold_gain":0.0,"event_name":"Designer","player_choice":"Upgraded Two","floor":21.0,"gold_loss":50.0,"damage_taken":0.0,"cards_upgraded":["Acrobatics","Strike_G"]}],"is_beta":false,"boss_relics":[{"not_picked":["Calling Bell","Runic Dome"],"picked":"WristBlade"}],"items_purged_floors":[],"is_endless":false,"potions_floor_spawned":[3,6,12,14,16,23],"killed_by":"Book of Stabbing","ascension_level":20}}