{"host":"aduepa6pof7ckcrz","time":1612757425,"event":{"mods":["Act Like it!","Arknights","Aspiration","BaseMod","CapriCore","Colored Map","Colored Powertips","Downfall","Hallownest","Hermit","Hubris","Minty Spire (QoL Compilation)","Quick Restart","Replay The Spire","Robot Space Explorer","Shop Mod","StSLib","The Bug Knight","The Marked"],"gold_per_floor":[115,115,115,128,158,192,204,232,259,259,273,291,302,329,329,329,329],"floor_reached":16,"language":"FRA","playtime":2468,"items_purged":[],"score":132,"play_id":"6bda1a5e-b358-4997-ad72-fdbe52ddc685","local_time":"20210208051025","is_ascension_mode":false,"campfire_choices":[{"floor":15,"key":"REST"}],"circlet_count":0,"master_deck":["HollowMod:NailStrikeStart","HollowMod:NailStrikeStart","HollowMod:NailStrikeStart+1","HollowMod:NailStrikeStart","HollowMod:QuickDashStart","HollowMod:QuickDashStart","HollowMod:QuickDashStart+1","HollowMod:QuickDashStart+1","HollowMod:FocusHealStart","HollowMod:PogoStrike","HollowMod:MidwifesHunger","HollowMod:DashSlash+1","HollowMod:MantisMark","HollowMod:HuntersJournal","HollowMod:LordofShades","HollowMod:VengefulSpirit","HollowMod:AbyssShriek","HollowMod:DashSlash","HollowMod:VengefulVoid","HollowMod:DesolateDive"],"relics":["HollowMod:VesselMask","Hallownest:DreamNailRelic","Whetstone","Girya","Calipers","War Paint","Boot","Hallownest:TeacherSealRelic","aspiration:FetidBarrel"],"acts_visited":["Hallownest:Greenpath"],"potions_floor_usage":[6,8,14],"damage_taken":[{"damage":6,"enemies":"Hallownest:2_Tiktiks_and_1_Crawlid","floor":1,"turns":4},{"damage":1,"enemies":"Hallownest:monsterHuskGuard","floor":4,"turns":3},{"damage":3,"enemies":"Hallownest:eliteVengeflyKing","floor":5,"turns":6},{"damage":17,"enemies":"Hallownest:eliteMossKnight","floor":6,"turns":4},{"damage":0,"enemies":"2_ Uuma","floor":7,"turns":5},{"damage":8,"enemies":"Hallownest:eliteVengeflyKing","floor":8,"turns":6},{"damage":0,"enemies":"Hallownest:monsterAspidMother","floor":11,"turns":3},{"damage":12,"enemies":"Hallownest:1_Ooma_and_2_Uuma","floor":12,"turns":5},{"damage":5,"enemies":"Hallownest:Wandering_and_Horned","floor":13,"turns":4},{"damage":27,"enemies":"Hallownest:eliteCrystalGuardian","floor":14,"turns":4},{"damage":42,"enemies":"Hallownest:BossBrokenVessel","floor":16,"turns":6}],"seed_played":"2174697303585876474","potions_obtained":[{"floor":4,"key":"Cursed Concoction"},{"floor":6,"key":"Languid Potion"},{"floor":7,"key":"SkillPotion"},{"floor":14,"key":"FearPotion"}],"is_trial":false,"path_per_floor":["M","?","$","M","?","E","M","E","T","?","M","M","M","E","R","B"],"character_chosen":"THE_BUGKNIGHT","items_purchased":["Whetstone"],"campfire_rested":1,"item_purchase_floors":[3],"current_hp_per_floor":[75,75,65,70,72,55,65,63,63,63,63,51,46,19,41,0,0],"gold":329,"neow_bonus":"ONE_RANDOM_RARE_CARD","is_daily":false,"chose_seed":false,"campfire_upgraded":0,"win_rate":0.0,"timestamp":1612757425,"path_taken":["M","?","?","M","?","E","M","E","T","?","M","M","M","E","R","BOSS"],"items_purchased_type":["Relic"],"build_version":"2020-12-22","purchased_purges":0,"victory":false,"max_hp_per_floor":[75,75,75,75,75,75,75,75,75,75,75,75,75,75,75,75,75],"card_choices":[{"not_picked":["HollowMod:InfectedCysts","HollowMod:SiblingsShadow"],"picked":"HollowMod:DashSlash","floor":1},{"not_picked":["HollowMod:NewLittleFool","HollowMod:DashSlash"],"picked":"HollowMod:MantisMark","floor":4},{"not_picked":["HollowMod:SoulVessel","HollowMod:SharpenedShadows"],"picked":"HollowMod:HuntersJournal","floor":5},{"not_picked":["HollowMod:InfectedCysts","HollowMod:BrokenVessel"],"picked":"HollowMod:LordofShades","floor":6},{"not_picked":["HollowMod:CrystalDash","HollowMod:SoulSplash"],"picked":"HollowMod:VengefulSpirit","floor":7},{"not_picked":["HollowMod:SiblingsSouls","HollowMod:CrystalDash"],"picked":"HollowMod:AbyssShriek","floor":8},{"not_picked":["HollowMod:CycloneSlash","HollowMod:NewLittleFool"],"picked":"HollowMod:DashSlash","floor":11},{"not_picked":["HollowMod:FallenFury","HollowMod:LifebloodCocoon"],"picked":"HollowMod:VengefulVoid","floor":12},{"not_picked":["HollowMod:DoubleDash","HollowMod:PerfectDash","HollowMod:VengefulSpirit"],"picked":"SKIP","floor":13},{"not_picked":["HollowMod:Grubsong","HollowMod:SoulSplash"],"picked":"HollowMod:DesolateDive","floor":14}],"player_experience":1020959,"relics_obtained":[{"floor":5,"key":"Girya"},{"floor":6,"key":"Calipers"},{"floor":8,"key":"War Paint"},{"floor":9,"key":"Boot"},{"floor":14,"key":"aspiration:FetidBarrel"}],"event_choices":[],"is_beta":false,"boss_relics":[],"items_purged_floors":[],"is_endless":false,"potions_floor_spawned":[4,6,7,14],"killed_by":"Hallownest:BossBrokenVessel","ascension_level":0}}