{"host":"kig4ty9d1aubg29s","time":1612760451,"event":{"mods":["BaseMod","Minty Spire (QoL Compilation)","READ ME - Guardian Mod","READ ME - Snecko Mod","StSLib","The Cursed","The Gatherer","The Hierophant","The Runesmith"],"gold_per_floor":[110,122,197,197,197,197,227,247,247,397,411,445,458,468,468,468,468],"floor_reached":16,"language":"KOR","playtime":455,"items_purged":[],"score":253,"play_id":"ea449022-2658-4ce6-9be4-c5c0ccdf4323","local_time":"20210208140051","is_ascension_mode":true,"campfire_choices":[{"floor":6,"key":"REST"},{"floor":15,"key":"REST"}],"circlet_count":0,"master_deck":["AscendersBane","Strike_G","Strike_G","Strike_G","Strike_G","Strike_G","Defend_G","Defend_G","Defend_G","Defend_G","Defend_G","Survivor","Neutralize","Cloak And Dagger","Caltrops+1","Blade Dance","Dagger Throw","Doubt","Poisoned Stab","Footwork","PiercingWail","Dash"],"relics":["Ring of the Snake","NeowsBlessing","Mummified Hand","TungstenRod","Snake Skull","Potion Belt"],"acts_visited":["Exordium"],"potions_floor_usage":[12,16],"damage_taken":[{"damage":0,"enemies":"Jaw Worm","floor":1,"turns":1},{"damage":0,"enemies":"Small Slimes","floor":2,"turns":1},{"damage":0,"enemies":"3 Sentries","floor":7,"turns":1},{"damage":1,"enemies":"2 Louse","floor":8,"turns":3},{"damage":1,"enemies":"Blue Slaver","floor":11,"turns":4},{"damage":26,"enemies":"Lagavulin","floor":12,"turns":7},{"damage":7,"enemies":"Large Slime","floor":13,"turns":7},{"damage":7,"enemies":"3 Louse","floor":14,"turns":4},{"damage":34,"enemies":"Slime Boss","floor":16,"turns":9}],"seed_played":"-3767233258650258057","potions_obtained":[{"floor":1,"key":"SteroidPotion"},{"floor":7,"key":"Dexterity Potion"},{"floor":8,"key":"Energy Potion"},{"floor":12,"key":"GhostInAJar"}],"is_trial":false,"path_per_floor":["M","M","?","?","?","R","E","M","T","?","M","E","M","M","R","B"],"character_chosen":"THE_SILENT","items_purchased":[],"campfire_rested":2,"item_purchase_floors":[],"current_hp_per_floor":[59,59,48,37,37,56,56,55,55,55,54,28,21,14,33,0,0],"gold":468,"neow_bonus":"THREE_ENEMY_KILL","is_daily":false,"chose_seed":false,"campfire_upgraded":0,"win_rate":0.0,"timestamp":1612760451,"path_taken":["M","M","?","?","?","R","E","M","T","?","?","E","M","M","R","BOSS"],"items_purchased_type":[],"build_version":"2020-12-22","purchased_purges":0,"victory":false,"max_hp_per_floor":[66,66,66,66,66,66,66,66,66,66,66,66,66,66,66,66,66],"card_choices":[{"not_picked":["Blur","Backflip"],"picked":"Cloak And Dagger","floor":1},{"not_picked":["Flying Knee","Finisher"],"picked":"Caltrops","floor":2},{"not_picked":["Outmaneuver","Skewer"],"picked":"Blade Dance","floor":7},{"not_picked":["Backflip","Acrobatics"],"picked":"Dagger Throw","floor":8},{"not_picked":["Reflex","PiercingWail"],"picked":"Poisoned Stab","floor":11},{"not_picked":["Dagger Throw","Eviscerate"],"picked":"Footwork","floor":12},{"not_picked":["Flying Knee","Flechettes"],"picked":"PiercingWail","floor":13},{"not_picked":["All Out Attack","Prepared"],"picked":"Dash","floor":14}],"player_experience":1971733,"relics_obtained":[{"floor":7,"key":"TungstenRod"},{"floor":9,"key":"Snake Skull"},{"floor":12,"key":"Potion Belt"}],"event_choices":[{"damage_healed":0,"gold_gain":75,"player_choice":"Gather Gold","damage_taken":11,"max_hp_gain":0,"max_hp_loss":0,"event_name":"World of Goop","floor":3,"gold_loss":0},{"damage_healed":0,"gold_gain":0,"player_choice":"Success","damage_taken":11,"relics_obtained":["Mummified Hand"],"max_hp_gain":0,"max_hp_loss":0,"event_name":"Scrap Ooze","floor":4,"gold_loss":0},{"damage_healed":0,"gold_gain":0,"player_choice":"Grow","damage_taken":0,"max_hp_gain":0,"max_hp_loss":0,"event_name":"Living Wall","floor":5,"gold_loss":0,"cards_upgraded":["Caltrops"]},{"damage_healed":0,"gold_gain":150,"player_choice":"AGREE","damage_taken":0,"max_hp_gain":0,"max_hp_loss":0,"event_name":"Liars Game","floor":10,"gold_loss":0,"cards_obtained":["Doubt"]}],"is_beta":false,"boss_relics":[],"items_purged_floors":[],"is_endless":false,"potions_floor_spawned":[1,7,8,11,12],"killed_by":"Slime Boss","ascension_level":17}}