{"host":"f5gffvlv6a66yqkd","time":1612805398,"event":{"mods":["2.2 Compatiblity","BaseMod","Colored Map","Custom Start","DeckTracker","Keyboard Shortcuts","Minty Spire (QoL Compilation)","Permanent Neow","Quick Restart","Relic Stats","StSLib","SuperFastMode"],"gold_per_floor":[209,224,95,95,95,95,121,135,135,135,135,167,167,187,187,260,260,279,279,279,297,43,43,53,69,69,69,49,60,60,73,73,150,150,170,190,26,26,51,51,51,70,149,149,166,166,166,199,199,199,199],"floor_reached":50,"language":"KOR","playtime":1520,"items_purged":["Strike_B"],"score":981,"play_id":"bfca849d-1ecc-4875-b0e5-c06a7476a867","local_time":"20210209022958","is_ascension_mode":true,"campfire_choices":[{"floor":6.0,"key":"REST"},{"data":"Zap","floor":10.0,"key":"SMITH"},{"floor":13.0,"key":"REST"},{"data":"Coolheaded","floor":15.0,"key":"SMITH"},{"data":"Blizzard","floor":23.0,"key":"SMITH"},{"floor":27.0,"key":"REST"},{"data":"Defragment","floor":30.0,"key":"SMITH"},{"data":"Defragment","floor":32.0,"key":"SMITH"},{"data":"Defragment","floor":40.0,"key":"SMITH"},{"data":"Hologram","floor":44.0,"key":"SMITH"},{"floor":46.0,"key":"RECALL"},{"data":"Dualcast","floor":49,"key":"SMITH"}],"circlet_count":0,"master_deck":["AscendersBane","Strike_B","Strike_B","Defend_B","Defend_B","Defend_B+1","Defend_B","Zap+1","Dualcast+1","Compile Driver","Ball Lightning+1","Coolheaded+1","Core Surge","Core Surge","Hologram+1","Chaos+1","Barrage+1","Reboot+1","Leap+1","White Noise+1","Glacier+1","Defragment+1","Blizzard+1","Double Energy+1","Self Repair","Defragment+1","Defragment+1","Seek+1","Double Energy+1","Turbo+1","Chaos+1","Gash+1","Violence+1","Flash of Steel","Chaos+1","Glacier+1","Seek+1"],"relics":["Cracked Core","White Beast Statue","Blood Vial","Pear","Toxic Egg 2","Nuclear Battery","Coffee Dripper","Orrery","WingedGreaves","Bottled Flame","Gambling Chip"],"acts_visited":["Exordium","TheCity","TheBeyond"],"potions_floor_usage":[48,48,48,50,50],"damage_taken":[{"damage":2.0,"enemies":"2 Louse","floor":1.0,"turns":3.0},{"damage":12.0,"enemies":"Small Slimes","floor":2.0,"turns":3.0},{"damage":20.0,"enemies":"3 Sentries","floor":7.0,"turns":7.0},{"damage":0.0,"enemies":"Cultist","floor":8.0,"turns":3.0},{"damage":18.0,"enemies":"Lagavulin","floor":12.0,"turns":5.0},{"damage":3.0,"enemies":"Blue Slaver","floor":14.0,"turns":3.0},{"damage":19.0,"enemies":"Hexaghost","floor":16.0,"turns":8.0},{"damage":11.0,"enemies":"Shell Parasite","floor":18.0,"turns":2.0},{"damage":7.0,"enemies":"3 Byrds","floor":21.0,"turns":4.0},{"damage":7.0,"enemies":"Snake Plant","floor":24.0,"turns":5.0},{"damage":21.0,"enemies":"Chosen and Byrds","floor":25.0,"turns":6.0},{"damage":4.0,"enemies":"Snecko","floor":29.0,"turns":6.0},{"damage":11.0,"enemies":"Cultist and Chosen","floor":31.0,"turns":6.0},{"damage":46.0,"enemies":"Champ","floor":33.0,"turns":14.0},{"damage":0.0,"enemies":"3 Shapes","floor":35.0,"turns":5.0},{"damage":26.0,"enemies":"3 Darklings","floor":36.0,"turns":4.0},{"damage":6.0,"enemies":"Mind Bloom Boss Battle","floor":39.0,"turns":7.0},{"damage":0.0,"enemies":"Sphere and 2 Shapes","floor":42.0,"turns":5.0},{"damage":11.0,"enemies":"4 Shapes","floor":45.0,"turns":4.0},{"damage":46,"enemies":"Giant Head","floor":48,"turns":10},{"damage":42,"enemies":"Awakened One","floor":50,"turns":5}],"seed_played":"1412219757107616498","potions_obtained":[{"floor":2.0,"key":"SneckoOil"},{"floor":7.0,"key":"FairyPotion"},{"floor":8.0,"key":"LiquidBronze"},{"floor":16.0,"key":"Weak Potion"},{"floor":21.0,"key":"Dexterity Potion"},{"floor":24.0,"key":"FearPotion"},{"floor":25.0,"key":"Weak Potion"},{"floor":28.0,"key":"EntropicBrew"},{"floor":33.0,"key":"SkillPotion"},{"floor":36.0,"key":"Explosive Potion"},{"floor":42.0,"key":"Swift Potion"},{"floor":48,"key":"Block Potion"}],"is_trial":false,"path_per_floor":["M","M","$","?","?","R","E","M","T","R","?","E","R","M","R","B",null,"M","?","?","M","$","R","M","M","T","R","?","M","R","M","R","B",null,"M","M","$","?","?","R","$","M","T","R","M","R","?","E","R","B"],"character_chosen":"DEFECT","items_purchased":["Coolheaded","Glacier+1","Defragment","Blizzard","Orrery"],"campfire_rested":3,"item_purchase_floors":[3,22,22,22,37],"current_hp_per_floor":[62,50,50,32,32,53,33,35,45,45,21,5,29,28,28,11,64,55,32,32,27,27,27,22,3,3,28,28,33,33,31,31,32,73,82,65,65,60,63,63,63,72,72,72,70,70,70,33,33,0,0],"gold":199,"neow_bonus":"HUNDRED_GOLD","is_daily":false,"chose_seed":false,"campfire_upgraded":8,"win_rate":0.0,"timestamp":1612805398,"path_taken":["M","M","$","?","?","R","E","?","T","R","?","E","R","M","R","BOSS","M","?","?","M","$","R","M","M","T","R","?","M","R","?","R","BOSS","M","?","$","?","?","R","?","M","T","R","?","R","?","E","R","BOSS"],"items_purchased_type":["Card","Card","Card","Card","Relic"],"build_version":"2020-12-22","purchased_purges":1,"victory":false,"max_hp_per_floor":[71,71,71,71,71,71,71,71,81,81,81,81,81,81,81,81,81,81,86,86,86,86,86,86,86,86,86,86,86,86,86,86,86,86,86,86,86,86,86,86,86,86,86,86,86,86,86,86,86,86,86],"relic_stats":{"Blood Vial":36,"counters":[21,115],"Gambling Chip":[0],"obtain_stats":[{"Blood Vial":7,"Bottled Flame":43,"Pear":9,"Gambling Chip":48,"Orrery":37,"WingedGreaves":39,"Coffee Dripper":34,"Toxic Egg 2":12,"Cracked Core":0,"White Beast Statue":4,"Nuclear Battery":17},{"Blood Vial":3,"Bottled Flame":18,"Pear":4,"Gambling Chip":20,"Orrery":16,"WingedGreaves":17,"Coffee Dripper":14,"Toxic Egg 2":5,"Cracked Core":0,"White Beast Statue":2,"Nuclear Battery":7},{"Blood Vial":13,"Bottled Flame":96,"Pear":16,"Gambling Chip":110,"Orrery":84,"WingedGreaves":91,"Coffee Dripper":75,"Toxic Egg 2":21,"Cracked Core":0,"White Beast Statue":6,"Nuclear Battery":32}]},"card_choices":[{"not_picked":["Beam Cell","Redo"],"picked":"Compile Driver","floor":1.0},{"not_picked":["Turbo","Sunder"],"picked":"Ball Lightning","floor":2.0},{"not_picked":["Coolheaded","Reprogram"],"picked":"Core Surge","floor":7.0},{"not_picked":["Reinforced Body","Auto Shields"],"picked":"Hologram","floor":8.0},{"not_picked":["Hello World","Streamline"],"picked":"Chaos+1","floor":12.0},{"not_picked":["Sweeping Beam","Doom and Gloom"],"picked":"Barrage","floor":14.0},{"not_picked":["Machine Learning","Echo Form"],"picked":"Reboot+1","floor":16.0},{"not_picked":["Ball Lightning","Aggregate+1"],"picked":"Leap+1","floor":18.0},{"not_picked":["Reprogram+1","Ball Lightning"],"picked":"White Noise+1","floor":21.0},{"not_picked":["Rip and Tear","Streamline"],"picked":"Double Energy+1","floor":24.0},{"not_picked":["Stack+1","Aggregate+1"],"picked":"Self Repair","floor":25.0},{"not_picked":["Conserve Battery+1","Aggregate+1"],"picked":"Defragment","floor":29.0},{"not_picked":["Chill+1","Barrage"],"picked":"Defragment","floor":31.0},{"not_picked":["Meteor Strike","Reboot+1"],"picked":"Seek+1","floor":33.0},{"not_picked":["Steam+1","Steam Power+1","Beam Cell"],"picked":"SKIP","floor":35.0},{"not_picked":["Streamline","Go for the Eyes","Compile Driver"],"picked":"SKIP","floor":36.0},{"not_picked":["Lockon+1","Ball Lightning"],"picked":"Double Energy+1","floor":37.0},{"not_picked":["Machine Learning","Amplify+1"],"picked":"Turbo+1","floor":37.0},{"not_picked":["Beam Cell","Gash"],"picked":"Chaos+1","floor":37.0},{"not_picked":["Steam+1","Barrage"],"picked":"Gash+1","floor":37.0},{"not_picked":["Enlightenment+1","Good Instincts+1"],"picked":"Violence+1","floor":38.0},{"not_picked":["Sadistic Nature","Mind Blast"],"picked":"Flash of Steel","floor":38.0},{"not_picked":["Conserve Battery+1","Fusion+1"],"picked":"Chaos+1","floor":39.0},{"not_picked":["Compile Driver+1","Stack+1"],"picked":"Glacier+1","floor":42.0},{"not_picked":["Barrage","Genetic Algorithm+1","Leap+1"],"picked":"SKIP","floor":45.0},{"not_picked":["Barrage","Genetic Algorithm+1","Leap+1"],"picked":"SKIP","floor":45.0},{"not_picked":["Sunder","Go for the Eyes+1"],"picked":"Seek+1","floor":48}],"player_experience":1704852,"relics_obtained":[{"floor":7.0,"key":"Blood Vial"},{"floor":9.0,"key":"Pear"},{"floor":12.0,"key":"Toxic Egg 2"},{"floor":39.0,"key":"WingedGreaves"},{"floor":43.0,"key":"Bottled Flame"},{"floor":48,"key":"Gambling Chip"}],"event_choices":[{"damage_healed":0.0,"max_hp_gain":0.0,"max_hp_loss":0.0,"gold_gain":0.0,"event_name":"Scrap Ooze","player_choice":"Success","floor":4.0,"gold_loss":0.0,"damage_taken":18.0,"relics_obtained":["White Beast Statue"]},{"damage_healed":0.0,"max_hp_gain":0.0,"max_hp_loss":0.0,"gold_gain":0.0,"cards_transformed":["Strike_B"],"event_name":"Transmorgrifier","player_choice":"Transformed","floor":5.0,"gold_loss":0.0,"damage_taken":0.0,"cards_obtained":["Core Surge"]},{"damage_healed":0.0,"max_hp_gain":0.0,"max_hp_loss":0.0,"gold_gain":0.0,"event_name":"Shining Light","player_choice":"Entered Light","floor":11.0,"gold_loss":0.0,"damage_taken":24.0,"cards_upgraded":["Ball Lightning","Defend_B"]},{"damage_healed":0.0,"max_hp_gain":5.0,"max_hp_loss":0.0,"gold_gain":0.0,"event_name":"Forgotten Altar","player_choice":"Shed Blood","floor":19.0,"gold_loss":0.0,"damage_taken":28.0},{"damage_healed":0.0,"max_hp_gain":0.0,"max_hp_loss":0.0,"gold_gain":0.0,"event_name":"Vampires","player_choice":"Ignored","floor":20.0,"gold_loss":0.0,"damage_taken":0.0},{"damage_healed":0.0,"max_hp_gain":0.0,"max_hp_loss":0.0,"gold_gain":0.0,"event_name":"The Woman in Blue","player_choice":"Bought 1 Potion","floor":28.0,"gold_loss":0.0,"damage_taken":0.0},{"damage_healed":0.0,"max_hp_gain":0.0,"max_hp_loss":0.0,"gold_gain":0.0,"event_name":"SensoryStone","player_choice":"Memory 2","floor":38.0,"gold_loss":0.0,"damage_taken":5.0},{"damage_healed":0.0,"max_hp_gain":0.0,"max_hp_loss":0.0,"gold_gain":0.0,"event_name":"MindBloom","player_choice":"Fight","floor":39.0,"gold_loss":0.0,"damage_taken":0.0},{"damage_healed":0.0,"max_hp_gain":0.0,"max_hp_loss":0.0,"gold_gain":0.0,"event_name":"Accursed Blacksmith","player_choice":"Forge","floor":47.0,"gold_loss":0.0,"damage_taken":0.0,"cards_upgraded":["Barrage"]}],"is_beta":false,"boss_relics":[{"not_picked":["Busted Crown","Runic Pyramid"],"picked":"Nuclear Battery"},{"not_picked":["Black Star","Velvet Choker"],"picked":"Coffee Dripper"}],"items_purged_floors":[3],"is_endless":false,"potions_floor_spawned":[2,7,8,12,14,16,18,21,24,25,29,31,33,35,36,39,42,45,48],"killed_by":"Awakened One","ascension_level":20}}