{"host":"kxz5izodaorfb9am","time":1612821509,"event":{"mods":["BaseMod","GifTheSpireLib","Minty Spire (QoL Compilation)","Shop Mod","StSLib","The Runesmith"],"gold_per_floor":[114,189,208,208,228,228,228,228,299,174,174,192,220,38,38,142,142,152,152,77,77,5,5,32,32,32],"floor_reached":25,"language":"ENG","playtime":1056,"items_purged":["Runesmith:Strike_RS"],"score":237,"play_id":"d9df555c-055c-49cb-89a1-b9c45f258fc8","local_time":"20210208225829","is_ascension_mode":true,"campfire_choices":[{"data":"Runesmith:UnlimitedPower","floor":6,"key":"SMITH"},{"data":"Runesmith:LithiumIon","floor":8,"key":"SMITH"},{"data":"Runesmith:Fortify","floor":15,"key":"SMITH"},{"floor":23,"key":"REST"}],"circlet_count":0,"master_deck":["Runesmith:Defend_RS","Runesmith:Defend_RS","Runesmith:CraftFirestone","Runesmith:Fortify+1","Runesmith:LithiumIon+1","Runesmith:UnlimitedPower+1","Runesmith:CraftMagma","Runesmith:ShiftingStrike","Runesmith:NanitesCloud","Runesmith:CraftMagma","Finesse","Runesmith:LithiumIon","Runesmith:CreatorForm+1","Runesmith:ReplicatingBarrier+1","Runesmith:Grindstone","Writhe","Runesmith:PoweredAnvil","Runesmith:RuneHurl"],"relics":["Runesmith:BrokenRuby","NeowsBlessing","Shuriken","Runesmith:Nanobots","Astrolabe","TungstenRod","PreservedInsect"],"acts_visited":["Exordium","TheCity"],"potions_floor_usage":[12],"damage_taken":[{"damage":0,"enemies":"Small Slimes","floor":1,"turns":1},{"damage":0,"enemies":"2 Louse","floor":3,"turns":1},{"damage":0,"enemies":"Jaw Worm","floor":5,"turns":1},{"damage":2,"enemies":"2 Fungi Beasts","floor":12,"turns":4},{"damage":18,"enemies":"Gremlin Nob","floor":13,"turns":4},{"damage":9,"enemies":"Slime Boss","floor":16,"turns":6},{"damage":14,"enemies":"2 Thieves","floor":18,"turns":4},{"damage":56,"enemies":"Slavers","floor":24,"turns":8},{"damage":0,"enemies":"3 Byrds","floor":25,"turns":1}],"seed_played":"-1211968871983520960","potions_obtained":[{"floor":3,"key":"Energy Potion"},{"floor":18,"key":"Strength Potion"}],"is_trial":false,"path_per_floor":["M","?","M","?","M","R","?","R","T","$","?","M","E","$","R","B",null,"M","?","?","?","$","R","E","M"],"character_chosen":"RUNESMITH_CLASS","items_purchased":["Runesmith:CraftMagma","Runesmith:CraftMagma","Finesse","Runesmith:LithiumIon","Runesmith:PoweredAnvil"],"campfire_rested":1,"item_purchase_floors":[10,14,14,14,22],"current_hp_per_floor":[70,59,59,59,59,59,52,52,52,52,52,50,32,32,32,23,70,56,43,43,43,43,65,9,9,9],"gold":32,"neow_bonus":"THREE_ENEMY_KILL","is_daily":false,"chose_seed":false,"campfire_upgraded":3,"win_rate":0.0,"timestamp":1612821509,"path_taken":["M","?","M","?","M","R","?","R","T","?","?","?","E","$","R","BOSS","M","?","?","?","$","R","E","M"],"items_purchased_type":["Card","Card","Card","Card","Card"],"build_version":"2020-12-22","purchased_purges":1,"victory":false,"max_hp_per_floor":[70,70,70,70,70,70,70,70,70,70,70,70,70,70,70,70,70,70,75,75,75,75,75,75,75,75],"card_choices":[{"not_picked":["Runesmith:ChiselStab","Runesmith:Malloc","Runesmith:CraftSpiculum"],"picked":"SKIP","floor":1},{"not_picked":["Runesmith:Repurpose","Runesmith:HeatExchange"],"picked":"Runesmith:LithiumIon","floor":3},{"not_picked":["Runesmith:StaticCage","Runesmith:HeatExchange"],"picked":"Runesmith:UnlimitedPower","floor":5},{"not_picked":["Runesmith:MakeshiftArmor","Runesmith:EarthShield"],"picked":"Runesmith:ShiftingStrike","floor":12},{"not_picked":["Runesmith:Refine","Runesmith:Malloc"],"picked":"Runesmith:NanitesCloud","floor":13},{"not_picked":["Runesmith:Reinforce+1","Runesmith:EarthShield"],"picked":"Runesmith:Grindstone","floor":18},{"not_picked":["Runesmith:ChaoticBlast+1","Runesmith:Refine"],"picked":"Runesmith:RuneHurl","floor":24}],"player_experience":328208,"relics_obtained":[{"floor":9,"key":"Shuriken"},{"floor":13,"key":"Runesmith:Nanobots"},{"floor":24,"key":"PreservedInsect"}],"event_choices":[{"damage_healed":0,"gold_gain":75,"player_choice":"Gather Gold","damage_taken":11,"max_hp_gain":0,"max_hp_loss":0,"event_name":"World of Goop","floor":2,"gold_loss":0},{"damage_healed":0,"gold_gain":0,"player_choice":"Ignored","damage_taken":0,"max_hp_gain":0,"max_hp_loss":0,"event_name":"Golden Idol","floor":4,"gold_loss":0},{"cards_removed":["Runesmith:Strike_RS"],"damage_healed":0,"gold_gain":0,"player_choice":"Card Removal","damage_taken":7,"max_hp_gain":0,"max_hp_loss":0,"event_name":"Golden Wing","floor":7,"gold_loss":0},{"cards_removed":["Runesmith:Defend_RS"],"damage_healed":0,"gold_gain":0,"player_choice":"Offered Basic","damage_taken":0,"max_hp_gain":0,"max_hp_loss":0,"event_name":"Bonfire Elementals","floor":11,"gold_loss":0},{"damage_healed":0,"gold_gain":0,"player_choice":"Shed Blood","damage_taken":18,"max_hp_gain":5,"max_hp_loss":0,"event_name":"Forgotten Altar","floor":19,"gold_loss":0},{"cards_removed":["Runesmith:OneForEveryone"],"damage_healed":0,"gold_gain":0,"player_choice":"Gave Gold","damage_taken":0,"max_hp_gain":0,"max_hp_loss":0,"event_name":"Beggar","floor":20,"gold_loss":75},{"damage_healed":0,"gold_gain":0,"player_choice":"Opened","damage_taken":0,"relics_obtained":["TungstenRod"],"max_hp_gain":0,"max_hp_loss":0,"event_name":"The Mausoleum","floor":21,"gold_loss":0,"cards_obtained":["Writhe"]}],"is_beta":false,"boss_relics":[{"not_picked":["Fusion Hammer","Ectoplasm"],"picked":"Astrolabe"}],"items_purged_floors":[10],"is_endless":false,"potions_floor_spawned":[3,18],"killed_by":"3 Byrds","ascension_level":2}}