{"host":"640uue19m79c7wbt","time":1612752612,"event":{"mods":["BaseMod","Colored Map","Googly Eyes","Highlight Path","Minty Spire (QoL Compilation)","Quick Restart","StSLib"],"gold_per_floor":[117,42,67,67,80,105,21,46,69,69,80,90,10,41,41,41,41],"floor_reached":16,"language":"ENG","playtime":428,"items_purged":[],"score":328,"play_id":"24aa981d-fcb2-4fb6-bcae-41a5683181ac","local_time":"20210207215012","is_ascension_mode":true,"campfire_choices":[{"floor":10.0,"key":"REST"},{"data":"Catalyst","floor":15.0,"key":"SMITH"}],"circlet_count":0,"master_deck":["AscendersBane","Strike_G","Strike_G","Strike_G","Strike_G","Defend_G","Defend_G","Defend_G","Defend_G+1","Defend_G","Survivor","Neutralize+1","Backstab","Heel Hook","Adrenaline","Footwork","Dagger Spray","Footwork","Heel Hook","Bouncing Flask","Catalyst+1"],"relics":["Ring of the Snake","NeowsBlessing","Centennial Puzzle","Gambling Chip","Vajra","Pen Nib","Oddly Smooth Stone"],"acts_visited":["Exordium"],"potions_floor_usage":[],"damage_taken":[{"damage":0.0,"enemies":"Jaw Worm","floor":1.0,"turns":1.0},{"damage":0.0,"enemies":"Small Slimes","floor":5.0,"turns":1.0},{"damage":0.0,"enemies":"Lagavulin","floor":6.0,"turns":1.0},{"damage":6.0,"enemies":"Gremlin Nob","floor":8.0,"turns":3.0},{"damage":0.0,"enemies":"2 Louse","floor":11.0,"turns":2.0},{"damage":3.0,"enemies":"Looter","floor":12.0,"turns":2.0},{"damage":0.0,"enemies":"Lagavulin","floor":14.0,"turns":5.0},{"damage":64,"enemies":"Slime Boss","floor":16,"turns":8}],"seed_played":"-5354731481124118470","potions_obtained":[{"floor":1.0,"key":"Fire Potion"},{"floor":12.0,"key":"Fire Potion"}],"is_trial":false,"path_per_floor":["M","?","T","?","M","E","$","E","T","R","M","M","$","E","R","B"],"character_chosen":"THE_SILENT","items_purchased":["Footwork","Bouncing Flask"],"campfire_rested":1,"item_purchase_floors":[7,13],"current_hp_per_floor":[59,59,59,39,39,39,39,33,33,52,52,49,49,49,49,0,0],"gold":41,"neow_bonus":"THREE_ENEMY_KILL","is_daily":false,"chose_seed":false,"campfire_upgraded":1,"win_rate":0.0,"timestamp":1612752612,"path_taken":["M","?","?","?","M","E","?","E","T","R","M","M","$","E","R","BOSS"],"items_purchased_type":["Card","Card"],"build_version":"2020-12-22","purchased_purges":0,"victory":false,"max_hp_per_floor":[66,66,66,66,66,66,66,66,66,66,66,66,66,66,66,66,66],"card_choices":[{"not_picked":["Quick Slash","Flying Knee"],"picked":"Backstab","floor":1.0},{"not_picked":["Underhanded Strike","Flying Knee"],"picked":"Heel Hook","floor":5.0},{"not_picked":["Infinite Blades","Dash"],"picked":"Adrenaline","floor":6.0},{"not_picked":["Leg Sweep","Backflip"],"picked":"Dagger Spray","floor":8.0},{"not_picked":["Underhanded Strike","Flying Knee"],"picked":"Footwork","floor":11.0},{"not_picked":["Backflip","Eviscerate"],"picked":"Heel Hook","floor":12.0},{"not_picked":["Tactician","Flying Knee"],"picked":"Catalyst","floor":14.0}],"player_experience":674244,"relics_obtained":[{"floor":3.0,"key":"Centennial Puzzle"},{"floor":6.0,"key":"Gambling Chip"},{"floor":8.0,"key":"Vajra"},{"floor":9.0,"key":"Pen Nib"},{"floor":14.0,"key":"Oddly Smooth Stone"}],"event_choices":[{"cards_removed":["Strike_G"],"damage_healed":0.0,"max_hp_gain":0.0,"max_hp_loss":0.0,"gold_gain":0.0,"event_name":"The Cleric","player_choice":"Card Removal","floor":2.0,"gold_loss":75.0,"damage_taken":0.0},{"damage_healed":0.0,"max_hp_gain":0.0,"max_hp_loss":0.0,"gold_gain":0.0,"event_name":"Shining Light","player_choice":"Entered Light","floor":4.0,"gold_loss":0.0,"damage_taken":20.0,"cards_upgraded":["Neutralize","Defend_G"]}],"is_beta":false,"boss_relics":[],"items_purged_floors":[],"is_endless":false,"potions_floor_spawned":[1,12],"killed_by":"Slime Boss","ascension_level":19}}