{"host":"am0cr9xwekqmrere","time":1612824354,"event":{"mods":["AchievementEnabler","Act Like it!","BaseMod","Better Altar","Better Match","Better Note","Better Sensory Stone","Better Skull","Better Third Choice","BetterRewards","Conspire","Downfall","Hubris","Infinite Spire","Minty Spire (QoL Compilation)","Rare Cards Sparkle","Spicy Shops","StSLib","Unceasing Turn Reminder"],"gold_per_floor":[99,119,104,104,115,115,188,88,108,127,145,145,164,198,213,331,331,231,231,231,252,252,252,303,338,357,557,557,586,586,607,625,739,739,739,751,769,286,348,348,374,274,276,298,316,316,316,316,339,341,341,341],"floor_reached":50,"language":"ENG","playtime":2309,"items_purged":[],"score":514,"play_id":"36854fce-a4c4-4eab-bacd-01b809398a4d","local_time":"20210208164554","is_ascension_mode":false,"campfire_choices":[{"data":"bronze:RecursiveStrike","floor":1.0,"key":"SMITH"},{"floor":6.0,"key":"RECALL"},{"data":"bronze:Replicate","floor":8.0,"key":"SMITH"},{"data":"bronze:BitShift","floor":18.0,"key":"SMITH"},{"data":"bronze:InfiniteBeams","floor":28,"key":"SMITH"},{"floor":30,"key":"REST"},{"data":"bronze:Mutator","floor":35,"key":"SMITH"},{"floor":40,"key":"REST"},{"data":"bronze:Terminator","floor":42,"key":"SMITH"},{"floor":47,"key":"REST"}],"circlet_count":0,"master_deck":["bronze:Strike+1","bronze:Strike","bronze:Defend","bronze:Defend","bronze:Defend","bronze:Defend","bronze:Replicate+1","bronze:Goto","bronze:RecursiveStrike+1","bronze:DarkDash","bronze:Frontload","bronze:RecursiveStrike+1","bronze:Deprecate","bronze:BitShift+1","bronze:Fortify","bronze:Invalidate","bronze:Overheat","bronze:Terminator+1","bronze:Safeguard","bronze:InfiniteLoop","bronze:HardenedForm+1","bronze:BronzeArmor","bronze:InfiniteBeams+1","infinitespire:Collect","bronze:AlphaBuild","bronze:DelayedGuard+1","bronze:NullPointer+1","bronze:BronzeOrb+1","bronze:Separator","bronze:Mutator+1","bronze:FineTuning+1","bronze:WildBeam","bronze:Shell","bronze:Overheat","bronze:MaxOutput+1","bronze:CutThrough+1","bronze:WildBeam+1"],"relics":["bronze:PlatinumCore","infinitespire:Midas Blood","downfall:HeartBlessingRed","infinitespire:Beetle Shell","downfall:HeartBlessingGreen","Sling","PreservedInsect","infinitespire:CursedDice","SacredBark","Bottled Tornado","Juzu Bracelet","CaptainsWheel","downfall:HeartBlessingBlue","hubris:Towel"],"acts_visited":["Exordium","TheCity","TheBeyond"],"potions_floor_usage":[33,33,38,38],"damage_taken":[{"damage":0.0,"enemies":"Small Slimes","floor":2.0,"turns":2.0},{"damage":5.0,"enemies":"downfall:FleeingMerchant","floor":3.0,"turns":4.0},{"damage":0.0,"enemies":"Cultist","floor":5.0,"turns":3.0},{"damage":0.0,"enemies":"2 Louse","floor":9.0,"turns":2.0},{"damage":4.0,"enemies":"Red Slaver","floor":10.0,"turns":2.0},{"damage":11.0,"enemies":"Exordium Wildlife","floor":11.0,"turns":4.0},{"damage":6.0,"enemies":"2 Fungi Beasts","floor":13.0,"turns":3.0},{"damage":6.0,"enemies":"Gremlin Nob","floor":14.0,"turns":3.0},{"damage":2.0,"enemies":"Blue Slaver","floor":15.0,"turns":2.0},{"damage":18.0,"enemies":"SI_SHIV_ARCHETYPE","floor":16.0,"turns":16.0},{"damage":7,"enemies":"3 Byrds","floor":21,"turns":4},{"damage":20,"enemies":"conspire:SneckoGhost","floor":25,"turns":3},{"damage":0,"enemies":"Spheric Guardian","floor":26,"turns":2},{"damage":45,"enemies":"Snake Plant","floor":29,"turns":4},{"damage":11,"enemies":"Snecko","floor":31,"turns":3},{"damage":4,"enemies":"conspire:HollyBat","floor":32,"turns":8},{"damage":23,"enemies":"DF_ARCHETYPE_CLAW","floor":33,"turns":11},{"damage":3,"enemies":"Orb Walker","floor":36,"turns":3},{"damage":17,"enemies":"3 Darklings","floor":37,"turns":9},{"damage":0,"enemies":"downfall:FleeingMerchant","floor":38,"turns":4},{"damage":31,"enemies":"2 Orb Walkers","floor":39,"turns":5},{"damage":30,"enemies":"Transient","floor":44,"turns":5},{"damage":1,"enemies":"Sphere and 2 Shapes","floor":45,"turns":6},{"damage":27,"enemies":"Maw","floor":49,"turns":10},{"damage":54,"enemies":"IC_BLOCK_ARCHETYPE","floor":50,"turns":4}],"seed_played":"-5582044774216589276","potions_obtained":[{"floor":5.0,"key":"Energy Potion"},{"floor":10.0,"key":"Weak Potion"},{"floor":13.0,"key":"PowerPotion"},{"floor":21,"key":"Energy Potion"},{"floor":25,"key":"Fire Potion"},{"floor":33,"key":"Swift Potion"},{"floor":37,"key":"Energy Potion"},{"floor":44,"key":"Weak Potion"}],"is_trial":false,"path_per_floor":["R","M","$","?","M","R","T","R","M","M","M","?","M","E","M","B",null,"R","?","?","M","?","AVR","T","E","M","?","R","M","R","M","M","B",null,"R","M","M","$","?","R","T","R","?","M","M","?","R","?","M","B"],"character_chosen":"THE_AUTOMATON","items_purchased":["bronze:Shell","Bottled Tornado","Juzu Bracelet"],"campfire_rested":3,"item_purchase_floors":[38,38,38],"current_hp_per_floor":[70,70,65,65,65,65,65,65,65,61,50,50,44,38,36,18,70,70,70,70,63,63,63,63,43,43,43,43,25,46,35,31,8,70,70,67,50,50,19,40,40,50,42,12,11,11,35,35,8,0,0,0],"gold":341,"neow_bonus":"ONE_RANDOM_RARE_CARD","is_daily":false,"chose_seed":false,"campfire_upgraded":6,"win_rate":0.0,"timestamp":1612824354,"path_taken":["R","M","$","?","M","R","T","R","?","M","M","?","M","E","M","BOSS","R","?","?","M","?","AVR","T","E","M","?","R","M","R","M","M","BOSS","R","M","?","$","?","R","T","R","?","M","M","?","R","?","M","BOSS"],"items_purchased_type":["Card","Relic","Relic"],"build_version":"2020-12-22","purchased_purges":0,"victory":false,"max_hp_per_floor":[70,70,70,70,70,70,70,70,70,70,70,70,70,70,70,70,70,70,70,70,70,70,70,70,70,70,70,70,70,70,70,70,70,70,70,70,70,70,70,70,70,80,80,80,80,80,80,80,80,80,80,80],"card_choices":[{"not_picked":["bronze:BronzeOrb","bronze:OilSpill"],"picked":"bronze:DarkDash","floor":2.0},{"not_picked":["bronze:BugBarrage","bronze:Shield"],"picked":"bronze:Frontload","floor":3.0},{"not_picked":["bronze:OilSpill","bronze:FollowUp"],"picked":"bronze:Deprecate","floor":5.0},{"not_picked":["bronze:BuggyMess","bronze:BugBarrage"],"picked":"bronze:BitShift","floor":9.0},{"not_picked":["bronze:DelayedSlice","bronze:BronzeOrb"],"picked":"bronze:Fortify","floor":10.0},{"not_picked":["bronze:DarkDash","bronze:BurnOut"],"picked":"bronze:Invalidate","floor":11.0},{"not_picked":["bronze:Shield","bronze:Deprecate"],"picked":"bronze:Overheat","floor":13.0},{"not_picked":["bronze:CloningBeam","bronze:Philosophize"],"picked":"bronze:Terminator","floor":14.0},{"not_picked":["bronze:BitShift","bronze:ForLoop"],"picked":"bronze:Safeguard","floor":15.0},{"not_picked":["bronze:Virus","bronze:CleanCode"],"picked":"bronze:InfiniteLoop","floor":16.0},{"not_picked":["bronze:ForLoop","bronze:Turbo"],"picked":"bronze:BronzeArmor","floor":21},{"not_picked":["bronze:Frontload","bronze:Turbo"],"picked":"bronze:AlphaBuild","floor":25},{"not_picked":["bronze:Invalidate","bronze:Frontload+1"],"picked":"bronze:DelayedGuard","floor":26},{"not_picked":["bronze:Optimize","bronze:Invalidate"],"picked":"bronze:NullPointer+1","floor":29},{"not_picked":["bronze:DelayedGuard+1","bronze:BugBarrage+1"],"picked":"bronze:BronzeOrb+1","floor":31},{"not_picked":["bronze:ChildClass","bronze:WhirlingStrike+1"],"picked":"bronze:Separator","floor":32},{"not_picked":["bronze:InfiniteLoop","bronze:ThunderWave"],"picked":"bronze:Mutator","floor":33},{"not_picked":["bronze:Frontload+1","bronze:CutThrough"],"picked":"bronze:FineTuning+1","floor":36},{"not_picked":["bronze:Separator","bronze:Overload+1"],"picked":"bronze:WildBeam","floor":37},{"not_picked":["bronze:DelayedSlice","bronze:Backtrace","bronze:Mutator"],"picked":"SKIP","floor":38},{"not_picked":["bronze:ItsAFeature","bronze:Shield+1"],"picked":"bronze:Overheat","floor":39},{"not_picked":["bronze:CloningBeam","bronze:Invalidate"],"picked":"bronze:MaxOutput+1","floor":44},{"not_picked":["bronze:Return","bronze:Frontload+1"],"picked":"bronze:CutThrough+1","floor":45},{"not_picked":["bronze:Separator","bronze:Invalidate+1"],"picked":"bronze:WildBeam+1","floor":49}],"player_experience":2746738,"relics_obtained":[{"floor":7.0,"key":"infinitespire:Midas Blood"},{"floor":14.0,"key":"infinitespire:Beetle Shell"},{"floor":24,"key":"PreservedInsect"},{"floor":25,"key":"infinitespire:CursedDice"},{"floor":39,"key":"CaptainsWheel"}],"event_choices":[{"cards_removed":["bronze:InfiniteLoop"],"damage_healed":0.0,"max_hp_gain":0.0,"max_hp_loss":0.0,"gold_gain":0.0,"event_name":"betterNote:BetterNote","player_choice":"Take \u0026 Give","floor":19.0,"gold_loss":0.0,"damage_taken":0.0,"cards_obtained":["bronze:HardenedForm"]},{"damage_healed":0,"gold_gain":0,"player_choice":"Read","damage_taken":0,"max_hp_gain":0,"max_hp_loss":0,"event_name":"The Library","floor":22,"gold_loss":0,"cards_obtained":["bronze:InfiniteBeams"]},{"damage_healed":0,"gold_gain":200,"player_choice":"Gold","damage_taken":0,"max_hp_gain":0,"max_hp_loss":0,"event_name":"Wheel of Change","floor":27,"gold_loss":0},{"damage_healed":0,"gold_gain":0,"player_choice":"Fight","damage_taken":0,"max_hp_gain":0,"max_hp_loss":0,"event_name":"Mysterious Sphere","floor":39,"gold_loss":0},{"cards_removed":["bronze:Strike"],"damage_healed":0,"gold_gain":0,"player_choice":"Removed Attack","damage_taken":0,"max_hp_gain":0,"max_hp_loss":0,"event_name":"Falling","floor":48,"gold_loss":0}],"is_beta":false,"boss_relics":[{"not_picked":["Pandora\u0027s Box","hubris:VirtuousBlindfold"],"picked":"bronze:PlatinumCore"},{"not_picked":["Astrolabe","Snecko Eye"],"picked":"SacredBark"}],"items_purged_floors":[],"is_endless":false,"potions_floor_spawned":[5,10,13,21,25,33,37,44],"killed_by":"IC_BLOCK_ARCHETYPE","ascension_level":0}}