{"host":"x7btokbb0w2jhl7e","time":1612799480,"event":{"mods":["Act Like it!","BaseMod","Gensokyo","Minty Spire (QoL Compilation)","Quick Restart","StSLib","TestMod"],"gold_per_floor":[112,132,132,13,13,13,26,26,74,74,90,603,603,603,603,682,682,693,705,424,424,441,475,33,50,103,103,114,146,146,158,158,235,235,249,269,128,28,28,28,56,56,133,149,163,178,191,216,216,216,216,216,216,104,131,131],"floor_reached":57,"language":"ZHS","playtime":3048,"items_purged":["Pain","Backstab"],"score":3138,"play_id":"4afdf6ee-8459-4b47-a1c0-b883349dccec","local_time":"20210208235120","is_ascension_mode":true,"campfire_choices":[{"data":"Noxious Fumes","floor":8.0,"key":"SMITH"},{"data":"Neutralize","floor":10.0,"key":"SMITH"},{"data":"Noxious Fumes","floor":13.0,"key":"SMITH"},{"data":"Catalyst","floor":15.0,"key":"SMITH"},{"data":"Corpse Explosion","floor":27.0,"key":"SMITH"},{"data":"Acrobatics","floor":30.0,"key":"SMITH"},{"data":"Reflex","floor":32.0,"key":"SMITH"},{"floor":40.0,"key":"RECALL"},{"data":"Acrobatics","floor":49.0,"key":"SMITH"},{"data":"Malaise","floor":53.0,"key":"SMITH"}],"circlet_count":0,"master_deck":["AscendersBane","Survivor","Neutralize+1","testmod-SelfRegulatingSystem","Noxious Fumes+1","Catalyst+1","Noxious Fumes+1","Corpse Explosion+1","Leg Sweep","Leg Sweep","Malaise+1","Acrobatics+1","testmod-Wormhole","Escape Plan","Reflex+1","Grand Finale","testmod-Wormhole","Gensokyo:SalamanderShield","Acrobatics+1"],"relics":["Ring of the Snake","testmod-TestBox","testmod-EnergyCheck","Gensokyo:LunaticRedEyes","Centennial Puzzle","Old Coin","Potion Belt","Pandora\u0027s Box","Orichalcum","Medical Kit","Paper Crane","Sundial","Empty Cage","DollysMirror","testmod-AssaultLearning","Singing Bowl","StrikeDummy","Lantern"],"acts_visited":["Gensokyo:Gensokyo","Gensokyo:Gensokyoer","Gensokyo:Gensokyoest","TheEnding"],"potions_floor_usage":[56,56,56,56,56,56,56,56,56],"damage_taken":[{"damage":3.0,"enemies":"Gensokyo:Python","floor":1.0,"turns":6.0},{"damage":2.0,"enemies":"Gensokyo:3_Fairies","floor":2.0,"turns":8.0},{"damage":7.0,"enemies":"Gensokyo:Gryphon","floor":7.0,"turns":5.0},{"damage":10.0,"enemies":"Gensokyo:Kitsune","floor":11.0,"turns":4.0},{"damage":3.0,"enemies":"Gensokyo:3_Kodama","floor":12.0,"turns":4.0},{"damage":11.0,"enemies":"Gensokyo:Reimu","floor":16.0,"turns":7.0},{"damage":9.0,"enemies":"Gensokyo:Chomper","floor":18.0,"turns":5.0},{"damage":4.0,"enemies":"Gensokyo:2_Gloops","floor":19.0,"turns":4.0},{"damage":0.0,"enemies":"Gensokyo:Wraith","floor":22.0,"turns":4.0},{"damage":1.0,"enemies":"Gensokyo:Tenshi","floor":23.0,"turns":6.0},{"damage":0.0,"enemies":"Gensokyo:Monolith_and_Dog","floor":25.0,"turns":5.0},{"damage":0.0,"enemies":"Gensokyo:Slime_Group","floor":28.0,"turns":2.0},{"damage":1.0,"enemies":"Gensokyo:Koishi","floor":29.0,"turns":6.0},{"damage":0.0,"enemies":"Gensokyo:Wraith","floor":31.0,"turns":2.0},{"damage":0.0,"enemies":"Gensokyo:Eternal_Rivals","floor":33.0,"turns":3.0},{"damage":3.0,"enemies":"Gensokyo:3_Boulders","floor":35.0,"turns":3.0},{"damage":0.0,"enemies":"Gensokyo:3_Bats","floor":36.0,"turns":3.0},{"damage":0.0,"enemies":"Gensokyo:Kasen","floor":41.0,"turns":5.0},{"damage":0.0,"enemies":"Gensokyo:Dusk_and_Dawn","floor":44.0,"turns":4.0},{"damage":0.0,"enemies":"Gensokyo:4_Bats","floor":45.0,"turns":3.0},{"damage":4.0,"enemies":"Gensokyo:Rafflesia","floor":46.0,"turns":4.0},{"damage":0.0,"enemies":"Gensokyo:3_Boulders","floor":47.0,"turns":2.0},{"damage":0.0,"enemies":"Gensokyo:Doremy","floor":48.0,"turns":2.0},{"damage":0.0,"enemies":"Gensokyo:Yuyuko","floor":50.0,"turns":4.0},{"damage":0.0,"enemies":"Gensokyo:Scarlet_Devils","floor":51.0,"turns":3.0},{"damage":8,"enemies":"Shield and Spear","floor":55,"turns":3},{"damage":11,"enemies":"The Heart","floor":56,"turns":5}],"seed_played":"-8347174547231484689","potions_obtained":[{"floor":12.0,"key":"CultistPotion"},{"floor":16.0,"key":"Regen Potion"},{"floor":19.0,"key":"GamblersBrew"},{"floor":25.0,"key":"testmod-SpacePotion"},{"floor":28.0,"key":"LiquidMemories"},{"floor":35.0,"key":"SteroidPotion"},{"floor":44.0,"key":"testmod-TimePotion"},{"floor":47.0,"key":"Block Potion"}],"is_trial":false,"path_per_floor":["M","M","?","COS","?","?","M","R","T","R","M","M","R","T","R","B",null,"M","M","$","?","M","E","$","M","T","R","M","E","R","M","R","B",null,"M","M","COS","$","?","R","E","?","T","M","M","M","M","E","R","B","B",null,"R","$","E","B",null],"character_chosen":"THE_SILENT","items_purchased":["testmod-Wormhole","Medical Kit","Paper Crane","EntropicBrew"],"campfire_rested":0,"item_purchase_floors":[20,24,24,54],"current_hp_per_floor":[41,39,39,39,39,39,32,32,32,32,22,19,19,19,19,8,52,43,39,39,39,39,38,38,38,38,38,38,37,37,37,37,37,59,56,56,56,56,56,56,56,56,56,56,58,56,58,60,60,60,60,71,71,71,65,68],"gold":131,"neow_bonus":"RANDOM_COLORLESS_2","is_daily":false,"chose_seed":false,"campfire_upgraded":9,"win_rate":0.0,"timestamp":1612799480,"path_taken":["M","M","?","COS","?","?","M","R","T","R","?","M","R","?","R","BOSS","M","M","$","?","M","E","$","M","T","R","?","E","R","M","R","BOSS","M","M","COS","?","?","R","E","?","T","M","M","M","M","E","R","BOSS","BOSS","R","$","E","BOSS"],"items_purchased_type":["Card","Relic","Relic","Potion"],"build_version":"2020-12-22","purchased_purges":2,"victory":true,"max_hp_per_floor":[66,66,66,66,66,66,66,66,66,66,66,66,66,66,66,66,66,66,66,66,66,66,66,66,66,66,66,66,66,66,66,66,66,66,66,66,66,66,66,66,66,66,66,66,68,70,72,74,74,75,75,75,75,75,77,77],"card_choices":[{"not_picked":["testmod-Reflect","testmod-AdversityCounterattack"],"picked":"testmod-SelfRegulatingSystem","floor":0.0},{"not_picked":["PiercingWail","Backflip","Deflect"],"picked":"SKIP","floor":1.0},{"not_picked":["Slice","Choke"],"picked":"Noxious Fumes","floor":2.0},{"not_picked":["Deflect","Caltrops"],"picked":"Catalyst","floor":7.0},{"not_picked":["Outmaneuver","Masterful Stab","Underhanded Strike"],"picked":"SKIP","floor":11.0},{"not_picked":["Dagger Spray","Blade Dance"],"picked":"Noxious Fumes","floor":12.0},{"not_picked":["A Thousand Cuts","Doppelganger"],"picked":"Corpse Explosion","floor":16.0},{"not_picked":["Poisoned Stab","Setup"],"picked":"Acrobatics","floor":18.0},{"not_picked":["Eviscerate+1","Infinite Blades","Outmaneuver"],"picked":"SKIP","floor":19.0},{"not_picked":["Bouncing Flask","Skewer","Sucker Punch"],"picked":"SKIP","floor":22.0},{"not_picked":["Bouncing Flask","Skewer","Sucker Punch"],"picked":"SKIP","floor":22.0},{"not_picked":["Dodge and Roll","Slice+1","Storm of Steel"],"picked":"SKIP","floor":23.0},{"not_picked":["Noxious Fumes+1","Prepared","Caltrops"],"picked":"SKIP","floor":25.0},{"not_picked":["Cloak And Dagger","Flechettes","Acrobatics"],"picked":"SKIP","floor":28.0},{"not_picked":["Setup","Bouncing Flask"],"picked":"Escape Plan","floor":29.0},{"not_picked":["Dagger Spray","Sucker Punch"],"picked":"Reflex","floor":31.0},{"not_picked":["Phantasmal Killer","Bullet Time"],"picked":"Grand Finale","floor":33.0},{"not_picked":["Crippling Poison","Footwork","Blade Dance"],"picked":"SKIP","floor":35.0},{"not_picked":["Crippling Poison","Footwork","Blade Dance"],"picked":"SKIP","floor":35.0},{"not_picked":["Heel Hook","Deadly Poison","Masterful Stab+1"],"picked":"SKIP","floor":36.0},{"not_picked":["Gensokyo:MorningMist","Gensokyo:BrilliantDragonBullet"],"picked":"Gensokyo:SalamanderShield","floor":39.0},{"not_picked":["Noxious Fumes+1","Poisoned Stab+1","Acrobatics"],"picked":"SKIP","floor":41.0},{"not_picked":["Eviscerate","Underhanded Strike"],"picked":"Acrobatics","floor":44.0},{"not_picked":["Footwork","PiercingWail","Deadly Poison+1"],"picked":"Singing Bowl","floor":45.0},{"not_picked":["Bane","Dash+1","PiercingWail"],"picked":"Singing Bowl","floor":46.0},{"not_picked":["PiercingWail","Acrobatics","Sucker Punch"],"picked":"Singing Bowl","floor":47.0},{"not_picked":["Leg Sweep+1","Doppelganger","Outmaneuver"],"picked":"Singing Bowl","floor":48.0},{"not_picked":["Endless Agony+1","Burst","Choke"],"picked":"Singing Bowl","floor":55}],"player_experience":235957,"relics_obtained":[{"floor":9.0,"key":"Bronze Scales"},{"floor":14.0,"key":"Potion Belt"},{"floor":23.0,"key":"Orichalcum"},{"floor":29.0,"key":"Sundial"},{"floor":41.0,"key":"testmod-AssaultLearning"},{"floor":43.0,"key":"Singing Bowl"},{"floor":48.0,"key":"StrikeDummy"},{"floor":55,"key":"Lantern"}],"event_choices":[],"is_beta":false,"boss_relics":[{"not_picked":["Cursed Key","WristBlade"],"picked":"Pandora\u0027s Box"},{"not_picked":["Ring of the Serpent","testmod-IncinerationGenerator"],"picked":"Empty Cage"}],"items_purged_floors":[20,38],"is_endless":false,"potions_floor_spawned":[12,16,19,25,28,35,44,47],"ascension_level":20}}