{"host":"pletss163z7s8pvv","time":1612751332,"event":{"mods":["AchievementEnabler","BaseMod","Better Altar","Better Match","Better Note","Better Sensory Stone","Better Skull","Better Third Choice","BetterRewards","CapriCore","ChefMod","Colored Map","Colored Powertips","Conspire","Energized Spire","Evolution","GifTheSpireLib","Hermit","Ironclad Rager","Marked Mod","Minty Spire (QoL Compilation)","Retaliation","Spicy Shops","StS++","StSLib","The Alterego","The Blue Laboratory","The Cursed","The Disciple","The Forsaken"],"gold_per_floor":[113,131,9,27,27,27,38,38,38,38,53,85,85,95,95,200,200,218,230,15,15,28,28,28,42,65,81,81,81,81,81],"floor_reached":30,"language":"ENG","playtime":768,"items_purged":[],"score":307,"play_id":"a3489110-673c-4366-83f3-79a056d8b872","local_time":"20210207202852","is_ascension_mode":false,"campfire_choices":[{"floor":6,"key":"RECALL"},{"floor":8,"key":"REST"},{"floor":13,"key":"REST"},{"floor":15,"key":"REST"},{"floor":23,"key":"REST"}],"circlet_count":0,"master_deck":["theForsaken:RainingSunlight","theForsaken:RainingSunlight+1","theForsaken:RainingSunlight","theForsaken:TheForsaken_Strike","theForsaken:TheForsaken_Defend","theForsaken:TheForsaken_Defend","theForsaken:TheForsaken_Defend","theForsaken:TheForsaken_Defend","theForsaken:Smite+1","theForsaken:Penitence","theForsaken:RainingSunlight","theForsaken:MagicWeapon","theForsaken:Enfeeble","theForsaken:DefensiveStance","theForsaken:HealingLight","theForsaken:DesperatePlea","theForsaken:ShieldCharge+1","theForsaken:ScorchingSunlight+1","theForsaken:Backlash","Caltrops+1","theForsaken:AncientWords","theForsaken:MagicWeapon","theForsaken:Prudence"],"relics":["theForsaken:JudgementScales","EVO:Axolotl","Singing Bowl","Shuriken","StSpp:TwinEgg","SacredBark","Whetstone","Toy Ornithopter","MutagenicStrength"],"acts_visited":["Exordium","TheCity"],"potions_floor_usage":[16],"damage_taken":[{"damage":9,"enemies":"Cultist","floor":1,"turns":4},{"damage":11,"enemies":"Jaw Worm","floor":2,"turns":4},{"damage":0,"enemies":"2 Louse","floor":4,"turns":3},{"damage":17,"enemies":"Exordium Wildlife","floor":7,"turns":5},{"damage":14,"enemies":"Blue Slaver","floor":11,"turns":4},{"damage":25,"enemies":"3 Sentries","floor":12,"turns":8},{"damage":1,"enemies":"Large Slime","floor":14,"turns":3},{"damage":0,"enemies":"Slime Boss","floor":16,"turns":4},{"damage":22,"enemies":"Shell Parasite","floor":18,"turns":4},{"damage":0,"enemies":"Chosen","floor":19,"turns":3},{"damage":10,"enemies":"conspire:HollyBat","floor":22,"turns":5},{"damage":29,"enemies":"Centurion and Healer","floor":25,"turns":7},{"damage":32,"enemies":"Snake Plant","floor":27,"turns":4},{"damage":16,"enemies":"3 Cultists","floor":30,"turns":3}],"seed_played":"-4596922075968301787","potions_obtained":[{"floor":0,"key":"blueLaboratory:EnragingPotion"},{"floor":0,"key":"theForsaken:FearPotion"},{"floor":0,"key":"Weak Potion"},{"floor":19,"key":"BlessingOfTheForge"}],"is_trial":false,"path_per_floor":["M","M","$","M","$","R","M","R","T","?","M","E","R","M","R","B",null,"M","M","$","?","M","R","?","M","T","M","?","?","M"],"character_chosen":"THE_FORSAKEN","items_purchased":["Singing Bowl","Whetstone","theForsaken:Backlash"],"campfire_rested":4,"item_purchase_floors":[3,20,20],"current_hp_per_floor":[56,45,45,45,45,45,30,50,50,50,36,11,31,32,52,52,69,50,50,50,50,40,60,60,34,34,10,10,10,0,0],"gold":81,"neow_bonus":"THREE_SMALL_POTIONS","is_daily":false,"chose_seed":false,"campfire_upgraded":0,"win_rate":0.0,"timestamp":1612751332,"path_taken":["M","M","?","M","$","R","M","R","T","?","M","E","R","M","R","BOSS","M","M","$","?","M","R","?","M","T","M","?","?","M"],"items_purchased_type":["Relic","Relic","Card"],"build_version":"2020-12-22","purchased_purges":0,"victory":false,"max_hp_per_floor":[65,65,65,65,65,65,67,67,67,67,67,67,67,69,69,69,69,69,69,69,69,69,69,69,69,69,69,69,69,69,69],"card_choices":[{"not_picked":["theForsaken:FuryStrikes","theForsaken:AncientWords"],"picked":"theForsaken:RainingSunlight","floor":1},{"not_picked":["theForsaken:DarkBarrier","theForsaken:Terrorize"],"picked":"theForsaken:MagicWeapon","floor":2},{"not_picked":["theForsaken:StoreUp","theForsaken:SpinAttack"],"picked":"theForsaken:Enfeeble","floor":4},{"not_picked":["theForsaken:ShieldCharge","theForsaken:HymnOfPatience","theForsaken:RainingSunlight"],"picked":"Singing Bowl","floor":7},{"not_picked":["theForsaken:FuryStrikes","theForsaken:PanicDive"],"picked":"theForsaken:DefensiveStance","floor":11},{"not_picked":["theForsaken:CreepingInfection","theForsaken:BlightOfFamine"],"picked":"theForsaken:HealingLight","floor":12},{"not_picked":["theForsaken:Parry","theForsaken:Bolster","theForsaken:CreepingInfection"],"picked":"Singing Bowl","floor":14},{"not_picked":["theForsaken:CorruptedForm","theForsaken:FountainOfLife"],"picked":"theForsaken:DesperatePlea","floor":16},{"not_picked":["theForsaken:LightRoll","theForsaken:FatRoll"],"picked":"theForsaken:ShieldCharge+1","floor":18},{"not_picked":["theForsaken:SolarFlare+1","theForsaken:DarkBarrier"],"picked":"theForsaken:ScorchingSunlight+1","floor":19},{"not_picked":["theForsaken:NobleSacrifice","theForsaken:CreepingInfection"],"picked":"theForsaken:AncientWords","floor":22},{"not_picked":["theForsaken:HymnOfPatience+1","theForsaken:Thunderbolt+1"],"picked":"theForsaken:MagicWeapon","floor":25},{"not_picked":["theForsaken:FuryStrikes","theForsaken:ShieldCharge"],"picked":"theForsaken:Prudence","floor":27}],"player_experience":505994,"relics_obtained":[{"floor":9,"key":"Shuriken"},{"floor":12,"key":"StSpp:TwinEgg"},{"floor":26,"key":"Toy Ornithopter"}],"event_choices":[{"damage_healed":0,"gold_gain":0,"player_choice":"Leave","damage_taken":0,"max_hp_gain":0,"max_hp_loss":0,"event_name":"conspire:Investor","floor":10,"gold_loss":0},{"cards_removed":["theForsaken:DesperatePlea"],"damage_healed":0,"gold_gain":0,"player_choice":"Take \u0026 Give","damage_taken":0,"max_hp_gain":0,"max_hp_loss":0,"event_name":"betterNote:BetterNote","floor":21,"gold_loss":0,"cards_obtained":["Caltrops"]},{"damage_healed":0,"gold_gain":0,"player_choice":"Ignored","damage_taken":0,"max_hp_gain":0,"max_hp_loss":0,"event_name":"Ghosts","floor":28,"gold_loss":0},{"damage_healed":0,"gold_gain":0,"player_choice":"Inject Mutagens","damage_taken":0,"relics_obtained":["MutagenicStrength"],"max_hp_gain":0,"max_hp_loss":0,"event_name":"Drug Dealer","floor":29,"gold_loss":0}],"is_beta":false,"boss_relics":[{"not_picked":["StSpp:Magatama","Sozu"],"picked":"SacredBark"}],"items_purged_floors":[],"is_endless":false,"potions_floor_spawned":[2,4,11,14,19,25],"killed_by":"3 Cultists","ascension_level":0}}