{"host":"yhhyog5h1q67ienp","time":1612762937,"event":{"mods":["AchievementEnabler","BaseMod","Block Reminder","Colored Map","Colored Powertips","Minty Spire (QoL Compilation)","Quick Restart","Relic Stats","StSLib","Weighted Paths","ojb\u0027s Better Paths Mod","ojb\u0027s Info Mod"],"gold_per_floor":[115,75,94,105,121,121,146,146,146,146,163,163,174,200,200,273,273,293,270,283,283,283,283],"floor_reached":22,"language":"ENG","playtime":1811,"items_purged":[],"score":396,"play_id":"b6d9dade-f0b1-43a8-aab2-4ccee3f15ee6","local_time":"20210208024217","is_ascension_mode":true,"campfire_choices":[{"data":"Blood for Blood","floor":6,"key":"SMITH"},{"data":"Armaments","floor":8,"key":"SMITH"},{"data":"Bash","floor":10,"key":"SMITH"},{"data":"Demon Form","floor":15,"key":"SMITH"}],"circlet_count":0,"master_deck":["AscendersBane","Strike_R","Strike_R","Strike_R","Strike_R","Strike_R","Defend_R","Defend_R","Defend_R","Defend_R","Bash+1","Headbutt","Iron Wave","Blood for Blood+1","Spot Weakness","Armaments+1","Flame Barrier","Demon Form+1","True Grit","Reaper","Cleave","Dropkick"],"relics":["Burning Blood","Kunai","Letter Opener","Fusion Hammer","Nilry\u0027s Codex"],"acts_visited":["Exordium","TheCity"],"potions_floor_usage":[3,5,7,16,19],"damage_taken":[{"damage":11,"enemies":"Jaw Worm","floor":1,"turns":5},{"damage":2,"enemies":"Cultist","floor":3,"turns":3},{"damage":7,"enemies":"Small Slimes","floor":4,"turns":3},{"damage":0,"enemies":"3 Louse","floor":5,"turns":2},{"damage":8,"enemies":"Gremlin Nob","floor":7,"turns":3},{"damage":10,"enemies":"Exordium Wildlife","floor":11,"turns":6},{"damage":1,"enemies":"Looter","floor":13,"turns":4},{"damage":29,"enemies":"3 Sentries","floor":14,"turns":8},{"damage":38,"enemies":"The Guardian","floor":16,"turns":10},{"damage":19,"enemies":"Chosen","floor":18,"turns":4},{"damage":22,"enemies":"2 Thieves","floor":19,"turns":4},{"damage":56,"enemies":"Cultist and Chosen","floor":20,"turns":10},{"damage":45,"enemies":"3 Cultists","floor":22,"turns":4}],"seed_played":"911668926856416840","potions_obtained":[{"floor":2,"key":"Explosive Potion"},{"floor":2,"key":"EssenceOfSteel"},{"floor":4,"key":"Fire Potion"},{"floor":5,"key":"SkillPotion"},{"floor":13,"key":"SteroidPotion"}],"is_trial":false,"path_per_floor":["M","?","M","M","M","R","E","R","T","R","M","?","M","E","R","B",null,"M","M","M","?","M"],"character_chosen":"IRONCLAD","items_purchased":[],"campfire_rested":0,"item_purchase_floors":[],"current_hp_per_floor":[70,70,74,73,79,79,77,77,77,77,73,78,83,60,60,28,72,83,85,63,42,0,0],"gold":283,"neow_bonus":"TEN_PERCENT_HP_BONUS","is_daily":false,"chose_seed":false,"campfire_upgraded":4,"win_rate":0.0,"timestamp":1612762937,"path_taken":["M","?","M","?","M","R","E","R","T","R","M","?","M","E","R","BOSS","M","M","M","?","M"],"items_purchased_type":[],"build_version":"2020-12-22","purchased_purges":0,"victory":false,"max_hp_per_floor":[82,82,82,82,82,82,82,82,82,82,82,87,87,87,87,87,87,87,87,87,87,87,87],"relic_stats":{"counters":[13,66],"Kunai":[3],"Letter Opener":[15],"obtain_stats":[{"Nilry\u0027s Codex":21,"Fusion Hammer":17,"Kunai":7,"Letter Opener":14,"Burning Blood":0},{"Nilry\u0027s Codex":12,"Fusion Hammer":9,"Kunai":5,"Letter Opener":8,"Burning Blood":0},{"Nilry\u0027s Codex":62,"Fusion Hammer":44,"Kunai":16,"Letter Opener":34,"Burning Blood":0}],"Burning Blood":72},"card_choices":[{"not_picked":["Metallicize","Sword Boomerang"],"picked":"Headbutt","floor":1},{"not_picked":["Dark Embrace","Shockwave"],"picked":"Iron Wave","floor":3},{"not_picked":["Feel No Pain","Armaments"],"picked":"Blood for Blood","floor":4},{"not_picked":["Whirlwind","Cleave"],"picked":"Spot Weakness","floor":5},{"not_picked":["Clash","True Grit"],"picked":"Armaments","floor":7},{"not_picked":["Pommel Strike","Uppercut"],"picked":"Flame Barrier","floor":11},{"not_picked":["Armaments","Clash"],"picked":"Demon Form","floor":13},{"not_picked":["Headbutt","Body Slam"],"picked":"True Grit","floor":14},{"not_picked":["Feed","Immolate"],"picked":"Reaper","floor":16},{"not_picked":["Clash","Sentinel","Rage+1"],"picked":"SKIP","floor":18},{"not_picked":["Armaments","Havoc"],"picked":"Cleave","floor":19},{"not_picked":["Sever Soul","Entrench"],"picked":"Dropkick","floor":20}],"player_experience":1432950,"relics_obtained":[{"floor":7,"key":"Kunai"},{"floor":14,"key":"Letter Opener"},{"floor":21,"key":"Nilry\u0027s Codex"}],"event_choices":[{"damage_healed":0,"gold_gain":0,"player_choice":"Bought 3 Potions","damage_taken":0,"max_hp_gain":0,"max_hp_loss":0,"event_name":"The Woman in Blue","floor":2,"gold_loss":0},{"damage_healed":0,"gold_gain":0,"player_choice":"Donut","damage_taken":0,"max_hp_gain":5,"max_hp_loss":0,"event_name":"Big Fish","floor":12,"gold_loss":0},{"damage_healed":0,"gold_gain":0,"player_choice":"Obtained Book","damage_taken":21,"max_hp_gain":0,"max_hp_loss":0,"event_name":"Cursed Tome","floor":21,"gold_loss":0}],"is_beta":false,"boss_relics":[{"not_picked":["SacredBark","Runic Cube"],"picked":"Fusion Hammer"}],"items_purged_floors":[],"is_endless":false,"potions_floor_spawned":[4,5,13,14],"killed_by":"3 Cultists","ascension_level":20}}