{"host":"36t3qd3wjvajtu1z","time":1612824842,"event":{"mods":["2.2 Compatiblity","AchievementEnabler","BaseMod","Block Reminder","Colored Powertips","Minty Spire (QoL Compilation)","Permanent Neow","Quick Restart","Random Character Button","Rare Cards Sparkle","Relic Stats","Slay-I","StSLib"],"gold_per_floor":[113,132,132,144,144,177,177,210,210,210,210,210,210,228,228,318,318,342,10,10,23,113,113,152,152,152,51,82,82,126,126,126,233,233,255,280,280,304,333,385,385,416,416,452,452,30,30,54,54,54],"floor_reached":51,"language":"ENG","playtime":3510,"items_purged":["Poisoned Stab"],"score":1754,"play_id":"a72d983d-2f2c-438a-8e87-7f2a9ea5aaca","local_time":"20210208145402","is_ascension_mode":true,"campfire_choices":[{"floor":7.0,"key":"REST"},{"floor":10.0,"key":"REST"},{"data":"After Image","floor":13.0,"key":"SMITH"},{"data":"Venomology","floor":15.0,"key":"SMITH"},{"data":"Wraith Form v2","floor":23.0,"key":"SMITH"},{"data":"Footwork","floor":25.0,"key":"SMITH"},{"data":"Setup","floor":29.0,"key":"SMITH"},{"data":"Blade Dance","floor":32.0,"key":"SMITH"},{"data":"Leg Sweep","floor":41.0,"key":"SMITH"},{"data":"1","floor":45.0,"key":"LIFT"},{"data":"2","floor":47.0,"key":"LIFT"},{"floor":49.0,"key":"REST"}],"circlet_count":0,"master_deck":["AscendersBane","Survivor","Neutralize","Venomology+1","Slice","Sucker Punch","Riddle With Holes","Endless Agony","Bullet Time","After Image+1","Blur","Wraith Form v2+1","Dash","PiercingWail","Setup+1","Bullet Time+1","Expertise","Calculated Gamble","Predator","Blade Dance+1","After Image+1","Blur","Slice","Footwork+1","Terror","Accuracy","Acrobatics","Accuracy","Blade Dance+1","Corpse Explosion","Accuracy","Calculated Gamble","Backflip+1","Leg Sweep+1","Acrobatics+1","Footwork","PiercingWail+1"],"relics":["Ring of the Snake","Golden Idol","Darkstone Periapt","Mummified Hand","Shuriken","Pandora\u0027s Box","DollysMirror","Oddly Smooth Stone","Kunai","Bag of Marbles","Lantern","CeramicFish","Philosopher\u0027s Stone","Girya","Nunchaku","Torii","Bottled Lightning","Calipers","Frozen Eye","War Paint"],"acts_visited":["Exordium","TheCity","TheBeyond"],"potions_floor_usage":[50,50,50],"damage_taken":[{"damage":0.0,"enemies":"Small Slimes","floor":1.0,"turns":5.0},{"damage":6.0,"enemies":"Jaw Worm","floor":2.0,"turns":4.0},{"damage":0.0,"enemies":"2 Louse","floor":4.0,"turns":2.0},{"damage":24.0,"enemies":"3 Sentries","floor":6.0,"turns":8.0},{"damage":24.0,"enemies":"Lagavulin","floor":8.0,"turns":8.0},{"damage":5.0,"enemies":"Exordium Wildlife","floor":14.0,"turns":5.0},{"damage":6.0,"enemies":"Hexaghost","floor":16.0,"turns":10.0},{"damage":0.0,"enemies":"Chosen","floor":18.0,"turns":4.0},{"damage":0.0,"enemies":"Shell Parasite","floor":21.0,"turns":4.0},{"damage":0.0,"enemies":"Gremlin Leader","floor":24.0,"turns":5.0},{"damage":1.0,"enemies":"Book of Stabbing","floor":28.0,"turns":6.0},{"damage":0.0,"enemies":"Gremlin Leader","floor":30.0,"turns":5.0},{"damage":2.0,"enemies":"Champ","floor":33.0,"turns":7.0},{"damage":0.0,"enemies":"3 Shapes","floor":35.0,"turns":3.0},{"damage":19.0,"enemies":"3 Darklings","floor":36.0,"turns":4.0},{"damage":0.0,"enemies":"Transient","floor":38.0,"turns":6.0},{"damage":0.0,"enemies":"Sphere and 2 Shapes","floor":39.0,"turns":4.0},{"damage":0.0,"enemies":"Giant Head","floor":40.0,"turns":5.0},{"damage":16.0,"enemies":"Reptomancer","floor":42.0,"turns":5.0},{"damage":0.0,"enemies":"Nemesis","floor":44.0,"turns":5.0},{"damage":0.0,"enemies":"3 Darklings","floor":48.0,"turns":2.0},{"damage":0,"enemies":"Time Eater","floor":50,"turns":7}],"seed_played":"-6266800046311757840","potions_obtained":[{"floor":8.0,"key":"Swift Potion"},{"floor":14.0,"key":"Energy Potion"},{"floor":28.0,"key":"LiquidBronze"},{"floor":39.0,"key":"CultistPotion"},{"floor":40.0,"key":"Ancient Potion"}],"is_trial":false,"path_per_floor":["M","M","?","M","?","E","R","E","T","R","?","?","R","M","R","B",null,"M","$","?","M","?","R","E","R","T","$","E","R","E","T","R","B",null,"M","M","?","M","M","E","R","E","T","E","R","$","R","M","R","B",null],"character_chosen":"THE_SILENT","items_purchased":["DollysMirror","Blur","Accuracy","Acrobatics","Frozen Eye","War Paint","Footwork"],"campfire_rested":3,"item_purchase_floors":[19,19,27,27,46,46,46],"current_hp_per_floor":[44,38,38,38,38,14,32,8,8,26,26,46,46,41,41,35,54,54,54,54,54,42,42,42,42,42,42,41,41,41,41,41,39,55,55,36,36,36,36,50,50,34,34,34,34,34,34,34,52,52],"gold":54,"neow_bonus":"TRANSFORM_TWO_CARDS","is_daily":false,"chose_seed":false,"campfire_upgraded":7,"win_rate":0.0,"timestamp":1612824842,"path_taken":["M","M","?","M","?","E","R","E","T","R","?","?","R","M","R","BOSS","M","$","?","?","?","R","E","R","T","?","E","R","E","?","R","BOSS","M","M","?","M","M","E","R","E","T","E","R","$","R","M","R","BOSS"],"items_purchased_type":["Relic","Card","Card","Card","Relic","Relic","Card"],"build_version":"2020-12-22","purchased_purges":1,"victory":true,"max_hp_per_floor":[66,66,66,66,60,60,60,60,60,60,60,60,60,60,60,60,60,60,60,60,60,60,60,60,60,60,60,60,60,60,60,60,60,60,60,60,60,60,60,60,60,60,60,60,60,60,60,60,60,60],"relic_stats":{"Darkstone Periapt":0,"Torii":0,"counters":[22,114],"Golden Idol":144,"CeramicFish":72,"War Paint":["Acrobatics","Bullet Time"],"Nunchaku":[6],"Mummified Hand":[85],"Shuriken":[58],"Pandora\u0027s Box":["Dash","PiercingWail","Setup","Bullet Time","Expertise","Calculated Gamble","Predator"],"Kunai":[44],"obtain_stats":[{"Darkstone Periapt":6,"Girya":37,"Lantern":30,"Calipers":44,"Torii":42,"Golden Idol":5,"CeramicFish":31,"Oddly Smooth Stone":24,"War Paint":46,"Frozen Eye":46,"Nunchaku":40,"Mummified Hand":8,"Shuriken":9,"DollysMirror":19,"Pandora\u0027s Box":17,"Philosopher\u0027s Stone":34,"Bag of Marbles":28,"Kunai":26,"Bottled Lightning":43,"Ring of the Snake":0},{"Darkstone Periapt":4,"Girya":15,"Lantern":12,"Calipers":20,"Torii":19,"Golden Idol":3,"CeramicFish":12,"Oddly Smooth Stone":10,"War Paint":20,"Frozen Eye":20,"Nunchaku":18,"Mummified Hand":5,"Shuriken":5,"DollysMirror":8,"Pandora\u0027s Box":7,"Philosopher\u0027s Stone":13,"Bag of Marbles":11,"Kunai":10,"Bottled Lightning":19,"Ring of the Snake":0},{"Darkstone Periapt":19,"Girya":80,"Lantern":66,"Calipers":105,"Torii":100,"Golden Idol":11,"CeramicFish":66,"Oddly Smooth Stone":55,"War Paint":105,"Frozen Eye":105,"Nunchaku":95,"Mummified Hand":27,"Shuriken":27,"DollysMirror":46,"Pandora\u0027s Box":42,"Philosopher\u0027s Stone":73,"Bag of Marbles":61,"Kunai":55,"Bottled Lightning":100,"Ring of the Snake":0}],"Ring of the Snake":[46]},"card_choices":[{"not_picked":["PiercingWail","Deflect"],"picked":"Poisoned Stab","floor":1.0},{"not_picked":["Deflect","Catalyst"],"picked":"Sucker Punch","floor":2.0},{"not_picked":["Catalyst","Reflex"],"picked":"Endless Agony","floor":4.0},{"not_picked":["Acrobatics","Bouncing Flask"],"picked":"Bullet Time","floor":6.0},{"not_picked":["Sucker Punch","Dodge and Roll"],"picked":"After Image","floor":8.0},{"not_picked":["Deflect","Acrobatics"],"picked":"Blur","floor":14.0},{"not_picked":["Unload","Malaise"],"picked":"Wraith Form v2","floor":16.0},{"not_picked":["Dagger Spray+1","Leg Sweep"],"picked":"Blade Dance+1","floor":18.0},{"not_picked":["Distraction","Dagger Spray"],"picked":"Footwork","floor":21.0},{"not_picked":["Deadly Poison","Sucker Punch+1"],"picked":"Terror","floor":24.0},{"not_picked":["Poisoned Stab","Deflect"],"picked":"Accuracy","floor":28.0},{"not_picked":["Deflect","Outmaneuver"],"picked":"Blade Dance","floor":30.0},{"not_picked":["Glass Knife","Venomology"],"picked":"Corpse Explosion","floor":33.0},{"not_picked":["Dagger Throw","Catalyst"],"picked":"Accuracy","floor":35.0},{"not_picked":["Outmaneuver","Sucker Punch"],"picked":"Calculated Gamble","floor":36.0},{"not_picked":["Riddle With Holes","Finisher"],"picked":"Backflip+1","floor":38.0},{"not_picked":["Finisher","Reflex"],"picked":"Leg Sweep","floor":39.0},{"not_picked":["Dagger Spray","PiercingWail"],"picked":"Acrobatics","floor":40.0},{"not_picked":["Prepared","Escape Plan","PiercingWail"],"picked":"SKIP","floor":42.0},{"not_picked":["Backstab","Skewer","Calculated Gamble"],"picked":"SKIP","floor":44.0},{"not_picked":["Quick Slash","Flying Knee"],"picked":"PiercingWail+1","floor":48.0}],"player_experience":438219,"relics_obtained":[{"floor":6.0,"key":"Darkstone Periapt"},{"floor":8.0,"key":"Mummified Hand"},{"floor":9.0,"key":"Shuriken"},{"floor":24.0,"key":"Oddly Smooth Stone"},{"floor":26.0,"key":"Kunai"},{"floor":28.0,"key":"Bag of Marbles"},{"floor":30.0,"key":"Lantern"},{"floor":31.0,"key":"CeramicFish"},{"floor":37.0,"key":"Girya"},{"floor":40.0,"key":"Nunchaku"},{"floor":42.0,"key":"Torii"},{"floor":43.0,"key":"Bottled Lightning"},{"floor":44.0,"key":"Calipers"}],"event_choices":[{"damage_healed":0.0,"max_hp_gain":0.0,"max_hp_loss":0.0,"gold_gain":0.0,"cards_transformed":["Strike_G"],"event_name":"Living Wall","player_choice":"Change","floor":3.0,"gold_loss":0.0,"damage_taken":0.0,"cards_obtained":["Riddle With Holes"]},{"damage_healed":0.0,"max_hp_gain":0.0,"max_hp_loss":6.0,"gold_gain":0.0,"event_name":"Golden Idol","player_choice":"Lose Max HP","floor":5.0,"gold_loss":0.0,"damage_taken":0.0,"relics_obtained":["Golden Idol"]},{"damage_healed":0.0,"max_hp_gain":0.0,"max_hp_loss":0.0,"gold_gain":0.0,"event_name":"Liars Game","player_choice":"Ignored","floor":11.0,"gold_loss":0.0,"damage_taken":0.0},{"damage_healed":20.0,"max_hp_gain":0.0,"max_hp_loss":0.0,"gold_gain":0.0,"event_name":"Big Fish","player_choice":"Banana","floor":12.0,"gold_loss":0.0,"damage_taken":0.0},{"damage_healed":0.0,"max_hp_gain":0.0,"max_hp_loss":0.0,"gold_gain":0.0,"event_name":"Match and Keep!","player_choice":"1 cards matched","floor":20.0,"gold_loss":0.0,"damage_taken":0.0,"cards_obtained":["Slice"]},{"damage_healed":0.0,"max_hp_gain":0.0,"max_hp_loss":0.0,"gold_gain":90.0,"event_name":"Knowing Skull","player_choice":"GOLD ","floor":22.0,"potions_obtained":[],"gold_loss":0.0,"damage_taken":12.0,"cards_obtained":[]},{"damage_healed":0.0,"max_hp_gain":0.0,"max_hp_loss":0.0,"gold_gain":0.0,"event_name":"Wheel of Change","player_choice":"Relic","floor":37.0,"gold_loss":0.0,"damage_taken":0.0}],"is_beta":false,"boss_relics":[{"not_picked":["Snecko Eye","Astrolabe"],"picked":"Pandora\u0027s Box"},{"not_picked":["Ring of the Serpent","Empty Cage"],"picked":"Philosopher\u0027s Stone"}],"items_purged_floors":[19],"is_endless":false,"potions_floor_spawned":[2,8,14,21,28,35,39,40,48],"ascension_level":18}}