{"host":"okvf2hy7r209l3k2","time":1612772563,"event":{"mods":["BaseMod","Block Reminder","Colored Map","Colored Powertips","Downfall","Hermit","Highlight Path","Minty Spire (QoL Compilation)","Permanent Neow","StSLib","The Cursed"],"gold_per_floor":[363,363,375,375,392,392,408,408,454,57,57,91,107,126,126,224,224,243,45,68,177,200,226,226,253,298,64,84,93,93,113,113,113,113],"floor_reached":33,"language":"ENG","playtime":2646,"items_purged":["TheCursedMod:Strike_TheCursed","TheCursedMod:Strike_TheCursed","TheCursedMod:Defend_TheCursed"],"score":394,"play_id":"b3adf084-4121-417d-8f61-da55aeb8460a","local_time":"20210207232243","is_ascension_mode":false,"campfire_choices":[{"data":"TheCursedMod:SpitefulStrike","floor":6,"key":"SMITH"},{"data":"TheCursedMod:LuckyCharm","floor":8,"key":"SMITH"},{"data":"TheCursedMod:DemonicPact","floor":11,"key":"SMITH"},{"data":"TheCursedMod:ReleasedKnowledge","floor":15,"key":"SMITH"},{"data":"TheCursedMod:CollectTribute","floor":24,"key":"SMITH"},{"data":"TheCursedMod:ReleasedKnowledge","floor":32,"key":"SMITH"}],"circlet_count":0,"master_deck":["TheCursedMod:Strike_TheCursed","TheCursedMod:Strike_TheCursed","TheCursedMod:Defend_TheCursed","TheCursedMod:Defend_TheCursed+1","TheCursedMod:Defend_TheCursed","TheCursedMod:CursedWand","TheCursedMod:CleanUpWorkshop+1","TheCursedMod:Dregs","Decay","TheCursedMod:SpitefulStrike+1","Regret","TheCursedMod:SpitefulStrike+1","TheCursedMod:AbyssShockwave+1","TheCursedMod:LuckyCharm+1","TheCursedMod:DemonicPact+1","TheCursedMod:WearCloak","TheCursedMod:ReleasedKnowledge+1","TheCursedMod:CollectTribute+1","CurseOfTheBell","TheCursedMod:RapidMovement+1","TheCursedMod:SpitefulPlan","TheCursedMod:CircleOfCorruption","TheCursedMod:DoubleShield","Regret","TheCursedMod:CursedStaff","TheCursedMod:CircleOfFlame+1","Decay","Clumsy","TheCursedMod:CircleOfCorruption+1","TheCursedMod:ReleasedKnowledge+1","TheCursedMod:WearCloak","TheCursedMod:CursedAmulet+1","TheCursedMod:Wield","Shame","TheCursedMod:CircleOfFlame+1"],"relics":["TheCursedMod:BlackMagic101","War Paint","Bag of Preparation","Mercury Hourglass","Whetstone","Calling Bell","CeramicFish","Meat on the Bone","Mango","downfall:ExtraCursedKey","Regal Pillow","Toy Ornithopter","Orrery","White Beast Statue"],"acts_visited":["Exordium","TheCity"],"potions_floor_usage":[12,12,16,18,23,23,25],"damage_taken":[{"damage":10,"enemies":"Small Slimes","floor":1,"turns":3},{"damage":9,"enemies":"Jaw Worm","floor":3,"turns":3},{"damage":3,"enemies":"Cultist","floor":5,"turns":3},{"damage":0,"enemies":"3 Louse","floor":7,"turns":1},{"damage":22,"enemies":"Lagavulin","floor":12,"turns":4},{"damage":0,"enemies":"Looter","floor":13,"turns":2},{"damage":0,"enemies":"Lots of Slimes","floor":14,"turns":1},{"damage":9,"enemies":"Slime Boss","floor":16,"turns":7},{"damage":0,"enemies":"Chosen","floor":18,"turns":4},{"damage":0,"enemies":"Spheric Guardian","floor":20,"turns":3},{"damage":4,"enemies":"Cultist and Chosen","floor":22,"turns":5},{"damage":17,"enemies":"Slavers","floor":23,"turns":3},{"damage":10,"enemies":"Shelled Parasite and Fungi","floor":25,"turns":2},{"damage":11,"enemies":"Centurion and Healer","floor":28,"turns":4},{"damage":7,"enemies":"3 Cultists","floor":31,"turns":3},{"damage":53,"enemies":"Collector","floor":33,"turns":3}],"seed_played":"1584644113284234895","potions_obtained":[{"floor":1,"key":"LiquidMemories"},{"floor":5,"key":"LiquidMemories"},{"floor":14,"key":"EssenceOfSteel"},{"floor":16,"key":"Energy Potion"},{"floor":18,"key":"SkillPotion"},{"floor":20,"key":"AttackPotion"},{"floor":22,"key":"AttackPotion"},{"floor":31,"key":"SneckoOil"}],"is_trial":false,"path_per_floor":["M","?","M","?","M","R","M","R","T","$","R","E","M","M","R","B",null,"M","$","M","?","M","E","R","M","T","$","M","?","?","M","R","B"],"character_chosen":"THE_CURSED","items_purchased":["Mercury Hourglass","TheCursedMod:DemonicPact","TheCursedMod:SpitefulPlan","TheCursedMod:CircleOfCorruption","Orrery"],"campfire_rested":0,"item_purchase_floors":[10,10,19,19,27],"current_hp_per_floor":[65,65,56,56,53,53,53,53,53,53,53,31,31,31,31,22,89,89,89,89,89,85,68,68,58,58,58,47,47,47,52,52,0,0],"gold":113,"neow_bonus":"TWO_FIFTY_GOLD","is_daily":false,"chose_seed":false,"campfire_upgraded":6,"win_rate":0.0,"timestamp":1612772563,"path_taken":["M","?","M","?","M","R","M","R","T","$","R","E","?","M","R","BOSS","M","$","M","?","M","E","R","M","T","$","M","?","?","M","R","BOSS"],"items_purchased_type":["Relic","Card","Card","Card","Relic"],"build_version":"2020-12-22","purchased_purges":3,"victory":false,"max_hp_per_floor":[75,75,75,75,75,75,75,75,75,75,75,75,75,75,75,75,89,89,89,89,89,89,89,89,89,89,89,89,89,89,89,89,89,89],"card_choices":[{"not_picked":["TheCursedMod:Wield","TheCursedMod:AbyssShockwave"],"picked":"TheCursedMod:SpitefulStrike","floor":1},{"not_picked":["TheCursedMod:RavingStaff","TheCursedMod:BlessingInDisguise"],"picked":"TheCursedMod:SpitefulStrike","floor":3},{"not_picked":["TheCursedMod:DoubleShield","TheCursedMod:EmpowerCircles"],"picked":"TheCursedMod:AbyssShockwave","floor":5},{"not_picked":["TheCursedMod:CircleOfFlame","TheCursedMod:CircleOfWindfury"],"picked":"TheCursedMod:LuckyCharm","floor":7},{"not_picked":["TheCursedMod:Evocation","TheCursedMod:CursedShiv"],"picked":"TheCursedMod:WearCloak","floor":12},{"not_picked":["TheCursedMod:Mangle","TheCursedMod:Wield"],"picked":"TheCursedMod:ReleasedKnowledge","floor":13},{"not_picked":["TheCursedMod:VitalStrike","TheCursedMod:RavingStaff","TheCursedMod:CursedMace"],"picked":"SKIP","floor":14},{"not_picked":["TheCursedMod:UltimatePain","TheCursedMod:NeowsMight"],"picked":"TheCursedMod:CollectTribute","floor":16},{"not_picked":["TheCursedMod:FleshFromBone","TheCursedMod:Stigma"],"picked":"TheCursedMod:RapidMovement+1","floor":18},{"not_picked":["TheCursedMod:CircleOfFlame","TheCursedMod:SpitefulPlan"],"picked":"TheCursedMod:DoubleShield","floor":20},{"not_picked":["TheCursedMod:CursedBlade","TheCursedMod:DoubleShield"],"picked":"TheCursedMod:CursedStaff","floor":22},{"not_picked":["TheCursedMod:CursedBlade+1","TheCursedMod:CursedShiv","TheCursedMod:RavingStaff"],"picked":"SKIP","floor":23},{"not_picked":["TheCursedMod:ReleasedKnowledge","TheCursedMod:UltimatePain"],"picked":"TheCursedMod:CircleOfFlame+1","floor":25},{"not_picked":["TheCursedMod:CursedAmulet+1","TheCursedMod:SpreadPlague"],"picked":"TheCursedMod:CircleOfCorruption+1","floor":27},{"not_picked":["TheCursedMod:AshesToAshes","TheCursedMod:Stretching"],"picked":"TheCursedMod:ReleasedKnowledge","floor":27},{"not_picked":["TheCursedMod:CursedMace","TheCursedMod:Torture"],"picked":"TheCursedMod:WearCloak","floor":27},{"not_picked":["TheCursedMod:CursedSpellbook+1","TheCursedMod:HellsGateOpen"],"picked":"TheCursedMod:CursedAmulet+1","floor":27},{"not_picked":["TheCursedMod:Obscuration","TheCursedMod:RavingStaff+1"],"picked":"TheCursedMod:Wield","floor":27},{"not_picked":["TheCursedMod:RapidMovement","TheCursedMod:CursedAmulet","TheCursedMod:TacticalStrike"],"picked":"SKIP","floor":28},{"not_picked":["TheCursedMod:OutForBlood","TheCursedMod:CursedShiv"],"picked":"TheCursedMod:CircleOfFlame+1","floor":31}],"player_experience":188635,"relics_obtained":[{"floor":9,"key":"Bag of Preparation"},{"floor":12,"key":"Whetstone"},{"floor":17,"key":"CeramicFish"},{"floor":17,"key":"Meat on the Bone"},{"floor":17,"key":"Mango"},{"floor":23,"key":"Regal Pillow"},{"floor":26,"key":"Toy Ornithopter"}],"event_choices":[{"damage_healed":0,"gold_gain":0,"player_choice":"Box","damage_taken":0,"relics_obtained":["War Paint"],"max_hp_gain":0,"max_hp_loss":0,"event_name":"Big Fish","floor":2,"gold_loss":0,"cards_obtained":["Regret"]},{"damage_healed":0,"gold_gain":0,"player_choice":"Ignored","damage_taken":0,"max_hp_gain":0,"max_hp_loss":0,"event_name":"NoteForYourself","floor":4,"gold_loss":0},{"damage_healed":0,"gold_gain":0,"player_choice":"Stole Relic","damage_taken":0,"relics_obtained":["White Beast Statue"],"max_hp_gain":0,"max_hp_loss":0,"event_name":"Addict","floor":29,"gold_loss":0,"cards_obtained":["Shame"]},{"damage_healed":0,"gold_gain":0,"player_choice":"Bought 0 Potions","damage_taken":0,"max_hp_gain":0,"max_hp_loss":0,"event_name":"The Woman in Blue","floor":30,"gold_loss":0}],"is_beta":false,"boss_relics":[{"not_picked":["SlaversCollar","bronze:MakeshiftBattery"],"picked":"Calling Bell"}],"items_purged_floors":[10,19,27],"is_endless":false,"potions_floor_spawned":[1,5,14,16,18,20,22,31],"killed_by":"Collector","ascension_level":0}}