{"host":"udzsrhbqdxqtlypj","time":1612812138,"event":{"mods":["BaseMod","Minty Spire (QoL Compilation)","Relic Stats"],"gold_per_floor":[109,126,136,10,20,54,54,54,54],"floor_reached":8,"language":"ENG","playtime":1578,"items_purged":["Strike_G"],"score":87,"play_id":"5a9d7d1c-0062-481b-bf9f-dcb68131d82b","local_time":"20210208132218","is_ascension_mode":true,"campfire_choices":[{"data":"The Bomb","floor":7,"key":"SMITH"}],"circlet_count":0,"master_deck":["AscendersBane","Strike_G","Strike_G","Strike_G","Strike_G","Defend_G","Defend_G","Defend_G","Defend_G","Defend_G","Survivor","Neutralize","The Bomb+1","Quick Slash","Deflect"],"relics":["Ring of the Snake","The Courier"],"acts_visited":["Exordium"],"potions_floor_usage":[6,8,8],"damage_taken":[{"damage":7,"enemies":"Jaw Worm","floor":1,"turns":4},{"damage":0,"enemies":"2 Louse","floor":2,"turns":3},{"damage":0,"enemies":"Small Slimes","floor":3,"turns":4},{"damage":18,"enemies":"Gremlin Gang","floor":5,"turns":3},{"damage":12,"enemies":"Lagavulin","floor":6,"turns":7},{"damage":26,"enemies":"Gremlin Nob","floor":8,"turns":3}],"seed_played":"7713422699093970792","potions_obtained":[{"floor":5,"key":"Weak Potion"},{"floor":6,"key":"SneckoOil"}],"is_trial":false,"path_per_floor":["M","M","M","$","M","E","R","E"],"character_chosen":"THE_SILENT","items_purchased":["Swift Potion"],"campfire_rested":0,"item_purchase_floors":[4],"current_hp_per_floor":[56,56,56,56,38,26,26,0,0],"gold":54,"neow_bonus":"RANDOM_COLORLESS_2","is_daily":false,"chose_seed":false,"campfire_upgraded":1,"win_rate":0.0,"timestamp":1612812138,"path_taken":["M","M","M","$","M","E","R","E"],"items_purchased_type":["Potion"],"build_version":"2020-12-22","purchased_purges":1,"victory":false,"max_hp_per_floor":[63,63,63,63,63,63,63,63,63],"relic_stats":{"counters":[6,24],"obtain_stats":[{"The Courier":6,"Ring of the Snake":0},{"The Courier":5,"Ring of the Snake":0},{"The Courier":21,"Ring of the Snake":0}],"Ring of the Snake":[12]},"card_choices":[{"not_picked":["Metamorphosis","Secret Technique"],"picked":"The Bomb","floor":0},{"not_picked":["Endless Agony","Bane"],"picked":"Quick Slash","floor":1},{"not_picked":["Tactician","Sucker Punch"],"picked":"Deflect","floor":2},{"not_picked":["Bane","Caltrops","Backstab"],"picked":"SKIP","floor":3},{"not_picked":["Riddle With Holes","Blade Dance","Slice"],"picked":"SKIP","floor":5},{"not_picked":["Bane","Expertise","Quick Slash"],"picked":"SKIP","floor":6}],"player_experience":2836619,"relics_obtained":[{"floor":6,"key":"The Courier"}],"event_choices":[],"is_beta":false,"boss_relics":[],"items_purged_floors":[4],"is_endless":false,"potions_floor_spawned":[5,6],"killed_by":"Gremlin Nob","ascension_level":10}}