{"host":"o6nndy8fvkon49s1","time":1612822515,"event":{"mods":["100% Spire Juice","BaseMod","CapriCore","Hermit","Marisa????????","Minty Spire (QoL Compilation)","Prisma Mod","StSLib","Td1madao Mod","The Alterego","The Animator","The Bug Knight","The Forsaken","The Immortal","The Marked","The Servant 0.9.4"],"gold_per_floor":[111,130,31,31,41,41,61,61,61,61,77,94,8,8,8,112,112,112],"floor_reached":17,"language":"ENG","playtime":494,"items_purged":["Strike_B"],"score":147,"play_id":"9707e7ee-18fc-4c60-9454-2409031ed6ba","local_time":"20210208161515","is_ascension_mode":false,"campfire_choices":[{"data":"Zap","floor":6,"key":"SMITH"},{"data":"Defragment","floor":8,"key":"SMITH"},{"data":"Dualcast","floor":15,"key":"SMITH"}],"circlet_count":0,"master_deck":["Strike_B","Strike_B","Defend_B","Defend_B","Defend_B","Defend_B","Zap+1","Dualcast+1","Cold Snap","Sweeping Beam","Beam Cell","Leap","Defragment+1","Compile Driver","Finesse","Machine Learning"],"relics":["Cracked Core","theForsaken:ScaryMask","Black Star"],"acts_visited":["Exordium","TheCity"],"potions_floor_usage":[16],"damage_taken":[{"damage":10,"enemies":"Jaw Worm","floor":1,"turns":4},{"damage":2,"enemies":"2 Louse","floor":2,"turns":2},{"damage":4,"enemies":"Cultist","floor":5,"turns":3},{"damage":11,"enemies":"Lots of Slimes","floor":7,"turns":3},{"damage":0,"enemies":"Blue Slaver","floor":11,"turns":4},{"damage":0,"enemies":"2 Fungi Beasts","floor":12,"turns":2},{"damage":19,"enemies":"The Guardian","floor":16,"turns":11}],"seed_played":"-5540847562292569177","potions_obtained":[{"floor":1,"key":"GamblersBrew"},{"floor":2,"key":"SmokeBomb"},{"floor":11,"key":"PowerPotion"},{"floor":12,"key":"Explosive Potion"}],"is_trial":false,"path_per_floor":["M","M","$","?","M","R","M","R","T","$","M","M","$","?","R","B",null],"character_chosen":"DEFECT","items_purchased":["Beam Cell","Finesse"],"campfire_rested":0,"item_purchase_floors":[3,13],"current_hp_per_floor":[72,70,70,63,59,59,48,48,48,48,48,48,48,48,48,29,82,82],"gold":112,"neow_bonus":"TEN_PERCENT_HP_BONUS","is_daily":false,"chose_seed":false,"campfire_upgraded":3,"win_rate":0.0,"timestamp":1612822515,"path_taken":["M","M","$","?","M","R","M","R","T","$","M","M","$","?","R","BOSS"],"items_purchased_type":["Card","Card"],"build_version":"2020-12-22","purchased_purges":1,"victory":false,"max_hp_per_floor":[82,82,82,82,82,82,82,82,82,82,82,82,82,82,82,82,82,82],"card_choices":[{"not_picked":["Steam Power","Streamline"],"picked":"Cold Snap","floor":1},{"not_picked":["Compile Driver","Darkness"],"picked":"Sweeping Beam","floor":2},{"not_picked":["Streamline","Cold Snap"],"picked":"Leap","floor":5},{"not_picked":["Cold Snap","Stack"],"picked":"Defragment","floor":7},{"not_picked":["Hello World","Redo","Reprogram"],"picked":"SKIP","floor":11},{"not_picked":["BootSequence","Fusion"],"picked":"Compile Driver","floor":12},{"not_picked":["Biased Cognition","Amplify"],"picked":"Machine Learning","floor":16}],"player_experience":263783,"relics_obtained":[{"floor":9,"key":"theForsaken:ScaryMask"}],"event_choices":[{"cards_removed":["Strike_B"],"damage_healed":0,"gold_gain":0,"player_choice":"Card Removal","damage_taken":7,"max_hp_gain":0,"max_hp_loss":0,"event_name":"Golden Wing","floor":4,"gold_loss":0}],"is_beta":false,"boss_relics":[{"not_picked":["FrozenCore","Fusion Hammer"],"picked":"Black Star"}],"items_purged_floors":[3],"is_endless":false,"potions_floor_spawned":[1,2,11,12],"ascension_level":0}}