{"host":"665g8wmplxs7g59h","time":1612785576,"event":{"mods":["AchievementEnabler","BaseMod","Colored Map","DeckTracker","Minty Spire (QoL Compilation)","Permanent Neow","SuperFastMode"],"gold_per_floor":[117,67,21,21,21,21,40,53,53,63,63,79,79,92,92,92,92],"floor_reached":16,"language":"KOR","playtime":493,"items_purged":[],"score":92,"play_id":"30588203-40a6-4c8d-a11e-5f2ad0c98ec5","local_time":"20210208205936","is_ascension_mode":false,"campfire_choices":[{"floor":6,"key":"RECALL"},{"data":"Crippling Poison","floor":13,"key":"SMITH"},{"data":"Prepared","floor":15,"key":"SMITH"}],"circlet_count":0,"master_deck":["Strike_G","Strike_G","Strike_G","Defend_G","Defend_G","Defend_G","Defend_G","Survivor","Neutralize","Predator","Outmaneuver+1","Prepared+1","Crippling Poison+1"],"relics":["Ring of the Snake"],"acts_visited":["Exordium"],"potions_floor_usage":[16,16,16],"damage_taken":[{"damage":3,"enemies":"Jaw Worm","floor":1,"turns":6},{"damage":0,"enemies":"2 Louse","floor":7,"turns":2},{"damage":5,"enemies":"Cultist","floor":8,"turns":5},{"damage":9,"enemies":"Looter","floor":10,"turns":4},{"damage":17,"enemies":"Lots of Slimes","floor":12,"turns":6},{"damage":0,"enemies":"2 Fungi Beasts","floor":14,"turns":3},{"damage":41,"enemies":"The Guardian","floor":16,"turns":17}],"seed_played":"-7215930193616640709","potions_obtained":[{"floor":1,"key":"AttackPotion"},{"floor":10,"key":"Fruit Juice"},{"floor":14,"key":"LiquidMemories"}],"is_trial":false,"path_per_floor":["M","?","$","?","$","R","M","M","T","M","?","M","R","M","R","B"],"character_chosen":"THE_SILENT","items_purchased":["Outmaneuver"],"campfire_rested":0,"item_purchase_floors":[3],"current_hp_per_floor":[67,67,67,67,67,67,67,62,62,53,53,36,36,36,36,0,0],"gold":92,"neow_bonus":"TRANSFORM_CARD","is_daily":false,"chose_seed":false,"campfire_upgraded":2,"win_rate":0.0,"timestamp":1612785576,"path_taken":["M","?","$","?","$","R","?","M","T","M","?","M","R","?","R","BOSS"],"items_purchased_type":["Card"],"build_version":"2020-12-22","purchased_purges":0,"victory":false,"max_hp_per_floor":[70,70,70,70,70,70,70,70,70,70,70,70,70,70,70,75,75],"card_choices":[{"not_picked":["Infinite Blades","Slice","Cloak And Dagger"],"picked":"SKIP","floor":1},{"not_picked":["Quick Slash","Cloak And Dagger"],"picked":"Prepared","floor":7},{"not_picked":["Prepared","Well Laid Plans","Escape Plan"],"picked":"SKIP","floor":8},{"not_picked":["Poisoned Stab","Dodge and Roll","Slice"],"picked":"SKIP","floor":10},{"not_picked":["Poisoned Stab","Outmaneuver"],"picked":"Crippling Poison","floor":12},{"not_picked":["Outmaneuver","Leg Sweep","Cloak And Dagger"],"picked":"SKIP","floor":14}],"player_experience":62018,"relics_obtained":[],"event_choices":[{"cards_removed":["Strike_G"],"damage_healed":0,"gold_gain":0,"player_choice":"Card Removal","damage_taken":0,"max_hp_gain":0,"max_hp_loss":0,"event_name":"The Cleric","floor":2,"gold_loss":50},{"damage_healed":0,"gold_gain":0,"player_choice":"Forge","damage_taken":0,"max_hp_gain":0,"max_hp_loss":0,"event_name":"Accursed Blacksmith","floor":4,"gold_loss":0,"cards_upgraded":["Outmaneuver"]},{"cards_removed":["Defend_G"],"damage_healed":0,"gold_gain":0,"player_choice":"Purged","damage_taken":0,"max_hp_gain":0,"max_hp_loss":0,"event_name":"Purifier","floor":11,"gold_loss":0}],"is_beta":false,"boss_relics":[],"items_purged_floors":[],"is_endless":false,"potions_floor_spawned":[1,10,14],"killed_by":"The Guardian","ascension_level":0}}