{"host":"0r2yuz9akuqaukjg","time":1612772652,"event":{"mods":["2.2 Compatiblity","AchievementEnabler","BaseMod","Dota2Spire","Downfall","Friendly Minions","Hermit","HumanHunterMod(????mod)","Infinite Spire","Jorbs\u0027s Wanderer Trilogy","Lobotomy","LobotomyExtend","Minty Spire (QoL Compilation)","Reliquary","Replay The Spire","Spicy Shops","StSLib","The Bug Knight","The Construct","The Cursed","The Disciple","The Hierophant","The Jungle","The Marked","The Mystic","The Runesmith","The Servant 0.9.4","Trackpad"],"gold_per_floor":[117,129,129,129,146,146,161,161,161,15,15,15,15,29,29,133,133,144,144,144,144,164,164,178,178,178,178,190,190,190,202,202,301,301,315,326,0,12,12,12,12,12],"floor_reached":41,"language":"ENG","playtime":2675,"items_purged":[],"score":356,"play_id":"4db6e087-55be-4d20-863a-22a882eb516b","local_time":"20210208022412","daily_mods":["SealedDeck","Colorless Cards","Heirloom"],"is_ascension_mode":false,"campfire_choices":[{"data":"Flex","floor":6.0,"key":"SMITH"},{"data":"Flex","floor":12.0,"key":"SMITH"},{"data":"Iron Wave","floor":15.0,"key":"SMITH"},{"data":"Midas Touch","floor":23.0,"key":"SMITH"},{"data":"Shrug It Off","floor":25.0,"key":"SMITH"},{"data":"Barricade","floor":29.0,"key":"SMITH"},{"data":"infinitespire:Collect","floor":32.0,"key":"SMITH"},{"data":"Replay:Undeath\u0027s Touch","floor":40,"key":"SMITH"}],"circlet_count":0,"master_deck":["Flex+1","Iron Wave+1","Shrug It Off+1","Flex+1","Twin Strike","Twin Strike","Twin Strike","Twin Strike","Twin Strike","Twin Strike","Clash","Iron Wave","Replay:Undeath\u0027s Touch+1","Iron Wave","Replay:Undeath\u0027s Touch+1","Reaper","Anger","Midas Touch+1","Barricade+1","Spot Weakness+1","Shrug It Off+1","infinitespire:Collect+1"],"relics":["Burning Blood","reliquary:OuijaBoard","HollowMod:PaleOreRelic","Dota2Spire:OctarineCore","trackpad:IceCube","Replay:Baseball","Busted Crown","infinitespire:ShieldingShard","bronze:MakeshiftBattery","Red Mask"],"acts_visited":["Exordium","theJungle:Jungle","TheBeyond"],"potions_floor_usage":[38,41,41],"damage_taken":[{"damage":0.0,"enemies":"Cultist","floor":1.0,"turns":2.0},{"damage":11.0,"enemies":"Jaw Worm","floor":2.0,"turns":2.0},{"damage":0.0,"enemies":"Small Slimes","floor":5.0,"turns":2.0},{"damage":0.0,"enemies":"3 Louse","floor":7.0,"turns":1.0},{"damage":0.0,"enemies":"Lots of Slimes","floor":14.0,"turns":2.0},{"damage":0.0,"enemies":"Slime Boss","floor":16.0,"turns":4.0},{"damage":5.0,"enemies":"theJungle:5_Spyders","floor":18.0,"turns":4.0},{"damage":13.0,"enemies":"theJungle:Flameango_and_Byrd","floor":22.0,"turns":5.0},{"damage":5.0,"enemies":"theJungle:Lyon","floor":24.0,"turns":3.0},{"damage":0.0,"enemies":"theJungle:JungleHuntersEncounter","floor":28.0,"turns":5.0},{"damage":0.0,"enemies":"theJungle:SlimyTreeVines","floor":31.0,"turns":3.0},{"damage":52.0,"enemies":"theJungle:TotemBoss","floor":33.0,"turns":6.0},{"damage":5.0,"enemies":"3 Shapes","floor":35.0,"turns":5.0},{"damage":5.0,"enemies":"Orb Walker","floor":36.0,"turns":4.0},{"damage":29,"enemies":"Jaw Worm Horde","floor":38,"turns":4},{"damage":108,"enemies":"Spire Growth","floor":41,"turns":5}],"seed_played":"-5699692185475265856","potions_obtained":[{"floor":2.0,"key":"Strength Potion"},{"floor":5.0,"key":"bronze:BurnAndBuffPotion"},{"floor":16.0,"key":"BloodPotion"},{"floor":33.0,"key":"Weak Potion"},{"floor":38,"key":"hexamod:SoulburnPotion"}],"is_trial":true,"path_per_floor":["M","M","WH","WH","M","R","M","WH","T","$","$","R","?","M","R","B",null,"M","WH","WH","WH","M","R","M","R","T","?","M","R","?","M","R","B",null,"M","M","?","M","?","R","M"],"character_chosen":"IRONCLAD","items_purchased":["Replay:Baseball"],"campfire_rested":0,"item_purchase_floors":[10],"current_hp_per_floor":[80,75,75,75,80,80,80,72,72,72,72,72,72,72,72,72,72,72,79,79,79,72,72,73,73,73,73,79,79,60,69,69,39,79,79,79,79,79,79,79,0,0],"gold":12,"neow_bonus":"ONE_RANDOM_RARE_CARD","is_daily":false,"chose_seed":false,"campfire_upgraded":8,"win_rate":0.0,"timestamp":1612772652,"path_taken":["M","M","WH","WH","M","R","M","WH","T","?","$","R","?","M","R","BOSS","M","WH","WH","WH","M","R","M","R","T","?","M","R","?","M","R","BOSS","M","M","WH","M","?","R","?"],"items_purchased_type":["Relic"],"build_version":"2020-12-22","purchased_purges":0,"victory":false,"max_hp_per_floor":[80,80,80,80,80,80,80,72,72,72,72,72,72,72,72,72,72,72,79,79,79,79,79,79,79,79,79,79,79,79,79,79,79,79,79,79,79,79,79,79,79,79],"card_choices":[{"not_picked":["Cleave","ReplayTheSpireMod:Corrosion Curse"],"picked":"Clash","floor":1.0},{"not_picked":["Heavy Blade","Havoc"],"picked":"Iron Wave","floor":2.0},{"not_picked":["Havoc","Headbutt"],"picked":"Replay:Undeath\u0027s Touch","floor":5.0},{"not_picked":["Swift Strike","Cleave"],"picked":"Iron Wave","floor":7.0},{"not_picked":["Perfected Strike","Sword Boomerang"],"picked":"Replay:Undeath\u0027s Touch","floor":14.0},{"not_picked":["Exhume","Secret Technique"],"picked":"Reaper","floor":16.0},{"not_picked":[],"picked":"Anger","floor":18.0},{"not_picked":[],"picked":"Spot Weakness+1","floor":22.0},{"not_picked":[],"picked":"Shrug It Off","floor":24.0},{"not_picked":["Wild Strike"],"picked":"SKIP","floor":28.0},{"not_picked":["ReplayTheSpireMod:Book of Names","infinitespire:SevenWalls"],"picked":"infinitespire:Collect","floor":30.0},{"not_picked":["Thunderclap"],"picked":"SKIP","floor":31.0},{"not_picked":["Metallicize"],"picked":"SKIP","floor":35.0},{"not_picked":["Specialist+1"],"picked":"SKIP","floor":36.0},{"not_picked":["Armaments+1"],"picked":"SKIP","floor":38}],"player_experience":63824,"relics_obtained":[{"floor":9.0,"key":"trackpad:IceCube"},{"floor":26.0,"key":"infinitespire:ShieldingShard"}],"event_choices":[{"damage_healed":0,"gold_gain":0,"player_choice":"Paid","damage_taken":0,"relics_obtained":["Red Mask"],"max_hp_gain":0,"max_hp_loss":0,"event_name":"Tomb of Lord Red Mask","floor":37,"gold_loss":326},{"damage_healed":0,"gold_gain":0,"player_choice":"Upgraded","damage_taken":0,"max_hp_gain":0,"max_hp_loss":0,"event_name":"Upgrade Shrine","floor":39,"gold_loss":0,"cards_upgraded":["Replay:Undeath\u0027s Touch"]}],"is_beta":false,"boss_relics":[{"not_picked":["Sozu","Fusion Hammer"],"picked":"Busted Crown"},{"not_picked":["Black Star","Velvet Choker"],"picked":"bronze:MakeshiftBattery"}],"items_purged_floors":[],"is_endless":false,"potions_floor_spawned":[2,5,16,24,33,38],"killed_by":"Spire Growth","ascension_level":0}}