{"host":"m4pe905ae9bldoe7","time":1612791527,"event":{"mods":["BaseMod","Bestiary","Block Reminder","Downfall","Minty Spire (QoL Compilation)","StSLib"],"gold_per_floor":[114,114,114,19,29,62,76,76,127,302,328,340,353,308,308,387,387,327,426,152,165,165,165,180,180,180,180,180],"floor_reached":27,"language":"ENG","playtime":935,"items_purged":["Regret"],"score":457,"play_id":"871a041a-9926-485a-b99f-8e0d55a8d3c6","local_time":"20210208143847","is_ascension_mode":true,"campfire_choices":[{"data":"Entrench","floor":8,"key":"SMITH"},{"floor":15,"key":"REST"},{"data":"Barricade","floor":23,"key":"SMITH"},{"floor":25,"key":"REST"}],"circlet_count":0,"master_deck":["AscendersBane","Strike_R","Strike_R","Strike_R","Strike_R","Strike_R","Defend_R","Defend_R","Defend_R","Defend_R","Bash","Thunderclap","Body Slam","Metallicize","Shrug It Off","True Grit","Entrench+1","Doubt","Barricade+1","Feel No Pain","Entrench","Exhume","Power Through","Shrug It Off","Body Slam"],"relics":["Burning Blood","NeowsBlessing","Regal Pillow","Potion Belt","Lizard Tail","Boot","StoneCalendar","Runic Dome","Oddly Smooth Stone","Happy Flower"],"acts_visited":["Exordium","TheCity"],"potions_floor_usage":[11,12,13,27],"damage_taken":[{"damage":0,"enemies":"Jaw Worm","floor":1,"turns":1},{"damage":0,"enemies":"Small Slimes","floor":5,"turns":1},{"damage":0,"enemies":"Gremlin Nob","floor":6,"turns":1},{"damage":10,"enemies":"2 Louse","floor":7,"turns":4},{"damage":78,"enemies":"Lagavulin","floor":11,"turns":16},{"damage":19,"enemies":"Exordium Wildlife","floor":12,"turns":7},{"damage":35,"enemies":"3 Louse","floor":13,"turns":7},{"damage":12,"enemies":"Looter","floor":14,"turns":5},{"damage":19,"enemies":"Hexaghost","floor":16,"turns":12},{"damage":23,"enemies":"2 Thieves","floor":18,"turns":4},{"damage":30,"enemies":"3 Byrds","floor":21,"turns":7},{"damage":19,"enemies":"Snake Plant","floor":24,"turns":7},{"damage":49,"enemies":"Book of Stabbing","floor":27,"turns":7}],"seed_played":"-7240748713655013901","potions_obtained":[{"floor":5,"key":"Ancient Potion"},{"floor":11,"key":"BloodPotion"},{"floor":12,"key":"BlessingOfTheForge"},{"floor":16,"key":"GamblersBrew"}],"is_trial":false,"path_per_floor":["M","?","?","$","M","E","M","R","T","?","E","M","M","M","R","B",null,"M","?","$","M","?","R","M","R","T","E"],"character_chosen":"IRONCLAD","items_purchased":["Body Slam","Metallicize","Oddly Smooth Stone","Shrug It Off"],"campfire_rested":2,"item_purchase_floors":[4,4,20,20],"current_hp_per_floor":[74,67,67,67,73,75,71,71,71,71,41,43,14,8,45,32,64,47,47,47,23,23,23,10,47,47,0,0],"gold":180,"neow_bonus":"THREE_ENEMY_KILL","is_daily":false,"chose_seed":false,"campfire_upgraded":2,"win_rate":0.0,"timestamp":1612791527,"path_taken":["M","?","?","?","M","E","M","R","T","?","E","M","M","M","R","BOSS","M","?","$","M","?","R","M","R","T","E"],"items_purchased_type":["Card","Card","Relic","Card"],"build_version":"2020-12-22","purchased_purges":1,"victory":false,"max_hp_per_floor":[75,75,75,75,75,75,75,75,75,75,75,75,75,75,75,75,75,75,75,75,75,75,75,75,75,75,75,75],"card_choices":[{"not_picked":["Clash","Warcry"],"picked":"Thunderclap","floor":1},{"not_picked":["Twin Strike","Shrug It Off","Uppercut"],"picked":"SKIP","floor":5},{"not_picked":["Twin Strike","Uppercut"],"picked":"Shrug It Off","floor":5},{"not_picked":["Flex","Havoc"],"picked":"True Grit","floor":6},{"not_picked":["Shrug It Off","Intimidate"],"picked":"Entrench","floor":7},{"not_picked":["Rampage","Havoc"],"picked":"Barricade","floor":11},{"not_picked":["Cleave","Thunderclap","Evolve"],"picked":"SKIP","floor":12},{"not_picked":["True Grit","Havoc"],"picked":"Feel No Pain","floor":13},{"not_picked":["Pummel","Iron Wave"],"picked":"Entrench","floor":14},{"not_picked":["Limit Break","Demon Form"],"picked":"Exhume","floor":16},{"not_picked":["Thunderclap","Perfected Strike"],"picked":"Power Through","floor":18},{"not_picked":["Shrug It Off","Evolve"],"picked":"Body Slam","floor":21},{"not_picked":["Rampage","Perfected Strike","Wild Strike+1"],"picked":"SKIP","floor":24}],"player_experience":529295,"relics_obtained":[{"floor":6,"key":"Lizard Tail"},{"floor":9,"key":"Boot"},{"floor":11,"key":"StoneCalendar"},{"floor":26,"key":"Happy Flower"}],"event_choices":[{"damage_healed":0,"gold_gain":0,"player_choice":"Success","damage_taken":7,"relics_obtained":["Regal Pillow"],"max_hp_gain":0,"max_hp_loss":0,"event_name":"Scrap Ooze","floor":2,"gold_loss":0},{"damage_healed":0,"gold_gain":0,"player_choice":"Box","damage_taken":0,"relics_obtained":["Potion Belt"],"max_hp_gain":0,"max_hp_loss":0,"event_name":"Big Fish","floor":3,"gold_loss":0,"cards_obtained":["Regret"]},{"damage_healed":0,"gold_gain":175,"player_choice":"AGREE","damage_taken":0,"max_hp_gain":0,"max_hp_loss":0,"event_name":"Liars Game","floor":10,"gold_loss":0,"cards_obtained":["Doubt"]},{"damage_healed":0,"gold_gain":99,"player_choice":"Stole From Cult","damage_taken":0,"max_hp_gain":0,"max_hp_loss":0,"event_name":"Nest","floor":19,"gold_loss":0},{"damage_healed":0,"gold_gain":0,"player_choice":"Ignored","damage_taken":0,"max_hp_gain":0,"max_hp_loss":0,"event_name":"Ghosts","floor":22,"gold_loss":0}],"is_beta":false,"boss_relics":[{"not_picked":["Sozu","bronze:MakeshiftBattery"],"picked":"Runic Dome"}],"items_purged_floors":[20],"is_endless":false,"potions_floor_spawned":[5,11,12,16],"killed_by":"Book of Stabbing","ascension_level":14}}