{"host":"j5j96s76v36ug78u","time":1612797420,"event":{"mods":["BaseMod","Better Third Choice","Highlight Path","Minty Spire (QoL Compilation)","Potion Indicator Mod","Potionbrewer","Reliquary","StSLib","The Alterego","The Blackbeard","The Hierophant","The Senshi","The Servant 0.9.4","The Showman"],"gold_per_floor":[114,114,114,132,148,187,187,218,243,274,39,51,51,65,65,163,163,180,200,220,231,249,249,249,249],"floor_reached":23,"language":"ENG","playtime":4342,"items_purged":["blackbeard:BlackbeardStrike"],"score":215,"play_id":"2e81dc39-129c-4c85-b55a-3c07c54a8e11","local_time":"20210208121700","is_ascension_mode":false,"campfire_choices":[{"data":"Bludgeon","floor":7,"key":"SMITH"},{"floor":13,"key":"REST"},{"data":"blackbeard:BoostMorale","floor":15,"key":"SMITH"}],"circlet_count":0,"master_deck":["blackbeard:BlackbeardStrike","blackbeard:BlackbeardStrike","blackbeard:IntimidatingStrike","blackbeard:BlackbeardDefend","blackbeard:BlackbeardDefend","blackbeard:Cutlass","blackbeard:DangerousBlow+1","Bludgeon+1","blackbeard:Upgrade","blackbeard:Anchor","blackbeard:Spear","blackbeard:JollyRoger","blackbeard:DoubleCannonball","blackbeard:FieryDefense","blackbeard:BoostMorale+1","blackbeard:TheDrunkenSailor","blackbeard:PirateEarring+1","blackbeard:Anchor+1","blackbeard:BrownPants+1","blackbeard:BeatUp+1","blackbeard:RearmingStrike","blackbeard:GoldenDefense"],"relics":["blackbeard:LoadTheCannons","NeowsBlessing","Lantern","potionbrewer:ToyAutogyro","Unceasing Top","reliquary:ExpiredCoupon","Regal Pillow","Membership Card","Astrolabe"],"acts_visited":["Exordium","TheCity"],"potions_floor_usage":[6,8,16,23],"damage_taken":[{"damage":0,"enemies":"Small Slimes","floor":1,"turns":1},{"damage":0,"enemies":"Cultist","floor":4,"turns":1},{"damage":0,"enemies":"Jaw Worm","floor":5,"turns":1},{"damage":26,"enemies":"3 Sentries","floor":6,"turns":7},{"damage":8,"enemies":"Gremlin Nob","floor":8,"turns":3},{"damage":28,"enemies":"Lagavulin","floor":10,"turns":4},{"damage":0,"enemies":"2 Fungi Beasts","floor":12,"turns":2},{"damage":2,"enemies":"Looter","floor":14,"turns":3},{"damage":26,"enemies":"The Guardian","floor":16,"turns":4},{"damage":1,"enemies":"Shell Parasite","floor":18,"turns":3},{"damage":24,"enemies":"Spheric Guardian","floor":19,"turns":4},{"damage":9,"enemies":"Snake Plant","floor":20,"turns":4},{"damage":6,"enemies":"3 Cultists","floor":21,"turns":4},{"damage":4,"enemies":"Chosen and Byrds","floor":22,"turns":5},{"damage":34,"enemies":"Gremlin Leader","floor":23,"turns":4}],"seed_played":"-8111875905737187745","potions_obtained":[{"floor":1,"key":"Dexterity Potion"},{"floor":4,"key":"potionbrewer:MidasPotion"},{"floor":6,"key":"Strength Potion"},{"floor":10,"key":"PowerPotion"},{"floor":22,"key":"Ancient Potion"}],"is_trial":false,"path_per_floor":["M","?","?","M","M","E","R","E","T","E","$","M","R","M","R","B",null,"M","M","M","M","M","E"],"character_chosen":"BLACKBEARD_CLASS","items_purchased":["Membership Card","blackbeard:DoubleCannonball"],"campfire_rested":1,"item_purchase_floors":[11,11],"current_hp_per_floor":[75,70,70,70,70,44,44,36,36,8,8,8,45,43,43,17,75,74,50,41,35,31,0,0,0],"gold":249,"neow_bonus":"THREE_ENEMY_KILL","is_daily":false,"chose_seed":false,"campfire_upgraded":2,"win_rate":0.0,"timestamp":1612797420,"path_taken":["M","?","?","?","M","E","R","E","T","E","$","M","R","M","R","BOSS","M","M","M","M","M","E"],"items_purchased_type":["Relic","Card"],"build_version":"2020-12-22","purchased_purges":1,"victory":false,"max_hp_per_floor":[75,75,75,75,75,75,75,75,75,75,75,75,75,75,75,75,75,75,75,75,75,75,75,75,75],"card_choices":[{"not_picked":["blackbeard:ChaoticDefense","blackbeard:PiratesWill"],"picked":"blackbeard:DangerousBlow","floor":1},{"not_picked":["blackbeard:Fencing","blackbeard:InfiniteBarrage"],"picked":"blackbeard:Upgrade","floor":4},{"not_picked":["blackbeard:Fencing","blackbeard:TerrorOfTheSeas"],"picked":"blackbeard:Anchor","floor":5},{"not_picked":["blackbeard:CannonballSupply","blackbeard:Fencing","blackbeard:ChaoticDefense"],"picked":"SKIP","floor":6},{"not_picked":["blackbeard:SwordDance","blackbeard:DeadlyArsenal"],"picked":"blackbeard:Spear","floor":8},{"not_picked":["blackbeard:PiratesWill","blackbeard:CloakAndCannonball"],"picked":"blackbeard:JollyRoger","floor":10},{"not_picked":["blackbeard:PiratesWill","blackbeard:DeadlyArsenal"],"picked":"blackbeard:FieryDefense","floor":12},{"not_picked":["blackbeard:CatONineTails","blackbeard:GoldenCannonball"],"picked":"blackbeard:BoostMorale","floor":14},{"not_picked":["blackbeard:GoldenGuillotine","blackbeard:Salvager"],"picked":"blackbeard:TheDrunkenSailor","floor":16},{"not_picked":["blackbeard:CloakAndCannonball+1","blackbeard:Scrap+1","blackbeard:SmithingHammer"],"picked":"SKIP","floor":18},{"not_picked":["blackbeard:GoldenStrike","blackbeard:GoldenDefense"],"picked":"blackbeard:BeatUp+1","floor":19},{"not_picked":["blackbeard:DangerousBlow","blackbeard:WoodenLeg"],"picked":"blackbeard:RearmingStrike","floor":20},{"not_picked":["blackbeard:TacticalRetreat","blackbeard:DoubleBottom","blackbeard:SwordDance+1"],"picked":"SKIP","floor":21},{"not_picked":["blackbeard:Scrap","blackbeard:DeadlyArsenal"],"picked":"blackbeard:GoldenDefense","floor":22}],"player_experience":162958,"relics_obtained":[{"floor":6,"key":"potionbrewer:ToyAutogyro"},{"floor":8,"key":"Unceasing Top"},{"floor":9,"key":"reliquary:ExpiredCoupon"},{"floor":10,"key":"Regal Pillow"}],"event_choices":[{"damage_healed":0,"gold_gain":0,"player_choice":"Forge","damage_taken":0,"max_hp_gain":0,"max_hp_loss":0,"event_name":"Accursed Blacksmith","floor":3,"gold_loss":0,"cards_upgraded":["blackbeard:DangerousBlow"]}],"is_beta":false,"boss_relics":[{"not_picked":["reliquary:Ember","Black Star"],"picked":"Astrolabe"}],"items_purged_floors":[11],"is_endless":false,"potions_floor_spawned":[1,4,6,10,22],"killed_by":"Gremlin Leader","ascension_level":0}}