{"host":"z42sc0n2dozsmk72","time":1612757826,"event":{"mods":["AchievementEnabler","BaseMod","Better Third Choice","Colored Map","Curses Come First","Highlight Path","Minty Spire (QoL Compilation)","Permanent Neow","Quick Restart","Relic Stats","Shop Mod","StSLib","egg","slay the spire mod where everything is the same but ironclad has a cowboy hat"],"gold_per_floor":[12,29,41,41,57,57,97,97,97,128,128,168,191,191,191,322,322,345,366,465,90,103,103,103,103],"floor_reached":24,"language":"ENG","playtime":1049,"items_purged":["Strike_B"],"score":259,"play_id":"50f481c1-1a91-43f8-93b7-9f99e4c63b2c","local_time":"20210208171706","is_ascension_mode":true,"campfire_choices":[{"data":"Loop","floor":6.0,"key":"SMITH"},{"data":"Zap","floor":8,"key":"SMITH"},{"floor":11,"key":"REST"},{"floor":15,"key":"REST"},{"data":"Genetic Algorithm","floor":23,"key":"SMITH"}],"circlet_count":0,"master_deck":["Strike_B","Strike_B","Strike_B","Defend_B","Defend_B","Defend_B","Defend_B","Zap+1","Dualcast","Core Surge","Melter","Loop+1","Cold Snap","Electrodynamics","Heatsinks+1","Capacitor+1","Loop+1","Echo Form+1","Genetic Algorithm+1"],"relics":["Cracked Core","Golden Idol","Blood Vial","Bronze Scales","Frozen Egg 2","Akabeko","Coffee Dripper","Oddly Smooth Stone","Omamori"],"acts_visited":["Exordium","TheCity"],"potions_floor_usage":[7,18,19,24],"damage_taken":[{"damage":5.0,"enemies":"2 Louse","floor":1.0,"turns":3.0},{"damage":0.0,"enemies":"Cultist","floor":2.0,"turns":2.0},{"damage":1.0,"enemies":"Jaw Worm","floor":3.0,"turns":2.0},{"damage":7.0,"enemies":"Exordium Thugs","floor":5.0,"turns":4.0},{"damage":21,"enemies":"Lagavulin","floor":7,"turns":5},{"damage":15,"enemies":"3 Sentries","floor":10,"turns":4},{"damage":30,"enemies":"Gremlin Nob","floor":12,"turns":4},{"damage":9,"enemies":"Exordium Wildlife","floor":13,"turns":2},{"damage":17,"enemies":"The Guardian","floor":16,"turns":10},{"damage":37,"enemies":"Shell Parasite","floor":18,"turns":4},{"damage":0,"enemies":"Spheric Guardian","floor":19,"turns":2},{"damage":29,"enemies":"Shelled Parasite and Fungi","floor":22,"turns":4},{"damage":23,"enemies":"Book of Stabbing","floor":24,"turns":3}],"seed_played":"6430203507996657450","potions_obtained":[{"floor":1.0,"key":"Regen Potion"},{"floor":2.0,"key":"SkillPotion"},{"floor":10,"key":"Explosive Potion"},{"floor":13,"key":"SkillPotion"},{"floor":14,"key":"AttackPotion"},{"floor":18,"key":"DistilledChaos"}],"is_trial":false,"path_per_floor":["M","M","M","?","M","R","E","R","T","E","R","E","M","?","R","B",null,"M","M","?","$","M","R","E"],"character_chosen":"DEFECT","items_purchased":["Oddly Smooth Stone","Omamori"],"campfire_rested":2,"item_purchase_floors":[21,21],"current_hp_per_floor":[70,70,69,51,44,44,37,37,37,24,46,18,11,11,33,18,75,38,40,40,40,13,13,0,0],"gold":103,"neow_bonus":"THREE_RARE_CARDS","is_daily":false,"chose_seed":false,"campfire_upgraded":3,"win_rate":0.0,"timestamp":1612757826,"path_taken":["M","M","M","?","M","R","E","R","T","E","R","E","M","?","R","BOSS","M","M","?","$","M","R","E"],"items_purchased_type":["Relic","Relic"],"build_version":"2020-12-22","purchased_purges":1,"victory":false,"max_hp_per_floor":[75,75,75,75,75,75,75,75,75,75,75,75,75,75,75,75,75,75,75,75,75,75,75,75,75],"relic_stats":{"Blood Vial":14,"counters":[13,49],"Golden Idol":68,"Bronze Scales":[109],"obtain_stats":[{"Blood Vial":7,"Golden Idol":4,"Bronze Scales":9,"Oddly Smooth Stone":21,"Coffee Dripper":17,"Omamori":21,"Frozen Egg 2":10,"Cracked Core":0,"Akabeko":12},{"Blood Vial":5,"Golden Idol":3,"Bronze Scales":5,"Oddly Smooth Stone":11,"Coffee Dripper":9,"Omamori":11,"Frozen Egg 2":6,"Cracked Core":0,"Akabeko":7},{"Blood Vial":16,"Golden Idol":7,"Bronze Scales":16,"Oddly Smooth Stone":42,"Coffee Dripper":36,"Omamori":42,"Frozen Egg 2":20,"Cracked Core":0,"Akabeko":24}]},"card_choices":[{"not_picked":["Multi-Cast","Machine Learning"],"picked":"Core Surge","floor":0.0},{"not_picked":["White Noise","Redo"],"picked":"Melter","floor":1.0},{"not_picked":["Ball Lightning","Leap"],"picked":"Loop","floor":2.0},{"not_picked":["White Noise","BootSequence","Go for the Eyes"],"picked":"SKIP","floor":3.0},{"not_picked":["Undo","Melter"],"picked":"Cold Snap","floor":5.0},{"not_picked":["Coolheaded","Hologram"],"picked":"Electrodynamics","floor":7},{"not_picked":["Reinforced Body","Electrodynamics+1"],"picked":"Heatsinks+1","floor":10},{"not_picked":["Scrape","Chaos"],"picked":"Capacitor+1","floor":12},{"not_picked":["Coolheaded","Rip and Tear"],"picked":"Loop+1","floor":13},{"not_picked":["Seek","Multi-Cast"],"picked":"Echo Form+1","floor":16},{"not_picked":["Chaos","Reinforced Body"],"picked":"Genetic Algorithm","floor":18},{"not_picked":["Gash+1","Go for the Eyes","Rebound"],"picked":"SKIP","floor":19},{"not_picked":["Steam Power+1","Ball Lightning","Streamline"],"picked":"SKIP","floor":22}],"player_experience":920173,"relics_obtained":[{"floor":7,"key":"Blood Vial"},{"floor":9,"key":"Bronze Scales"},{"floor":10,"key":"Frozen Egg 2"},{"floor":12,"key":"Akabeko"}],"event_choices":[{"damage_healed":0.0,"max_hp_gain":0.0,"max_hp_loss":0.0,"gold_gain":0.0,"event_name":"Golden Idol","player_choice":"Take Damage","floor":4.0,"gold_loss":0.0,"damage_taken":18.0,"relics_obtained":["Golden Idol"]},{"damage_healed":0,"gold_gain":0,"player_choice":"Got Potions","damage_taken":0,"max_hp_gain":0,"max_hp_loss":0,"event_name":"Lab","floor":14,"gold_loss":0},{"damage_healed":0,"gold_gain":99,"player_choice":"Steal","damage_taken":0,"max_hp_gain":0,"max_hp_loss":0,"event_name":"betterThird:BetterNest","floor":20,"gold_loss":0}],"is_beta":false,"boss_relics":[{"not_picked":["FrozenCore","Busted Crown"],"picked":"Coffee Dripper"}],"items_purged_floors":[21],"is_endless":false,"potions_floor_spawned":[1,2,10,13,16,18],"killed_by":"Book of Stabbing","ascension_level":4}}