{"host":"aelxjre69umlx7r4","time":1612801254,"event":{"mods":["AchievementEnabler","BaseMod","DeckTracker","Highlight Path","Keyboard Shortcuts","Minty Spire (QoL Compilation)","Permanent Neow","SuperFastMode"],"gold_per_floor":[115,125,125,145,157,191,191,81,81,81,101,130,130,163,163,163,163],"floor_reached":16,"language":"KOR","playtime":664,"items_purged":["Strike_R"],"score":126,"play_id":"ad5e9120-e0a1-4efc-82e7-dc2d0791587a","local_time":"20210209012054","is_ascension_mode":true,"campfire_choices":[{"data":"Disarm","floor":10.0,"key":"SMITH"},{"data":"Warcry","floor":13,"key":"SMITH"},{"data":"Juggernaut","floor":15,"key":"SMITH"}],"circlet_count":0,"master_deck":["Strike_R","Strike_R","Strike_R","Strike_R","Defend_R+1","Defend_R","Defend_R","Defend_R","Bash+1","Sword Boomerang","Disarm+1","Shrug It Off","Body Slam+1","Fiend Fire+1","Evolve","Warcry+1","Headbutt+1","Juggernaut+1"],"relics":["Burning Blood","TungstenRod","Molten Egg 2","Calipers","Letter Opener","Toy Ornithopter","Blue Candle"],"acts_visited":["Exordium"],"potions_floor_usage":[14,16],"damage_taken":[{"damage":5.0,"enemies":"Cultist","floor":1.0,"turns":3.0},{"damage":0.0,"enemies":"2 Louse","floor":2.0,"turns":2.0},{"damage":5.0,"enemies":"Jaw Worm","floor":4.0,"turns":4.0},{"damage":12.0,"enemies":"Exordium Thugs","floor":5.0,"turns":6.0},{"damage":24.0,"enemies":"Lagavulin","floor":6.0,"turns":5.0},{"damage":5.0,"enemies":"Red Slaver","floor":11.0,"turns":6.0},{"damage":14,"enemies":"3 Sentries","floor":12,"turns":8},{"damage":14,"enemies":"Gremlin Nob","floor":14,"turns":4},{"damage":0,"enemies":"The Guardian","floor":16,"turns":2}],"seed_played":"-5627155663417912366","potions_obtained":[{"floor":5.0,"key":"Strength Potion"},{"floor":6.0,"key":"Block Potion"},{"floor":12,"key":"SkillPotion"},{"floor":14,"key":"AttackPotion"}],"is_trial":false,"path_per_floor":["M","M","T","M","M","E","?","$","T","R","M","E","R","E","R","B"],"character_chosen":"IRONCLAD","items_purchased":["Evolve"],"campfire_rested":0,"item_purchase_floors":[8],"current_hp_per_floor":[57,63,63,64,58,40,25,25,25,25,26,18,18,15,15,20,20],"gold":163,"neow_bonus":"ONE_RARE_RELIC","is_daily":false,"chose_seed":false,"campfire_upgraded":3,"win_rate":0.0,"timestamp":1612801254,"path_taken":["M","M","?","M","M","E","?","$","T","R","M","E","R","E","R","BOSS"],"items_purchased_type":["Card"],"build_version":"2020-12-22","purchased_purges":1,"victory":false,"max_hp_per_floor":[80,80,80,80,80,80,80,80,80,80,80,80,80,80,80,80,80],"card_choices":[{"not_picked":["Shrug It Off","Twin Strike"],"picked":"Sword Boomerang","floor":1.0},{"not_picked":["Dark Embrace","Clothesline"],"picked":"Disarm","floor":2.0},{"not_picked":["Infernal Blade","Metallicize"],"picked":"Shrug It Off","floor":4.0},{"not_picked":["Pommel Strike+1","Twin Strike+1"],"picked":"Body Slam+1","floor":5.0},{"not_picked":["Sword Boomerang+1","Blood for Blood+1"],"picked":"Fiend Fire+1","floor":6.0},{"not_picked":["Clash+1","Power Through"],"picked":"Warcry","floor":11.0},{"not_picked":["Shrug It Off","Feed+1"],"picked":"Headbutt+1","floor":12},{"not_picked":["Body Slam+1","Sever Soul+1"],"picked":"Juggernaut","floor":14}],"player_experience":403355,"relics_obtained":[{"floor":3.0,"key":"Molten Egg 2"},{"floor":6.0,"key":"Calipers"},{"floor":9.0,"key":"Letter Opener"},{"floor":12,"key":"Toy Ornithopter"},{"floor":14,"key":"Blue Candle"}],"event_choices":[{"damage_healed":0.0,"max_hp_gain":0.0,"max_hp_loss":0.0,"gold_gain":0.0,"event_name":"Shining Light","player_choice":"Entered Light","floor":7.0,"gold_loss":0.0,"damage_taken":16.0,"cards_upgraded":["Defend_R","Bash"]}],"is_beta":false,"boss_relics":[],"items_purged_floors":[8],"is_endless":false,"potions_floor_spawned":[5,6,12,14],"killed_by":"The Guardian","ascension_level":1}}