{"host":"onjcd8pn3ar4eq0z","time":1612783857,"event":{"mods":["2.2 Compatiblity","AchievementEnabler","Act Like it!","Aspiration","BaseMod","Bestiary","Better Note","Better Third Choice","BetterRewards","CapriCore","ChefMod","Colored Map","Colored Powertips","Conspire","Curses Come First","Downfall","Friendly Minions","Gensokyo","GifTheSpireLib","Gremlin Mod","Hallownest","Hermit","Highlight Path","Hubris","Infinite Spire","Jorbs\u0027s Wanderer Trilogy","Koishi","Lobotomy","LobotomyExtend","Marisa????????","Mimic Mod","Minty Spire (QoL Compilation)","Pale of the Ancients","Potionbrewer","Practice Mode","Relic Sorter","Reliquary","Remilia??????","Replay The Spire","Shop Mod","Spicy Shops","StSLib","Synergy Search","The Administrix","The Animator","The Blue Laboratory","The Bug Knight","The Cursed","The Disciple","The Hierophant","The Immortal","The Mystic","The Necromancer","The Runesmith","The Sage","The Servant 0.9.4","TheBandit","Waifu the Spire","Wandering Minibosses","Yohane!","Yuyuko","noobMod"],"gold_per_floor":[199,212,227,244,244,256,291,350,364,378,396,421,121,121,135,235,235,235,255,271,285,285,316,354,354,372,398,416,55,55,80,99,200,200,200,210,210,227,227,258,285,298,298,298,21,40,40,2,17,17,17,43,0,0,0,0],"floor_reached":57,"language":"ENG","playtime":8152,"items_purged":["infinitespire:Pacifist","downfall:Malfunctioning"],"score":1653,"play_id":"eac2a329-e77e-4b20-9529-6f2ea9d84227","local_time":"20210208053057","is_ascension_mode":true,"campfire_choices":[{"floor":1,"key":"RECALL"},{"floor":13,"key":"REST"},{"data":"Guardian:Preprogram","floor":18,"key":"SMITH"},{"data":"Guardian:Suspension","floor":44,"key":"SMITH"},{"data":"Guardian:PolyBeam","floor":54,"key":"SMITH"}],"circlet_count":0,"master_deck":["Guardian:Strike_Guardian","Guardian:Strike_Guardian","Guardian:Strike_Guardian","Guardian:Defend_Guardian","Guardian:Defend_Guardian","Guardian:Defend_Guardian","Guardian:Defend_Guardian","Guardian:CurlUp","Guardian:TwinSlam","Guardian:DonusPower","Guardian:MultiBeam","Guardian:TemporalShield","Guardian:ShieldCharger","Guardian:AncientConstruct","Guardian:ChargeCore","Guardian:Preprogram+1","Guardian:RefractedBeam","Guardian:RefractedBeam","Guardian:StasisField","Guardian:Suspension+1","Guardian:PolyBeam+1","Hallucinations","Guardian:EvasiveProtocol+1","Guardian:PrimingBeam","Guardian:TimeBomb","Guardian:ConstructionForm+1","Guardian:Orbwalk+1","Guardian:ChargeCore","Guardian:ExploitGems","Guardian:Reroute+1","Guardian:ConstructionForm+1","Guardian:ShieldCharger+1","stsjorbsmod:Procrastination","Voices","Guardian:TemporalShield+1","stsjorbsmod:Amnesia","ReplayTheSpireMod:Doomed","Spreading Infection","hubris:Envy","Voices","expansioncontent:StudyTheSpire+1","Enlightenment","Guardian:EvasiveProtocol+1","Guardian:Repulse+1","Guardian:Recover","Guardian:Recover","Guardian:WalkerClaw"],"relics":["Guardian:ModeShifter","reliquary:OuijaBoard","ice","LetterFromLob","hubris:CrystalStatue","potionbrewer:MortarAndPestle","Du-Vu Doll","downfall:HeartBlessingRed","downfall:HeartBlessingGreen","downfall:HeartBlessingBlue","downfall:ExtraCursedKey","potionbrewer:ToyAutogyro","Frozen Egg 2","Replay:Bottled Snecko","MerchantsRug","aspiration:ArtOfWarUpgrade","SlaversCollar","Garlic","Kunai","reliquary:Sideboard","reliquary:SilkGlove","Ring of Fury","Ring of Fangs","Membership Card","ReplayTheSpireMod:CursedCoin","Ice Cream","Bronze Scales","Pen Nib","Boot","conspire:GlowingRock"],"acts_visited":["Exordium","TheCity","TheBeyond","TheEnding"],"potions_floor_usage":[19,20,20,46,50,50],"damage_taken":[{"damage":2,"enemies":"Small Slimes","floor":2,"turns":5},{"damage":3,"enemies":"Jaw Worm","floor":3,"turns":4},{"damage":2,"enemies":"2 Louse","floor":4,"turns":6},{"damage":0,"enemies":"Large Slime","floor":6,"turns":5},{"damage":0,"enemies":"Lots of Slimes","floor":7,"turns":7},{"damage":0,"enemies":"Lots of Slimes","floor":9,"turns":1},{"damage":10,"enemies":"Exordium Thugs","floor":10,"turns":5},{"damage":8,"enemies":"Red Slaver","floor":11,"turns":4},{"damage":0,"enemies":"HollowMod:MossKnight","floor":12,"turns":8},{"damage":0,"enemies":"Gremlin Gang","floor":15,"turns":3},{"damage":0,"enemies":"IC_STATUS_ARCHETYPE","floor":16,"turns":7},{"damage":0,"enemies":"Spheric Guardian","floor":19,"turns":4},{"damage":9,"enemies":"Snake Plant","floor":20,"turns":3},{"damage":10,"enemies":"Centurion and Healer","floor":21,"turns":8},{"damage":28,"enemies":"Slavers","floor":23,"turns":4},{"damage":2,"enemies":"Shelled Parasite and Fungi","floor":24,"turns":9},{"damage":12,"enemies":"Shelled Parasite and Fungi","floor":26,"turns":6},{"damage":35,"enemies":"Gremlin Leader","floor":27,"turns":6},{"damage":0,"enemies":"Sentry and Sphere","floor":28,"turns":3},{"damage":2,"enemies":"downfall:FleeingMerchant","floor":29,"turns":4},{"damage":15,"enemies":"Slavers","floor":31,"turns":5},{"damage":6,"enemies":"3 Cultists","floor":32,"turns":3},{"damage":0,"enemies":"SI_MIRROR_ARCHETYPE","floor":33,"turns":6},{"damage":15,"enemies":"Orb Walker","floor":36,"turns":3},{"damage":0,"enemies":"3 Shapes","floor":38,"turns":3},{"damage":0,"enemies":"Giant Head","floor":40,"turns":5},{"damage":11,"enemies":"Jaw Worm Horde","floor":42,"turns":3},{"damage":0,"enemies":"downfall:FleeingMerchant","floor":45,"turns":4},{"damage":0,"enemies":"Spire Growth","floor":46,"turns":2},{"damage":4,"enemies":"Maw","floor":49,"turns":5},{"damage":7,"enemies":"DF_ARCHETYPE_ORBS","floor":50,"turns":4},{"damage":7,"enemies":"downfall:CharBossMerchant","floor":52,"turns":5},{"damage":0,"enemies":"downfall:NeowBoss","floor":55,"turns":7},{"damage":21,"enemies":"downfall:NeowBossFinal","floor":56,"turns":6}],"seed_played":"2017900108413934292","potions_obtained":[{"floor":3,"key":"Elixir"},{"floor":8,"key":"SneckoOil"},{"floor":9,"key":"GamblersBrew"},{"floor":11,"key":"blueLaboratory:FrostheartPotion"},{"floor":12,"key":"LifebloodPotion"},{"floor":16,"key":"LiquidBronze"},{"floor":19,"key":"DuplicationPotion"},{"floor":20,"key":"potionbrewer:DiscountPotion"},{"floor":26,"key":"blueLaboratory:StoneskinPotion"},{"floor":28,"key":"Fire Potion"},{"floor":42,"key":"Adrenaline Potion"}],"is_trial":false,"path_per_floor":["R","M","M","M","?","M","MIM","?","M","M","M","E","R","?","M","B",null,"R","M","M","M","?","E","MIM","?","M","E","M","$","R","E","M","B",null,"R_BF","M","T","M","?","E","T","M","?","R","$","M","?","$","M","B",null,"E","$","R","B","B",null],"character_chosen":"GUARDIAN","items_purchased":["MerchantsRug","Art of War","Guardian:Gem_Cyan","Guardian:ChargeCore","Membership Card","ReplayTheSpireMod:CursedCoin","Ice Cream","Bronze Scales","Pen Nib","expansioncontent:StudyTheSpire","Enlightenment","Guardian:EvasiveProtocol+1","Guardian:Repulse+1","conspire:GlowingRock","Guardian:Recover","Guardian:WalkerClaw"],"campfire_rested":1,"item_purchase_floors":[29,29,29,29,45,45,45,45,45,45,45,45,48,53,53,53],"current_hp_per_floor":[80,78,75,73,73,73,73,41,41,31,28,33,70,70,70,75,90,90,90,81,71,71,43,41,41,29,78,83,81,81,66,60,60,115,115,100,100,100,100,100,100,94,94,94,94,94,94,94,90,83,144,137,137,137,137,116],"gold":0,"neow_bonus":"HUNDRED_GOLD","is_daily":false,"chose_seed":false,"campfire_upgraded":3,"win_rate":0.0,"timestamp":1612783857,"path_taken":["R","M","M","M","?","M","MIM","?","M","M","M","E","R","?","M","BOSS","R","M","M","M","?","E","MIM","?","?","E","M","?","R","E","M","BOSS","R_BF","M","?","?","?","E","T","M","?","R","$","M","?","?","M","BOSS","E","$","R","BOSS","BOSS"],"items_purchased_type":["Relic","Relic","Card","Card","Relic","Relic","Relic","Relic","Relic","Card","Card","Card","Card","Relic","Card","Card"],"build_version":"2020-12-22","purchased_purges":2,"victory":true,"max_hp_per_floor":[80,80,80,80,80,80,80,80,80,80,80,80,90,90,90,90,90,90,90,90,90,90,90,90,90,90,91,92,97,97,105,106,115,115,115,117,117,124,124,126,126,129,129,129,134,134,134,134,137,144,144,147,147,147,152,159],"card_choices":[{"not_picked":["Guardian:Planning","Guardian:Gem_Fragmented"],"picked":"Guardian:Gem_Lightblue","floor":2},{"not_picked":["Guardian:TimeCapacitor","Guardian:Preprogram"],"picked":"Guardian:DonusPower","floor":3},{"not_picked":["Guardian:WalkerClaw","Guardian:DonusPower"],"picked":"Guardian:MultiBeam","floor":4},{"not_picked":["Guardian:TemporalStrike","Guardian:WalkerClaw"],"picked":"Guardian:TemporalShield","floor":6},{"not_picked":["Guardian:PiercingHide","Guardian:RollAttack"],"picked":"Guardian:ShieldCharger","floor":7},{"not_picked":["Guardian:Gem_Lightblue","Guardian:CrystalBeam"],"picked":"Guardian:AncientConstruct","floor":8},{"not_picked":["Guardian:ShieldCharger","Guardian:BaubleBeam"],"picked":"Guardian:ChargeCore","floor":9},{"not_picked":["Guardian:Incinerate","Guardian:Suspension"],"picked":"Guardian:Preprogram","floor":10},{"not_picked":["Guardian:Harden","Guardian:Incinerate"],"picked":"Guardian:RefractedBeam","floor":11},{"not_picked":["Guardian:ExploitGems","Guardian:Gem_Fragmented"],"picked":"Guardian:Gem_Cyan","floor":12},{"not_picked":["Guardian:VentSteam","Guardian:TemporalStrike"],"picked":"Guardian:RefractedBeam","floor":15},{"not_picked":["Guardian:Gem_Synthetic","Guardian:StasisStrike"],"picked":"Guardian:StasisField","floor":16},{"not_picked":["Guardian:GuardianWhirl+1","Guardian:WalkerClaw"],"picked":"Guardian:Gem_Fragmented","floor":19},{"not_picked":["Guardian:PrismaticBeam+1","Guardian:Gem_Cyan"],"picked":"Guardian:Suspension","floor":20},{"not_picked":["Guardian:MultiBeam","Guardian:Gem_Cyan"],"picked":"Guardian:PolyBeam","floor":21},{"not_picked":["Guardian:PrimingBeam+1","Guardian:DonusPower"],"picked":"Guardian:Gem_Orange","floor":23},{"not_picked":["Guardian:Gem_Cyan","Guardian:Planning"],"picked":"Guardian:EvasiveProtocol+1","floor":24},{"not_picked":["Guardian:VentSteam","Guardian:Gem_Green"],"picked":"Guardian:TimeBomb","floor":26},{"not_picked":["Guardian:VentSteam","Guardian:PrismaticBarrier"],"picked":"Guardian:ConstructionForm+1","floor":27},{"not_picked":["Guardian:Suspension+1","Guardian:WalkerClaw"],"picked":"Guardian:Gem_Lightblue","floor":28},{"not_picked":["Guardian:DecasProtection","Guardian:Preprogram+1"],"picked":"Guardian:Orbwalk+1","floor":29},{"not_picked":["Guardian:Gem_Red","Guardian:Gem_Green"],"picked":"Guardian:ExploitGems","floor":31},{"not_picked":["Guardian:Gem_Cyan","Guardian:DecasProtection+1"],"picked":"Guardian:Reroute+1","floor":32},{"not_picked":["Guardian:HyperBeam_Guardian","Guardian:RevengeProtocol+1"],"picked":"Guardian:ConstructionForm+1","floor":33},{"not_picked":["Guardian:TemporalShield+1","Guardian:PrimingBeam"],"picked":"Guardian:ShieldCharger+1","floor":36},{"not_picked":["Guardian:PrimingBeam+1","Guardian:Gem_Blue"],"picked":"Guardian:TemporalShield+1","floor":38},{"not_picked":["Guardian:TimeBomb+1","Guardian:ChargeCore"],"picked":"Guardian:PrimingBeam","floor":40},{"not_picked":["Guardian:EvasiveProtocol+1","Guardian:Gem_Green"],"picked":"Guardian:Planning+1","floor":42},{"not_picked":["Guardian:ShieldCharger","Guardian:FastForward"],"picked":"Guardian:FloatingOrbs+1","floor":45},{"not_picked":["Guardian:Gem_Green","Guardian:BodySlam+1"],"picked":"Guardian:Recover+1","floor":46},{"not_picked":["Guardian:Preprogram","Guardian:PrimingBeam+1"],"picked":"Guardian:ShieldCharger+1","floor":49},{"not_picked":["Guardian:RollAttack","Guardian:ConstructionForm+1"],"picked":"Guardian:RefractedBeam+1","floor":52}],"player_experience":484438,"relics_obtained":[{"floor":2,"key":"LetterFromLob"},{"floor":5,"key":"hubris:CrystalStatue"},{"floor":8,"key":"potionbrewer:MortarAndPestle"},{"floor":12,"key":"Du-Vu Doll"},{"floor":23,"key":"potionbrewer:ToyAutogyro"},{"floor":24,"key":"Frozen Egg 2"},{"floor":27,"key":"Replay:Bottled Snecko"},{"floor":31,"key":"reliquary:OuijaBoard"},{"floor":37,"key":"Garlic"},{"floor":39,"key":"Kunai"},{"floor":40,"key":"reliquary:Sideboard"},{"floor":41,"key":"reliquary:SilkGlove"},{"floor":43,"key":"Ring of Fury"},{"floor":43,"key":"Ring of Fangs"},{"floor":52,"key":"Boot"}],"event_choices":[],"is_beta":false,"boss_relics":[{"not_picked":["sagemod:Falmels_Amulet","conspire:SpecialSausage"],"picked":"reliquary:Craggleroot"},{"not_picked":["Busted Crown","Velvet Choker"],"picked":"SlaversCollar"}],"items_purged_floors":[29,45],"is_endless":false,"potions_floor_spawned":[3,9,11,12,15,16,19,20,26,28,31,36,40,42],"ascension_level":1}}