{"host":"13o02hya6v6rzuva","time":1612772927,"event":{"mods":["BaseMod","Minty Spire (QoL Compilation)","Relic Stats"],"gold_per_floor":[117,78,78,93,268,298,317,345,345,345,345,359,369,396,396,496,496,511,610,52,52,52,52,65,65,65,84,101,101,116,116,116,220,220,231,231,1,1,1,1,14,39,115,130,145,145,145,145],"floor_reached":47,"language":"ENG","playtime":1788,"items_purged":["Shame"],"score":597,"play_id":"86e292c5-2a33-4562-8b2a-291547bbcd68","local_time":"20210208092847","is_ascension_mode":true,"campfire_choices":[{"floor":10,"key":"REST"},{"floor":15,"key":"REST"},{"floor":23,"key":"DIG"},{"floor":25,"key":"DIG"},{"floor":32,"key":"REST"},{"floor":40,"key":"DIG"},{"floor":46,"key":"RECALL"}],"circlet_count":0,"master_deck":["Strike_P","Strike_P","Strike_P","Strike_P","Defend_P","Defend_P","Defend_P","Defend_P","Eruption","Vigilance","BowlingBash","TalkToTheHand","Consecrate","Swivel","ThirdEye","DevaForm","CutThroughFate","SandsOfTime","Wallop","Brilliance","LikeWater","Dramatic Entrance","Tantrum","Pray","Protect","LikeWater","Establishment","Prostrate+1","ClearTheMind+1","Prostrate+1"],"relics":["PureWater","NeowsBlessing","Incense Burner","Unceasing Top","TeardropLocket","Dead Branch","Spirit Poop","Shovel","Runic Pyramid","Bronze Scales","Meat on the Bone","Yang","MutagenicStrength","Toy Ornithopter","Bag of Preparation","Ginger","Black Star","ClockworkSouvenir","Anchor","Shuriken","Darkstone Periapt","White Beast Statue"],"acts_visited":["Exordium","TheCity","TheBeyond"],"potions_floor_usage":[8,33,33,47],"damage_taken":[{"damage":0,"enemies":"Small Slimes","floor":1,"turns":1},{"damage":0,"enemies":"2 Louse","floor":4,"turns":1},{"damage":0,"enemies":"3 Sentries","floor":6,"turns":1},{"damage":0,"enemies":"Cultist","floor":7,"turns":3},{"damage":51,"enemies":"Lagavulin","floor":8,"turns":7},{"damage":1,"enemies":"Blue Slaver","floor":12,"turns":4},{"damage":1,"enemies":"2 Fungi Beasts","floor":13,"turns":7},{"damage":6,"enemies":"3 Sentries","floor":14,"turns":5},{"damage":32,"enemies":"The Guardian","floor":16,"turns":11},{"damage":18,"enemies":"2 Thieves","floor":18,"turns":5},{"damage":0,"enemies":"Chosen","floor":24,"turns":4},{"damage":1,"enemies":"Snecko","floor":27,"turns":4},{"damage":0,"enemies":"Centurion and Healer","floor":28,"turns":4},{"damage":0,"enemies":"Cultist and Chosen","floor":30,"turns":2},{"damage":70,"enemies":"Collector","floor":33,"turns":8},{"damage":20,"enemies":"3 Darklings","floor":35,"turns":3},{"damage":0,"enemies":"Orb Walker","floor":41,"turns":3},{"damage":34,"enemies":"Nemesis","floor":42,"turns":3},{"damage":0,"enemies":"Sphere and 2 Shapes","floor":44,"turns":4},{"damage":9,"enemies":"4 Shapes","floor":45,"turns":6},{"damage":54,"enemies":"Reptomancer","floor":47,"turns":2}],"seed_played":"7798110195289430720","potions_obtained":[{"floor":4,"key":"AttackPotion"},{"floor":8,"key":"CultistPotion"},{"floor":12,"key":"Block Potion"},{"floor":13,"key":"Fire Potion"},{"floor":41,"key":"Fire Potion"},{"floor":42,"key":"SpeedPotion"}],"is_trial":false,"path_per_floor":["M","$","?","M","?","E","M","E","T","R","?","M","M","E","R","B",null,"M","?","$","?","?","R","M","R","T","M","M","T","M","$","R","B",null,"M","?","$","?","$","R","M","E","T","M","M","R","E"],"character_chosen":"WATCHER","items_purchased":["TalkToTheHand","Bronze Scales","Meat on the Bone","Dramatic Entrance","Tantrum","ClockworkSouvenir"],"campfire_rested":3,"item_purchase_floors":[2,20,20,20,20,37],"current_hp_per_floor":[72,72,65,65,65,65,65,14,14,35,35,34,33,27,48,16,72,54,54,54,54,54,54,54,54,54,53,53,53,53,53,72,14,72,52,52,52,52,52,52,52,30,30,42,45,45,0,0],"gold":145,"neow_bonus":"THREE_ENEMY_KILL","is_daily":false,"chose_seed":false,"campfire_upgraded":0,"win_rate":0.0,"timestamp":1612772927,"path_taken":["M","$","?","M","?","E","M","E","T","R","?","?","M","E","R","BOSS","M","?","$","?","?","R","M","R","T","M","M","?","?","$","R","BOSS","M","?","$","?","?","R","M","E","T","M","M","R","E"],"items_purchased_type":["Card","Relic","Relic","Card","Card","Relic"],"build_version":"2020-12-22","purchased_purges":1,"victory":false,"max_hp_per_floor":[72,72,72,72,72,72,72,72,72,72,72,72,72,72,72,72,72,72,72,72,72,72,72,72,72,72,72,72,72,72,72,72,72,72,72,72,72,68,68,68,68,68,68,68,68,68,68,68],"relic_stats":{"Darkstone Periapt":0,"counters":[21,88],"Dead Branch":[42],"Yang":[105],"Bag of Preparation":[20],"Ginger":[3],"Shovel":3,"Shuriken":[2],"Bronze Scales":[98],"Black Star":1,"obtain_stats":[{"Darkstone Periapt":42,"NeowsBlessing":0,"Dead Branch":9,"Spirit Poop":11,"Yang":21,"Incense Burner":3,"Bag of Preparation":25,"TeardropLocket":8,"Ginger":29,"White Beast Statue":43,"ClockworkSouvenir":37,"Anchor":40,"Shovel":14,"Shuriken":42,"Bronze Scales":20,"MutagenicStrength":22,"Black Star":34,"PureWater":0,"Unceasing Top":6,"Toy Ornithopter":23,"Runic Pyramid":17,"Meat on the Bone":20},{"Darkstone Periapt":18,"NeowsBlessing":0,"Dead Branch":5,"Spirit Poop":5,"Yang":10,"Incense Burner":1,"Bag of Preparation":11,"TeardropLocket":5,"Ginger":13,"White Beast Statue":18,"ClockworkSouvenir":16,"Anchor":16,"Shovel":8,"Shuriken":18,"Bronze Scales":10,"MutagenicStrength":10,"Black Star":15,"PureWater":0,"Unceasing Top":3,"Toy Ornithopter":10,"Runic Pyramid":9,"Meat on the Bone":10},{"Darkstone Periapt":76,"NeowsBlessing":0,"Dead Branch":13,"Spirit Poop":13,"Yang":45,"Incense Burner":1,"Bag of Preparation":49,"TeardropLocket":13,"Ginger":57,"White Beast Statue":76,"ClockworkSouvenir":70,"Anchor":70,"Shovel":29,"Shuriken":76,"Bronze Scales":45,"MutagenicStrength":45,"Black Star":67,"PureWater":0,"Unceasing Top":3,"Toy Ornithopter":45,"Runic Pyramid":40,"Meat on the Bone":45}],"Unceasing Top":[2],"Toy Ornithopter":5,"Meat on the Bone":48},"card_choices":[{"not_picked":["Evaluate","Prostrate"],"picked":"BowlingBash","floor":1},{"not_picked":["Swivel","Crescendo"],"picked":"Consecrate","floor":4},{"not_picked":["EmptyBody","Pray"],"picked":"Swivel","floor":6},{"not_picked":["SashWhip","FlyingSleeves"],"picked":"ThirdEye","floor":7},{"not_picked":["Crescendo","Devotion"],"picked":"DevaForm","floor":8},{"not_picked":["JustLucky","EmptyFist"],"picked":"CutThroughFate","floor":12},{"not_picked":["CrushJoints","JustLucky"],"picked":"SandsOfTime","floor":13},{"not_picked":["Conclude","EmptyFist"],"picked":"Wallop","floor":14},{"not_picked":["MasterReality","DevaForm"],"picked":"Brilliance","floor":16},{"not_picked":["Crescendo","Nirvana"],"picked":"LikeWater","floor":18},{"not_picked":["Crescendo","SashWhip"],"picked":"Pray","floor":24},{"not_picked":["Vengeance","SashWhip"],"picked":"Protect","floor":27},{"not_picked":["EmptyBody","Meditate","TalkToTheHand"],"picked":"SKIP","floor":28},{"not_picked":["Evaluate","JustLucky"],"picked":"LikeWater","floor":30},{"not_picked":["ConjureBlade","Omniscience"],"picked":"Establishment","floor":33},{"not_picked":["Wireheading","WaveOfTheHand"],"picked":"Prostrate+1","floor":35},{"not_picked":["Crescendo","PathToVictory"],"picked":"ClearTheMind+1","floor":41},{"not_picked":["Nirvana","PathToVictory+1"],"picked":"Prostrate+1","floor":42},{"not_picked":["Tantrum","PathToVictory+1","Crescendo+1"],"picked":"SKIP","floor":44},{"not_picked":["Vengeance","SignatureMove","FlurryOfBlows"],"picked":"SKIP","floor":45}],"player_experience":1190698,"relics_obtained":[{"floor":6,"key":"Unceasing Top"},{"floor":8,"key":"TeardropLocket"},{"floor":9,"key":"Dead Branch"},{"floor":14,"key":"Shovel"},{"floor":23,"key":"Toy Ornithopter"},{"floor":25,"key":"Bag of Preparation"},{"floor":29,"key":"Ginger"},{"floor":40,"key":"Anchor"},{"floor":42,"key":"Shuriken"},{"floor":42,"key":"Darkstone Periapt"},{"floor":43,"key":"White Beast Statue"}],"event_choices":[{"damage_healed":0,"gold_gain":0,"player_choice":"Success","damage_taken":7,"relics_obtained":["Incense Burner"],"max_hp_gain":0,"max_hp_loss":0,"event_name":"Scrap Ooze","floor":3,"gold_loss":0},{"damage_healed":0,"gold_gain":175,"player_choice":"AGREE","damage_taken":0,"max_hp_gain":0,"max_hp_loss":0,"event_name":"Liars Game","floor":5,"gold_loss":0,"cards_obtained":["Doubt"]},{"cards_removed":["Doubt"],"damage_healed":0,"gold_gain":0,"player_choice":"Offered Curse","damage_taken":0,"relics_obtained":["Spirit Poop"],"max_hp_gain":0,"max_hp_loss":0,"event_name":"Bonfire Elementals","floor":11,"gold_loss":0},{"damage_healed":0,"gold_gain":99,"player_choice":"Stole From Cult","damage_taken":0,"max_hp_gain":0,"max_hp_loss":0,"event_name":"Nest","floor":19,"gold_loss":0},{"damage_healed":0,"gold_gain":0,"player_choice":"Stole Relic","damage_taken":0,"relics_obtained":["Yang"],"max_hp_gain":0,"max_hp_loss":0,"event_name":"Addict","floor":21,"gold_loss":0,"cards_obtained":["Shame"]},{"damage_healed":0,"gold_gain":0,"player_choice":"Inject Mutagens","damage_taken":0,"relics_obtained":["MutagenicStrength"],"max_hp_gain":0,"max_hp_loss":0,"event_name":"Drug Dealer","floor":22,"gold_loss":0},{"damage_healed":0,"gold_gain":0,"player_choice":"Ignored","damage_taken":0,"max_hp_gain":0,"max_hp_loss":0,"event_name":"Tomb of Lord Red Mask","floor":36,"gold_loss":0},{"damage_healed":0,"gold_gain":0,"player_choice":"Max HP","damage_taken":0,"max_hp_gain":0,"max_hp_loss":4,"event_name":"Winding Halls","floor":38,"gold_loss":0}],"is_beta":false,"boss_relics":[{"not_picked":["Astrolabe","Tiny House"],"picked":"Runic Pyramid"},{"not_picked":["Coffee Dripper","Sozu"],"picked":"Black Star"}],"items_purged_floors":[37],"is_endless":false,"potions_floor_spawned":[4,8,12,13,14,18,27,41,42,44,45],"killed_by":"Reptomancer","ascension_level":4}}