{"host":"enhox8ej0lkxgw9g","time":1612769509,"event":{"mods":["BaseMod","Downfall","Googly Eyes","Hermit","Minty Spire (QoL Compilation)","StSLib"],"gold_per_floor":[115,75,85,85,96,123,123,123,204,204,219,253,15,26,26,26,26],"floor_reached":16,"language":"ENG","playtime":1950,"items_purged":["hermit:Strike_Hermit"],"score":110,"play_id":"bc29d359-01c8-45a9-b91a-1898efc91696","local_time":"20210208003149","is_ascension_mode":false,"campfire_choices":[{"floor":7,"key":"RECALL"},{"data":"hermit:FullyLoaded","floor":10,"key":"SMITH"},{"floor":15,"key":"REST"}],"circlet_count":0,"master_deck":["hermit:Strike_Hermit","hermit:Strike_Hermit","hermit:Strike_Hermit","hermit:Defend_Hermit","hermit:Defend_Hermit","hermit:Defend_Hermit","hermit:Defend_Hermit","hermit:Snapshot","hermit:Covet","hermit:FullyLoaded+1","hermit:Quickdraw+1","hermit:TrackingShot","hermit:ItchyTrigger","hermit:BigShot","hermit:ShadowCloak","hermit:Reprieve","hermit:Shortfuse"],"relics":["hermit:Momento","NeowsBlessing","Eternal Feather","White Beast Statue","Mango"],"acts_visited":["Exordium"],"potions_floor_usage":[6,6,6,12,14,14,16,16],"damage_taken":[{"damage":0,"enemies":"2 Louse","floor":1,"turns":1},{"damage":0,"enemies":"Cultist","floor":3,"turns":1},{"damage":0,"enemies":"Small Slimes","floor":5,"turns":1},{"damage":23,"enemies":"3 Sentries","floor":6,"turns":8},{"damage":10,"enemies":"Gremlin Gang","floor":11,"turns":4},{"damage":45,"enemies":"Lagavulin","floor":12,"turns":7},{"damage":9,"enemies":"Exordium Wildlife","floor":14,"turns":4},{"damage":64,"enemies":"Hexaghost","floor":16,"turns":9}],"seed_played":"3555900009215752887","potions_obtained":[{"floor":2,"key":"Swift Potion"},{"floor":2,"key":"hermit:BlackBile"},{"floor":2,"key":"SkillPotion"},{"floor":3,"key":"DistilledChaos"},{"floor":11,"key":"Regen Potion"},{"floor":12,"key":"EntropicBrew"},{"floor":14,"key":"sneckomod:MuddlingPotion"}],"is_trial":false,"path_per_floor":["M","?","M","?","M","E","R","T","T","R","M","E","$","M","R","B"],"character_chosen":"HERMIT","items_purchased":["hermit:Reprieve"],"campfire_rested":1,"item_purchase_floors":[13],"current_hp_per_floor":[75,75,75,75,75,52,58,58,58,64,54,38,38,29,64,0,0],"gold":26,"neow_bonus":"THREE_ENEMY_KILL","is_daily":false,"chose_seed":false,"campfire_upgraded":1,"win_rate":0.0,"timestamp":1612769509,"path_taken":["M","?","?","?","?","E","R","?","T","R","?","E","$","M","R","BOSS"],"items_purchased_type":["Card"],"build_version":"2020-12-22","purchased_purges":1,"victory":false,"max_hp_per_floor":[75,75,75,75,75,75,75,75,75,75,75,89,89,89,89,89,89],"card_choices":[{"not_picked":["hermit:Manifest","hermit:WideOpen"],"picked":"hermit:FullyLoaded","floor":1},{"not_picked":["hermit:SprayPray","hermit:CalledShot"],"picked":"hermit:Quickdraw","floor":3},{"not_picked":["hermit:Misfire","hermit:EyeOfTheStorm"],"picked":"hermit:TrackingShot","floor":5},{"not_picked":["hermit:LowProfile","hermit:WideOpen"],"picked":"hermit:ItchyTrigger","floor":6},{"not_picked":["hermit:Manifest","hermit:BodyArmor"],"picked":"hermit:BigShot","floor":11},{"not_picked":["hermit:GhostlyPresence","hermit:CursedWeapon"],"picked":"hermit:ShadowCloak","floor":12},{"not_picked":["hermit:ItchyTrigger","hermit:Vantage"],"picked":"hermit:Shortfuse","floor":14}],"player_experience":104144,"relics_obtained":[{"floor":6,"key":"Eternal Feather"},{"floor":9,"key":"White Beast Statue"},{"floor":12,"key":"Mango"}],"event_choices":[{"damage_healed":0,"gold_gain":0,"player_choice":"Bought 3 Potions","damage_taken":0,"max_hp_gain":0,"max_hp_loss":0,"event_name":"The Woman in Blue","floor":2,"gold_loss":0},{"damage_healed":0,"gold_gain":0,"player_choice":"Upgraded","damage_taken":0,"max_hp_gain":0,"max_hp_loss":0,"event_name":"Upgrade Shrine","floor":4,"gold_loss":0,"cards_upgraded":["hermit:Quickdraw"]}],"is_beta":false,"boss_relics":[],"items_purged_floors":[13],"is_endless":false,"potions_floor_spawned":[3,11,12,14],"killed_by":"Hexaghost","ascension_level":0}}