{"host":"0tiuc76yumknr6qf","time":1612808154,"event":{"mods":["Aspiration","BaseMod","Bestiary","Colored Map","DeckTracker","Highlight Path","Minty Spire (QoL Compilation)","StSLib"],"gold_per_floor":[112,112,112,28,43,71,71,85,112,142,159,159,159,159],"floor_reached":13,"language":"ENG","playtime":374,"items_purged":[],"score":236,"play_id":"cc65c38e-6cc8-42af-81ce-95a66aa616e5","local_time":"20210208121554","is_ascension_mode":true,"campfire_choices":[{"data":"Reprogram","floor":7,"key":"SMITH"},{"data":"Fusion","floor":12,"key":"SMITH"}],"circlet_count":0,"master_deck":["AscendersBane","Strike_B","Strike_B","Strike_B","Strike_B","Defend_B","Defend_B","Defend_B","Zap","Dualcast","Cold Snap","Reprogram+1","Fusion+1","White Noise","Hologram"],"relics":["Cracked Core","NeowsBlessing","Pear","Frozen Egg 2"],"acts_visited":["Exordium"],"potions_floor_usage":[13],"damage_taken":[{"damage":0,"enemies":"Jaw Worm","floor":1,"turns":1},{"damage":0,"enemies":"2 Louse","floor":5,"turns":1},{"damage":0,"enemies":"3 Sentries","floor":6,"turns":1},{"damage":4,"enemies":"Cultist","floor":8,"turns":3},{"damage":15,"enemies":"Lagavulin","floor":10,"turns":8},{"damage":22,"enemies":"Looter","floor":11,"turns":4},{"damage":39,"enemies":"3 Sentries","floor":13,"turns":6}],"seed_played":"-8330594797583131355","potions_obtained":[{"floor":5,"key":"SpeedPotion"},{"floor":8,"key":"Swift Potion"}],"is_trial":false,"path_per_floor":["M","?","?","$","M","E","R","M","T","E","M","R","E"],"character_chosen":"DEFECT","items_purchased":["Reprogram"],"campfire_rested":0,"item_purchase_floors":[4],"current_hp_per_floor":[64,69,69,69,69,79,79,75,75,60,38,38,0,0],"gold":159,"neow_bonus":"THREE_ENEMY_KILL","is_daily":false,"chose_seed":false,"campfire_upgraded":2,"win_rate":0.0,"timestamp":1612808154,"path_taken":["M","?","?","$","M","E","R","M","T","E","?","R","E"],"items_purchased_type":["Card"],"build_version":"2020-12-22","purchased_purges":0,"victory":false,"max_hp_per_floor":[71,76,76,76,76,86,86,86,86,86,86,86,86,86],"card_choices":[{"not_picked":["Beam Cell","Streamline"],"picked":"Cold Snap","floor":1},{"not_picked":["Force Field","Redo"],"picked":"Fusion","floor":5},{"not_picked":["Coolheaded","Blizzard"],"picked":"White Noise","floor":6},{"not_picked":["Rebound","Cold Snap"],"picked":"Hologram","floor":8},{"not_picked":["Fusion","Ball Lightning","Chill"],"picked":"SKIP","floor":10},{"not_picked":["Redo","Turbo","Ball Lightning"],"picked":"SKIP","floor":11}],"player_experience":1959382,"relics_obtained":[{"floor":6,"key":"Pear"},{"floor":10,"key":"Frozen Egg 2"}],"event_choices":[{"damage_healed":0,"gold_gain":0,"player_choice":"Donut","damage_taken":0,"max_hp_gain":5,"max_hp_loss":0,"event_name":"Big Fish","floor":2,"gold_loss":0},{"cards_removed":["Defend_B"],"damage_healed":0,"gold_gain":0,"player_choice":"Purged","damage_taken":0,"max_hp_gain":0,"max_hp_loss":0,"event_name":"Purifier","floor":3,"gold_loss":0}],"is_beta":false,"boss_relics":[],"items_purged_floors":[],"is_endless":false,"potions_floor_spawned":[5,8,10],"killed_by":"3 Sentries","ascension_level":20}}