{"host":"ttx8tv95o5vka1nm","time":1612760589,"event":{"mods":["AchievementEnabler","BaseMod","BetterRewards","Colored Map","Evolution","Hermit","Hubris","Infinite Spire","Jorbs\u0027s Wanderer Trilogy","Minty Spire (QoL Compilation)","Relic Filter Mod","Reliquary","Robot Space Explorer","Shop Mod","Spicy Shops","StSLib","The Blue Laboratory","The Bug Knight","The Construct","The Cursed","The Disciple","The Forsaken","The Hierophant","The Necromancer","The Runesmith","TheBandit"],"gold_per_floor":[360,360,360,48,59,59,84,108,108,108,108,128,169,169,169,273,273,296,10,28,55,82,120,120,120,192,212,212,259,259,290,290,410,410,438,438,459,459,485,530,542,573,573],"floor_reached":42,"language":"ENG","playtime":4007,"items_purged":["hermit:Strike_Hermit","hermit:Strike_Hermit"],"score":526,"play_id":"0709d851-98aa-4c8b-b3f7-28e8b35fd075","local_time":"20210208150309","is_ascension_mode":false,"campfire_choices":[{"data":"hermit:Scavenge","floor":6,"key":"SMITH"},{"data":"hermit:WideOpen","floor":10,"key":"SMITH"},{"data":"hubris:DuctTapeCard","floor":15,"key":"SMITH"},{"floor":30,"key":"REST"},{"floor":32,"key":"REST"},{"data":"hermit:Scavenge","floor":41,"key":"SMITH"}],"circlet_count":0,"master_deck":["hermit:SprayPray","hermit:SprayPray","hermit:Defend_Hermit","hermit:Defend_Hermit","hermit:Snapshot","hermit:Covet","Doubt","hermit:Gestalt","hubris:DuctTapeCard+2","hermit:Scavenge+1","hermit:FinalCanter","hermit:WideOpen+1","hermit:Scavenge","hermit:Enervate","hermit:Roughhouse","hermit:Snipe+1","Pain","hermit:TakeCover+1","hermit:FlashPowder+1","hermit:Scavenge+1","hermit:FlashPowder+1","hermit:LowProfile+1","hermit:Cheat","hermit:RoundhouseKick","theForsaken:PlagueCurse","hermit:TrackingShot","hermit:Grudge+1"],"relics":["hermit:Momento","EVO:Axolotl","MerchantsRug","Juzu Bracelet","infinitespire:Beetle Shell","reliquary:QuartzCube","infinitespire:Eraser","hubris:64BitClover","Philosopher\u0027s Stone","Darkstone Periapt","ClockworkSouvenir","infinitespire:WardingShard","HornCleat","hubris:DeckOfHolding","hubris:ToyBattleship","Akabeko","hubris:SlimyHat","Black Star","theForsaken:PlagueMask","Pantograph","MawBank","reliquary:PartyBalloon"],"acts_visited":["Exordium","TheCity","TheBeyond"],"potions_floor_usage":[16,22,40],"damage_taken":[{"damage":1,"enemies":"2 Louse","floor":1,"turns":2},{"damage":1,"enemies":"Jaw Worm","floor":5,"turns":3},{"damage":11,"enemies":"Gremlin Nob","floor":7,"turns":5},{"damage":0,"enemies":"Cultist","floor":8,"turns":3},{"damage":2,"enemies":"Lots of Slimes","floor":12,"turns":5},{"damage":13,"enemies":"3 Sentries","floor":13,"turns":9},{"damage":26,"enemies":"The Guardian","floor":16,"turns":11},{"damage":10,"enemies":"Shell Parasite","floor":18,"turns":5},{"damage":6,"enemies":"2 Thieves","floor":20,"turns":3},{"damage":0,"enemies":"Snake Plant","floor":21,"turns":4},{"damage":13,"enemies":"Centurion and Healer","floor":22,"turns":4},{"damage":30,"enemies":"Slavers","floor":23,"turns":10},{"damage":1,"enemies":"Cultist and Chosen","floor":27,"turns":7},{"damage":0,"enemies":"Nightmare","floor":29,"turns":7},{"damage":0,"enemies":"3 Cultists","floor":31,"turns":8},{"damage":39,"enemies":"hubris:MusketHawk","floor":33,"turns":15},{"damage":7,"enemies":"3 Darklings","floor":35,"turns":7},{"damage":0,"enemies":"Orb Walker","floor":37,"turns":3},{"damage":6,"enemies":"Transient","floor":39,"turns":5},{"damage":21,"enemies":"Reptomancer","floor":40,"turns":15},{"damage":70,"enemies":"Nemesis","floor":42,"turns":16}],"seed_played":"5935281792292337432","potions_obtained":[{"floor":5,"key":"blueLaboratory:BottleOfVodka"},{"floor":7,"key":"ColorlessPotion"},{"floor":16,"key":"blueLaboratory:TrueEctoplasm"},{"floor":20,"key":"ColorlessPotion"},{"floor":21,"key":"blueLaboratory:PhilterOfMotion"},{"floor":27,"key":"FearPotion"},{"floor":31,"key":"SpeedPotion"},{"floor":33,"key":"Weak Potion"}],"is_trial":false,"path_per_floor":["M","?","T","$","M","R","E","M","T","R","?","M","E","?","R","B",null,"M","$","M","M","M","E","AVR","?","T","M","T","NM","R","M","R","B",null,"M","?","M","?","M","E","R","E"],"character_chosen":"HERMIT","items_purchased":["MerchantsRug","Juzu Bracelet","infinitespire:Beetle Shell","Darkstone Periapt","ClockworkSouvenir"],"campfire_rested":2,"item_purchase_floors":[4,4,4,19,19],"current_hp_per_floor":[74,74,74,74,73,73,62,62,62,62,62,60,47,75,75,49,75,65,71,65,65,52,22,22,22,22,21,21,21,45,45,69,30,81,74,80,80,80,74,53,53,0,0],"gold":573,"neow_bonus":"TWO_FIFTY_GOLD","is_daily":false,"chose_seed":false,"campfire_upgraded":4,"win_rate":0.0,"timestamp":1612760589,"path_taken":["M","?","?","$","M","R","E","M","T","R","?","M","E","?","R","BOSS","M","$","M","M","M","E","AVR","?","T","M","?","NM","R","M","R","BOSS","M","?","M","?","M","E","R","E"],"items_purchased_type":["Relic","Relic","Relic","Relic","Relic"],"build_version":"2020-12-22","purchased_purges":2,"victory":false,"max_hp_per_floor":[75,75,75,75,75,75,75,75,75,75,75,75,75,75,75,75,75,75,81,81,81,81,81,81,81,81,81,81,81,81,81,81,81,81,81,87,87,87,87,87,87,87,87],"card_choices":[{"not_picked":["hermit:EyeOfTheStorm","hermit:Snipe"],"picked":"hermit:Gestalt","floor":1},{"not_picked":["hermit:HoleUp","hermit:HighCaliber"],"picked":"hermit:Scavenge","floor":5},{"not_picked":["hermit:Quickdraw","hermit:Headshot"],"picked":"hermit:FinalCanter","floor":7},{"not_picked":["hermit:Horror","hermit:Virtue"],"picked":"hermit:WideOpen","floor":8},{"not_picked":["hermit:Glare","hermit:LuckOfTheDraw"],"picked":"hermit:Scavenge","floor":12},{"not_picked":["hermit:Dive","hermit:Manifest"],"picked":"hermit:Enervate","floor":13},{"not_picked":["hermit:Dissolve","hermit:HighNoon"],"picked":"hermit:Roughhouse","floor":16},{"not_picked":["hermit:Headshot","hermit:Brawl"],"picked":"hermit:Snipe+1","floor":18},{"not_picked":["hermit:Showdown+1","hermit:WideOpen","hermit:BodyArmor"],"picked":"SKIP","floor":20},{"not_picked":["hermit:Showdown","hermit:TrackingShot"],"picked":"hermit:TakeCover+1","floor":21},{"not_picked":["hermit:EyeOfTheStorm+1","hermit:Coalescence"],"picked":"hermit:FlashPowder+1","floor":22},{"not_picked":["hermit:HighCaliber","hermit:CalledShot"],"picked":"hermit:Scavenge","floor":23},{"not_picked":["hermit:Brawl","hermit:Ricochet"],"picked":"hermit:LowProfile+1","floor":27},{"not_picked":["hermit:HighNoon","hermit:HoleUp"],"picked":"hermit:Cheat","floor":29},{"not_picked":["hermit:Spite+1","hermit:Brawl","hermit:Enervate+1"],"picked":"SKIP","floor":31},{"not_picked":["hermit:FinalCanter","hermit:Adapt"],"picked":"hermit:RoundhouseKick","floor":33},{"not_picked":["hermit:Cheat+1","hermit:TakeCover+1","hermit:HighCaliber+1"],"picked":"SKIP","floor":35},{"not_picked":["hermit:CalledShot","hermit:LowProfile","hermit:Vantage"],"picked":"SKIP","floor":37},{"not_picked":["hermit:Maintenance","hermit:SprayPray+1"],"picked":"hermit:TrackingShot","floor":39},{"not_picked":["hermit:Roulette+1","hermit:Snipe"],"picked":"hermit:Grudge+1","floor":40}],"player_experience":825486,"relics_obtained":[{"floor":3,"key":"hubris:DuctTape"},{"floor":7,"key":"reliquary:QuartzCube"},{"floor":9,"key":"infinitespire:Eraser"},{"floor":13,"key":"hubris:64BitClover"},{"floor":23,"key":"infinitespire:WardingShard"},{"floor":26,"key":"hubris:DeckOfHolding"},{"floor":28,"key":"hubris:ToyBattleship"},{"floor":29,"key":"Akabeko"},{"floor":31,"key":"hubris:SlimyHat"},{"floor":38,"key":"Pantograph"},{"floor":40,"key":"MawBank"},{"floor":40,"key":"reliquary:PartyBalloon"}],"event_choices":[{"damage_healed":0,"gold_gain":0,"player_choice":"Ignored","damage_taken":0,"max_hp_gain":0,"max_hp_loss":0,"event_name":"Fountain of Cleansing","floor":11,"gold_loss":0},{"damage_healed":28,"gold_gain":0,"player_choice":"Full Heal","damage_taken":0,"max_hp_gain":0,"max_hp_loss":0,"event_name":"Wheel of Change","floor":14,"gold_loss":0},{"damage_healed":0,"gold_gain":0,"player_choice":"Copied","damage_taken":0,"max_hp_gain":0,"max_hp_loss":0,"event_name":"Duplicator","floor":25,"gold_loss":0,"cards_obtained":["hermit:FlashPowder"]},{"damage_healed":0,"gold_gain":0,"player_choice":"Obtain Plague Curse","damage_taken":0,"max_hp_gain":0,"max_hp_loss":0,"event_name":"Plague Doctor","floor":36,"gold_loss":0,"cards_obtained":["theForsaken:PlagueCurse"]},{"damage_healed":0,"gold_gain":0,"player_choice":"Relic","damage_taken":0,"max_hp_gain":0,"max_hp_loss":0,"event_name":"Wheel of Change","floor":38,"gold_loss":0}],"is_beta":false,"boss_relics":[{"not_picked":["Velvet Choker","construct:ClawGrip"],"picked":"Philosopher\u0027s Stone"},{"not_picked":["Fusion Hammer","SlaversCollar"],"picked":"Black Star"}],"items_purged_floors":[19,24],"is_endless":true,"potions_floor_spawned":[5,7,16,20,21,27,31,33,39],"killed_by":"Nemesis","ascension_level":0}}