{"host":"lehbxtjrpalkmwwj","time":1612801040,"event":{"mods":["Aspiration","BaseMod","Colored Map","Colored Powertips","Conspire","GungeonMod","KomeijiMod","Lobotomy","Minty Spire (QoL Compilation)","Quick Restart","Replay The Spire","Shop Mod","StSLib","The Cursed","The Poker Player","[IsaacMod]ÒÔÈö¼âËþ"],"gold_per_floor":[115,115,115,125,24,50,50,83,109,143,143,318,344,355,355,453,453,471,471,113,131,131,131,131],"floor_reached":23,"language":"ZHS","playtime":597,"items_purged":["Regret","Doubt"],"score":317,"play_id":"9920b829-a58f-4560-adf7-c3021fb86b93","local_time":"20210209001720","is_ascension_mode":true,"campfire_choices":[{"floor":7,"key":"RECALL"},{"data":"The Bomb","floor":11,"key":"SMITH"},{"data":"Inflame","floor":15,"key":"SMITH"}],"circlet_count":0,"master_deck":["Defend_R","Defend_R","Defend_R","Defend_R","Bash","SuicideKing","SuicideKing","Life Link","Inflame+1","The Bomb+1","Flash of Steel","SuicideKing","DemoMod:WhiteBlade","DemoMod:BlackBlade","Flame Barrier","Infernal Blade","Clash","Berserk","Thunderclap","Anger","Bite","Bite","Bite","Bite","Bite"],"relics":["Burning Blood","HushsDoor","SteamSale","Gremlin Food","ReplayTheSpireMod:ShopPack","MealTicket","DoctorsRemote","ReplayTheSpireMod:Lightbulb","FossilizedHelix","Oddly Smooth Stone","conspire:RoyalGoblet","MomsKnife","Torii","Ginger"],"acts_visited":["Exordium","TheCity"],"potions_floor_usage":[16,21,23,23],"damage_taken":[{"damage":11,"enemies":"Small Slimes","floor":1,"turns":5},{"damage":0,"enemies":"2 Louse","floor":4,"turns":3},{"damage":30,"enemies":"Lagavulin","floor":6,"turns":5},{"damage":28,"enemies":"Gremlin Nob","floor":8,"turns":3},{"damage":0,"enemies":"Lagavulin","floor":10,"turns":4},{"damage":0,"enemies":"Gremlin Nob","floor":13,"turns":3},{"damage":0,"enemies":"Jaw Worm","floor":14,"turns":3},{"damage":7,"enemies":"Fading Forest","floor":16,"turns":11},{"damage":7,"enemies":"Shell Parasite","floor":18,"turns":5},{"damage":0,"enemies":"2 Thieves","floor":21,"turns":2},{"damage":22,"enemies":"Slavers","floor":23,"turns":2}],"seed_played":"4687289649323262096","potions_obtained":[{"floor":1,"key":"Dexterity Potion"},{"floor":8,"key":"Venom Potion"},{"floor":13,"key":"DemoMod:LeadSkinPotion"},{"floor":18,"key":"DemoMod:LeadSkinPotion"},{"floor":19,"key":"AttackPotion"},{"floor":19,"key":"Explosive Potion"}],"is_trial":false,"path_per_floor":["M","?","?","M","$","E","R","E","T","E","R","?","E","M","R","B",null,"M","?","$","M","?","E"],"character_chosen":"IRONCLAD","items_purchased":["ReplayTheSpireMod:ShopPack","MomsKnife","Torii","Ginger"],"campfire_rested":0,"item_purchase_floors":[5,17,20,20],"current_hp_per_floor":[75,75,75,80,80,56,56,34,34,40,40,40,46,52,52,67,48,47,47,48,48,33,11,11],"gold":131,"neow_bonus":"","is_daily":false,"chose_seed":false,"campfire_upgraded":2,"win_rate":0.0,"timestamp":1612801040,"path_taken":["M","?","?","M","$","E","R","E","T","E","R","?","E","M","R","BOSS","M","?","$","M","?","E"],"items_purchased_type":["Relic","Relic","Relic","Relic"],"build_version":"2020-12-22","purchased_purges":2,"victory":false,"max_hp_per_floor":[80,80,80,80,80,80,80,80,80,80,80,80,80,80,80,80,48,48,48,48,48,33,33,33],"card_choices":[{"not_picked":[],"picked":"SuicideKing","floor":0},{"not_picked":[],"picked":"SuicideKing","floor":0},{"not_picked":["Warcry","Body Slam"],"picked":"Life Link","floor":1},{"not_picked":["conspire:HitWhereItHurts","Wild Strike"],"picked":"Inflame","floor":4},{"not_picked":["RidiculousThoughts","SuicideKing"],"picked":"The Bomb","floor":5},{"not_picked":["Jack Of All Trades","Impatience"],"picked":"Flash of Steel","floor":5},{"not_picked":["ReplayTheSpireMod:Uncanny Aura","Bomb"],"picked":"SuicideKing","floor":5},{"not_picked":["Havoc","Cleave"],"picked":"DemoMod:BlackBlade","floor":6},{"not_picked":["Ghostly Armor","Sword Boomerang"],"picked":"Flame Barrier","floor":8},{"not_picked":["Shrug It Off","Juggernaut","Wild Strike"],"picked":"SKIP","floor":10},{"not_picked":["Thunderclap","Body Slam"],"picked":"Infernal Blade","floor":13},{"not_picked":["ReplayTheSpireMod:Stacked","Sentinel"],"picked":"Clash","floor":14},{"not_picked":["Corruption","Limit Break"],"picked":"Berserk","floor":16},{"not_picked":["Heavy Blade","Iron Wave"],"picked":"Thunderclap","floor":18},{"not_picked":["Battle Trance","Blood for Blood"],"picked":"Anger","floor":21}],"player_experience":146958,"relics_obtained":[{"floor":6,"key":"MealTicket"},{"floor":8,"key":"DoctorsRemote"},{"floor":9,"key":"ReplayTheSpireMod:Lightbulb"},{"floor":10,"key":"FossilizedHelix"},{"floor":13,"key":"Oddly Smooth Stone"}],"event_choices":[{"damage_healed":0,"gold_gain":0,"player_choice":"Ignored","damage_taken":0,"max_hp_gain":0,"max_hp_loss":0,"event_name":"Golden Wing","floor":2,"gold_loss":0},{"damage_healed":0,"gold_gain":0,"player_choice":"Box","damage_taken":0,"relics_obtained":["Gremlin Food"],"max_hp_gain":0,"max_hp_loss":0,"event_name":"Big Fish","floor":3,"gold_loss":0,"cards_obtained":["Regret"]},{"damage_healed":0,"gold_gain":175,"player_choice":"AGREE","damage_taken":0,"max_hp_gain":0,"max_hp_loss":0,"event_name":"Liars Game","floor":12,"gold_loss":0,"cards_obtained":["Doubt"]},{"damage_healed":0,"gold_gain":0,"player_choice":"Got Potions","damage_taken":0,"max_hp_gain":0,"max_hp_loss":0,"event_name":"Lab","floor":19,"gold_loss":0},{"damage_healed":0,"gold_gain":0,"player_choice":"Became a vampire","damage_taken":0,"max_hp_gain":0,"max_hp_loss":15,"event_name":"Vampires","floor":22,"gold_loss":0,"cards_obtained":["Bite","Bite","Bite","Bite","Bite"]}],"is_beta":false,"boss_relics":[{"not_picked":["Replay:Wanted Poster","Replay:Drink Me"],"picked":"conspire:RoyalGoblet"},{"not_picked":[]}],"items_purged_floors":[5,20],"is_endless":false,"potions_floor_spawned":[1,8,13,18],"killed_by":"Slavers","ascension_level":2}}