{"host":"i0avyit1s6jb1siw","time":1612780984,"event":{"mods":["BaseMod","DeckTracker","Dota2Spire","Highlight Path","Minty Spire (QoL Compilation)","Quick Restart","StSLib","SuperFastMode"],"gold_per_floor":[109,109,121,136,154,154,187,198,198,247,247,281,281,281,292,304,304,381,381,410,104,120,140,155,155,155],"floor_reached":25,"language":"ENG","playtime":470,"items_purged":[],"score":434,"play_id":"6ac5a5d3-98a2-4ea0-919d-642c9dfe396a","local_time":"20210208114304","is_ascension_mode":true,"campfire_choices":[{"data":"Perfected Strike","floor":6,"key":"SMITH"},{"data":"Wild Strike","floor":11,"key":"SMITH"},{"floor":13,"key":"REST"},{"data":"Pommel Strike","floor":17,"key":"SMITH"}],"circlet_count":0,"master_deck":["AscendersBane","Strike_R","Strike_R","Strike_R","Strike_R","Defend_R","Defend_R","Defend_R","Defend_R","Bash","Pommel Strike+1","Perfected Strike+1","Ghostly Armor","Perfected Strike+1","Wild Strike+1","Flame Barrier","Wild Strike","Impervious","CurseOfTheBell","Twin Strike+1","Evolve"],"relics":["Burning Blood","Pen Nib","White Beast Statue","Letter Opener","Calling Bell","MawBank","Ornamental Fan","Ginger","InkBottle"],"acts_visited":["Exordium","TheCity"],"potions_floor_usage":[7,12,18,20,22,23,24,25],"damage_taken":[{"damage":7,"enemies":"Small Slimes","floor":1,"turns":3},{"damage":0,"enemies":"Cultist","floor":3,"turns":3},{"damage":0,"enemies":"2 Louse","floor":4,"turns":2},{"damage":4,"enemies":"Red Slaver","floor":5,"turns":3},{"damage":8,"enemies":"Gremlin Nob","floor":7,"turns":3},{"damage":21,"enemies":"Exordium Thugs","floor":8,"turns":4},{"damage":30,"enemies":"Lagavulin","floor":12,"turns":7},{"damage":0,"enemies":"Large Slime","floor":15,"turns":3},{"damage":2,"enemies":"Exordium Wildlife","floor":16,"turns":3},{"damage":54,"enemies":"Hexaghost","floor":18,"turns":8},{"damage":0,"enemies":"Spheric Guardian","floor":20,"turns":3},{"damage":0,"enemies":"Chosen","floor":22,"turns":3},{"damage":36,"enemies":"Snake Plant","floor":23,"turns":4},{"damage":33,"enemies":"Cultist and Chosen","floor":24,"turns":8},{"damage":22,"enemies":"Gremlin Leader","floor":25,"turns":5}],"seed_played":"-6672906961611388138","potions_obtained":[{"floor":1,"key":"SpeedPotion"},{"floor":5,"key":"ElixirPotion"},{"floor":8,"key":"Strength Potion"},{"floor":12,"key":"SkillPotion"},{"floor":18,"key":"Block Potion"},{"floor":20,"key":"FearPotion"},{"floor":22,"key":"Dota2Spire:HealingSalve"},{"floor":23,"key":"Weak Potion"},{"floor":24,"key":"ColorlessPotion"}],"is_trial":false,"path_per_floor":["M","?","M","M","M","R","E","M","T","T","R","E","R","?","M","M","R","B",null,"M","$","M","M","M","E"],"character_chosen":"IRONCLAD","items_purchased":["Evolve","InkBottle"],"campfire_rested":1,"item_purchase_floors":[21,21],"current_hp_per_floor":[67,67,73,75,75,75,73,58,58,58,58,34,56,56,62,66,66,18,61,67,67,73,48,21,0,0],"gold":155,"neow_bonus":"TRANSFORM_CARD","is_daily":false,"chose_seed":false,"campfire_upgraded":3,"win_rate":0.0,"timestamp":1612780984,"path_taken":["M","?","M","M","?","R","E","M","T","T","R","E","R","?","M","?","R","BOSS","M","$","M","M","M","E"],"items_purchased_type":["Card","Relic"],"build_version":"2020-12-22","purchased_purges":0,"victory":false,"max_hp_per_floor":[75,75,75,75,75,75,75,75,75,75,75,75,75,75,75,75,75,75,75,75,75,75,75,75,75,75],"card_choices":[{"not_picked":["Battle Trance","Whirlwind"],"picked":"Perfected Strike","floor":1},{"not_picked":["Clothesline","True Grit"],"picked":"Ghostly Armor","floor":3},{"not_picked":["Thunderclap","Entrench"],"picked":"Perfected Strike","floor":4},{"not_picked":["Body Slam","Searing Blow"],"picked":"Wild Strike","floor":5},{"not_picked":["Clothesline","Sentinel","Uppercut"],"picked":"SKIP","floor":7},{"not_picked":["Clash","Thunderclap"],"picked":"Flame Barrier","floor":8},{"not_picked":["Sword Boomerang","Dual Wield","Anger"],"picked":"SKIP","floor":12},{"not_picked":["Brutality","Thunderclap"],"picked":"Wild Strike","floor":15},{"not_picked":["Anger","Clash","Warcry"],"picked":"SKIP","floor":16},{"not_picked":["Double Tap","Barricade"],"picked":"Impervious","floor":18},{"not_picked":["Havoc","Heavy Blade+1"],"picked":"Twin Strike+1","floor":20},{"not_picked":["Uppercut","Havoc","Hemokinesis"],"picked":"SKIP","floor":22},{"not_picked":["Warcry","Limit Break","Body Slam+1"],"picked":"SKIP","floor":23},{"not_picked":["Headbutt","Havoc","Clash"],"picked":"SKIP","floor":24}],"player_experience":2425591,"relics_obtained":[{"floor":7,"key":"Pen Nib"},{"floor":9,"key":"White Beast Statue"},{"floor":12,"key":"Letter Opener"},{"floor":19,"key":"MawBank"},{"floor":19,"key":"Ornamental Fan"},{"floor":19,"key":"Ginger"}],"event_choices":[{"damage_healed":0,"gold_gain":0,"player_choice":"Forge","damage_taken":0,"max_hp_gain":0,"max_hp_loss":0,"event_name":"Accursed Blacksmith","floor":2,"gold_loss":0,"cards_upgraded":["Perfected Strike"]},{"damage_healed":0,"gold_gain":0,"player_choice":"Got Potions","damage_taken":0,"max_hp_gain":0,"max_hp_loss":0,"event_name":"Lab","floor":14,"gold_loss":0}],"is_beta":false,"boss_relics":[{"not_picked":["Pandora\u0027s Box","Black Star"],"picked":"Calling Bell"}],"items_purged_floors":[],"is_endless":false,"potions_floor_spawned":[1,5,8,12,15,16,18,20,22,23,24],"killed_by":"Gremlin Leader","ascension_level":20}}