{"host":"amduk82rbaelv3uo","time":1612811378,"event":{"mods":["AchievementEnabler","BaseMod","BetterRewards","Colored Map","Colored Powertips","Defuse TimeMaze Blight","Highlight Path","Infinite Spire","Minty Spire (QoL Compilation)","Permanent Neow","Quick Restart","Replay The Spire","StSLib","The Cursed"],"gold_per_floor":[114,125,125,142,159,186,186,213,213,322,355,370,389,389,389,491,541,556,568,568,568,568],"floor_reached":21,"language":"ENG","playtime":1942,"items_purged":[],"score":221,"play_id":"18f2c23a-e6dd-4ebd-9b6a-d70040c87bd8","local_time":"20210208190938","is_ascension_mode":true,"campfire_choices":[{"data":"Cloak And Dagger","floor":7,"key":"SMITH"},{"floor":15,"key":"REST"}],"circlet_count":0,"master_deck":["Strike_G","Strike_G","Strike_G","Strike_G","Strike_G","Defend_G","Defend_G","Defend_G","Defend_G","Defend_G","Survivor","Neutralize","Cloak And Dagger+1","Slice","Footwork","Footwork","Blade Dance","Sucker Punch","Infinite Blades","ReplayTheSpireMod:Splinters","Poisoned Stab+1","Blur","Backstab","PiercingWail","Choke","Toxin Wave","Storm of Steel","Deflect","Backstab","Backflip+1","Voices"],"relics":["Ring of the Snake","Gremlin Horn","Replay:Towering Pillar of Hats","infinitespire:PuzzleCube","infinitespire:Broken Mirror","Art of War","Tiny House","Ring of Panic"],"acts_visited":["Exordium","TheCity"],"potions_floor_usage":[5,6,16,16,18,18],"damage_taken":[{"damage":1,"enemies":"Cultist","floor":1,"turns":5},{"damage":2,"enemies":"Jaw Worm","floor":2,"turns":4},{"damage":3,"enemies":"Small Slimes","floor":4,"turns":4},{"damage":5,"enemies":"3 Louse","floor":5,"turns":3},{"damage":10,"enemies":"Lagavulin","floor":6,"turns":10},{"damage":23,"enemies":"Gremlin Nob","floor":8,"turns":5},{"damage":2,"enemies":"3 Sentries","floor":11,"turns":7},{"damage":0,"enemies":"Gremlin Gang","floor":12,"turns":3},{"damage":0,"enemies":"2 Fungi Beasts","floor":13,"turns":2},{"damage":21,"enemies":"The Guardian","floor":16,"turns":12},{"damage":36,"enemies":"2 Thieves","floor":18,"turns":5},{"damage":23,"enemies":"Spheric Guardian","floor":19,"turns":4},{"damage":0,"enemies":"Shelled Parasite and Fungi","floor":21,"turns":1}],"seed_played":"-7986991240707011225","potions_obtained":[{"floor":4,"key":"Poison Potion"},{"floor":5,"key":"Block Potion"},{"floor":8,"key":"FairyPotion"},{"floor":14,"key":"CunningPotion"},{"floor":14,"key":"Dexterity Potion"},{"floor":16,"key":"Elixir"},{"floor":17,"key":"SneckoOil"},{"floor":18,"key":"Poison Potion"}],"is_trial":false,"path_per_floor":["M","M","T","M","M","E","R","E","T","?","E","M","M","?","R","B",null,"M","M","?","M"],"character_chosen":"THE_SILENT","items_purchased":[],"campfire_rested":1,"item_purchase_floors":[],"current_hp_per_floor":[69,67,67,64,59,49,49,26,26,26,24,24,24,24,45,24,75,39,16,16,16,16],"gold":568,"neow_bonus":"THREE_CARDS","is_daily":false,"chose_seed":false,"campfire_upgraded":1,"win_rate":0.0,"timestamp":1612811378,"path_taken":["M","M","?","?","M","E","R","E","T","?","E","M","M","?","R","BOSS","M","?","?","M"],"items_purchased_type":[],"build_version":"2020-12-22","purchased_purges":0,"victory":false,"max_hp_per_floor":[70,70,70,70,70,70,70,70,70,70,70,70,70,70,70,70,75,75,75,75,75,75],"card_choices":[{"not_picked":["Draining Mist","Bane"],"picked":"Cloak And Dagger","floor":0},{"not_picked":["PiercingWail","ReplayTheSpireMod:Exploit Weakness"],"picked":"Slice","floor":1},{"not_picked":["Masterful Stab","Cloak And Dagger"],"picked":"Footwork","floor":2},{"not_picked":["Eviscerate","Calculated Gamble"],"picked":"Footwork","floor":4},{"not_picked":["Hidden Blade","Prepared"],"picked":"Blade Dance","floor":5},{"not_picked":["Atom Bomb","ReplayTheSpireMod:Necrosis"],"picked":"Sucker Punch","floor":6},{"not_picked":["Dagger Throw","Predator"],"picked":"Infinite Blades","floor":8},{"not_picked":["Sucker Punch","Caltrops"],"picked":"Poisoned Stab","floor":10},{"not_picked":["Poisoned Stab","Flechettes"],"picked":"Blur","floor":10},{"not_picked":["Finisher","Tactician"],"picked":"Backstab","floor":10},{"not_picked":["Reflex","Dagger Throw"],"picked":"PiercingWail","floor":11},{"not_picked":["Dagger Throw","Sucker Punch"],"picked":"Choke","floor":12},{"not_picked":["Cloak And Dagger","Underhanded Strike"],"picked":"Toxin Wave","floor":13},{"not_picked":["Tools of the Trade","Phantasmal Killer"],"picked":"Storm of Steel","floor":16},{"not_picked":["Well Laid Plans","Deadly Poison"],"picked":"Deflect","floor":17},{"not_picked":["Deflect","Backflip"],"picked":"Backstab","floor":18},{"not_picked":["Dodge and Roll","PiercingWail"],"picked":"Backflip+1","floor":19}],"player_experience":291131,"relics_obtained":[{"floor":3,"key":"Gremlin Horn"},{"floor":6,"key":"Replay:Towering Pillar of Hats"},{"floor":8,"key":"infinitespire:PuzzleCube"},{"floor":9,"key":"infinitespire:Broken Mirror"},{"floor":11,"key":"Art of War"},{"floor":20,"key":"Ring of Panic"}],"event_choices":[{"damage_healed":0,"gold_gain":0,"player_choice":"Got Potions","damage_taken":0,"max_hp_gain":0,"max_hp_loss":0,"event_name":"Lab","floor":14,"gold_loss":0}],"is_beta":false,"boss_relics":[{"not_picked":["Velvet Choker","Replay:Wanted Poster"],"picked":"Tiny House"}],"items_purged_floors":[],"is_endless":false,"potions_floor_spawned":[4,5,8,16,18],"killed_by":"Shelled Parasite and Fungi","ascension_level":2}}