{"host":"gkm149kh1ihaqy0o","time":1612802108,"event":{"mods":["AchievementEnabler","BaseMod","Colored Powertips","Googly Eyes","Key Reminder","Minty Spire (QoL Compilation)","Permanent Neow","Quick Restart","Random Character Button","Rare Cards Sparkle","Relic Sorter","Relic Stats","SuperFastMode","Unceasing Turn Reminder","everything is the same but u backflip on backflip"],"gold_per_floor":[362,380,38,55,55,81,101,111,137,151,180,180,190,190,190,190,190],"floor_reached":16,"language":"ENG","playtime":606,"items_purged":["Strike_B"],"score":165,"play_id":"fe4e2acf-3d66-45b7-ab5e-f4eeb7dd3ac6","local_time":"20210208103508","is_ascension_mode":true,"campfire_choices":[{"floor":12,"key":"REST"},{"data":"Sunder","floor":15,"key":"SMITH"}],"circlet_count":0,"master_deck":["Strike_B","Strike_B+1","Strike_B","Defend_B","Defend_B","Defend_B","Defend_B","Zap","Dualcast+1","Sunder+1","Sunder+1","Loop+1","BootSequence","Amplify","Cold Snap","Sweeping Beam","Hologram","White Noise","Recycle","Glacier"],"relics":["Cracked Core","Lee\u0027s Waffle","Gremlin Horn","Whetstone","Omamori","keyreminder:keyreminder"],"acts_visited":["Exordium"],"potions_floor_usage":[6,6,8,11],"damage_taken":[{"damage":13,"enemies":"Jaw Worm","floor":1,"turns":4},{"damage":1,"enemies":"Cultist","floor":2,"turns":3},{"damage":0,"enemies":"Small Slimes","floor":4,"turns":2},{"damage":10,"enemies":"3 Sentries","floor":6,"turns":5},{"damage":0,"enemies":"2 Fungi Beasts","floor":7,"turns":2},{"damage":0,"enemies":"Gremlin Gang","floor":8,"turns":3},{"damage":0,"enemies":"Exordium Wildlife","floor":10,"turns":2},{"damage":30,"enemies":"Lagavulin","floor":11,"turns":6},{"damage":1,"enemies":"Exordium Thugs","floor":13,"turns":3},{"damage":44,"enemies":"The Guardian","floor":16,"turns":14}],"seed_played":"-9070632345148412277","potions_obtained":[{"floor":1,"key":"EntropicBrew"},{"floor":6,"key":"Weak Potion"},{"floor":7,"key":"PowerPotion"}],"is_trial":false,"path_per_floor":["M","M","$","M","?","E","M","M","T","M","E","R","M","?","R","B"],"character_chosen":"DEFECT","items_purchased":["Loop","Lee\u0027s Waffle","FocusPotion"],"campfire_rested":1,"item_purchase_floors":[3,3,3],"current_hp_per_floor":[55,54,75,75,75,65,65,65,65,65,35,57,56,41,41,0,0],"gold":190,"neow_bonus":"TWO_FIFTY_GOLD","is_daily":false,"chose_seed":false,"campfire_upgraded":1,"win_rate":0.0,"timestamp":1612802108,"path_taken":["M","M","$","M","?","E","?","M","T","M","E","R","M","?","R","BOSS"],"items_purchased_type":["Card","Relic","Potion"],"build_version":"2020-12-22","purchased_purges":1,"victory":false,"max_hp_per_floor":[68,68,75,75,75,75,75,75,75,75,75,75,75,75,75,75,75],"relic_stats":{"Lee\u0027s Waffle":21,"Gremlin Horn":[6,6],"counters":[10,44],"Whetstone":["Sunder","Strike_B"],"obtain_stats":[{"keyreminder:keyreminder":11,"Lee\u0027s Waffle":3,"Gremlin Horn":6,"Omamori":11,"Whetstone":9,"Cracked Core":0},{"keyreminder:keyreminder":8,"Lee\u0027s Waffle":2,"Gremlin Horn":4,"Omamori":8,"Whetstone":6,"Cracked Core":0},{"keyreminder:keyreminder":27,"Lee\u0027s Waffle":7,"Gremlin Horn":14,"Omamori":27,"Whetstone":19,"Cracked Core":0}]},"card_choices":[{"not_picked":["Compile Driver","Go for the Eyes"],"picked":"Sunder","floor":1},{"not_picked":["Blizzard","Redo"],"picked":"Sunder","floor":2},{"not_picked":["Hello World","Loop"],"picked":"BootSequence","floor":4},{"not_picked":["All For One","Ball Lightning"],"picked":"Cold Snap","floor":6},{"not_picked":["Hologram","Steam"],"picked":"Sweeping Beam","floor":7},{"not_picked":["Stack","BootSequence"],"picked":"Hologram","floor":8},{"not_picked":["Fusion","Sweeping Beam"],"picked":"White Noise","floor":10},{"not_picked":["Blizzard","Rainbow"],"picked":"Recycle","floor":11},{"not_picked":["Cold Snap","Sweeping Beam"],"picked":"Glacier","floor":13}],"player_experience":642014,"relics_obtained":[{"floor":6,"key":"Gremlin Horn"},{"floor":9,"key":"Whetstone"},{"floor":11,"key":"Omamori"}],"event_choices":[{"damage_healed":0,"gold_gain":0,"player_choice":"1 cards matched","damage_taken":0,"max_hp_gain":0,"max_hp_loss":0,"event_name":"Match and Keep!","floor":5,"gold_loss":0,"cards_obtained":["Amplify"]},{"damage_healed":0,"gold_gain":0,"player_choice":"Entered Light","damage_taken":15,"max_hp_gain":0,"max_hp_loss":0,"event_name":"Shining Light","floor":14,"gold_loss":0,"cards_upgraded":["Loop","Dualcast"]}],"is_beta":false,"boss_relics":[],"items_purged_floors":[3],"is_endless":false,"potions_floor_spawned":[1,6,7],"killed_by":"The Guardian","ascension_level":9}}