{"host":"52lujqhsyicpcskq","time":1612810666,"event":{"mods":["BaseMod","Colored Map","Minty Spire (QoL Compilation)","Permanent Neow","StSLib","SuperFastMode","everything is the same but u backflip on backflip"],"gold_per_floor":[112,66,82,92,103,103,113,139,165,180,180,207,207,56,56,134,134,152,166,181,201,215,215,232,232,257,273,273,273,308,308,308,386,386,398,412,39,39,57,57,57,57,112,0,48,60,73,73,73,73,73],"floor_reached":50,"language":"KOR","playtime":1773,"items_purged":["Strike_G","Writhe"],"score":810,"play_id":"05424f59-2753-45dd-bfc5-c8d593fcbe2b","local_time":"20210209035746","is_ascension_mode":true,"campfire_choices":[{"data":"Dagger Spray","floor":6.0,"key":"SMITH"},{"floor":11.0,"key":"REST"},{"data":"Accuracy","floor":13.0,"key":"SMITH"},{"data":"Venomology","floor":15.0,"key":"SMITH"},{"data":"Cloak And Dagger","floor":23.0,"key":"SMITH"},{"data":"Backflip","floor":25.0,"key":"SMITH"},{"data":"Cloak And Dagger","floor":28.0,"key":"SMITH"},{"floor":32.0,"key":"REST"},{"floor":40,"key":"REST"},{"floor":42,"key":"REST"},{"floor":49,"key":"REST"}],"circlet_count":0,"master_deck":["AscendersBane","Strike_G","Strike_G","Strike_G","Strike_G","Defend_G","Defend_G","Defend_G","Defend_G","Defend_G","Survivor","Neutralize","Unload","Accuracy+1","Blade Dance","Dagger Throw","Backflip+1","Dagger Spray+1","PiercingWail","Slice","Blade Dance","Venomology+1","Footwork","Corpse Explosion","Cloak And Dagger+1","Footwork","Cloak And Dagger+1","Slice","Deflect+1","Blur+1","Cloak And Dagger","Envenom+1","Phantasmal Killer","Backstab","Terror+1","Backstab+1","Blur","Caltrops+1"],"relics":["Ring of the Snake","Eternal Feather","Bronze Scales","Tiny Chest","SacredBark","Art of War","PreservedInsect","Smiling Mask","Fusion Hammer","Bottled Tornado","Molten Egg 2","Vajra","Red Mask","FossilizedHelix","Thread and Needle"],"acts_visited":["Exordium","TheCity","TheBeyond"],"potions_floor_usage":[33,35,39,46,46,46,46,50,50,50],"damage_taken":[{"damage":0.0,"enemies":"2 Louse","floor":1.0,"turns":2.0},{"damage":4.0,"enemies":"Jaw Worm","floor":3.0,"turns":2.0},{"damage":1.0,"enemies":"Cultist","floor":4.0,"turns":3.0},{"damage":5.0,"enemies":"Red Slaver","floor":5.0,"turns":5.0},{"damage":8.0,"enemies":"Blue Slaver","floor":7.0,"turns":3.0},{"damage":23.0,"enemies":"Gremlin Nob","floor":8.0,"turns":4.0},{"damage":0.0,"enemies":"3 Louse","floor":10.0,"turns":3.0},{"damage":7.0,"enemies":"3 Sentries","floor":12.0,"turns":4.0},{"damage":62.0,"enemies":"The Guardian","floor":16.0,"turns":12.0},{"damage":0.0,"enemies":"Spheric Guardian","floor":18.0,"turns":5.0},{"damage":0.0,"enemies":"Chosen","floor":19.0,"turns":5.0},{"damage":0.0,"enemies":"3 Cultists","floor":20.0,"turns":2.0},{"damage":3.0,"enemies":"Snake Plant","floor":21.0,"turns":4.0},{"damage":12.0,"enemies":"Snecko","floor":22.0,"turns":6.0},{"damage":0.0,"enemies":"3 Cultists","floor":24.0,"turns":3.0},{"damage":16.0,"enemies":"Snake Plant","floor":27.0,"turns":4.0},{"damage":28.0,"enemies":"Book of Stabbing","floor":30.0,"turns":5.0},{"damage":104,"enemies":"Collector","floor":33,"turns":14},{"damage":36,"enemies":"3 Darklings","floor":35,"turns":5},{"damage":6,"enemies":"Orb Walker","floor":36,"turns":2},{"damage":0,"enemies":"4 Shapes","floor":39,"turns":2},{"damage":28,"enemies":"2 Orb Walkers","floor":45,"turns":3},{"damage":4,"enemies":"Transient","floor":46,"turns":5},{"damage":0,"enemies":"Jaw Worm Horde","floor":47,"turns":4},{"damage":82,"enemies":"Time Eater","floor":50,"turns":9}],"seed_played":"-5947082180334461481","potions_obtained":[{"floor":1.0,"key":"GamblersBrew"},{"floor":7.0,"key":"Explosive Potion"},{"floor":10.0,"key":"FearPotion"},{"floor":16.0,"key":"PowerPotion"},{"floor":20.0,"key":"Fire Potion"},{"floor":21.0,"key":"Ancient Potion"},{"floor":27.0,"key":"Block Potion"},{"floor":33,"key":"EssenceOfSteel"},{"floor":45,"key":"BlessingOfTheForge"},{"floor":47,"key":"Energy Potion"}],"is_trial":false,"path_per_floor":["M","$","M","M","M","R","M","E","T","M","R","E","R","$","R","B",null,"M","M","M","M","M","R","M","R","T","M","R","?","E","?","R","B",null,"M","M","$","T","M","R","$","R","T","?","?","M","M","T","R","B"],"character_chosen":"THE_SILENT","items_purchased":["Blade Dance","Footwork","Bottled Tornado","CunningPotion"],"campfire_rested":5,"item_purchase_floors":[2,14,37,37],"current_hp_per_floor":[63,63,59,58,53,53,45,22,22,22,55,48,60,60,70,8,55,55,55,55,52,40,55,55,70,70,54,70,70,42,42,70,21,58,22,16,16,16,16,58,58,70,70,70,42,38,38,38,70,0,0],"gold":73,"neow_bonus":"ONE_RANDOM_RARE_CARD","is_daily":false,"chose_seed":false,"campfire_upgraded":6,"win_rate":0.0,"timestamp":1612810666,"path_taken":["M","$","M","M","M","R","M","E","T","M","R","E","R","$","R","BOSS","M","M","M","M","M","R","M","R","T","M","R","?","E","?","R","BOSS","M","?","$","?","M","R","$","R","T","?","?","M","?","?","R","BOSS"],"items_purchased_type":["Card","Card","Relic","Potion"],"build_version":"2020-12-22","purchased_purges":2,"victory":false,"max_hp_per_floor":[70,70,70,70,70,70,70,70,70,70,70,70,70,70,70,70,70,70,70,70,70,70,70,70,70,70,70,70,70,70,70,70,70,70,70,70,70,70,70,70,70,70,70,70,70,70,70,70,70,70,70],"card_choices":[{"not_picked":["Calculated Gamble","Deflect"],"picked":"Accuracy","floor":1.0},{"not_picked":["Catalyst","Outmaneuver"],"picked":"Dagger Throw","floor":3.0},{"not_picked":["Dagger Throw","Outmaneuver"],"picked":"Backflip","floor":4.0},{"not_picked":["Slice","Reflex"],"picked":"Dagger Spray","floor":5.0},{"not_picked":["Escape Plan","Deflect"],"picked":"PiercingWail","floor":7.0},{"not_picked":["Corpse Explosion","All Out Attack"],"picked":"Slice","floor":8.0},{"not_picked":["Infinite Blades","Crippling Poison"],"picked":"Blade Dance","floor":10.0},{"not_picked":["Slice","Catalyst"],"picked":"Venomology","floor":12.0},{"not_picked":["Grand Finale","Bullet Time"],"picked":"Corpse Explosion","floor":16.0},{"not_picked":["Crippling Poison","Sucker Punch"],"picked":"Cloak And Dagger","floor":18.0},{"not_picked":["Underhanded Strike","Tactician"],"picked":"Footwork","floor":19.0},{"not_picked":["Flying Knee","Endless Agony"],"picked":"Cloak And Dagger","floor":20.0},{"not_picked":["Deadly Poison+1","Outmaneuver"],"picked":"Slice","floor":21.0},{"not_picked":["Distraction","Caltrops"],"picked":"Deflect+1","floor":22.0},{"not_picked":["Finisher","Quick Slash"],"picked":"Blur+1","floor":24.0},{"not_picked":["Slice","Flying Knee"],"picked":"Cloak And Dagger","floor":27.0},{"not_picked":["Deflect","Blur"],"picked":"Envenom","floor":30.0},{"not_picked":["Storm of Steel","Doppelganger"],"picked":"Phantasmal Killer","floor":33},{"not_picked":["Eviscerate","Riddle With Holes","Flying Knee"],"picked":"SKIP","floor":35},{"not_picked":["Deflect","Prepared"],"picked":"Backstab","floor":36},{"not_picked":["Predator+1","Quick Slash+1"],"picked":"Terror+1","floor":39},{"not_picked":["Dagger Throw+1","Poisoned Stab+1"],"picked":"Backstab+1","floor":45},{"not_picked":["Envenom","Skewer+1"],"picked":"Blur","floor":46},{"not_picked":["Deadly Poison","Reflex"],"picked":"Caltrops+1","floor":47}],"player_experience":771607,"relics_obtained":[{"floor":8.0,"key":"Eternal Feather"},{"floor":9.0,"key":"Bronze Scales"},{"floor":12.0,"key":"Tiny Chest"},{"floor":26.0,"key":"Art of War"},{"floor":30.0,"key":"Smiling Mask"},{"floor":38,"key":"Molten Egg 2"},{"floor":43,"key":"Vajra"},{"floor":45,"key":"FossilizedHelix"},{"floor":48,"key":"Thread and Needle"}],"event_choices":[{"damage_healed":0.0,"max_hp_gain":0.0,"max_hp_loss":0.0,"gold_gain":0.0,"event_name":"The Mausoleum","player_choice":"Opened","floor":29.0,"gold_loss":0.0,"damage_taken":0.0,"relics_obtained":["PreservedInsect"],"cards_obtained":["Writhe"]},{"damage_healed":0.0,"max_hp_gain":0.0,"max_hp_loss":0.0,"gold_gain":0.0,"event_name":"Accursed Blacksmith","player_choice":"Forge","floor":31.0,"gold_loss":0.0,"damage_taken":0.0,"cards_upgraded":["Envenom"]},{"damage_healed":0,"gold_gain":0,"player_choice":"Paid","damage_taken":0,"relics_obtained":["Red Mask"],"max_hp_gain":0,"max_hp_loss":0,"event_name":"Tomb of Lord Red Mask","floor":44,"gold_loss":112},{"damage_healed":0,"gold_gain":0,"player_choice":"Fight","damage_taken":0,"max_hp_gain":0,"max_hp_loss":0,"event_name":"Mysterious Sphere","floor":45,"gold_loss":0}],"is_beta":false,"boss_relics":[{"not_picked":["HoveringKite","Runic Dome"],"picked":"SacredBark"},{"not_picked":["Ring of the Serpent","Cursed Key"],"picked":"Fusion Hammer"}],"items_purged_floors":[14,37],"is_endless":false,"potions_floor_spawned":[1,7,8,10,16,20,21,27,33,45,47],"killed_by":"Time Eater","ascension_level":13}}