{"host":"1pkwkj8mkn7raipg","time":1612791779,"event":{"mods":["BaseMod","LagranYue(¿≠∏Ò¿ °§‘¬)","Minty Spire (QoL Compilation)","Replay The Spire","StSLib","TestMod","Youmu£®ªÍ∆«—˝√Œ£©"],"gold_per_floor":[110,110,185,198,72,98,98,130,130,140,40,40,40,59,59,59,59],"floor_reached":16,"language":"ZHS","playtime":533,"items_purged":["Strike_B","Defend_B"],"score":200,"play_id":"0daa19a7-81dc-4f70-92cb-8f97df7cffd3","local_time":"20210208214259","is_ascension_mode":true,"campfire_choices":[{"data":"Zap","floor":7,"key":"SMITH"},{"data":"Dualcast","floor":12,"key":"SMITH"},{"data":"Hologram","floor":15,"key":"SMITH"}],"circlet_count":0,"master_deck":["AscendersBane","Strike_B","Strike_B","Defend_B","Defend_B","Defend_B","Zap+1","Dualcast+1","Auto Shields","ReplayGash","Go for the Eyes","ReplayTheSpireMod:System Scan","Hologram+1"],"relics":["Cracked Core","testmod-TestBox","LagranYue:RandomDrawCardRelic","testmod-InfectionSource","NeowsBlessing","Pantograph","Replay:Rubber Ducky","Bag of Marbles"],"acts_visited":["Exordium"],"potions_floor_usage":[16],"damage_taken":[{"damage":0,"enemies":"2 Louse","floor":1,"turns":1},{"damage":0,"enemies":"Jaw Worm","floor":4,"turns":1},{"damage":0,"enemies":"Gremlin Nob","floor":6,"turns":1},{"damage":31,"enemies":"Lagavulin","floor":8,"turns":6},{"damage":0,"enemies":"Cultist","floor":10,"turns":3},{"damage":0,"enemies":"Looter","floor":14,"turns":4},{"damage":54,"enemies":"Slime Boss","floor":16,"turns":7}],"seed_played":"1125751925802034150","potions_obtained":[{"floor":1,"key":"PotionOfCapacity"},{"floor":6,"key":"Energy Potion"}],"is_trial":false,"path_per_floor":["M","?","?","M","$","E","R","E","T","M","$","R","$","M","R","B"],"character_chosen":"DEFECT","items_purchased":["Go for the Eyes"],"campfire_rested":0,"item_purchase_floors":[5],"current_hp_per_floor":[68,68,57,57,57,57,57,26,26,26,26,26,26,26,26,0,0],"gold":59,"neow_bonus":"THREE_ENEMY_KILL","is_daily":false,"chose_seed":false,"campfire_upgraded":3,"win_rate":0.0,"timestamp":1612791779,"path_taken":["M","?","?","M","$","E","R","E","T","M","$","R","?","?","R","BOSS"],"items_purchased_type":["Card"],"build_version":"2020-12-22","purchased_purges":2,"victory":false,"max_hp_per_floor":[75,75,75,75,75,75,75,75,75,75,75,75,75,75,75,75,75],"card_choices":[{"not_picked":["Lockon","ReplayTheSpireMod:GoodbyeWorld"],"picked":"Auto Shields","floor":1},{"not_picked":["Compile Driver","Ball Lightning"],"picked":"ReplayGash","floor":4},{"not_picked":["Stack","Leap"],"picked":"ReplayTheSpireMod:System Scan","floor":6},{"not_picked":["Darkness","Go for the Eyes","Panic Button"],"picked":"SKIP","floor":8},{"not_picked":["Ball Lightning","Storm","Cold Snap"],"picked":"SKIP","floor":10},{"not_picked":["Rebound","Rainbow"],"picked":"Hologram","floor":14}],"player_experience":418183,"relics_obtained":[{"floor":6,"key":"Pantograph"},{"floor":8,"key":"Replay:Rubber Ducky"},{"floor":9,"key":"Bag of Marbles"}],"event_choices":[{"damage_healed":0,"gold_gain":75,"player_choice":"Gather Gold","damage_taken":11,"max_hp_gain":0,"max_hp_loss":0,"event_name":"World of Goop","floor":3,"gold_loss":0}],"is_beta":false,"boss_relics":[],"items_purged_floors":[5,11],"is_endless":false,"potions_floor_spawned":[1,6],"killed_by":"Slime Boss","ascension_level":10}}