{"host":"8o45mh5p3pp1o2mi","time":1612827527,"event":{"mods":["BaseMod","Bestiary","Better Match","Better Third Choice","BetterRewards","Dark Map","Downfall","Fox Events","Minty Spire (QoL Compilation)","Rare Cards Sparkle","Relic Stats","Replay The Spire","Shop Mod","Spire Exporter","StSLib","everything is the same but u backflip on backflip"],"gold_per_floor":[99,99,99,24,0,0,0,0,0,28,48,33,66,81,93,190,190,190,202,221,221,232,232,232,232],"floor_reached":23,"language":"ENG","playtime":1531,"items_purged":[],"score":217,"play_id":"4a38f625-4f62-4e26-8f3c-7a0139cd75fb","local_time":"20210208233847","is_ascension_mode":true,"campfire_choices":[{"data":"bronze:WhirlingStrike","floor":9,"key":"SMITH"},{"data":"bronze:Library","floor":18,"key":"SMITH"}],"circlet_count":0,"master_deck":["bronze:Strike","bronze:Strike","bronze:Strike","bronze:Defend","bronze:Defend","bronze:Defend","bronze:Replicate","bronze:Goto+1","bronze:Verify","bronze:Shell","bronze:CutThrough","bronze:WhirlingStrike+1","bronze:Backtrace","bronze:DelayedGuard","bronze:FineTuning","bronze:InfiniteLoop","bronze:ForLoop","bronze:ClassDefault","bronze:Boost","bronze:Terminator","bronze:Library+1","bronze:Fortify","bronze:FineTuning"],"relics":["bronze:BronzeCore","downfall:HeartsMalice","Bird Faced Urn","StrikeDummy","Juzu Bracelet","Velvet Choker"],"acts_visited":["Exordium","TheCity"],"potions_floor_usage":[12,16,22],"damage_taken":[{"damage":0,"enemies":"2 Louse","floor":2,"turns":1},{"damage":0,"enemies":"downfall:FleeingMerchant","floor":5,"turns":1},{"damage":0,"enemies":"Small Slimes","floor":8,"turns":1},{"damage":14,"enemies":"Gremlin Nob","floor":10,"turns":4},{"damage":0,"enemies":"Cultist","floor":11,"turns":2},{"damage":10,"enemies":"downfall:FleeingMerchant","floor":12,"turns":4},{"damage":25,"enemies":"Replay:BlueRogue","floor":13,"turns":6},{"damage":0,"enemies":"Exordium Wildlife","floor":14,"turns":1},{"damage":14,"enemies":"Large Slime","floor":15,"turns":6},{"damage":17,"enemies":"SI_SHIV_ARCHETYPE","floor":16,"turns":10},{"damage":12,"enemies":"Chosen","floor":19,"turns":5},{"damage":9,"enemies":"Chosen and Byrds","floor":20,"turns":6},{"damage":38,"enemies":"Shelled Parasite and Fungi","floor":22,"turns":5},{"damage":15,"enemies":"Snecko","floor":23,"turns":3}],"seed_played":"-6834800372252763486","potions_obtained":[{"floor":10,"key":"hexamod:SoulburnPotion"},{"floor":13,"key":"bronze:CleanCodePotion"},{"floor":14,"key":"Dexterity Potion"},{"floor":16,"key":"Death Potion"},{"floor":20,"key":"Energy Potion"},{"floor":22,"key":"hexamod:SoulburnPotion"}],"is_trial":false,"path_per_floor":["R","M","?","?","$","?","T","M","R","E","M","$","E","M","M","B",null,"R","M","M","?","M","M"],"character_chosen":"THE_AUTOMATON","items_purchased":["bronze:WhirlingStrike"],"campfire_rested":0,"item_purchase_floors":[5],"current_hp_per_floor":[70,70,70,70,70,70,70,70,70,56,56,48,25,27,15,2,70,70,60,57,44,10,0,0,0],"gold":232,"neow_bonus":"THREE_ENEMY_KILL","is_daily":false,"chose_seed":false,"campfire_upgraded":2,"win_rate":0.0,"timestamp":1612827527,"path_taken":["R","M","?","?","?","?","T","M","R","E","?","$","E","M","M","BOSS","R","M","M","?","M","M"],"items_purchased_type":["Card"],"build_version":"2020-12-22","purchased_purges":0,"victory":false,"max_hp_per_floor":[70,70,70,70,70,70,70,70,70,70,70,70,70,70,70,70,70,70,70,70,75,75,75,75,75],"relic_stats":{"counters":[14,52],"Bird Faced Urn":[26],"Juzu Bracelet":0,"obtain_stats":[{"bronze:BronzeCore":0,"Bird Faced Urn":7,"Velvet Choker":17,"downfall:HeartsMalice":0,"Juzu Bracelet":13,"StrikeDummy":10},{"bronze:BronzeCore":0,"Bird Faced Urn":2,"Velvet Choker":10,"downfall:HeartsMalice":0,"Juzu Bracelet":7,"StrikeDummy":4},{"bronze:BronzeCore":0,"Bird Faced Urn":0,"Velvet Choker":33,"downfall:HeartsMalice":0,"Juzu Bracelet":16,"StrikeDummy":4}]},"card_choices":[{"not_picked":["bronze:Turbo","bronze:ItsAFeature"],"picked":"bronze:Shell","floor":2},{"not_picked":["bronze:FineTuning","bronze:Shield"],"picked":"bronze:CutThrough","floor":5},{"not_picked":["bronze:ItsAFeature","bronze:OilSpill"],"picked":"bronze:DelayedGuard","floor":8},{"not_picked":["bronze:Allocate","bronze:BugBarrage"],"picked":"bronze:FineTuning","floor":10},{"not_picked":["bronze:Allocate","bronze:Repair"],"picked":"bronze:InfiniteLoop","floor":11},{"not_picked":["bronze:FollowUp","bronze:WhirlingStrike"],"picked":"bronze:ForLoop","floor":12},{"not_picked":["bronze:DarkDash","bronze:Branch"],"picked":"bronze:ClassDefault","floor":13},{"not_picked":["bronze:Repair","bronze:BugBarrage"],"picked":"bronze:Boost","floor":14},{"not_picked":["bronze:DelayedSlice","bronze:BugBarrage"],"picked":"bronze:Terminator","floor":15},{"not_picked":["bronze:FindAndReplace","bronze:ThunderWave"],"picked":"bronze:Library","floor":16},{"not_picked":["bronze:Backtrace","bronze:WildBeam","bronze:DarkDash"],"picked":"SKIP","floor":19},{"not_picked":["bronze:Constructor","bronze:CutThrough"],"picked":"bronze:Fortify","floor":20},{"not_picked":["bronze:BuggyMess","bronze:BitShift"],"picked":"bronze:FineTuning","floor":22}],"player_experience":180319,"relics_obtained":[{"floor":7,"key":"Bird Faced Urn"},{"floor":10,"key":"StrikeDummy"},{"floor":13,"key":"Juzu Bracelet"}],"event_choices":[{"damage_healed":0,"gold_gain":0,"player_choice":"2","damage_taken":0,"max_hp_gain":0,"max_hp_loss":0,"event_name":"betterMatch:BetterMatch","floor":4,"gold_loss":0,"cards_obtained":[]}],"is_beta":false,"boss_relics":[{"not_picked":["Pandora\u0027s Box","Fusion Hammer"],"picked":"Velvet Choker"}],"items_purged_floors":[],"is_endless":false,"potions_floor_spawned":[10,13,14,16,20,22],"killed_by":"Snecko","ascension_level":2}}