{"host":"qrbkigq52dd42dk0","time":1612824666,"event":{"mods":["AchievementEnabler","BaseMod","Colored Map","Colored Powertips","Minty Spire (QoL Compilation)","Morshu Shopkeeper - ENHANCED","Quick Restart","StSLib","SuperFastMode","The IronCluck","everything is the same but u backflip on backflip"],"gold_per_floor":[114,74,90,55,55,83,83,59,110,31,60,60,94,105,105,210,210,182,25,25,124,124,124],"floor_reached":22,"language":"ENG","playtime":1058,"items_purged":["Strike_G"],"score":256,"play_id":"e6a49f90-ee59-41f2-a60d-9040e6e38ea4","local_time":"20210208235106","is_ascension_mode":true,"campfire_choices":[{"data":"Catalyst","floor":7,"key":"SMITH"},{"data":"Catalyst","floor":12,"key":"SMITH"},{"floor":15,"key":"REST"}],"circlet_count":0,"master_deck":["Strike_G","Strike_G","Strike_G","Strike_G","Defend_G","Defend_G","Defend_G","Defend_G","Defend_G","Survivor","Neutralize","Catalyst+1","Well Laid Plans","Catalyst+1","Poisoned Stab","Noxious Fumes","Footwork","Cloak And Dagger","PiercingWail","Night Terror","Well Laid Plans"],"relics":["Ring of the Snake","NeowsBlessing","Nunchaku","Darkstone Periapt","Vajra","Toy Ornithopter","Pen Nib","SlaversCollar","Kunai"],"acts_visited":["Exordium","TheCity"],"potions_floor_usage":[13,18],"damage_taken":[{"damage":0,"enemies":"2 Louse","floor":1,"turns":1},{"damage":0,"enemies":"Cultist","floor":3,"turns":1},{"damage":0,"enemies":"3 Sentries","floor":6,"turns":1},{"damage":33,"enemies":"Gremlin Nob","floor":11,"turns":4},{"damage":17,"enemies":"3 Sentries","floor":13,"turns":8},{"damage":5,"enemies":"Jaw Worm","floor":14,"turns":4},{"damage":18,"enemies":"The Guardian","floor":16,"turns":6},{"damage":29,"enemies":"2 Thieves","floor":18,"turns":5},{"damage":47,"enemies":"3 Byrds","floor":22,"turns":4}],"seed_played":"3461635276681228311","potions_obtained":[{"floor":2,"key":"SpeedPotion"},{"floor":2,"key":"PowerPotion"},{"floor":2,"key":"SkillPotion"},{"floor":13,"key":"Weak Potion"}],"is_trial":false,"path_per_floor":["M","?","M","$","?","E","R","$","T","$","E","R","E","M","R","B",null,"M","$","?","?","M"],"character_chosen":"THE_SILENT","items_purchased":["Well Laid Plans","Poisoned Stab","Noxious Fumes","Well Laid Plans"],"campfire_rested":1,"item_purchase_floors":[4,8,10,19],"current_hp_per_floor":[70,70,70,70,63,63,63,63,63,63,30,30,18,13,34,16,70,46,46,46,46,0,0],"gold":124,"neow_bonus":"THREE_ENEMY_KILL","is_daily":false,"chose_seed":false,"campfire_upgraded":2,"win_rate":0.0,"timestamp":1612824666,"path_taken":["M","?","?","$","?","E","R","?","T","$","E","R","E","?","R","BOSS","M","$","?","?","M"],"items_purchased_type":["Card","Card","Card","Card"],"build_version":"2020-12-22","purchased_purges":1,"victory":false,"max_hp_per_floor":[70,70,70,70,70,70,70,70,70,70,70,70,70,70,70,70,70,70,70,70,70,70,70],"card_choices":[{"not_picked":["Sucker Punch","Finisher"],"picked":"Catalyst","floor":1},{"not_picked":["Dodge and Roll","Underhanded Strike","Bane"],"picked":"SKIP","floor":3},{"not_picked":["Bane","Distraction"],"picked":"Catalyst","floor":6},{"not_picked":["Flying Knee","Quick Slash"],"picked":"Footwork","floor":11},{"not_picked":["Riddle With Holes","Slice"],"picked":"Cloak And Dagger","floor":13},{"not_picked":["Predator","Dagger Spray"],"picked":"PiercingWail","floor":14},{"not_picked":["Envenom","Malaise"],"picked":"Night Terror","floor":16},{"not_picked":["Outmaneuver","Sucker Punch","Dodge and Roll"],"picked":"SKIP","floor":18}],"player_experience":235805,"relics_obtained":[{"floor":6,"key":"Darkstone Periapt"},{"floor":9,"key":"Vajra"},{"floor":11,"key":"Toy Ornithopter"},{"floor":13,"key":"Pen Nib"}],"event_choices":[{"damage_healed":0,"gold_gain":0,"player_choice":"Bought 3 Potions","damage_taken":0,"max_hp_gain":0,"max_hp_loss":0,"event_name":"The Woman in Blue","floor":2,"gold_loss":0},{"damage_healed":0,"gold_gain":0,"player_choice":"Success","damage_taken":7,"relics_obtained":["Nunchaku"],"max_hp_gain":0,"max_hp_loss":0,"event_name":"Scrap Ooze","floor":5,"gold_loss":0},{"damage_healed":0,"gold_gain":0,"player_choice":"Opened","damage_taken":0,"relics_obtained":["Kunai"],"max_hp_gain":0,"max_hp_loss":0,"event_name":"The Mausoleum","floor":20,"gold_loss":0},{"damage_healed":0,"gold_gain":99,"player_choice":"Stole From Cult","damage_taken":0,"max_hp_gain":0,"max_hp_loss":0,"event_name":"Nest","floor":21,"gold_loss":0}],"is_beta":false,"boss_relics":[{"not_picked":["SacredBark","Tiny House"],"picked":"SlaversCollar"}],"items_purged_floors":[19],"is_endless":false,"potions_floor_spawned":[3,11,13,14],"killed_by":"3 Byrds","ascension_level":3}}