{"host":"uv5ws9rdk87e8i5k","time":1612760613,"event":{"mods":["AchievementEnabler","BaseMod","Colored Map","Minty Spire (QoL Compilation)","Permanent Neow","Quick Restart","StSLib","SuperFastMode","The Necromancer"],"gold_per_floor":[113,130,141,67,79,104,104,131,131,148,160,194,208,227,227,227,227],"floor_reached":16,"language":"ENG","playtime":558,"items_purged":[],"score":196,"play_id":"68210c9a-ff57-40f1-93f2-e4c883cc79a5","local_time":"20210207230333","is_ascension_mode":true,"campfire_choices":[{"data":"Body Slam","floor":7.0,"key":"SMITH"},{"data":"Flame Barrier","floor":15,"key":"SMITH"}],"circlet_count":0,"master_deck":["Strike_R","Strike_R","Strike_R","Strike_R","Strike_R","Defend_R","Defend_R","Defend_R","Defend_R","Bash","Impervious","True Grit","Flame Barrier+1","Body Slam+1","Metallicize","Metallicize","Metallicize","Flame Barrier","Second Wind","True Grit"],"relics":["Burning Blood","Oddly Smooth Stone","Bag of Marbles","The Courier","PreservedInsect","Ancient Tea Set"],"acts_visited":["Exordium"],"potions_floor_usage":[12,16],"damage_taken":[{"damage":1.0,"enemies":"2 Louse","floor":1.0,"turns":2.0},{"damage":5.0,"enemies":"Cultist","floor":2.0,"turns":4.0},{"damage":1.0,"enemies":"Jaw Worm","floor":3.0,"turns":4.0},{"damage":0.0,"enemies":"Blue Slaver","floor":5.0,"turns":6.0},{"damage":10.0,"enemies":"3 Sentries","floor":6.0,"turns":11.0},{"damage":42.0,"enemies":"Gremlin Nob","floor":8.0,"turns":7.0},{"damage":5.0,"enemies":"Red Slaver","floor":10.0,"turns":3.0},{"damage":11,"enemies":"Exordium Wildlife","floor":11,"turns":8},{"damage":0,"enemies":"3 Sentries","floor":12,"turns":9},{"damage":3,"enemies":"3 Louse","floor":13,"turns":6},{"damage":0,"enemies":"Large Slime","floor":14,"turns":9},{"damage":51,"enemies":"Hexaghost","floor":16,"turns":14}],"seed_played":"572573128504027959","potions_obtained":[{"floor":3.0,"key":"DuplicationPotion"},{"floor":5.0,"key":"Fire Potion"},{"floor":6.0,"key":"GamblersBrew"},{"floor":11,"key":"Ancient Potion"}],"is_trial":false,"path_per_floor":["M","M","M","?","M","E","R","E","T","M","M","E","M","M","R","B"],"character_chosen":"IRONCLAD","items_purchased":[],"campfire_rested":0,"item_purchase_floors":[],"current_hp_per_floor":[77,78,80,80,80,76,76,40,40,41,36,42,45,51,51,0,0],"gold":227,"neow_bonus":"ONE_RANDOM_RARE_CARD","is_daily":false,"chose_seed":false,"campfire_upgraded":2,"win_rate":0.0,"timestamp":1612760613,"path_taken":["M","M","M","?","?","E","R","E","T","M","M","E","M","M","R","BOSS"],"items_purchased_type":[],"build_version":"2020-12-22","purchased_purges":0,"victory":false,"max_hp_per_floor":[80,80,80,80,80,80,80,80,80,80,80,80,80,80,80,80,80],"card_choices":[{"not_picked":["Spot Weakness","Havoc"],"picked":"True Grit","floor":1.0},{"not_picked":["Combust","Headbutt"],"picked":"Flame Barrier","floor":2.0},{"not_picked":["Warcry","Shrug It Off"],"picked":"Body Slam","floor":3.0},{"not_picked":["Havoc","Rupture"],"picked":"Metallicize","floor":5.0},{"not_picked":["Pummel","Pommel Strike"],"picked":"Metallicize","floor":6.0},{"not_picked":["Perfected Strike","Flex","Hemokinesis"],"picked":"SKIP","floor":8.0},{"not_picked":["Evolve","Sentinel"],"picked":"Metallicize","floor":10.0},{"not_picked":["Thunderclap","Bloodletting"],"picked":"Flame Barrier","floor":11},{"not_picked":["Whirlwind","Feed"],"picked":"Second Wind","floor":12},{"not_picked":["Seeing Red","Cleave"],"picked":"True Grit","floor":13},{"not_picked":["Blood for Blood","Heavy Blade","Cleave"],"picked":"SKIP","floor":14}],"player_experience":249476,"relics_obtained":[{"floor":6.0,"key":"Bag of Marbles"},{"floor":8.0,"key":"The Courier"},{"floor":9.0,"key":"PreservedInsect"},{"floor":12,"key":"Ancient Tea Set"}],"event_choices":[{"damage_healed":0.0,"max_hp_gain":0.0,"max_hp_loss":0.0,"gold_gain":0.0,"event_name":"WeMeetAgain","player_choice":"Paid Gold","floor":4.0,"gold_loss":74.0,"damage_taken":0.0,"relics_obtained":["Oddly Smooth Stone"]}],"is_beta":false,"boss_relics":[],"items_purged_floors":[],"is_endless":false,"potions_floor_spawned":[3,5,6,11],"killed_by":"Hexaghost","ascension_level":6}}