{"host":"9qgbal69wq5palas","time":1612773885,"event":{"mods":["2.2 Compatiblity","Abigail Mod","AchievementEnabler","Act Like it!","Aspiration","Astrologer","Bartender","BaseMod","Better Altar","Better Note","Better Skull","Better Third Choice","Colored Powertips","Hallownest","Hermit","Highlight Path","Hubris","Infinite Spire","Jorbs\u0027s Wanderer Trilogy","Koishi","Lobotomy","Minty Spire (QoL Compilation)","Potionbrewer","Quick Restart","Random Character Button","Replay The Spire","Shade Mod","Shop Mod","Spicy Shops","StSLib","The Animator","The Bug Knight","The Cursed","The Disciple","The Exalted","The Hierophant","The Necromancer","The Servant 0.9.4","Wandering Minibosses"],"gold_per_floor":[213,0,0,20,31,31,42,67,67,93,93,135,183,212,212,212,212],"floor_reached":16,"language":"ENG","playtime":866,"items_purged":["TheCursedMod:Strike_TheCursed"],"score":303,"play_id":"2446d092-718b-4643-b6fb-2db21f2db38b","local_time":"20210208094445","is_ascension_mode":true,"campfire_choices":[{"data":"TheCursedMod:VitalStrike","floor":6,"key":"SMITH"},{"data":"TheCursedMod:CursedMace","floor":15,"key":"SMITH"}],"circlet_count":0,"master_deck":["AscendersBane","TheCursedMod:Strike_TheCursed","TheCursedMod:Strike_TheCursed","TheCursedMod:Strike_TheCursed+1","TheCursedMod:Defend_TheCursed","TheCursedMod:Defend_TheCursed","TheCursedMod:Defend_TheCursed","TheCursedMod:Defend_TheCursed","TheCursedMod:CursedWand","TheCursedMod:CleanUpWorkshop","TheCursedMod:Dregs","TheCursedMod:CursedAmulet","TheCursedMod:Stigma","TheCursedMod:Stigma","TheCursedMod:CursedBoomerang+1","TheCursedMod:VitalStrike+1","TheCursedMod:RapidMovement","TheCursedMod:CursedMace+1","TheCursedMod:TroublousMinions","TheCursedMod:CircleOfBlood","TheCursedMod:HellfireBreathing"],"relics":["TheCursedMod:BlackMagic101","GremlinMask","Centennial Puzzle","Mirror","Blood Vial","Replay:WaspNest","Whetstone","MealTicket"],"acts_visited":["Exordium"],"potions_floor_usage":[10,12,14],"damage_taken":[{"damage":0,"enemies":"2 Louse","floor":1,"turns":2},{"damage":1,"enemies":"Cultist","floor":4,"turns":4},{"damage":2,"enemies":"Jaw Worm","floor":5,"turns":3},{"damage":1,"enemies":"Large Slime","floor":7,"turns":6},{"damage":27,"enemies":"Gremlin Nob","floor":8,"turns":4},{"damage":15,"enemies":"3 Sentries","floor":10,"turns":14},{"damage":10,"enemies":"Gremlin Nob","floor":12,"turns":3},{"damage":7,"enemies":"3 Sentries","floor":14,"turns":8}],"seed_played":"3389428949987923974","potions_obtained":[{"floor":7,"key":"PowerPotion"},{"floor":8,"key":"potionbrewer:MidasPotion"},{"floor":10,"key":"SkillPotion"}],"is_trial":false,"path_per_floor":["M","$","?","M","M","R","M","E","T","E","?","E","T","E","R","B"],"character_chosen":"THE_CURSED","items_purchased":["TheCursedMod:Stigma","TheCursedMod:CursedBoomerang"],"campfire_rested":0,"item_purchase_floors":[2,2],"current_hp_per_floor":[64,64,64,63,61,61,60,33,33,18,41,33,33,32,32,0,0],"gold":212,"neow_bonus":"HUNDRED_GOLD","is_daily":false,"chose_seed":false,"campfire_upgraded":2,"win_rate":0.0,"timestamp":1612773885,"path_taken":["M","$","?","M","?","R","M","E","T","E","?","E","?","E","R","BOSS"],"items_purchased_type":["Card","Card"],"build_version":"2020-12-22","purchased_purges":1,"victory":false,"max_hp_per_floor":[71,71,71,71,71,71,71,71,71,71,71,71,71,71,71,71,71],"card_choices":[{"not_picked":["TheCursedMod:RavingStaff","TheCursedMod:RapidMovement"],"picked":"TheCursedMod:CursedAmulet","floor":1},{"not_picked":["TheCursedMod:RavingStaff","TheCursedMod:FleshFromBone"],"picked":"TheCursedMod:VitalStrike","floor":4},{"not_picked":["TheCursedMod:TacticalStrike","TheCursedMod:CircleOfWindfury"],"picked":"TheCursedMod:RapidMovement","floor":5},{"not_picked":["TheCursedMod:Torture","TheCursedMod:RavingStaff","TheCursedMod:CursedStaff"],"picked":"SKIP","floor":7},{"not_picked":["TheCursedMod:SmokeScreen","TheCursedMod:AshesToAshes"],"picked":"TheCursedMod:CursedMace","floor":8},{"not_picked":["TheCursedMod:CircleOfWindfury","TheCursedMod:Evocation"],"picked":"TheCursedMod:TroublousMinions","floor":10},{"not_picked":["TheCursedMod:Obscuration","TheCursedMod:StingEye"],"picked":"TheCursedMod:CircleOfBlood","floor":12},{"not_picked":["TheCursedMod:ReleasedKnowledge","TheCursedMod:CursedStaff"],"picked":"TheCursedMod:HellfireBreathing","floor":14}],"player_experience":2734827,"relics_obtained":[{"floor":8,"key":"Centennial Puzzle"},{"floor":9,"key":"Mirror"},{"floor":10,"key":"Blood Vial"},{"floor":12,"key":"Replay:WaspNest"},{"floor":13,"key":"Whetstone"},{"floor":14,"key":"MealTicket"}],"event_choices":[{"damage_healed":0,"gold_gain":0,"player_choice":"Trade","damage_taken":0,"relics_obtained":["GremlinMask"],"max_hp_gain":0,"max_hp_loss":0,"event_name":"FaceTrader","floor":3,"gold_loss":0},{"damage_healed":23,"gold_gain":0,"player_choice":"Banana","damage_taken":0,"max_hp_gain":0,"max_hp_loss":0,"event_name":"Big Fish","floor":11,"gold_loss":0}],"is_beta":false,"boss_relics":[],"items_purged_floors":[2],"is_endless":false,"potions_floor_spawned":[7,8,10],"killed_by":"The Guardian","ascension_level":14}}