{"host":"mqhvlr3kpxebko0t","time":1612794594,"event":{"mods":["AchievementEnabler","BaseMod","Colored Map","Colored Powertips","KOR Keyword Fix","Keyboard Shortcuts","Minty Spire (QoL Compilation)","StSLib","SuperFastMode"],"gold_per_floor":[125,137,161,186,158,198,210,255,267,304,327,359,383,236,236,236,236],"floor_reached":16,"language":"KOR","playtime":286,"items_purged":["Strike_R"],"score":240,"play_id":"724f2f7d-7f3c-489d-8a1b-d5d33d750da9","local_time":"20210208232954","is_ascension_mode":true,"campfire_choices":[{"floor":7.0,"key":"REST"},{"data":"Fire Breathing","floor":15,"key":"SMITH"}],"circlet_count":0,"master_deck":["AscendersBane","Strike_R","Strike_R","Strike_R","Strike_R","Defend_R","Defend_R","Defend_R","Defend_R","Bash","Fire Breathing+1","Shrug It Off","Wild Strike","Ghostly Armor","Immolate","Pommel Strike","Evolve"],"relics":["Burning Blood","MawBank","Letter Opener","Meat on the Bone","Regal Pillow","Bottled Lightning","Toy Ornithopter","Odd Mushroom"],"acts_visited":["Exordium"],"potions_floor_usage":[16],"damage_taken":[{"damage":1.0,"enemies":"Cultist","floor":1.0,"turns":3.0},{"damage":21.0,"enemies":"Jaw Worm","floor":3.0,"turns":6.0},{"damage":9.0,"enemies":"Small Slimes","floor":4.0,"turns":5.0},{"damage":4.0,"enemies":"Looter","floor":5.0,"turns":4.0},{"damage":30.0,"enemies":"Lagavulin","floor":6.0,"turns":7.0},{"damage":36.0,"enemies":"Gremlin Nob","floor":8.0,"turns":4.0},{"damage":10.0,"enemies":"3 Sentries","floor":10.0,"turns":4.0},{"damage":11.0,"enemies":"Blue Slaver","floor":11.0,"turns":3.0},{"damage":16,"enemies":"The Mushroom Lair","floor":12,"turns":3},{"damage":0,"enemies":"Lots of Slimes","floor":13,"turns":1},{"damage":58,"enemies":"The Guardian","floor":16,"turns":11}],"seed_played":"8802046815354092043","potions_obtained":[{"floor":3.0,"key":"PowerPotion"},{"floor":6.0,"key":"Swift Potion"},{"floor":8.0,"key":"SmokeBomb"},{"floor":10.0,"key":"Swift Potion"}],"is_trial":false,"path_per_floor":["M","?","M","M","M","E","R","E","T","E","M","?","M","$","R","B"],"character_chosen":"IRONCLAD","items_purchased":["Evolve"],"campfire_rested":1,"item_purchase_floors":[14],"current_hp_per_floor":[73,62,47,44,46,22,44,26,26,34,41,43,49,49,49,0,0],"gold":236,"neow_bonus":"RANDOM_COMMON_RELIC","is_daily":false,"chose_seed":false,"campfire_upgraded":1,"win_rate":0.0,"timestamp":1612794594,"path_taken":["M","?","M","M","M","E","R","E","T","E","M","?","?","$","R","BOSS"],"items_purchased_type":["Card"],"build_version":"2020-12-22","purchased_purges":1,"victory":false,"max_hp_per_floor":[75,75,75,75,75,75,75,75,75,75,75,75,75,75,75,75,75],"card_choices":[{"not_picked":["Twin Strike","Wild Strike"],"picked":"Fire Breathing","floor":1.0},{"not_picked":["Bloodletting","Blood for Blood"],"picked":"Shrug It Off","floor":3.0},{"not_picked":["Sword Boomerang","Rampage","Dual Wield"],"picked":"SKIP","floor":4.0},{"not_picked":["Clothesline","True Grit"],"picked":"Wild Strike","floor":5.0},{"not_picked":["Inflame","Dark Embrace"],"picked":"Ghostly Armor","floor":6.0},{"not_picked":["Sword Boomerang","Clash"],"picked":"Immolate","floor":8.0},{"not_picked":["Body Slam","Intimidate"],"picked":"Pommel Strike","floor":10.0},{"not_picked":["Perfected Strike","Warcry","Headbutt"],"picked":"SKIP","floor":11.0},{"not_picked":["Feel No Pain","Wild Strike","True Grit"],"picked":"SKIP","floor":13}],"player_experience":698390,"relics_obtained":[{"floor":6.0,"key":"Meat on the Bone"},{"floor":8.0,"key":"Regal Pillow"},{"floor":9.0,"key":"Bottled Lightning"},{"floor":10.0,"key":"Toy Ornithopter"},{"floor":12,"key":"Odd Mushroom"}],"event_choices":[{"damage_healed":0.0,"max_hp_gain":0.0,"max_hp_loss":0.0,"gold_gain":0.0,"event_name":"Scrap Ooze","player_choice":"Success","floor":2.0,"gold_loss":0.0,"damage_taken":11.0,"relics_obtained":["Letter Opener"]},{"damage_healed":0,"gold_gain":0,"player_choice":"Fought Mushrooms","damage_taken":0,"max_hp_gain":0,"max_hp_loss":0,"event_name":"Mushrooms","floor":12,"gold_loss":0}],"is_beta":false,"boss_relics":[],"items_purged_floors":[14],"is_endless":false,"potions_floor_spawned":[3,6,8,10,11],"killed_by":"The Guardian","ascension_level":20}}