{"host":"syozzdlzcqop4jia","time":1612813767,"event":{"mods":["BaseMod","Colored Map","Colored Powertips","Minty Spire (QoL Compilation)","Quick Restart"],"gold_per_floor":[119,132,132,143,154,183,195,249,261,273,305,317,355,396,408,525,537,571,603,615,627,627],"floor_reached":21,"language":"ENG","playtime":1530,"items_purged":[],"score":203,"play_id":"90135cd5-2b10-4a26-be84-bf13d6497134","local_time":"20210208204927","is_ascension_mode":true,"campfire_choices":[{"floor":7,"key":"REST"},{"floor":12,"key":"REST"},{"floor":15,"key":"REST"}],"circlet_count":0,"master_deck":["Strike_B","Strike_B","Strike_B","Strike_B","Defend_B","Defend_B","Defend_B","Defend_B","Zap","Dualcast","Rebound","Ball Lightning","Echo Form","Rebound","Capacitor","Loop+1","Steam","Lockon","Conserve Battery","Machine Learning","Steam","Buffer"],"relics":["Cracked Core","MawBank","CeramicFish","Question Card","SacredBark","Calipers"],"acts_visited":["Exordium","TheCity"],"potions_floor_usage":[2,11,13],"damage_taken":[{"damage":1,"enemies":"Jaw Worm","floor":1,"turns":3},{"damage":6,"enemies":"Cultist","floor":2,"turns":3},{"damage":0,"enemies":"Small Slimes","floor":4,"turns":3},{"damage":9,"enemies":"2 Fungi Beasts","floor":5,"turns":3},{"damage":21,"enemies":"Lagavulin","floor":6,"turns":5},{"damage":31,"enemies":"3 Sentries","floor":8,"turns":7},{"damage":21,"enemies":"Red Slaver","floor":11,"turns":3},{"damage":1,"enemies":"Blue Slaver","floor":13,"turns":2},{"damage":14,"enemies":"Exordium Thugs","floor":14,"turns":4},{"damage":33,"enemies":"Slime Boss","floor":16,"turns":11},{"damage":24,"enemies":"Shell Parasite","floor":18,"turns":5},{"damage":48,"enemies":"3 Byrds","floor":19,"turns":6},{"damage":0,"enemies":"Cultist and Chosen","floor":21,"turns":1}],"seed_played":"-4391146978274007964","potions_obtained":[{"floor":1,"key":"EntropicBrew"},{"floor":4,"key":"Weak Potion"},{"floor":8,"key":"Regen Potion"},{"floor":16,"key":"GamblersBrew"},{"floor":18,"key":"SmokeBomb"}],"is_trial":false,"path_per_floor":["M","M","?","M","M","E","R","E","T","?","M","R","M","M","R","B",null,"M","M","?","M"],"character_chosen":"DEFECT","items_purchased":[],"campfire_rested":3,"item_purchase_floors":[],"current_hp_per_floor":[74,68,75,75,66,45,67,36,36,36,24,46,45,31,53,20,75,51,3,3,3,3],"gold":627,"neow_bonus":"THREE_CARDS","is_daily":false,"chose_seed":false,"campfire_upgraded":0,"win_rate":0.0,"timestamp":1612813767,"path_taken":["M","M","?","?","M","E","R","E","T","?","M","R","M","M","R","BOSS","M","?","?","?"],"items_purchased_type":[],"build_version":"2020-12-22","purchased_purges":0,"victory":false,"max_hp_per_floor":[75,75,75,75,75,75,75,75,75,75,75,75,75,75,75,75,75,75,75,75,75,75],"card_choices":[{"not_picked":["Gash","Heatsinks"],"picked":"Fusion","floor":0.0},{"not_picked":["Auto Shields","Compile Driver"],"picked":"Rebound","floor":1},{"not_picked":["Steam","Loop"],"picked":"Ball Lightning","floor":2},{"not_picked":["Streamline","Sweeping Beam"],"picked":"Echo Form","floor":4},{"not_picked":["Reinforced Body","Sweeping Beam"],"picked":"Rebound","floor":5},{"not_picked":["Leap","Ball Lightning"],"picked":"Capacitor","floor":6},{"not_picked":["Fusion","Steam"],"picked":"Loop","floor":8},{"not_picked":["Hologram","Compile Driver","Steam Power"],"picked":"Steam","floor":11},{"not_picked":["Auto Shields","Aggregate","Compile Driver"],"picked":"Lockon","floor":13},{"not_picked":["Turbo","Leap","Streamline"],"picked":"Conserve Battery","floor":14},{"not_picked":["Core Surge","All For One","Fission"],"picked":"Machine Learning","floor":16},{"not_picked":["Scrape","Coolheaded+1","Reinforced Body"],"picked":"Steam","floor":18},{"not_picked":["Gash+1","Beam Cell+1","Barrage+1"],"picked":"Buffer","floor":19}],"player_experience":631234,"relics_obtained":[{"floor":6,"key":"MawBank"},{"floor":8,"key":"CeramicFish"},{"floor":9,"key":"Question Card"}],"event_choices":[{"cards_removed":["Fusion"],"damage_healed":7,"gold_gain":0,"player_choice":"Offered Uncommon","damage_taken":0,"max_hp_gain":0,"max_hp_loss":0,"event_name":"Bonfire Elementals","floor":3,"gold_loss":0},{"damage_healed":0,"gold_gain":0,"player_choice":"Upgraded","damage_taken":0,"max_hp_gain":0,"max_hp_loss":0,"event_name":"Upgrade Shrine","floor":10,"gold_loss":0,"cards_upgraded":["Loop"]},{"damage_healed":0,"gold_gain":0,"player_choice":"Gave Potion","damage_taken":0,"relics_obtained":["Calipers"],"max_hp_gain":0,"max_hp_loss":0,"event_name":"WeMeetAgain","floor":20,"gold_loss":0}],"is_beta":false,"boss_relics":[{"not_picked":["Snecko Eye","Coffee Dripper"],"picked":"SacredBark"}],"items_purged_floors":[],"is_endless":false,"potions_floor_spawned":[1,4,8,16,18],"killed_by":"Cultist and Chosen","ascension_level":1}}