{"host":"vh84ep2bvzg72dp7","time":1612813113,"event":{"mods":["2.2 Compatiblity","AchievementEnabler","Act Like it!","Aspiration","Astrologer","Bard","BaseMod","Beaked The Cultist","Better Altar","Better Match","Better Note","Better Sensory Stone","Better Skull","Better Third Choice","BetterRewards","Conspire","Downfall","Halation","Hallownest","Hermit","Hubris","Infinite Spire","Jorbs\u0027s Wanderer Trilogy","Marisa（霧雨　魔理沙）","Minty Spire (QoL Compilation)","MostiFishMod","Replay The Spire","Shop Mod","Spicy Shops","StSLib","The Alterego","The Animator","The Bug Knight","The Construct","The Cursed","The Hierophant","The Poker Player","The Runesmith","The Servant 0.9.4","The Wild Card","WarShipGirlsR/战舰少女R mod"],"gold_per_floor":[99,99,117,131,151,51,51,51,68,94,114,140,40,75,91,187,187,187,205,220,7,7,0,0,10,10,0,19,33,33,60,79,175,225,225,238,238,328,328,328,328,328,35,51,78,90,90,123,140,141],"floor_reached":51,"language":"ENG","playtime":2961,"items_purged":[],"score":1011,"play_id":"2327dcfe-6600-4588-9007-9050d05d8bd3","local_time":"20210209023833","is_ascension_mode":true,"campfire_choices":[{"floor":1,"key":"RECALL"},{"data":"champ:Taunt","floor":6,"key":"SMITH"},{"data":"infinitespire:SevenWalls","floor":13,"key":"SMITH"},{"floor":18,"key":"DIG"},{"data":"infinitespire:NeuralNetwork","floor":30,"key":"SMITH"},{"data":"champ:TripleStrike","floor":35,"key":"SMITH"},{"data":"champ:UltimateStance","floor":40,"key":"SMITH"},{"data":"infinitespire:Punishment","floor":47,"key":"SMITH"}],"circlet_count":0,"master_deck":["infinitespire:SevenWalls+1","Pot Of Greed","Pot Of Greed","Pot Of Greed","infinitespire:NeuralNetwork+1","Pot Of Greed","champ:GladiatorForm","champ:ShieldWall","champ:PreemptiveStrike","champ:CrookedStrike","champ:HoldFirm","champ:LastStand","champ:RecklessLeap","champ:EnragedBash","champ:Shatter","champ:CrownThrow","champ:GladiatorForm","champ:RapidStrikes","champ:ArenaPreparation","champ:CheapShot","champ:UltimateStance+1","champ:Encircle","champ:FaceSlap","champ:EnGarde","champ:SwordSigil","champ:Lariat","champ:CrownThrow","champ:EnchantShield","champ:Parry","champ:ShieldSigil","champ:RapidStrikes","champ:BerserkersShout","champ:EnGarde","champ:ShieldWall","champ:FanOfKnives","champ:Haymaker","champ:PreciseThrust","champ:Circumvent","champ:DefensiveStyle","champ:Parry","Pot Of Greed","Pot Of Greed","infinitespire:Punishment+1","champ:FalseCounter+1","Pot Of Greed","expansioncontent:DashGenerateEvil","champ:ShieldWall","ReplayTheSpireMod:Splinters","champ:DefensiveStyle","champ:BerserkerStyle+1","champ:BerserkerStyle+1","champ:RageSigil+1","champ:RageSigil+1","champ:ShieldWall","champ:HeartStrike","champ:AdrenalArmor+1"],"relics":["champ:ChampionCrown","DaveBox","SynthV","downfall:HeartBlessingRed","Blue Candle","FossilizedHelix","Grinning Jar","downfall:HeartBlessingGreen","Art of War","construct:ClawGrip","hubris:ToyBattleship","aspiration:Nostalgia","m_SpellCore","infinitespire:BottledMercury","halation:SelfBoilingWater","Onion Ring","Tiny House","FixedStarFall","halation:Trompette","halation:PinkSoulGem","Lizard Tail","Dodecahedron","halation:NonexistentMirror","Happy Flower","halation:KoshaPiece"],"acts_visited":["Exordium","TheCity","TheBeyond"],"potions_floor_usage":[45,50,50],"damage_taken":[{"damage":10,"enemies":"2 Louse","floor":3,"turns":2},{"damage":16,"enemies":"Cultist","floor":4,"turns":4},{"damage":5,"enemies":"Jaw Worm","floor":5,"turns":3},{"damage":11,"enemies":"Exordium Wildlife","floor":9,"turns":3},{"damage":20,"enemies":"3 Sentries","floor":10,"turns":5},{"damage":0,"enemies":"Blue Slaver","floor":11,"turns":2},{"damage":3,"enemies":"Gremlin Nob","floor":12,"turns":5},{"damage":15,"enemies":"3 Sentries","floor":14,"turns":6},{"damage":0,"enemies":"Lots of Slimes","floor":15,"turns":4},{"damage":22,"enemies":"WA_ARCHETYPE_RETAIN","floor":16,"turns":8},{"damage":0,"enemies":"3 Byrds","floor":19,"turns":4},{"damage":49,"enemies":"conspire:HollyBat","floor":20,"turns":8},{"damage":5,"enemies":"downfall:FleeingMerchant","floor":21,"turns":4},{"damage":5,"enemies":"downfall:FleeingMerchant","floor":23,"turns":4},{"damage":24,"enemies":"Centurion and Healer","floor":25,"turns":4},{"damage":0,"enemies":"downfall:FleeingMerchant","floor":27,"turns":4},{"damage":0,"enemies":"Snecko","floor":28,"turns":3},{"damage":15,"enemies":"Shelled Parasite and Fungi","floor":29,"turns":3},{"damage":0,"enemies":"Gremlin Leader","floor":31,"turns":4},{"damage":21,"enemies":"Cultist and Chosen","floor":32,"turns":3},{"damage":18,"enemies":"SI_MIRROR_ARCHETYPE","floor":33,"turns":7},{"damage":15,"enemies":"Orb Walker","floor":36,"turns":2},{"damage":16,"enemies":"downfall:FleeingMerchant","floor":38,"turns":4},{"damage":45,"enemies":"3 Darklings","floor":44,"turns":4},{"damage":61,"enemies":"Giant Head","floor":45,"turns":5},{"damage":115,"enemies":"Maw","floor":46,"turns":5},{"damage":36,"enemies":"Reptomancer","floor":48,"turns":4},{"damage":36,"enemies":"4 Shapes","floor":49,"turns":3},{"damage":110,"enemies":"DF_ARCHETYPE_ORBS","floor":50,"turns":5}],"seed_played":"8952981678507997831","potions_obtained":[{"floor":4,"key":"Fire Potion"},{"floor":9,"key":"Explosive Potion"},{"floor":10,"key":"hexamod:SoulburnPotion"},{"floor":16,"key":"champ:TechniquePotion"}],"is_trial":false,"path_per_floor":["R","?","M","M","M","R","T","?","M","E","M","E","R","E","M","B",null,"R","M","M","$","?","$","T","M","AVR","$","M","M","R","E","M","B",null,"R","M","AVR","$","?","R","T","?","$","M","E","M","R","E","M","B",null],"character_chosen":"THE_CHAMP","items_purchased":["aspiration:Nostalgia","champ:FlashCut","expansioncontent:DashGenerateEvil","champ:ShieldWall","champ:DefensiveStyle","Dodecahedron","halation:NonexistentMirror"],"campfire_rested":0,"item_purchase_floors":[21,21,38,38,43,43,43],"current_hp_per_floor":[99,76,76,70,65,65,65,65,64,64,64,61,61,51,61,39,99,99,99,97,99,99,99,99,95,95,95,95,96,96,96,93,80,104,104,104,104,104,104,104,104,104,104,104,97,104,104,86,66,19],"gold":141,"neow_bonus":"TEN_PERCENT_HP_BONUS","is_daily":false,"chose_seed":false,"campfire_upgraded":6,"win_rate":0.0,"timestamp":1612813113,"path_taken":["R","?","M","M","M","R","T","?","M","E","M","E","R","E","M","BOSS","R","M","M","?","?","$","T","M","AVR","?","M","M","R","E","M","BOSS","R","M","AVR","?","?","R","T","?","$","M","E","M","R","E","M","BOSS"],"items_purchased_type":["Relic","Card","Card","Card","Card","Relic","Relic"],"build_version":"2020-12-22","purchased_purges":0,"victory":true,"max_hp_per_floor":[99,99,99,99,99,99,99,99,99,99,99,99,99,99,99,99,99,99,99,99,99,99,99,99,99,99,99,99,99,99,99,99,99,104,104,104,104,104,104,104,104,104,104,104,104,104,104,104,104,104],"card_choices":[{"not_picked":["ReplayTheSpireMod:Echoes of Time","infinitespire:Fortify"],"picked":"infinitespire:SevenWalls","floor":2},{"not_picked":["champ:FocusedBerserking","champ:ShieldSigil"],"picked":"champ:Endure","floor":3},{"not_picked":["champ:BerserkersShout","champ:TornadoPunch"],"picked":"champ:Encircle","floor":4},{"not_picked":["champ:PreciseThrust","champ:FanOfKnives"],"picked":"champ:FlashCut","floor":5},{"not_picked":["champ:TornadoPunch","champ:GutPunch"],"picked":"champ:Haymaker","floor":9},{"not_picked":["champ:FocusedBerserking","champ:BerserkerStyle"],"picked":"champ:Haymaker","floor":10},{"not_picked":["champ:Backstep","champ:SteelEdge"],"picked":"champ:StanceDance","floor":11},{"not_picked":["champ:EnGarde","champ:GladiatorStyle"],"picked":"champ:ShieldSigil","floor":12},{"not_picked":["champ:AdrenalArmor","champ:DefensiveStyle"],"picked":"champ:FlashCut","floor":14},{"not_picked":["champ:ShieldSlam","champ:FlashCut"],"picked":"champ:FanOfKnives","floor":15},{"not_picked":["champ:CheapShot","champ:ShieldThrow"],"picked":"champ:SwordThrow","floor":16},{"not_picked":["champ:Circumvent","champ:EndlessRage+1"],"picked":"champ:AdrenalArmor","floor":19},{"not_picked":["champ:Circumvent","champ:PerfectedStrike"],"picked":"champ:PreemptiveStrike+1","floor":20},{"not_picked":["champ:TornadoPunch","champ:BerserkersShout"],"picked":"champ:ShieldSigil","floor":21},{"not_picked":["Chaos","BasicCrystalCard"],"picked":"champ:ShieldThrow","floor":23},{"not_picked":["Gash","Barrage"],"picked":"champ:AdrenalArmor","floor":25},{"not_picked":["champ:DefensiveShout","Zap"],"picked":"champ:GutPunch+1","floor":27},{"not_picked":["BasicCrystalCard","champ:FaceSlap"],"picked":"Beam Cell","floor":28},{"not_picked":["champ:ShieldSigil","champ:BerserkersShout"],"picked":"champ:FlashCut+1","floor":29},{"not_picked":["Stack+1","Rebound"],"picked":"champ:BladeFlurry","floor":31},{"not_picked":["Rebound","champ:CalledShot+1"],"picked":"champ:TornadoPunch","floor":32},{"not_picked":["champ:EnchantCrown","All For One"],"picked":"champ:TripleStrike","floor":33},{"not_picked":["Turbo+1","Chaos"],"picked":"champ:PreciseThrust+1","floor":34},{"not_picked":["champ:TornadoPunch","champ:EnGarde"],"picked":"champ:FanOfKnives","floor":36},{"not_picked":["champ:FancyFootwork","champ:EnchantSword"],"picked":"champ:FalseCounter+1","floor":38},{"not_picked":["champ:RecklessLeap","champ:BerserkersShout+1"],"picked":"champ:BerserkerStyle+1","floor":44},{"not_picked":["champ:GutPunch+1","champ:Shatter"],"picked":"champ:RageSigil+1","floor":45},{"not_picked":["champ:FalseCounter+1","champ:Circumvent+1"],"picked":"champ:ShieldWall","floor":46},{"not_picked":["champ:Shatter+1","champ:Backstep+1"],"picked":"champ:HeartStrike","floor":48},{"not_picked":["champ:PreciseThrust+1","champ:CrownThrow+1"],"picked":"champ:AdrenalArmor+1","floor":49}],"player_experience":349437,"relics_obtained":[{"floor":7,"key":"Blue Candle"},{"floor":10,"key":"FossilizedHelix"},{"floor":12,"key":"Grinning Jar"},{"floor":14,"key":"Art of War"},{"floor":18,"key":"hubris:ToyBattleship"},{"floor":24,"key":"infinitespire:BottledMercury"},{"floor":31,"key":"Onion Ring"},{"floor":41,"key":"Lizard Tail"},{"floor":45,"key":"Happy Flower"},{"floor":48,"key":"halation:KoshaPiece"}],"event_choices":[{"damage_healed":0,"gold_gain":0,"player_choice":"Forge","damage_taken":0,"max_hp_gain":0,"max_hp_loss":0,"event_name":"Accursed Blacksmith","floor":8,"gold_loss":0,"cards_upgraded":["champ:FlashCut"]}],"is_beta":false,"boss_relics":[{"not_picked":["aspiration:BardSkillbook","Empty Cage"],"picked":"construct:ClawGrip"},{"not_picked":["conspire:SeveredTorchhead","hubris:BlackHole"],"picked":"Tiny House"}],"items_purged_floors":[],"is_endless":false,"potions_floor_spawned":[4,9,10,14,16,19,20,25,29,33,36,44],"ascension_level":1}}