{"host":"psytf3wd8ccrk52d","time":1612745945,"event":{"mods":["Astrologer","BaseMod","Better Third Choice","CapriCore","Colored Map","Dio Mod","Downfall","Ekko","Hermit","JesterMod","Minty Spire (QoL Compilation)","Replay The Spire","Robot Space Explorer","Shade Mod","Shop Mod","Spire Arcade","StSLib","The Alterego","The Immortal","The Marked","TheVacant"],"gold_per_floor":[118,138,138,148,148,148,158,171,171,171,171,201,201,216,216,316,316,330,429,504,519,538,565,565,565,565],"floor_reached":25,"language":"ENG","playtime":1560,"items_purged":[],"score":298,"play_id":"dbdf2857-a414-44f2-a0d4-0cc68d1f1ab3","local_time":"20210208005905","is_ascension_mode":false,"campfire_choices":[{"data":"alterego_mod:BrynhildrRomantia","floor":6,"key":"SMITH"},{"data":"alterego_mod:Mirror","floor":10,"key":"SMITH"},{"floor":13,"key":"DIG"},{"floor":15,"key":"DIG"},{"floor":24,"key":"REST"}],"circlet_count":0,"master_deck":["alterego_mod:Strike","alterego_mod:Strike","alterego_mod:Strike","alterego_mod:Defend","alterego_mod:Defend","alterego_mod:Defend","alterego_mod:Defend","alterego_mod:Impale","alterego_mod:BigMeatyClaws","alterego_mod:BrynhildrsRune","alterego_mod:Bounce","alterego_mod:BiFurious","alterego_mod:BrynhildrRomantia+1","alterego_mod:Mirror+1","alterego_mod:Birthday","alterego_mod:RidiculouslyBig","alterego_mod:Mirror","alterego_mod:Punishment","alterego_mod:Nekomimi","alterego_mod:Jiggle","alterego_mod:Birthday","alterego_mod:Belts","alterego_mod:AlterEgo","alterego_mod:Smother+1"],"relics":["alterego_mod:MasochisticConstitution","NeowsBlessing","Shovel","Quantum Egg","ReplayFunnel","Runic Pyramid","Peace Pipe"],"acts_visited":["Exordium","TheCity"],"potions_floor_usage":[7,16,16,16,25],"damage_taken":[{"damage":0,"enemies":"Cultist","floor":1,"turns":1},{"damage":0,"enemies":"2 Louse","floor":2,"turns":1},{"damage":0,"enemies":"Small Slimes","floor":4,"turns":2},{"damage":32,"enemies":"Gremlin Gang","floor":7,"turns":7},{"damage":6,"enemies":"Looter","floor":8,"turns":3},{"damage":1,"enemies":"Replay:BlueRogue","floor":12,"turns":11},{"damage":3,"enemies":"Exordium Wildlife","floor":14,"turns":3},{"damage":50,"enemies":"Hexaghost","floor":16,"turns":11},{"damage":46,"enemies":"2 Thieves","floor":18,"turns":5},{"damage":4,"enemies":"3 Byrds","floor":21,"turns":5},{"damage":38,"enemies":"Centurion and Healer","floor":22,"turns":8},{"damage":49,"enemies":"Gremlin Leader","floor":23,"turns":7},{"damage":59,"enemies":"Slavers","floor":25,"turns":3}],"seed_played":"2976773195238435361","potions_obtained":[{"floor":5,"key":"Swift Potion"},{"floor":5,"key":"Regen Potion"},{"floor":5,"key":"FearPotion"},{"floor":7,"key":"champ:CounterPotion"},{"floor":21,"key":"SpeedPotion"}],"is_trial":false,"path_per_floor":["M","M","?","M","?","R","M","M","T","R","?","E","R","M","R","B",null,"M","?","?","M","M","E","R","E"],"character_chosen":"The_Alterego","items_purchased":[],"campfire_rested":1,"item_purchase_floors":[],"current_hp_per_floor":[70,70,70,69,69,69,78,75,75,75,75,84,84,83,83,38,86,67,67,58,70,48,25,56,0,0],"gold":565,"neow_bonus":"THREE_ENEMY_KILL","is_daily":false,"chose_seed":false,"campfire_upgraded":2,"win_rate":0.0,"timestamp":1612745945,"path_taken":["M","?","?","?","?","R","?","M","T","R","?","E","R","M","R","BOSS","M","?","?","M","M","E","R","E"],"items_purchased_type":[],"build_version":"2020-12-22","purchased_purges":0,"victory":false,"max_hp_per_floor":[70,70,70,69,69,69,78,79,79,79,79,84,84,85,85,86,86,95,95,95,100,105,106,106,106,106],"card_choices":[{"not_picked":["alterego_mod:PerceptionDisorder","alterego_mod:Support"],"picked":"alterego_mod:Bounce","floor":1},{"not_picked":["alterego_mod:Maid","alterego_mod:BeGentle"],"picked":"alterego_mod:BiFurious","floor":2},{"not_picked":["alterego_mod:BiFurious","alterego_mod:Cycle"],"picked":"alterego_mod:Mirror","floor":4},{"not_picked":["alterego_mod:PerceptionDisorder","alterego_mod:Cooking"],"picked":"alterego_mod:Birthday","floor":7},{"not_picked":["alterego_mod:Birthday","alterego_mod:Bloomers"],"picked":"alterego_mod:RidiculouslyBig","floor":8},{"not_picked":["alterego_mod:Jiggle","alterego_mod:Maid"],"picked":"alterego_mod:Belts","floor":12},{"not_picked":["alterego_mod:Belle","alterego_mod:Cooking","alterego_mod:DeftHands"],"picked":"SKIP","floor":14},{"not_picked":["alterego_mod:SideboobHour","alterego_mod:Lift"],"picked":"alterego_mod:AlterEgo","floor":16},{"not_picked":["alterego_mod:Cycle","alterego_mod:BreastValley","alterego_mod:Cooking"],"picked":"SKIP","floor":18},{"not_picked":["alterego_mod:Belle+1","alterego_mod:Swimsuit+1","alterego_mod:PurpleHair"],"picked":"SKIP","floor":21},{"not_picked":["alterego_mod:1TonWallop","alterego_mod:Cycle","alterego_mod:Santa"],"picked":"SKIP","floor":22},{"not_picked":["alterego_mod:Skirt","alterego_mod:MagicResistance"],"picked":"alterego_mod:Smother+1","floor":23}],"player_experience":72859,"relics_obtained":[{"floor":12,"key":"Shovel"},{"floor":13,"key":"Quantum Egg"},{"floor":15,"key":"ReplayFunnel"},{"floor":23,"key":"Peace Pipe"}],"event_choices":[{"damage_healed":0,"gold_gain":0,"cards_transformed":["alterego_mod:Strike"],"player_choice":"Transformed","damage_taken":0,"max_hp_gain":0,"max_hp_loss":0,"event_name":"Transmorgrifier","floor":3,"gold_loss":0,"cards_obtained":["alterego_mod:BrynhildrRomantia"]},{"damage_healed":0,"gold_gain":0,"player_choice":"Got Potions","damage_taken":0,"max_hp_gain":0,"max_hp_loss":0,"event_name":"Lab","floor":5,"gold_loss":0},{"damage_healed":0,"gold_gain":99,"player_choice":"Steal","damage_taken":0,"max_hp_gain":0,"max_hp_loss":0,"event_name":"betterThird:BetterNest","floor":19,"gold_loss":0},{"damage_healed":0,"gold_gain":75,"player_choice":"Touch","damage_taken":9,"max_hp_gain":0,"max_hp_loss":0,"event_name":"FaceTrader","floor":20,"gold_loss":0}],"is_beta":false,"boss_relics":[{"not_picked":["ReplayTheSpireMod:DimensionalGlitch","Calling Bell"],"picked":"Runic Pyramid"}],"items_purged_floors":[],"is_endless":false,"potions_floor_spawned":[7,12,14,21],"killed_by":"Slavers","ascension_level":0}}