{"host":"9kesdg97wkrx2bva","time":1612750881,"event":{"mods":["AchievementEnabler","BaseMod","Colored Map","GifTheSpireLib","Infinite Spire","Minty Spire (QoL Compilation)","Replay The Spire","StSLib"],"gold_per_floor":[212,232,251,7,7,7,7,7,307,337,357,357,374,386,386,386,386],"floor_reached":16,"language":"ENG","playtime":398,"items_purged":["Strike_B"],"score":194,"play_id":"e0976fde-621b-4ac7-97ab-7aa9e9619c8f","local_time":"20210207202121","is_ascension_mode":true,"campfire_choices":[{"data":"Zap","floor":6.0,"key":"SMITH"},{"data":"Dualcast","floor":8.0,"key":"SMITH"},{"floor":15,"key":"REST"}],"circlet_count":0,"master_deck":["AscendersBane","Strike_B","Strike_B","Strike_B","Defend_B","Defend_B+1","Defend_B","Defend_B","Zap+1","Dualcast+1","Streamline","Melter","BootSequence","Seek","Go for the Eyes","Beam Cell","Hologram"],"relics":["infinitespire:DarkRift","Replay:Antivirus Software","infinitespire:Cubic Diamond","Old Coin","Geode","Shovel"],"acts_visited":["Exordium"],"potions_floor_usage":[],"damage_taken":[{"damage":0.0,"enemies":"Small Slimes","floor":1.0,"turns":3.0},{"damage":7.0,"enemies":"Jaw Worm","floor":2.0,"turns":2.0},{"damage":0.0,"enemies":"2 Louse","floor":3.0,"turns":2.0},{"damage":22.0,"enemies":"3 Sentries","floor":10.0,"turns":8.0},{"damage":0.0,"enemies":"Blue Slaver","floor":11.0,"turns":2.0},{"damage":0.0,"enemies":"Red Slaver","floor":13.0,"turns":2.0},{"damage":0,"enemies":"Large Slime","floor":14,"turns":7},{"damage":43,"enemies":"Slime Boss","floor":16,"turns":5}],"seed_played":"-7953430100496637352","potions_obtained":[{"floor":1.0,"key":"Toxic Potion"},{"floor":10.0,"key":"Adrenaline Potion"},{"floor":11.0,"key":"EssenceOfSteel"}],"is_trial":false,"path_per_floor":["M","M","M","$","?","R","?","R","T","E","M","?","M","M","R","B"],"character_chosen":"DEFECT","items_purchased":["Replay:Antivirus Software"],"campfire_rested":1,"item_purchase_floors":[4],"current_hp_per_floor":[64,57,57,57,57,57,57,57,57,35,35,17,17,17,38,0,0],"gold":386,"neow_bonus":"HUNDRED_GOLD","is_daily":false,"chose_seed":false,"campfire_upgraded":2,"win_rate":0.0,"timestamp":1612750881,"path_taken":["M","M","M","$","?","R","?","R","T","E","M","?","M","M","R","BOSS"],"items_purchased_type":["Relic"],"build_version":"2020-12-22","purchased_purges":1,"victory":false,"max_hp_per_floor":[71,71,71,71,71,71,71,71,71,71,71,71,71,71,71,71,71],"card_choices":[{"not_picked":["Conserve Battery","Beam Cell"],"picked":"Streamline","floor":1.0},{"not_picked":["Sweeping Beam","ReplayTheSpireMod:Repulse"],"picked":"Melter","floor":2.0},{"not_picked":["Compile Driver","Fusion"],"picked":"BootSequence","floor":3.0},{"not_picked":["Hologram","Steam"],"picked":"Seek","floor":10.0},{"not_picked":["Rebound","Stack"],"picked":"Go for the Eyes","floor":11.0},{"not_picked":["Rebound","BootSequence"],"picked":"Beam Cell","floor":13.0},{"not_picked":["Heatsinks","Glacier"],"picked":"Hologram","floor":14}],"player_experience":1020053,"relics_obtained":[{"floor":9.0,"key":"Old Coin"},{"floor":10.0,"key":"Geode"}],"event_choices":[{"damage_healed":0.0,"max_hp_gain":0.0,"max_hp_loss":0.0,"gold_gain":0.0,"event_name":"Scrap Ooze","player_choice":"Success","floor":12.0,"gold_loss":0.0,"damage_taken":18.0,"relics_obtained":["Shovel"]}],"is_beta":false,"boss_relics":[],"items_purged_floors":[4],"is_endless":false,"potions_floor_spawned":[1,10,11],"killed_by":"Slime Boss","ascension_level":18}}