{"host":"4eao2pkwlmv012cz","time":1612752635,"event":{"mods":["BaseMod","Colored Powertips","Minty Spire (QoL Compilation)","Permanent Neow","Quick Restart","Random Character Button","StSLib"],"gold_per_floor":[112,112,126,38,3,3,32,32,32,32,182,222,25,25,25,25,25],"floor_reached":16,"language":"ENG","playtime":415,"items_purged":["Doubt"],"score":192,"play_id":"f0985159-9bc4-4125-b487-a85493f2347d","local_time":"20210207215035","is_ascension_mode":true,"campfire_choices":[{"data":"Defragment","floor":6,"key":"SMITH"},{"floor":8,"key":"REST"},{"data":"Magnetism","floor":10,"key":"SMITH"},{"data":"Capacitor","floor":15,"key":"SMITH"}],"circlet_count":0,"master_deck":["AscendersBane","Strike_B","Strike_B","Strike_B","Strike_B","Defend_B","Defend_B","Defend_B","Defend_B","Zap","Dualcast","Magnetism+1","Defragment+1","Lockon","Capacitor+1","Self Repair","Ball Lightning+1","Injury"],"relics":["Cracked Core","Molten Egg 2","The Courier","Lantern","Golden Idol"],"acts_visited":["Exordium"],"potions_floor_usage":[7,16],"damage_taken":[{"damage":9,"enemies":"2 Louse","floor":1,"turns":5},{"damage":20,"enemies":"Small Slimes","floor":3,"turns":3},{"damage":40,"enemies":"3 Sentries","floor":7,"turns":9},{"damage":16,"enemies":"Jaw Worm","floor":12,"turns":5},{"damage":33,"enemies":"Hexaghost","floor":16,"turns":7}],"seed_played":"3268047718946342364","potions_obtained":[{"floor":3,"key":"DistilledChaos"},{"floor":12,"key":"FocusPotion"}],"is_trial":false,"path_per_floor":["M","?","M","$","?","R","E","R","T","R","?","M","$","?","R","B"],"character_chosen":"DEFECT","items_purchased":["Capacitor","Lantern"],"campfire_rested":1,"item_purchase_floors":[4,13],"current_hp_per_floor":[55,60,40,40,57,57,17,37,37,37,37,28,28,28,28,0,0],"gold":25,"neow_bonus":"RANDOM_COLORLESS_2","is_daily":false,"chose_seed":false,"campfire_upgraded":3,"win_rate":0.0,"timestamp":1612752635,"path_taken":["M","?","M","$","?","R","E","R","T","R","?","M","$","?","R","BOSS"],"items_purchased_type":["Card","Relic"],"build_version":"2020-12-22","purchased_purges":1,"victory":false,"max_hp_per_floor":[64,69,69,69,69,69,69,69,69,69,69,69,69,69,69,69,69],"card_choices":[{"not_picked":["Master of Strategy","Secret Weapon"],"picked":"Magnetism","floor":0},{"not_picked":["Compile Driver","Stack"],"picked":"Defragment","floor":1},{"not_picked":["Leap","Coolheaded"],"picked":"Lockon","floor":3},{"not_picked":["Turbo","Scrape+1"],"picked":"Self Repair","floor":7},{"not_picked":["Blizzard+1","Sunder+1"],"picked":"Ball Lightning+1","floor":12}],"player_experience":2904248,"relics_obtained":[{"floor":7,"key":"Molten Egg 2"},{"floor":9,"key":"The Courier"}],"event_choices":[{"damage_healed":0,"gold_gain":0,"player_choice":"Donut","damage_taken":0,"max_hp_gain":5,"max_hp_loss":0,"event_name":"Big Fish","floor":2,"gold_loss":0},{"damage_healed":17,"gold_gain":0,"player_choice":"Healed","damage_taken":0,"max_hp_gain":0,"max_hp_loss":0,"event_name":"The Cleric","floor":5,"gold_loss":35},{"damage_healed":0,"gold_gain":150,"player_choice":"AGREE","damage_taken":0,"max_hp_gain":0,"max_hp_loss":0,"event_name":"Liars Game","floor":11,"gold_loss":0,"cards_obtained":["Doubt"]},{"damage_healed":0,"gold_gain":0,"player_choice":"Take Wound","damage_taken":0,"relics_obtained":["Golden Idol"],"max_hp_gain":0,"max_hp_loss":0,"event_name":"Golden Idol","floor":14,"gold_loss":0,"cards_obtained":["Injury"]}],"is_beta":false,"boss_relics":[],"items_purged_floors":[13],"is_endless":false,"potions_floor_spawned":[3,12],"killed_by":"Hexaghost","ascension_level":20}}