{"host":"pm6tps78s2qrawcb","time":1612803290,"event":{"mods":["BaseMod","BetterRewards","Colored Map","DeckTracker","Downfall","Hubris","Infinite Spire","Mimic Mod","Minty Spire (QoL Compilation)","Reliquary","Shop Mod","StSLib"],"gold_per_floor":[99,99,99,99,99,99,126,126,126,152,166,166,195,209,225,329,329,329,344,363,313,325,335,369,203,220,252,266,266,278,290,302,405,405,105,123,143,143,143,172,222,222,222,222],"floor_reached":42,"language":"ENG","playtime":3514,"items_purged":[],"score":533,"play_id":"eb7f50f6-d477-438e-8169-e5c30f4bc29a","local_time":"20210208165450","is_ascension_mode":false,"campfire_choices":[{"data":"Slimebound:Split","floor":1,"key":"SMITH"},{"data":"Slimebound:LevelUp","floor":6,"key":"SMITH"},{"data":"Slimebound:Tackle","floor":8,"key":"SMITH"},{"data":"infinitespire:TheBestDefense","floor":18,"key":"SMITH"},{"floor":29,"key":"RECALL"},{"floor":35,"key":"REST"}],"circlet_count":0,"master_deck":["Slimebound:Strike_Slimebound","Slimebound:Strike_Slimebound","Slimebound:Defend_Slimebound","Slimebound:Defend_Slimebound","Slimebound:Defend_Slimebound","Slimebound:Defend_Slimebound","Slimebound:Split+1","Slimebound:CorrosiveSpit","Slimebound:LevelUp+1","infinitespire:TheBestDefense+1","Slimebound:ViciousTackle","Slimebound:RejuvenatingLick","Slimebound:SplitMire","Slimebound:RainOfGoop","Slimebound:RollThrough","Slimebound:MinionMaster","Slimebound:PressTheAttack","Slimebound:Prepare+1","Slimebound:SplitBruiser+1","Slimebound:GoopSpray","Slimebound:AcidTongue","Slimebound:SlimeTap","Slimebound:SplitLeeching","Slimebound:RainOfGoop","Slimebound:SlimeSlap","Slimebound:Dissolve","Slimebound:MassRepurpose","Slimebound:MassFeed","Slimebound:RainOfGoop+1","Slimebound:TongueLash+1","Slimebound:LivingWall","Slimebound:SlimeSpikes+1"],"relics":["Slimebound:AbsorbEndCombat","downfall:HeartsMalice","reliquary:TuningFork","hubris:Towel","PreservedInsect","Happy Flower","Mercury Hourglass","hubris:ScarierMask","Matryoshka","MerchantsRug","infinitespire:FocusingShard","Fusion Hammer","downfall:HeartBlessingRed","downfall:HeartBlessingGreen","downfall:HeartBlessingBlue","Membership Card","infinitespire:Lucky Rock","Orichalcum","Boot"],"acts_visited":["Exordium","TheCity","TheBeyond"],"potions_floor_usage":[16,16,18,20,27,32,33,33,40],"damage_taken":[{"damage":0,"enemies":"Small Slimes","floor":2,"turns":1},{"damage":0,"enemies":"2 Louse","floor":9,"turns":1},{"damage":0,"enemies":"Lagavulin","floor":10,"turns":1},{"damage":8,"enemies":"Jaw Worm","floor":11,"turns":3},{"damage":4,"enemies":"3 Sentries","floor":13,"turns":6},{"damage":15,"enemies":"Exordium Thugs","floor":14,"turns":3},{"damage":8,"enemies":"2 Fungi Beasts","floor":15,"turns":3},{"damage":3,"enemies":"SI_SHIV_ARCHETYPE","floor":16,"turns":4},{"damage":32,"enemies":"Chosen","floor":19,"turns":5},{"damage":10,"enemies":"3 Cultists","floor":20,"turns":4},{"damage":3,"enemies":"Sentry and Sphere","floor":22,"turns":2},{"damage":5,"enemies":"Snecko","floor":23,"turns":5},{"damage":1,"enemies":"Snake Plant","floor":24,"turns":4},{"damage":13,"enemies":"downfall:FleeingMerchant","floor":25,"turns":4},{"damage":17,"enemies":"Snake Plant","floor":26,"turns":4},{"damage":1,"enemies":"Gremlin Leader","floor":27,"turns":4},{"damage":7,"enemies":"Cultist and Chosen","floor":28,"turns":5},{"damage":0,"enemies":"Chosen and Byrds","floor":30,"turns":2},{"damage":3,"enemies":"Snake Plant","floor":31,"turns":2},{"damage":19,"enemies":"Snecko","floor":32,"turns":4},{"damage":35,"enemies":"IC_MUSHROOM_ARCHETYPE","floor":33,"turns":7},{"damage":9,"enemies":"3 Darklings","floor":36,"turns":4},{"damage":16,"enemies":"3 Shapes","floor":37,"turns":5},{"damage":39,"enemies":"Nemesis","floor":40,"turns":5},{"damage":36,"enemies":"Nightmare","floor":42,"turns":3}],"seed_played":"-71879336393652202","potions_obtained":[{"floor":10,"key":"Slimebound:SpawnSlimePotion"},{"floor":13,"key":"FearPotion"},{"floor":15,"key":"EntropicBrew"},{"floor":23,"key":"Energy Potion"},{"floor":28,"key":"Energy Potion"},{"floor":31,"key":"Fruit Juice"},{"floor":32,"key":"EssenceOfSteel"},{"floor":37,"key":"ColorlessPotion"}],"is_trial":false,"path_per_floor":["R","M","?","?","?","R","T","R","M","E","M","?","E","M","M","B",null,"R","M","M","?","M","M","MIM","$","M","E","M","R","M","M","M","B",null,"R","M","M","?","AVR","E","T","NM"],"character_chosen":"SLIMEBOUND","items_purchased":["MerchantsRug","Slimebound:SlimeTap"],"campfire_rested":1,"item_purchase_floors":[25,25],"current_hp_per_floor":[65,65,65,50,50,50,50,50,50,50,46,46,46,35,31,34,65,65,35,31,57,56,57,60,53,38,43,40,40,42,43,35,8,70,80,77,63,63,63,32,32,0,0,0],"gold":222,"neow_bonus":"THREE_ENEMY_KILL","is_daily":false,"chose_seed":false,"campfire_upgraded":4,"win_rate":0.0,"timestamp":1612803290,"path_taken":["R","M","?","?","?","R","T","R","M","E","M","?","E","?","M","BOSS","R","M","M","?","M","M","MIM","$","M","E","M","R","M","M","M","BOSS","R","M","M","?","AVR","E","T","NM"],"items_purchased_type":["Relic","Card"],"build_version":"2020-12-22","purchased_purges":0,"victory":false,"max_hp_per_floor":[65,65,65,65,65,65,65,65,65,65,65,65,65,65,65,65,65,65,65,65,65,65,65,65,65,65,65,65,65,65,65,70,70,70,80,80,80,80,80,80,80,80,80,80],"card_choices":[{"not_picked":["Slimebound:HauntingLick","Slimebound:GoopTackle"],"picked":"Slimebound:LevelUp","floor":2},{"not_picked":["infinitespire:Gouge","hubris:Rewind"],"picked":"infinitespire:TheBestDefense","floor":4},{"not_picked":["Slimebound:ComboTackle","Slimebound:TongueLash"],"picked":"Slimebound:ViciousTackle","floor":9},{"not_picked":["Slimebound:TongueLash","Slimebound:SpikyOuterGoop"],"picked":"Slimebound:RejuvenatingLick","floor":10},{"not_picked":["Slimebound:SpikyOuterGoop","Slimebound:ProtectTheBoss"],"picked":"Slimebound:SplitMire","floor":11},{"not_picked":["Slimebound:SelfFormingGoo","Slimebound:SplitBruiser"],"picked":"Slimebound:RainOfGoop","floor":13},{"not_picked":["Slimebound:ProtectTheBoss","Slimebound:ViciousTackle"],"picked":"Slimebound:RollThrough","floor":14},{"not_picked":["Slimebound:MegaLick","Slimebound:RejuvenatingLick"],"picked":"Slimebound:Prepare","floor":15},{"not_picked":["Slimebound:WasteNot","Slimebound:RallyTheTroops"],"picked":"Slimebound:MinionMaster","floor":16},{"not_picked":["Slimebound:Chomp","Slimebound:RollThrough"],"picked":"Slimebound:PressTheAttack","floor":19},{"not_picked":["Slimebound:SlimeSpikes","Slimebound:RainOfGoop","Slimebound:FormOfPuddle"],"picked":"SKIP","floor":20},{"not_picked":["Slimebound:FinishingTackle+1","Slimebound:FlameTackle"],"picked":"Slimebound:Prepare+1","floor":22},{"not_picked":["Slimebound:PressTheAttack","Slimebound:ViciousTackle"],"picked":"Slimebound:SplitBruiser+1","floor":23},{"not_picked":["Slimebound:ViciousTackle","Slimebound:PressTheAttack+1"],"picked":"Slimebound:GoopSpray","floor":24},{"not_picked":["Slimebound:SplitMire+1","Slimebound:RollThrough"],"picked":"Slimebound:AcidTongue","floor":25},{"not_picked":["Slimebound:TongueLash","Slimebound:SlimeBarrage"],"picked":"Slimebound:SplitLeeching","floor":26},{"not_picked":["Slimebound:ItLooksTasty","Slimebound:SlimeBrawl"],"picked":"Slimebound:RainOfGoop","floor":27},{"not_picked":["Slimebound:MegaLick+1","Slimebound:LeechEnergy"],"picked":"Slimebound:SlimeSlap","floor":28},{"not_picked":["Slimebound:GoopTackle","Slimebound:Chomp","Slimebound:GoopSpray"],"picked":"SKIP","floor":30},{"not_picked":["Slimebound:SamplingLick","Slimebound:SplitBruiser"],"picked":"Slimebound:Dissolve","floor":31},{"not_picked":["Slimebound:ProtectTheBoss","Slimebound:FormOfPuddle"],"picked":"Slimebound:MassRepurpose","floor":32},{"not_picked":["Slimebound:MassRepurpose","Slimebound:MinionMaster"],"picked":"Slimebound:MassFeed","floor":33},{"not_picked":["Slimebound:LeechEnergy+1","Slimebound:RejuvenatingLick+1"],"picked":"Slimebound:RainOfGoop+1","floor":36},{"not_picked":["Slimebound:SamplingLick+1","Slimebound:RollThrough"],"picked":"Slimebound:TongueLash+1","floor":37},{"not_picked":["Slimebound:PressTheAttack","Slimebound:ProtectTheBoss"],"picked":"Slimebound:SlimeSpikes+1","floor":40}],"player_experience":273195,"relics_obtained":[{"floor":3,"key":"reliquary:TuningFork"},{"floor":7,"key":"PreservedInsect"},{"floor":10,"key":"Happy Flower"},{"floor":13,"key":"Mercury Hourglass"},{"floor":24,"key":"Matryoshka"},{"floor":24,"key":"reliquary:FeatherDuster"},{"floor":27,"key":"infinitespire:FocusingShard"},{"floor":40,"key":"infinitespire:Lucky Rock"},{"floor":41,"key":"Orichalcum"},{"floor":41,"key":"Boot"}],"event_choices":[],"is_beta":false,"boss_relics":[{"not_picked":["hubris:GrandSneckoEye","bronze:MakeshiftBattery"],"picked":"hubris:ScarierMask"},{"not_picked":["Pandora\u0027s Box","Slimebound:TarBlob"],"picked":"Fusion Hammer"}],"items_purged_floors":[],"is_endless":false,"potions_floor_spawned":[10,13,15,19,23,28,31,32,37],"killed_by":"Nightmare","ascension_level":0}}