{"host":"j019w4cyowrad0mf","time":1612754187,"event":{"mods":["2.2 Compatiblity","Act Like it!","Arknights","BaseMod","CapriCore","Gensokyo","HololiveMod","Marisa????????","Minty Spire (QoL Compilation)","Rare Cards Sparkle","Reimu??????","StSLib","Waifu the Spire"],"gold_per_floor":[117,117,135,135,149,149,71,1,81,81,97,114,134,146,146,245,245,245,245,245,245,245,245,245,245,245,27,27,27,27,27],"floor_reached":30,"language":"ENG","playtime":1987,"items_purged":[],"score":247,"play_id":"e43d6f75-ccce-46ff-a6a0-cda9cb597073","local_time":"20210207191627","is_ascension_mode":false,"campfire_choices":[{"data":"ats:Emotion Absorption","floor":6.0,"key":"SMITH"},{"data":"ats:Sashimi Platter","floor":15.0,"key":"SMITH"},{"data":"Gensokyo:FourOfAKind","floor":23.0,"key":"SMITH"},{"data":"Gensokyo:FourOfAKind","floor":25.0,"key":"SMITH"},{"data":"Gensokyo:FourOfAKind","floor":29.0,"key":"SMITH"}],"circlet_count":0,"master_deck":["ats:Strike C","ats:Strike G+1","ats:Strike S","ats:Strike V","ats:Armor Crushing Shot","ats:Defend","ats:Defend","ats:Defend","ats:Defend","ats:Emotion Absorption+1","Gensokyo:CrescentMoonSlash","ats:Thermite Blade","ats:Composite Medical Shells+1","Clumsy","ats:Blood Oath","ats:Assault Order","ats:Beaten Up","ats:Sashimi Platter+1","ats:True Silver Slash","ats:Apocalypse","Gensokyo:FourOfAKind","Gensokyo:FourOfAKind+1","Gensokyo:FourOfAKind+1","Gensokyo:FourOfAKind+1","ats:Shell Defense","ats:Soul Rend","Gensokyo:ScrapIron","Gensokyo:Shovel","Gensokyo:LockedMedkit","Gensokyo:ReactiveArmor","Gensokyo:RPG","Dash"],"relics":["ats:Sanity","PureWhite:ReiMu","Gensokyo:OccultBall","InkBottle","Gensokyo:NagashiBinaDoll","Ectoplasm"],"acts_visited":["Exordium","Gensokyo:Gensokyo"],"potions_floor_usage":[],"damage_taken":[{"damage":0.0,"enemies":"Gensokyo:3_Fairies","floor":1.0,"turns":4.0},{"damage":2.0,"enemies":"Gensokyo:Gryphon","floor":3.0,"turns":3.0},{"damage":11.0,"enemies":"Gensokyo:Python","floor":5.0,"turns":3.0},{"damage":2.0,"enemies":"Gensokyo:VengefulSpirit","floor":11.0,"turns":5.0},{"damage":3.0,"enemies":"Gensokyo:3_Kodama","floor":12.0,"turns":3.0},{"damage":0.0,"enemies":"Gensokyo:2_Rabbits","floor":13.0,"turns":3.0},{"damage":3.0,"enemies":"Gensokyo:Python_and_Kodama","floor":14.0,"turns":4.0},{"damage":54.0,"enemies":"Gensokyo:Yukari","floor":16.0,"turns":13.0},{"damage":7.0,"enemies":"Gensokyo:Chomper","floor":18.0,"turns":4.0},{"damage":0.0,"enemies":"Gensokyo:3_Dogs","floor":20.0,"turns":1.0},{"damage":5.0,"enemies":"Gensokyo:Chomper_and_Gloop","floor":21.0,"turns":4.0},{"damage":64.0,"enemies":"Gensokyo:Swordslinger","floor":22.0,"turns":6.0},{"damage":24,"enemies":"Gensokyo:Slime_Group","floor":30,"turns":3}],"seed_played":"-1805974697703237501","potions_obtained":[{"floor":1.0,"key":"Weak Potion"},{"floor":5.0,"key":"Block Potion"},{"floor":11.0,"key":"ZuzhouPotion:ReiMu"},{"floor":16.0,"key":"Fire Potion"},{"floor":18.0,"key":"ColorlessPotion"},{"floor":22.0,"key":"Ancient Potion"}],"is_trial":false,"path_per_floor":["M","?","M","?","M","R","$","?","T","?","M","M","M","M","R","B",null,"M","?","M","M","M","R","?","R","T","COS","?","R","M"],"character_chosen":"DOCTOR_CLASS","items_purchased":["ats:Composite Medical Shells"],"campfire_rested":0,"item_purchase_floors":[7],"current_hp_per_floor":[51,41,39,39,28,28,28,28,28,28,26,29,32,35,35,23,72,65,51,51,46,17,17,17,17,17,17,17,17,0,0],"gold":27,"neow_bonus":"ONE_RARE_RELIC","is_daily":false,"chose_seed":false,"campfire_upgraded":5,"win_rate":0.0,"timestamp":1612754187,"path_taken":["M","?","M","?","M","R","?","?","T","?","?","M","M","M","R","BOSS","M","?","M","M","M","R","?","R","T","COS","?","R","?"],"items_purchased_type":["Card"],"build_version":"2020-12-22","purchased_purges":0,"victory":false,"max_hp_per_floor":[72,72,72,72,72,72,72,72,72,72,72,72,72,72,72,72,72,72,51,51,51,51,51,51,51,51,51,51,51,51,51],"card_choices":[{"not_picked":["ats:Literary Storm","ats:Overload"],"picked":"ats:Shadow Raid","floor":1.0},{"not_picked":["ats:Assault Order","ats:Explosion Area Strengthen"],"picked":"ats:Song Of Battle","floor":3.0},{"not_picked":["ats:Flexible Camouflage","ats:Powerful Strike"],"picked":"ats:Thermite Blade","floor":5.0},{"not_picked":["ats:Hammer On","ats:Guard Mode"],"picked":"ats:Blood Oath","floor":11.0},{"not_picked":["ats:Cat Scratch","ats:Sunburst"],"picked":"ats:Assault Order","floor":12.0},{"not_picked":["ats:Hook Shot","ats:Guard Mode"],"picked":"ats:Beaten Up","floor":13.0},{"not_picked":["ats:Absolute Focus","ats:Ignite"],"picked":"ats:Sashimi Platter","floor":14.0},{"not_picked":["ats:Soul Rend","ats:Rat Pack"],"picked":"ats:True Silver Slash","floor":16.0},{"not_picked":["ats:Leaping Hammer","ats:Healing Strengthening"],"picked":"ats:Apocalypse","floor":18.0},{"not_picked":["ats:Closed Bolt Burst Fire","ats:Ignite","ats:Defend Order"],"picked":"SKIP","floor":20.0},{"not_picked":["ats:Healing Drone","ats:Mental Burst","ats:Thermite Blade+1"],"picked":"SKIP","floor":21.0},{"not_picked":["ats:Hammer On","ats:Apocalypse+1"],"picked":"ats:Shell Defense","floor":22.0}],"player_experience":338979,"relics_obtained":[{"floor":9.0,"key":"InkBottle"},{"floor":14.0,"key":"Gensokyo:OccultBall"},{"floor":16.0,"key":"Gensokyo:OccultBall"}],"event_choices":[],"is_beta":false,"boss_relics":[{"not_picked":["Fusion Hammer","Runic Dome"],"picked":"Ectoplasm"}],"items_purged_floors":[],"is_endless":false,"potions_floor_spawned":[1,5,11,16,18,22],"killed_by":"Gensokyo:Slime_Group","ascension_level":0}}