{"host":"4rvakrj1idbgia3f","time":1612794524,"event":{"mods":["BaseMod","Colored Map","Colored Powertips","DeckTracker","Highlight Path","Minty Spire (QoL Compilation)","Random Character Button","StSLib"],"gold_per_floor":[114,133,151,163,7,7,7,25,25,58,58,58,97,97,97,196,196,221,221,221,221],"floor_reached":20,"language":"JPN","playtime":5652,"items_purged":["Defend_P"],"score":414,"play_id":"9e40f165-dc0f-4509-85eb-fa010dded3d4","local_time":"20210208232844","is_ascension_mode":true,"campfire_choices":[{"data":"Eruption","floor":6.0,"key":"SMITH"},{"data":"Wallop","floor":11.0,"key":"SMITH"},{"data":"EmptyFist","floor":15.0,"key":"SMITH"}],"circlet_count":0,"master_deck":["AscendersBane","Strike_P","Strike_P","Strike_P","Defend_P","Defend_P","Defend_P","Eruption+1","Vigilance","Adaptation+1","ThirdEye","CutThroughFate","EmptyFist+1","Wallop+1","EmptyBody","FlurryOfBlows","ClearTheMind+1","DevaForm","Meditate+1"],"relics":["PureWater","NeowsBlessing","Golden Idol","Matryoshka","Toxic Egg 2","Happy Flower","Fusion Hammer"],"acts_visited":["Exordium","TheCity"],"potions_floor_usage":[],"damage_taken":[{"damage":0.0,"enemies":"Jaw Worm","floor":1.0,"turns":1.0},{"damage":0.0,"enemies":"2 Louse","floor":2.0,"turns":1.0},{"damage":0.0,"enemies":"Small Slimes","floor":3.0,"turns":1.0},{"damage":5.0,"enemies":"Blue Slaver","floor":4.0,"turns":2.0},{"damage":0.0,"enemies":"Gremlin Gang","floor":8.0,"turns":2.0},{"damage":2.0,"enemies":"Gremlin Nob","floor":10.0,"turns":3.0},{"damage":0.0,"enemies":"3 Sentries","floor":13.0,"turns":3.0},{"damage":26,"enemies":"Slime Boss","floor":16,"turns":10},{"damage":34,"enemies":"3 Byrds","floor":18,"turns":5},{"damage":13,"enemies":"Spheric Guardian","floor":20,"turns":3}],"seed_played":"7397912550006369670","potions_obtained":[{"floor":2.0,"key":"EntropicBrew"},{"floor":3.0,"key":"Ancient Potion"},{"floor":4.0,"key":"AttackPotion"},{"floor":10.0,"key":"AttackPotion"},{"floor":18,"key":"DuplicationPotion"}],"is_trial":false,"path_per_floor":["M","M","M","M","$","R","?","M","T","E","R","?","E","?","R","B",null,"M","?","M"],"character_chosen":"WATCHER","items_purchased":["Wallop"],"campfire_rested":0,"item_purchase_floors":[5],"current_hp_per_floor":[61,61,61,56,56,56,56,56,56,54,54,54,54,47,47,21,52,18,12,0,0],"gold":221,"neow_bonus":"THREE_ENEMY_KILL","is_daily":false,"chose_seed":false,"campfire_upgraded":3,"win_rate":0.0,"timestamp":1612794524,"path_taken":["M","M","M","M","$","R","?","M","T","E","R","?","E","?","R","BOSS","M","?","M"],"items_purchased_type":["Card"],"build_version":"2020-12-22","purchased_purges":1,"victory":false,"max_hp_per_floor":[68,68,68,68,68,68,62,62,62,62,62,62,62,62,62,62,62,62,62,62,62],"card_choices":[{"not_picked":["EmptyBody","FollowUp"],"picked":"Adaptation","floor":1.0},{"not_picked":["Halt","Protect"],"picked":"ThirdEye","floor":2.0},{"not_picked":["Adaptation","ClearTheMind"],"picked":"CutThroughFate","floor":3.0},{"not_picked":["CutThroughFate","ClearTheMind"],"picked":"EmptyFist","floor":4.0},{"not_picked":["FlyingSleeves","EmptyFist"],"picked":"EmptyBody","floor":8.0},{"not_picked":["DeceiveReality+1","WreathOfFlame+1"],"picked":"FlurryOfBlows","floor":10.0},{"not_picked":["Evaluate+1","Crescendo+1"],"picked":"ClearTheMind+1","floor":13.0},{"not_picked":["Brilliance","Establishment"],"picked":"DevaForm","floor":16},{"not_picked":["Evaluate+1","EmptyBody+1"],"picked":"Meditate+1","floor":18}],"player_experience":2236424,"relics_obtained":[{"floor":9.0,"key":"Matryoshka"},{"floor":10.0,"key":"Toxic Egg 2"},{"floor":13.0,"key":"Happy Flower"}],"event_choices":[{"damage_healed":0.0,"max_hp_gain":0.0,"max_hp_loss":6.0,"gold_gain":0.0,"event_name":"Golden Idol","player_choice":"Lose Max HP","floor":7.0,"gold_loss":0.0,"damage_taken":0.0,"relics_obtained":["Golden Idol"]},{"damage_healed":0.0,"max_hp_gain":0.0,"max_hp_loss":0.0,"gold_gain":0.0,"event_name":"Living Wall","player_choice":"Grow","floor":12.0,"gold_loss":0.0,"damage_taken":0.0,"cards_upgraded":["Adaptation"]},{"cards_removed":["Strike_P"],"damage_healed":0.0,"max_hp_gain":0.0,"max_hp_loss":0.0,"gold_gain":0.0,"event_name":"Golden Wing","player_choice":"Card Removal","floor":14.0,"gold_loss":0.0,"damage_taken":7.0},{"damage_healed":0,"gold_gain":0,"player_choice":"","damage_taken":6,"max_hp_gain":0,"max_hp_loss":0,"event_name":"Knowing Skull","floor":19,"potions_obtained":[],"gold_loss":0,"cards_obtained":[]}],"is_beta":false,"boss_relics":[{"not_picked":["Snecko Eye","Runic Pyramid"],"picked":"Fusion Hammer"}],"items_purged_floors":[5],"is_endless":false,"potions_floor_spawned":[2,3,4,10,18],"killed_by":"Spheric Guardian","ascension_level":20}}