{"host":"oehe2dxjvdgux73m","time":1612792954,"event":{"mods":["AchievementEnabler","BaseMod","Colored Map","Colored Powertips","DeckTracker","Keyboard Shortcuts","Minty Spire (QoL Compilation)","Permanent Neow","Quick Restart","StSLib","SuperFastMode"],"gold_per_floor":[118,118,118,118,137,137,170,170,170,203,74,102,47,63,63,139,139,159,159,46,46,60,60,71,71,71,101,115,115,133,153,153,153,153],"floor_reached":33,"language":"KOR","playtime":897,"items_purged":["Strike_G"],"score":596,"play_id":"2835f035-043d-4fd0-9457-e0355dc71394","local_time":"20210208230234","is_ascension_mode":true,"campfire_choices":[{"data":"Neutralize","floor":6.0,"key":"SMITH"},{"data":"Dash","floor":8.0,"key":"SMITH"},{"data":"Flechettes","floor":15.0,"key":"SMITH"},{"data":"Blade Dance","floor":23.0,"key":"SMITH"},{"floor":25.0,"key":"REST"},{"data":"Acrobatics","floor":32.0,"key":"SMITH"}],"circlet_count":0,"master_deck":["AscendersBane","Strike_G","Strike_G","Strike_G","Strike_G","Defend_G","Defend_G","Defend_G","Defend_G","Defend_G","Survivor","Neutralize+1","Dagger Throw","Dash+1","Flechettes+1","Heel Hook+1","Backflip","Backstab+1","Corpse Explosion","Die Die Die+1","Blade Dance+1","PiercingWail+1","Acrobatics+1","Dodge and Roll","Adrenaline","Reflex+1","Backflip","Escape Plan"],"relics":["Ring of the Snake","NeowsBlessing","Dream Catcher","White Beast Statue","TungstenRod","Molten Egg 2","Pocketwatch","Odd Mushroom","SacredBark","Lizard Tail","Pantograph","MutagenicStrength"],"acts_visited":["Exordium","TheCity"],"potions_floor_usage":[33],"damage_taken":[{"damage":0.0,"enemies":"Jaw Worm","floor":1.0,"turns":1.0},{"damage":0.0,"enemies":"Small Slimes","floor":5.0,"turns":1.0},{"damage":0.0,"enemies":"3 Sentries","floor":7.0,"turns":1.0},{"damage":15.0,"enemies":"Gremlin Nob","floor":10.0,"turns":4.0},{"damage":15.0,"enemies":"The Mushroom Lair","floor":12.0,"turns":4.0},{"damage":0.0,"enemies":"2 Louse","floor":14.0,"turns":3.0},{"damage":26.0,"enemies":"Hexaghost","floor":16.0,"turns":12.0},{"damage":12.0,"enemies":"2 Thieves","floor":18.0,"turns":4.0},{"damage":8.0,"enemies":"Shell Parasite","floor":22.0,"turns":6.0},{"damage":0.0,"enemies":"3 Cultists","floor":24.0,"turns":2.0},{"damage":20.0,"enemies":"Book of Stabbing","floor":27.0,"turns":7.0},{"damage":17.0,"enemies":"Snake Plant","floor":28.0,"turns":5.0},{"damage":0.0,"enemies":"Cultist and Chosen","floor":30.0,"turns":4.0},{"damage":0.0,"enemies":"Centurion and Healer","floor":31.0,"turns":1.0},{"damage":172,"enemies":"Champ","floor":33,"turns":17}],"seed_played":"-1348447919920427151","potions_obtained":[{"floor":5.0,"key":"Swift Potion"},{"floor":7.0,"key":"ColorlessPotion"},{"floor":10.0,"key":"CunningPotion"},{"floor":12.0,"key":"Ancient Potion"},{"floor":14.0,"key":"Fruit Juice"},{"floor":16.0,"key":"Block Potion"},{"floor":18.0,"key":"Explosive Potion"},{"floor":24.0,"key":"GhostInAJar"},{"floor":27.0,"key":"Fire Potion"},{"floor":28.0,"key":"FearPotion"},{"floor":31.0,"key":"LiquidBronze"}],"is_trial":false,"path_per_floor":["M","?","?","T","M","R","E","R","T","E","$","?","$","M","R","B",null,"M","?","$","?","M","R","M","R","T","E","M","?","M","M","R","B"],"character_chosen":"THE_SILENT","items_purchased":["Backflip","SteroidPotion","FairyPotion"],"campfire_rested":1,"item_purchase_floors":[11,13,20],"current_hp_per_floor":[59,54,54,54,54,54,54,54,54,39,39,24,24,29,29,3,54,42,42,42,42,34,34,34,55,55,35,18,18,18,18,18,0,0],"gold":153,"neow_bonus":"THREE_ENEMY_KILL","is_daily":false,"chose_seed":false,"campfire_upgraded":5,"win_rate":0.0,"timestamp":1612792954,"path_taken":["M","?","?","?","M","R","E","R","T","E","?","?","$","?","R","BOSS","M","?","$","?","M","R","M","R","T","E","M","?","M","M","R","BOSS"],"items_purchased_type":["Card","Potion","Potion"],"build_version":"2020-12-22","purchased_purges":1,"victory":false,"max_hp_per_floor":[66,66,66,66,66,66,66,66,66,66,66,66,66,71,71,71,71,71,71,71,71,71,71,71,71,71,71,71,71,71,71,71,71,71],"card_choices":[{"not_picked":["Prepared","Cloak And Dagger"],"picked":"Dagger Throw","floor":1.0},{"not_picked":["Quick Slash","Deflect"],"picked":"Dash","floor":5.0},{"not_picked":["Setup","Dagger Throw"],"picked":"Flechettes","floor":7.0},{"not_picked":["Deadly Poison","Dagger Throw+1"],"picked":"Heel Hook+1","floor":10.0},{"not_picked":["Setup","Prepared"],"picked":"Backstab+1","floor":12.0},{"not_picked":["Crippling Poison","Poisoned Stab+1"],"picked":"Corpse Explosion","floor":14.0},{"not_picked":["Night Terror","Unload+1"],"picked":"Die Die Die+1","floor":16.0},{"not_picked":["Blur","Flying Knee+1"],"picked":"Blade Dance","floor":18.0},{"not_picked":["Deflect","Cloak And Dagger"],"picked":"PiercingWail+1","floor":22.0},{"not_picked":["Outmaneuver","Deadly Poison"],"picked":"Acrobatics","floor":24.0},{"not_picked":["Riddle With Holes+1","Flying Knee+1"],"picked":"Dodge and Roll","floor":25.0},{"not_picked":["Slice+1","Blur"],"picked":"Adrenaline","floor":27.0},{"not_picked":["Outmaneuver","PiercingWail"],"picked":"Reflex+1","floor":28.0},{"not_picked":["Blade Dance","Flying Knee+1"],"picked":"Backflip","floor":30.0},{"not_picked":["Deflect","Quick Slash+1"],"picked":"Escape Plan","floor":31.0}],"player_experience":419358,"relics_obtained":[{"floor":4.0,"key":"White Beast Statue"},{"floor":7.0,"key":"TungstenRod"},{"floor":9.0,"key":"Molten Egg 2"},{"floor":10.0,"key":"Pocketwatch"},{"floor":12.0,"key":"Odd Mushroom"},{"floor":26.0,"key":"Lizard Tail"},{"floor":27.0,"key":"Pantograph"}],"event_choices":[{"damage_healed":0.0,"max_hp_gain":0.0,"max_hp_loss":0.0,"gold_gain":0.0,"event_name":"Scrap Ooze","player_choice":"Success","floor":2.0,"gold_loss":0.0,"damage_taken":5.0,"relics_obtained":["Dream Catcher"]},{"damage_healed":0.0,"max_hp_gain":0.0,"max_hp_loss":0.0,"gold_gain":0.0,"event_name":"Liars Game","player_choice":"Ignored","floor":3.0,"gold_loss":0.0,"damage_taken":0.0},{"damage_healed":0.0,"max_hp_gain":0.0,"max_hp_loss":0.0,"gold_gain":0.0,"event_name":"Mushrooms","player_choice":"Fought Mushrooms","floor":12.0,"gold_loss":0.0,"damage_taken":0.0},{"damage_healed":0.0,"max_hp_gain":0.0,"max_hp_loss":0.0,"gold_gain":0.0,"event_name":"The Mausoleum","player_choice":"Ignored","floor":19.0,"gold_loss":0.0,"damage_taken":0.0},{"damage_healed":0.0,"max_hp_gain":0.0,"max_hp_loss":0.0,"gold_gain":0.0,"event_name":"Drug Dealer","player_choice":"Inject Mutagens","floor":29.0,"gold_loss":0.0,"damage_taken":0.0,"relics_obtained":["MutagenicStrength"]}],"is_beta":false,"boss_relics":[{"not_picked":["Ring of the Serpent","WristBlade"],"picked":"SacredBark"}],"items_purged_floors":[11],"is_endless":false,"potions_floor_spawned":[5,7,10,12,14,16,18,22,24,27,28,30,31],"killed_by":"Champ","ascension_level":20}}