{"host":"630px4nyj50z5id8","time":1612757404,"event":{"mods":["BaseMod","Better Note","Colored Powertips","Good Game Mod","Minty Spire (QoL Compilation)","Quick Restart","Rare Cards Sparkle","Relic Filter Mod","Replay The Spire","StSLib","Waifu the Spire"],"gold_per_floor":[165,49,49,58,58,171,215,282,309,396,396,469,543,609,609,692,755,755],"floor_reached":17,"language":"ZHS","playtime":644,"items_purged":["Strike_G+1"],"score":329,"play_id":"ecccfd84-c56b-47ae-bf04-927f91c9a32a","local_time":"20210208121004","is_ascension_mode":true,"campfire_choices":[{"floor":11,"key":"REST"},{"floor":15,"key":"REST"}],"circlet_count":0,"master_deck":["Apotheosis+1","HandOfGreed+1","Phantasmal Killer+1","Survivor+1","Neutralize+1","Poison Darts+1","Acrobatics+1","Acrobatics","Regret","Acrobatics","Draining Mist","Escape Plan","ReplayTheSpireMod:From All Sides","ReplayTheSpireMod:The Works","Night Terror","Expertise","Deflect","Hidden Blade","Die Die Die","Terror","A Thousand Cuts","Malaise"],"relics":["Ring of the Snake","REME:ComplimentaryCards","NeowsBlessing","CeramicFish","Mummified Hand","Replay:Wax Seal","Centennial Puzzle","Thread and Needle","Pandora\u0027s Box"],"acts_visited":["Exordium","TheCity"],"potions_floor_usage":[8],"damage_taken":[{"damage":0.0,"enemies":"Small Slimes","floor":1.0,"turns":3.0},{"damage":9.0,"enemies":"3 Sentries","floor":6.0,"turns":6.0},{"damage":0.0,"enemies":"Jaw Worm","floor":7.0,"turns":2.0},{"damage":4,"enemies":"Replay:BlueRogue","floor":8,"turns":5},{"damage":37,"enemies":"3 Sentries","floor":10,"turns":14},{"damage":0,"enemies":"2 Louse","floor":12,"turns":3},{"damage":4,"enemies":"2 Fungi Beasts","floor":13,"turns":3},{"damage":4,"enemies":"Hexaghost","floor":16,"turns":8}],"seed_played":"-8384150444366376960","potions_obtained":[{"floor":6.0,"key":"Block Potion"},{"floor":10,"key":"ColorlessPotion"},{"floor":13,"key":"DistilledChaos"}],"is_trial":false,"path_per_floor":["M","$","?","?","$","E","M","E","T","E","R","M","M","?","R","B",null],"character_chosen":"THE_SILENT","items_purchased":["Acrobatics"],"campfire_rested":2,"item_purchase_floors":[2],"current_hp_per_floor":[59,59,59,59,59,50,50,46,46,9,28,28,24,24,43,39,59,59],"gold":755,"neow_bonus":"THREE_ENEMY_KILL","is_daily":false,"chose_seed":false,"campfire_upgraded":0,"win_rate":0.0,"timestamp":1612757404,"path_taken":["M","$","?","?","?","E","M","E","T","E","R","M","M","?","R","BOSS"],"items_purchased_type":["Card"],"build_version":"2020-12-22","purchased_purges":1,"victory":false,"max_hp_per_floor":[66,66,66,66,66,66,66,66,66,66,66,66,66,66,66,66,66,66],"card_choices":[{"not_picked":["Masterful Stab","Poisoned Stab","Predator"],"picked":"SKIP","floor":1.0},{"not_picked":["Outmaneuver","Blade Dance"],"picked":"Acrobatics","floor":6.0},{"not_picked":["Bane","Underhanded Strike","Cloak And Dagger"],"picked":"SKIP","floor":7.0},{"not_picked":["Dash","Bane"],"picked":"Draining Mist","floor":8},{"not_picked":["Dagger Throw","Dodge and Roll"],"picked":"Escape Plan","floor":10},{"not_picked":["Fluid Movement","Outmaneuver"],"picked":"ReplayTheSpireMod:From All Sides","floor":12},{"not_picked":["Caltrops","Dodge and Roll"],"picked":"ReplayTheSpireMod:The Works","floor":13},{"not_picked":["Glass Knife","Malaise"],"picked":"Night Terror","floor":16}],"player_experience":427497,"relics_obtained":[{"floor":6.0,"key":"Mummified Hand"},{"floor":8,"key":"Replay:Wax Seal"},{"floor":9,"key":"Centennial Puzzle"},{"floor":10,"key":"Thread and Needle"}],"event_choices":[{"damage_healed":0.0,"max_hp_gain":0.0,"max_hp_loss":0.0,"gold_gain":0.0,"event_name":"Big Fish","player_choice":"Box","floor":4.0,"gold_loss":0.0,"damage_taken":0.0,"relics_obtained":["CeramicFish"],"cards_obtained":["Regret"]},{"damage_healed":0,"gold_gain":66,"player_choice":"Gained Gold","damage_taken":0,"max_hp_gain":0,"max_hp_loss":0,"event_name":"Golden Wing","floor":14,"gold_loss":0}],"is_beta":false,"boss_relics":[{"not_picked":["Replay:Grab Bag","Coffee Dripper"],"picked":"Pandora\u0027s Box"}],"items_purged_floors":[2],"is_endless":false,"potions_floor_spawned":[6,10,13],"ascension_level":18}}