{"host":"17trt2gvjgnh9jmc","time":1612825270,"event":{"mods":["AchievementEnabler","BaseMod","Bestiary","Colored Map","Minty Spire (QoL Compilation)","Relic Stats"],"gold_per_floor":[213,17,17,36,52,78,78,78,78,78,78],"floor_reached":10,"language":"ENG","playtime":1377,"items_purged":["Defend_R"],"score":69,"play_id":"b069140c-be59-41d4-b60c-fae64103baea","local_time":"20210209000110","is_ascension_mode":true,"campfire_choices":[{"floor":8,"key":"REST"}],"circlet_count":0,"master_deck":["Strike_R","Strike_R","Strike_R","Strike_R","Strike_R","Defend_R","Defend_R","Defend_R","Bash","Metallicize","Cleave","Ghostly Armor","Feel No Pain","Battle Trance","Iron Wave"],"relics":["Burning Blood","CaptainsWheel","SsserpentHead"],"acts_visited":["Exordium"],"potions_floor_usage":[10],"damage_taken":[{"damage":2,"enemies":"2 Louse","floor":1,"turns":3},{"damage":0,"enemies":"Cultist","floor":4,"turns":4},{"damage":4,"enemies":"Jaw Worm","floor":5,"turns":4},{"damage":70,"enemies":"Lagavulin","floor":6,"turns":13},{"damage":48,"enemies":"Gremlin Nob","floor":10,"turns":6}],"seed_played":"-5504925934712030552","potions_obtained":[{"floor":1,"key":"SpeedPotion"},{"floor":5,"key":"Swift Potion"}],"is_trial":false,"path_per_floor":["M","$","?","M","M","E","?","R","T","E"],"character_chosen":"IRONCLAD","items_purchased":["Cleave","Ghostly Armor"],"campfire_rested":1,"item_purchase_floors":[2,2],"current_hp_per_floor":[80,80,80,80,80,16,16,40,40,0,0],"gold":78,"neow_bonus":"HUNDRED_GOLD","is_daily":false,"chose_seed":false,"campfire_upgraded":0,"win_rate":0.0,"timestamp":1612825270,"path_taken":["M","$","?","M","M","E","?","R","T","E"],"items_purchased_type":["Card","Card"],"build_version":"2020-12-22","purchased_purges":1,"victory":false,"max_hp_per_floor":[80,80,80,80,80,80,80,80,80,80,80],"relic_stats":{"SsserpentHead":0,"counters":[5,30],"obtain_stats":[{"SsserpentHead":7,"CaptainsWheel":6,"Burning Blood":0},{"SsserpentHead":4,"CaptainsWheel":4,"Burning Blood":0},{"SsserpentHead":24,"CaptainsWheel":24,"Burning Blood":0}],"Burning Blood":12},"card_choices":[{"not_picked":["Blood for Blood","Clash"],"picked":"Metallicize","floor":1},{"not_picked":["Fire Breathing","Shrug It Off"],"picked":"Feel No Pain","floor":4},{"not_picked":["Body Slam","Havoc"],"picked":"Battle Trance","floor":5},{"not_picked":["Anger","Dropkick"],"picked":"Iron Wave","floor":6}],"player_experience":418493,"relics_obtained":[{"floor":6,"key":"CaptainsWheel"}],"event_choices":[{"damage_healed":0,"gold_gain":0,"player_choice":"Ignored","damage_taken":0,"max_hp_gain":0,"max_hp_loss":0,"event_name":"Liars Game","floor":3,"gold_loss":0},{"damage_healed":0,"gold_gain":0,"player_choice":"Trade","damage_taken":0,"relics_obtained":["SsserpentHead"],"max_hp_gain":0,"max_hp_loss":0,"event_name":"FaceTrader","floor":7,"gold_loss":0}],"is_beta":false,"boss_relics":[],"items_purged_floors":[2],"is_endless":false,"potions_floor_spawned":[1,5],"killed_by":"Gremlin Nob","ascension_level":1}}