{"host":"bplbr8uekuotory4","time":1612791441,"event":{"mods":["Act Like it!","BaseMod","GungeonMod","Hermit","KinomotoSakuraMod(木之本樱)","Marisa（F雨　魔理沙）","Minty Spire (QoL Compilation)","Prisma Mod","Quick Restart","Reimu（博丽灵梦）","SOS（斯巴达之子）","Spicy Shops","StSLib","TestMod","The Blackbeard","The Cursed","The Mystic","The Poker Player","The Saiyan","The Senshi","The Servant 0.9.4","Yuri Mod","[IsaacMod]以撒尖塔"],"gold_per_floor":[113,131,146,163,163,163,195,120,120,20,20,20,49,60,60,134,134,149,149,165,165,19,19,46,46,46,46,81,81,92,109,109,186,186,204,141,141,152,552,583,583,614,695,715,638,655,655,655,655,655,655,655,655,690,690],"floor_reached":56,"language":"ZHS","playtime":1594,"items_purged":["Defend_MRS","Strike_MRS","Defend_MRS","Strike_MRS","TreasureHunter","Defend_MRS","Defend_MRS","Strike_MRS"],"score":2646,"play_id":"09f2b7d6-c1da-41fc-ae7b-f848e08ed46d","local_time":"20210208213721","is_ascension_mode":true,"campfire_choices":[{"data":"UpSweep","floor":6.0,"key":"SMITH"},{"data":"MillisecondPulsars","floor":15.0,"key":"SMITH"},{"data":"OortCloud","floor":25.0,"key":"SMITH"},{"floor":32.0,"key":"RECALL"},{"data":"GalacticHalo","floor":41.0,"key":"SMITH"},{"data":"Panache","floor":49.0,"key":"SMITH"},{"data":"MasterSpark","floor":52,"key":"SMITH"}],"circlet_count":0,"master_deck":["AscendersBane","MasterSpark+1","UpSweep+1","OortCloud+1","GalacticHalo+1","AlicesGift+1","MillisecondPulsars+1","Panache+1","PowerUp"],"relics":["MiniHakkero","testmod-TestBox","HushsDoor","TheBean","testmod-ThousandKnives","Shuriken","DemoMod:MeltedRock","Blue Candle","testmod-TimeTraveler","GuppysHairball","Anchor","Boot","SteamSale","Potion Belt","BookofShadows","Akabeko","DemoMod:BlueGuonStone","ExperimentalFamiliar","DeathBook","DemoMod:GlassGuonStoneRelic","GuppysTail","testmod-Maize","Membership Card","ClockworkSouvenir","testmod-TurbochargingSystem","SatanicBible","testmod-Antiphasic","Toy Ornithopter","testmod-Register","UnicornStump","DemoMod:ClearGuonStone","BookOfRevelations","TentaclePot:ReiMu","Strange Spoon","Letter Opener","testmod-LifeArmor","HornCleat","Gremlin Horn"],"acts_visited":["Exordium","TheCity","TheBeyond","TheEnding"],"potions_floor_usage":[50,55,55,55,55,55,55,55],"damage_taken":[{"damage":0.0,"enemies":"Small Slimes","floor":1.0,"turns":1.0},{"damage":0.0,"enemies":"2 Louse","floor":2.0,"turns":1.0},{"damage":0.0,"enemies":"Jaw Worm","floor":3.0,"turns":1.0},{"damage":0.0,"enemies":"3 Louse","floor":4.0,"turns":1.0},{"damage":10.0,"enemies":"3 Sentries","floor":7.0,"turns":6.0},{"damage":14.0,"enemies":"Lagavulin","floor":13.0,"turns":4.0},{"damage":9.0,"enemies":"Exordium Thugs","floor":14.0,"turns":3.0},{"damage":0.0,"enemies":"Slime Boss","floor":16.0,"turns":4.0},{"damage":7.0,"enemies":"Chosen","floor":18.0,"turns":3.0},{"damage":8.0,"enemies":"2 Thieves","floor":20.0,"turns":3.0},{"damage":6.0,"enemies":"Book of Stabbing","floor":24.0,"turns":3.0},{"damage":2.0,"enemies":"Gremlin Leader","floor":28.0,"turns":4.0},{"damage":0.0,"enemies":"Centurion and Healer","floor":30.0,"turns":3.0},{"damage":0.0,"enemies":"Chosen and Byrds","floor":31.0,"turns":4.0},{"damage":0.0,"enemies":"Champ","floor":33.0,"turns":2.0},{"damage":2.0,"enemies":"3 Darklings","floor":35.0,"turns":3.0},{"damage":0.0,"enemies":"Orb Walker","floor":38.0,"turns":3.0},{"damage":0.0,"enemies":"Reptomancer","floor":40.0,"turns":4.0},{"damage":0.0,"enemies":"Nemesis","floor":42.0,"turns":5.0},{"damage":0.0,"enemies":"Spire Growth","floor":44.0,"turns":3.0},{"damage":0.0,"enemies":"Writhing Mass","floor":46.0,"turns":2.0},{"damage":1,"enemies":"Time Eater","floor":50,"turns":4},{"damage":0,"enemies":"Shield and Spear","floor":54,"turns":2},{"damage":0,"enemies":"The Heart","floor":55,"turns":4}],"seed_played":"-6584878392691429564","potions_obtained":[{"floor":3.0,"key":"ZuzhouPotion:ReiMu"},{"floor":13.0,"key":"AttackPotion"},{"floor":16.0,"key":"ZuzhouPotion:ReiMu"},{"floor":28.0,"key":"PowerPotion"},{"floor":30.0,"key":"Dexterity Potion"},{"floor":33.0,"key":"EntropicBrew"},{"floor":35.0,"key":"DemoMod:LeadSkinPotion"},{"floor":38.0,"key":"ColorlessPotion"}],"is_trial":false,"path_per_floor":["M","M","M","M","?","R","E","$","T","$","?","$","E","M","R","B",null,"M","?","M","?","$","?","E","R","T","?","E","T","M","M","R","B",null,"M","$","?","M","?","E","R","E","T","M","$","M","$","?","R","B",null,"R","$","E","B",null],"character_chosen":"MARISA","items_purchased":["GuppysHairball","SteamSale","DeathBook","Membership Card","ClockworkSouvenir","testmod-TurbochargingSystem","SatanicBible","testmod-Antiphasic","Toy Ornithopter","testmod-Register","UnicornStump","DemoMod:ClearGuonStone","BookOfRevelations","TentaclePot:ReiMu","Panache","Strange Spoon","Letter Opener","testmod-LifeArmor","HornCleat","SteroidPotion"],"campfire_rested":0,"item_purchase_floors":[17,22,34,45,45,45,45,45,45,47,47,47,47,47,47,53,53,53,53,53],"current_hp_per_floor":[63,63,63,63,68,68,58,58,58,58,35,35,21,12,12,12,48,41,35,27,12,12,12,6,6,6,6,4,4,4,4,4,4,33,31,31,31,31,31,31,31,31,31,31,31,31,31,31,31,35,41,41,41,41,43],"gold":690,"neow_bonus":"THREE_ENEMY_KILL","is_daily":false,"chose_seed":false,"campfire_upgraded":6,"win_rate":0.0,"timestamp":1612791441,"path_taken":["M","M","M","M","?","R","E","$","T","?","?","$","E","?","R","BOSS","M","?","M","?","$","?","E","R","T","?","E","?","?","M","R","BOSS","M","$","?","M","?","E","R","E","T","M","$","?","?","?","R","BOSS","R","$","E","BOSS"],"items_purchased_type":["Relic","Relic","Relic","Relic","Relic","Relic","Relic","Relic","Relic","Relic","Relic","Relic","Relic","Relic","Card","Relic","Relic","Relic","Relic","Potion"],"build_version":"2020-12-22","purchased_purges":8,"victory":true,"max_hp_per_floor":[70,70,70,70,75,75,75,75,75,75,75,75,75,75,75,75,60,60,60,60,60,60,60,60,60,60,60,60,60,60,60,60,60,43,43,43,43,43,43,43,43,43,43,43,43,43,43,43,43,43,43,43,43,43,43],"card_choices":[{"not_picked":["6A","OortCloud"],"picked":"Bomb","floor":1.0},{"not_picked":["OrrerysSun","WitchOfGreed"],"picked":"OortCloud","floor":2.0},{"not_picked":["DC","OrrerysSun"],"picked":"GalacticHalo","floor":3.0},{"not_picked":["NonDirectionalLaser","MagicChant"],"picked":"AlicesGift","floor":4.0},{"not_picked":["BlazeAway","WitchLeyline"],"picked":"MillisecondPulsars","floor":7.0},{"not_picked":["6A","RefractionSpark","Acceleration"],"picked":"SKIP","floor":13.0},{"not_picked":["Singularity","MachineGunSpark","WitchOfGreed"],"picked":"SKIP","floor":14.0},{"not_picked":["BigCrunch","BlazingStar"],"picked":"TreasureHunter","floor":16.0},{"not_picked":["6A","OrrerysSun","DoubleSpark"],"picked":"SKIP","floor":18.0},{"not_picked":["DoubleSpark","MeteoricShower","AsteroidBelt"],"picked":"SKIP","floor":20.0},{"not_picked":["GravityBeat","EscapeVelocity","Robbery"],"picked":"SKIP","floor":24.0},{"not_picked":["ShootingEcho","SuperPerseids","IllusionStar"],"picked":"SKIP","floor":28.0},{"not_picked":["GravityBeat","EarthLightRay","PropBag"],"picked":"SKIP","floor":30.0},{"not_picked":["GrandCross+1","IllusionStar","LuminesStrike"],"picked":"SKIP","floor":31.0},{"not_picked":["ShootingEcho","GasGiant+1","GrandCross"],"picked":"SKIP","floor":35.0},{"not_picked":["UnstableBomb","DoubleSpark","UltimateShortwave"],"picked":"SKIP","floor":38.0},{"not_picked":["SuperPerseids+1","MeteoricShower","ShootingEcho"],"picked":"SKIP","floor":40.0},{"not_picked":["DarkSpark","BlazeAway","SprinkleStarSeal"],"picked":"SKIP","floor":42.0},{"not_picked":["DeepEcoloBomb","ShootTheMoon","GravityBeat"],"picked":"SKIP","floor":44.0},{"not_picked":["BlazeAway","ShootingEcho+1","Robbery+1"],"picked":"SKIP","floor":46.0},{"not_picked":["ChargingUp","PropBag"],"picked":"PowerUp","floor":54}],"player_experience":1127788,"relics_obtained":[{"floor":7.0,"key":"Shuriken"},{"floor":9.0,"key":"DemoMod:MeltedRock"},{"floor":13.0,"key":"Blue Candle"},{"floor":24.0,"key":"Potion Belt"},{"floor":26.0,"key":"BookofShadows"},{"floor":28.0,"key":"Akabeko"},{"floor":29.0,"key":"DemoMod:BlueGuonStone"},{"floor":40.0,"key":"GuppysTail"},{"floor":42.0,"key":"testmod-Maize"},{"floor":54,"key":"Gremlin Horn"}],"event_choices":[{"damage_healed":0.0,"max_hp_gain":5.0,"max_hp_loss":0.0,"gold_gain":0.0,"event_name":"Big Fish","player_choice":"Donut","floor":5.0,"gold_loss":0.0,"damage_taken":0.0},{"damage_healed":0.0,"max_hp_gain":0.0,"max_hp_loss":0.0,"gold_gain":0.0,"event_name":"Shining Light","player_choice":"Entered Light","floor":11.0,"gold_loss":0.0,"damage_taken":23.0,"cards_upgraded":["Strike_MRS","AlicesGift"]},{"damage_healed":0.0,"max_hp_gain":0.0,"max_hp_loss":0.0,"gold_gain":0.0,"event_name":"blackbeard:ShipwreckEvent","player_choice":"Anchor","floor":19.0,"gold_loss":0.0,"damage_taken":0.0,"relics_obtained":["Anchor"]},{"cards_removed":["Strike_MRS"],"damage_healed":0.0,"max_hp_gain":0.0,"max_hp_loss":0.0,"gold_gain":0.0,"event_name":"Falling","player_choice":"Removed Attack","floor":37.0,"gold_loss":0.0,"damage_taken":0.0},{"damage_healed":0.0,"max_hp_gain":0.0,"max_hp_loss":0.0,"gold_gain":400.0,"event_name":"恩洛斯的盘子","player_choice":"Sell","floor":39.0,"relics_lost":["NeowsBlessing"],"gold_loss":0.0,"damage_taken":0.0},{"damage_healed":0.0,"max_hp_gain":0.0,"max_hp_loss":0.0,"gold_gain":0.0,"event_name":"SensoryStone","player_choice":"Memory 1","floor":48.0,"gold_loss":0.0,"damage_taken":0.0}],"is_beta":false,"boss_relics":[{"not_picked":["testmod-Fanaticism","Astrolabe"],"picked":"testmod-TimeTraveler"},{"not_picked":[]},{"not_picked":["RedLine:ReiMu","testmod-StringDisintegrator"],"picked":"ExperimentalFamiliar"},{"not_picked":[]}],"items_purged_floors":[8,10,17,34,36,45,47,53],"is_endless":false,"potions_floor_spawned":[3,13,16,28,30,31,33,35,38,46],"ascension_level":15}}