{"host":"26n6m4vwjk8adcm5","time":1612797776,"event":{"mods":["AchievementEnabler","BaseMod","Koishi","KomeijiMod","Minty Spire (QoL Compilation)","Replay The Spire","StSLib","[IsaacMod]ÒÔÈö¼âËþ"],"gold_per_floor":[118,118,35,54,71,102,118,118,145,164,178,192,192,202,202,305,305,315,331,350,350,350,385,385,148,148,248,248,262,262,279,279,279,279],"floor_reached":33,"language":"ZHS","playtime":5759,"items_purged":[],"score":321,"play_id":"fac37484-ab7b-403f-88e9-1010cc69346e","local_time":"20210208232256","is_ascension_mode":false,"campfire_choices":[{"floor":8,"key":"REST"},{"floor":24,"key":"REST"},{"data":"Stack","floor":30,"key":"SMITH"},{"data":"Ball Lightning","floor":32,"key":"SMITH"}],"circlet_count":0,"master_deck":["Defend_B","Defend_B","Defend_B+1","Defend_B","Zap+1","Dualcast","BloodyBrimstone","All For One","Stack+1","Capacitor","Genetic Algorithm","Conserve Battery","Ball Lightning+1","Beam Cell","Barrage","Scrape","Conserve Battery","Static Discharge+1","Stack","Electrodynamics","Cold Snap","Cancel","Go for the Eyes+1","Bite","Bite","Bite","Bite","Bite","Hologram+1","Compile Driver","Hello World","Mirror Shield","VanishingEverything+1","Conserve Battery","Time Bomb"],"relics":["Cracked Core","HushsDoor","BFFS","War Paint","BookOfRevelations","ReplayFunnel","Sozu","GuppysHead","Toy Ornithopter"],"acts_visited":["Exordium","TheCity"],"potions_floor_usage":[20,31],"damage_taken":[{"damage":6,"enemies":"Jaw Worm","floor":1,"turns":5},{"damage":0,"enemies":"Cultist","floor":4,"turns":3},{"damage":0,"enemies":"2 Louse","floor":5,"turns":3},{"damage":7,"enemies":"Replay:BlueRogue","floor":6,"turns":6},{"damage":16,"enemies":"Exordium Wildlife","floor":7,"turns":5},{"damage":9,"enemies":"Exordium Thugs","floor":10,"turns":3},{"damage":0,"enemies":"Red Slaver","floor":11,"turns":3},{"damage":0,"enemies":"Gremlin Gang","floor":12,"turns":5},{"damage":8,"enemies":"2 Fungi Beasts","floor":14,"turns":2},{"damage":6,"enemies":"Hexaghost","floor":16,"turns":8},{"damage":0,"enemies":"3 Byrds","floor":18,"turns":2},{"damage":0,"enemies":"Chosen","floor":19,"turns":5},{"damage":12,"enemies":"Snake Plant","floor":20,"turns":6},{"damage":38,"enemies":"Book of Stabbing","floor":23,"turns":10},{"damage":0,"enemies":"Shelled Parasite and Fungi","floor":29,"turns":5},{"damage":12,"enemies":"Centurion and Healer","floor":31,"turns":7},{"damage":35,"enemies":"Collector","floor":33,"turns":3}],"seed_played":"810108073029277293","potions_obtained":[{"floor":4,"key":"EssenceOfDarkness"},{"floor":11,"key":"AttackPotion"},{"floor":14,"key":"Swift Potion"},{"floor":16,"key":"Reflective Coating"}],"is_trial":false,"path_per_floor":["M","?","$","M","M","E","M","R","T","M","M","M","?","M","R","B",null,"M","M","M","?","?","E","R","$","T","?","?","M","R","M","R","B"],"character_chosen":"DEFECT","items_purchased":["Stack","Capacitor","Compile Driver","Hello World","Mirror Shield"],"campfire_rested":2,"item_purchase_floors":[3,3,25,25,25],"current_hp_per_floor":[69,54,54,54,54,47,31,52,52,43,43,43,43,35,20,14,69,66,66,54,54,46,14,27,27,27,27,27,31,31,32,32,0,0],"gold":279,"neow_bonus":"ONE_RANDOM_RARE_CARD","is_daily":false,"chose_seed":false,"campfire_upgraded":2,"win_rate":0.0,"timestamp":1612797776,"path_taken":["M","?","$","M","M","E","M","R","T","?","M","?","?","M","R","BOSS","M","M","M","?","?","E","R","$","T","?","?","M","R","M","R","BOSS"],"items_purchased_type":["Card","Card","Card","Card","Card"],"build_version":"2020-12-22","purchased_purges":0,"victory":false,"max_hp_per_floor":[75,75,75,75,75,72,72,72,72,72,72,72,72,72,72,69,69,66,66,66,66,46,46,46,46,46,46,46,46,46,46,46,46,46],"card_choices":[{"not_picked":[],"picked":"BloodyBrimstone","floor":0},{"not_picked":["Redo","Barrage"],"picked":"Go for the Eyes","floor":1},{"not_picked":["Rainbow","Consume"],"picked":"Genetic Algorithm","floor":4},{"not_picked":["Coolheaded","Stack"],"picked":"Conserve Battery","floor":5},{"not_picked":["Gash","Steam"],"picked":"Ball Lightning","floor":6},{"not_picked":["Leap","Bomb"],"picked":"Beam Cell","floor":7},{"not_picked":["Doom and Gloom","Force Field"],"picked":"Barrage","floor":10},{"not_picked":["Rainbow","Stack"],"picked":"Scrape","floor":11},{"not_picked":["BasicCrystalCard","Hologram"],"picked":"Conserve Battery","floor":12},{"not_picked":["Reprogram","Conserve Battery"],"picked":"Stack","floor":14},{"not_picked":["Buffer","Multi-Cast"],"picked":"Electrodynamics","floor":16},{"not_picked":["Coolheaded","ReplaySolidLightProjector+1"],"picked":"Cold Snap","floor":18},{"not_picked":["Darkness+1","Barrage"],"picked":"Cancel","floor":19},{"not_picked":["Consume","Streamline+1"],"picked":"Go for the Eyes+1","floor":20},{"not_picked":["Gash+1","Beam Cell"],"picked":"Hologram+1","floor":23},{"not_picked":["Hologram","BootSequence"],"picked":"Conserve Battery","floor":29},{"not_picked":["ReplaySort","Barrage"],"picked":"Time Bomb","floor":31}],"player_experience":117966,"relics_obtained":[{"floor":6,"key":"BookOfRevelations"},{"floor":9,"key":"ReplayFunnel"},{"floor":23,"key":"GuppysHead"},{"floor":26,"key":"Toy Ornithopter"}],"event_choices":[{"damage_healed":0,"gold_gain":0,"player_choice":"Got Potions","damage_taken":0,"max_hp_gain":0,"max_hp_loss":0,"event_name":"Lab","floor":21,"gold_loss":0},{"damage_healed":0,"gold_gain":0,"player_choice":"Became a vampire","damage_taken":0,"max_hp_gain":0,"max_hp_loss":20,"event_name":"Vampires","floor":22,"gold_loss":0,"cards_obtained":["Bite","Bite","Bite","Bite","Bite"]},{"damage_healed":0,"gold_gain":100,"player_choice":"Pray","damage_taken":0,"max_hp_gain":0,"max_hp_loss":0,"event_name":"Golden Shrine","floor":27,"gold_loss":0}],"is_beta":false,"boss_relics":[{"not_picked":["Fusion Hammer","Astrolabe"],"picked":"Sozu"},{"not_picked":[]}],"items_purged_floors":[],"is_endless":false,"potions_floor_spawned":[4,11,14,16,19,20],"killed_by":"Collector","ascension_level":0}}