{"host":"Doisman","time":1612808324,"event":{"mods":["AchievementEnabler","BaseMod","Better Note","Curses Come First","Minty Spire (QoL Compilation)","Permanent Neow","Relic Stats","Replay The Spire","StSLib"],"gold_per_floor":[116,135,50,67,83,83,112,112,193,193,193,8,55,83,83,178,178,195,195,212,0,10,38,58,92,92,192,223,236,248,279,279,380,380,390,390,403,703,714,714,728,762,762,793,803,462,462,517,517,517],"floor_reached":51,"language":"ENG","playtime":2777,"items_purged":["Flash of Steel","Pot Of Greed"],"score":857,"play_id":"29d41f5f-3941-48b9-817f-caab1ce08bf0","local_time":"20210208121844","is_ascension_mode":true,"campfire_choices":[{"floor":6,"key":"REST"},{"data":"Pot Of Greed","floor":8,"key":"SMITH"},{"floor":15,"key":"REST"},{"floor":32,"key":"REST"},{"data":"ReplayUltimateDefense","floor":40,"key":"SMITH"},{"data":"Fission","floor":47,"key":"SMITH"},{"data":"Meteor Strike","floor":49,"key":"SMITH"}],"circlet_count":0,"master_deck":["Strike_B+1","Defend_B","Defend_B","Defend_B","Defend_B+1","Zap","Dualcast","Time Bomb+1","Chaos+1","Echo Form+1","Redo","Barrage","Pot Of Greed+1","Sunder+1","ReplayUltimateDefense+1","Ball Lightning","Electrodynamics","Static Discharge","Auto Shields+1","Loop","Sunder","Sunder","Fission+1","Pot Of Greed","Meteor Strike+1","Meteor Strike","Time Bomb","Heatsinks+1","Consume+1","FIFO Queue","Creative AI","Glacier","Doom and Gloom+1","ReplaySolidLightProjector+1","Conserve Battery+1","Echo Form","Pot Of Greed","Glacier+1","FIFO Queue+1"],"relics":["Prayer Wheel","Grinning Jar","Ornamental Fan","Eternal Feather","Simple Rune","Solar Panel","Snecko Eye","Nloth\u0027s Gift","Smiling Mask","Torii","Shuriken","Onion Ring","Blue Doll","Replay:Bronze Core","Art of War","Garlic","MealTicket","Replay:Bottled Steam","Pocketwatch"],"acts_visited":["Exordium","TheCity","TheBeyond"],"potions_floor_usage":[14,16,28,29,29,39,39,50,50],"damage_taken":[{"damage":0,"enemies":"2 Louse","floor":1,"turns":3},{"damage":11,"enemies":"Jaw Worm","floor":2,"turns":3},{"damage":8,"enemies":"Small Slimes","floor":4,"turns":4},{"damage":24,"enemies":"Exordium Thugs","floor":5,"turns":5},{"damage":8,"enemies":"Replay:BlueRogue","floor":7,"turns":5},{"damage":19,"enemies":"Gremlin Nob","floor":14,"turns":4},{"damage":36,"enemies":"Fading Forest","floor":16,"turns":11},{"damage":5,"enemies":"3 Byrds","floor":18,"turns":3},{"damage":5,"enemies":"Chosen","floor":20,"turns":3},{"damage":6,"enemies":"Centurion and Healer","floor":22,"turns":7},{"damage":5,"enemies":"Gremlin Leader","floor":23,"turns":4},{"damage":0,"enemies":"3 Cultists","floor":24,"turns":4},{"damage":22,"enemies":"Replay:Snechameleon","floor":25,"turns":3},{"damage":8,"enemies":"Slavers","floor":28,"turns":2},{"damage":0,"enemies":"Snake Plant","floor":29,"turns":2},{"damage":2,"enemies":"Cultist and Chosen","floor":30,"turns":3},{"damage":19,"enemies":"Gremlin Leader","floor":31,"turns":3},{"damage":2,"enemies":"Automaton","floor":33,"turns":6},{"damage":0,"enemies":"Orb Walker","floor":35,"turns":4},{"damage":17,"enemies":"3 Darklings","floor":37,"turns":3},{"damage":15,"enemies":"Transient","floor":39,"turns":5},{"damage":7,"enemies":"4 Shapes","floor":41,"turns":5},{"damage":25,"enemies":"R_Hoarder","floor":42,"turns":7},{"damage":3,"enemies":"Nemesis","floor":44,"turns":5},{"damage":1,"enemies":"Jaw Worm Horde","floor":45,"turns":5},{"damage":9,"enemies":"2 Orb Walkers","floor":48,"turns":5},{"damage":14,"enemies":"Donu and Deca","floor":50,"turns":7}],"seed_played":"6476692099593345576","potions_obtained":[{"floor":1,"key":"Swift Potion"},{"floor":4,"key":"FearPotion"},{"floor":7,"key":"Doom Potion"},{"floor":14,"key":"LiquidMemories"},{"floor":20,"key":"Adrenaline Potion"},{"floor":24,"key":"EssenceOfDarkness"},{"floor":30,"key":"FairyPotion"},{"floor":33,"key":"Toxic Potion"},{"floor":37,"key":"Adrenaline Potion"},{"floor":39,"key":"Toxic Potion"},{"floor":41,"key":"Reflective Coating"}],"is_trial":false,"path_per_floor":["M","M","$","M","M","R","E","R","T","?","T","$","T","E","R","B",null,"M","?","M","$","M","E","M","E","T","?","E","M","M","E","R","B",null,"M","?","M","?","M","R","M","E","T","E","M","$","R","?","R","B",null],"character_chosen":"DEFECT","items_purchased":["Flash of Steel","ReplayUltimateDefense","Loop","Sunder","FIFO Queue+1","Replay:Bottled Steam"],"campfire_rested":3,"item_purchase_floors":[3,12,21,21,46,46],"current_hp_per_floor":[75,64,64,56,32,54,46,46,46,46,46,46,46,27,58,32,75,74,74,71,71,69,66,70,50,50,50,46,46,44,25,65,63,75,75,75,60,60,53,71,72,55,55,60,65,75,75,74,75,63],"gold":517,"neow_bonus":"BOSS_RELIC","is_daily":false,"chose_seed":false,"campfire_upgraded":4,"win_rate":0.0,"timestamp":1612808324,"path_taken":["M","M","$","M","M","R","E","R","T","?","?","$","?","E","R","BOSS","M","?","M","?","M","E","M","E","T","?","E","M","?","E","R","BOSS","M","?","M","?","?","R","M","E","T","E","M","?","R","?","R","BOSS"],"items_purchased_type":["Card","Card","Card","Card","Card","Relic"],"build_version":"2020-12-18","purchased_purges":2,"victory":true,"max_hp_per_floor":[75,75,75,75,75,75,75,75,75,75,75,75,75,75,75,75,75,75,75,75,75,75,75,75,75,75,75,75,75,75,75,75,75,75,75,75,75,75,75,75,75,75,75,75,75,75,75,75,75,75],"relic_stats":{"Torii":31,"counters":[27,121],"Eternal Feather":46,"Smiling Mask":50,"Ornamental Fan":[84],"Shuriken":[14],"Snecko Eye":[163,177,164,195],"Prayer Wheel":11,"MealTicket":10,"Nloth\u0027s Gift":8,"Art of War":[4],"obtain_stats":[{"Solar Panel":14,"Torii":25,"Astrolabe":0,"Eternal Feather":11,"Blue Doll":31,"Smiling Mask":23,"Ornamental Fan":9,"Shuriken":26,"Replay:Bronze Core":34,"Snecko Eye":17,"Prayer Wheel":7,"Simple Rune":13,"Onion Ring":28,"MealTicket":44,"Nloth\u0027s Gift":19,"Art of War":42,"Garlic":43,"Grinning Jar":7,"Cracked Core":0,"Replay:Bottled Steam":46,"Pocketwatch":48},{"Solar Panel":6,"Torii":13,"Astrolabe":0,"Eternal Feather":5,"Blue Doll":17,"Smiling Mask":11,"Ornamental Fan":5,"Shuriken":13,"Replay:Bronze Core":18,"Snecko Eye":7,"Prayer Wheel":5,"Simple Rune":5,"Onion Ring":14,"MealTicket":24,"Nloth\u0027s Gift":8,"Art of War":23,"Garlic":23,"Grinning Jar":5,"Cracked Core":0,"Replay:Bottled Steam":25,"Pocketwatch":26},{"Solar Panel":24,"Torii":59,"Astrolabe":0,"Eternal Feather":20,"Blue Doll":69,"Smiling Mask":52,"Ornamental Fan":20,"Shuriken":59,"Replay:Bronze Core":75,"Snecko Eye":35,"Prayer Wheel":18,"Simple Rune":20,"Onion Ring":61,"MealTicket":104,"Nloth\u0027s Gift":38,"Art of War":99,"Garlic":99,"Grinning Jar":20,"Cracked Core":0,"Replay:Bottled Steam":109,"Pocketwatch":114}],"Pocketwatch":[3]},"card_choices":[{"not_picked":["Scrape","Tempest"],"picked":"Redo","floor":1},{"not_picked":["Undo","Leap"],"picked":"Barrage","floor":2},{"not_picked":["Go for the Eyes","Streamline"],"picked":"Compile Driver","floor":4},{"not_picked":["ReplayTheSpireMod:Reroute Power","BasicCrystalCard"],"picked":"ReplayTheSpireMod:Fabricate Wheel","floor":5},{"not_picked":["Blizzard","Lockon","ReplayTheSpireMod:Repulse"],"picked":"SKIP","floor":7},{"not_picked":["Redo","ReplaySort"],"picked":"Ball Lightning","floor":14},{"not_picked":["ReplayTheSpireMod:Omega Cannon","Meteor Strike"],"picked":"Electrodynamics","floor":16},{"not_picked":["Barrage","Go for the Eyes+1","Coolheaded"],"picked":"SKIP","floor":18},{"not_picked":["Sweeping Beam+1","Reprogram","Steam+1"],"picked":"SKIP","floor":18},{"not_picked":["ReplaySort","Stack"],"picked":"Static Discharge","floor":20},{"not_picked":["Stack","FTL+1"],"picked":"Auto Shields+1","floor":20},{"not_picked":["ReplayTheSpireMod:Repulse","ReplayGash"],"picked":"Fission","floor":22},{"not_picked":["Coolheaded","Buffer"],"picked":"Meteor Strike","floor":22},{"not_picked":["Buffer","Streamline+1"],"picked":"Meteor Strike","floor":23},{"not_picked":["Gash","Turbo","ReplayGash+1"],"picked":"SKIP","floor":24},{"not_picked":["Hyperbeam","Gash","Compile Driver"],"picked":"SKIP","floor":24},{"not_picked":["Machine Learning","Self Repair"],"picked":"Time Bomb","floor":25},{"not_picked":["Beam Cell","Panic Button"],"picked":"Heatsinks+1","floor":28},{"not_picked":["Heatsinks","Scrape"],"picked":"Consume+1","floor":29},{"not_picked":["Steam","BootSequence+1","Cold Snap"],"picked":"SKIP","floor":29},{"not_picked":["Streamline","Steam","Beam Cell"],"picked":"SKIP","floor":30},{"not_picked":["Redo","Stack","Genetic Algorithm"],"picked":"SKIP","floor":30},{"not_picked":["ReplayTheSpireMod:System Scan","Turbo"],"picked":"FIFO Queue","floor":31},{"not_picked":["Seek","Amplify"],"picked":"Creative AI","floor":33},{"not_picked":["Double Energy","Panic Button","BootSequence+1"],"picked":"SKIP","floor":35},{"not_picked":["BootSequence+1","BasicCrystalCard+1","FTL"],"picked":"SKIP","floor":35},{"not_picked":["Defragment","Static Discharge"],"picked":"Glacier","floor":37},{"not_picked":["Melter","Streamline+1","BasicCrystalCard"],"picked":"SKIP","floor":37},{"not_picked":["Gash","Barrage+1"],"picked":"Doom and Gloom+1","floor":39},{"not_picked":["Chill+1","Go for the Eyes+1","Melter"],"picked":"SKIP","floor":39},{"not_picked":["Seek","Beam Cell+1"],"picked":"ReplaySolidLightProjector+1","floor":41},{"not_picked":["Steam Power","BasicCrystalCard+1"],"picked":"Conserve Battery+1","floor":41},{"not_picked":["ReplayTheSpireMod:Fabricate Wheel","Force Field+1"],"picked":"Echo Form","floor":42},{"not_picked":["Chaos+1","BasicCrystalCard","Compile Driver"],"picked":"SKIP","floor":44},{"not_picked":["ReplaySolidLightProjector","Static Discharge"],"picked":"Glacier+1","floor":45},{"not_picked":["Cold Snap","Barrage+1","Blizzard"],"picked":"SKIP","floor":45}],"player_experience":1088531,"relics_obtained":[{"floor":7,"key":"Grinning Jar"},{"floor":9,"key":"Ornamental Fan"},{"floor":11,"key":"Eternal Feather"},{"floor":13,"key":"Simple Rune"},{"floor":14,"key":"Solar Panel"},{"floor":23,"key":"Smiling Mask"},{"floor":25,"key":"Torii"},{"floor":26,"key":"Shuriken"},{"floor":28,"key":"Onion Ring"},{"floor":31,"key":"Blue Doll"},{"floor":42,"key":"Art of War"},{"floor":43,"key":"Garlic"},{"floor":44,"key":"MealTicket"},{"floor":48,"key":"Pocketwatch"}],"event_choices":[{"damage_healed":0,"gold_gain":0,"player_choice":"Traded Relic","damage_taken":0,"relics_obtained":["Nloth\u0027s Gift"],"max_hp_gain":0,"max_hp_loss":0,"event_name":"N\u0027loth","floor":19,"relics_lost":["Astrolabe"],"gold_loss":0},{"damage_healed":0,"gold_gain":100,"player_choice":"Pray","damage_taken":0,"max_hp_gain":0,"max_hp_loss":0,"event_name":"Golden Shrine","floor":27,"gold_loss":0},{"damage_healed":0,"gold_gain":300,"player_choice":"Gold","damage_taken":0,"max_hp_gain":0,"max_hp_loss":0,"event_name":"Wheel of Change","floor":38,"gold_loss":0},{"damage_healed":0,"gold_gain":0,"player_choice":"Fight","damage_taken":0,"max_hp_gain":0,"max_hp_loss":0,"event_name":"Mysterious Sphere","floor":48,"gold_loss":0}],"is_beta":true,"boss_relics":[{"not_picked":["SlaversCollar","Kintsugi"],"picked":"Snecko Eye"},{"not_picked":["Tiny House","Velvet Choker"],"picked":"Replay:Bronze Core"}],"items_purged_floors":[21,46],"is_endless":false,"potions_floor_spawned":[1,4,7,14,20,22,24,30,33,37,39,41],"ascension_level":1}}