{"host":"jou5gy8et5i77wvo","time":1612745210,"event":{"mods":["AchievementEnabler","BaseMod","Colored Map","Colored Powertips","Downfall","Highlight Path","Minty Spire (QoL Compilation)","Quick Restart","StSLib"],"gold_per_floor":[110,125,125,125,135,135,154,154,154,168,168,183,183,201,201,301,301,268,288,288,304,304,339,339,399,399,418,418,69,81,131,131,131,131],"floor_reached":33,"language":"ENG","playtime":2908,"items_purged":[],"score":261,"play_id":"1571958b-92de-4a4b-a4ab-54289c3f1fc4","local_time":"20210207164650","is_ascension_mode":false,"campfire_choices":[{"data":"Cleave","floor":6.0,"key":"SMITH"},{"data":"Body Slam","floor":8.0,"key":"SMITH"},{"data":"Bash","floor":11.0,"key":"SMITH"},{"data":"Searing Blow","floor":15.0,"key":"SMITH"},{"data":"Impervious","floor":24.0,"key":"SMITH"},{"floor":28,"key":"REST"},{"floor":32,"key":"REST"}],"circlet_count":0,"master_deck":["Strike_R+1","Strike_R+1","Strike_R","Strike_R","Defend_R","Defend_R","Defend_R","Defend_R+1","Bash+1","Clothesline","Power Through","Ghostly Armor","Cleave+1","Body Slam+1","Pommel Strike+1","Searing Blow+1","Cleave","Impervious+1","Body Slam","Anger","Armaments","Sword Boomerang","Uppercut","Anger","Cleave"],"relics":["Black Blood","Anchor","White Beast Statue","SsserpentHead","Pantograph","Whetstone","Chemical X","Lantern","Mango"],"acts_visited":["Exordium","TheCity"],"potions_floor_usage":[27,33,33],"damage_taken":[{"damage":0.0,"enemies":"2 Louse","floor":1.0,"turns":3.0},{"damage":1.0,"enemies":"Jaw Worm","floor":2.0,"turns":3.0},{"damage":1.0,"enemies":"Cultist","floor":5.0,"turns":4.0},{"damage":0.0,"enemies":"2 Fungi Beasts","floor":7.0,"turns":2.0},{"damage":0.0,"enemies":"Looter","floor":10.0,"turns":2.0},{"damage":3.0,"enemies":"Red Slaver","floor":12.0,"turns":2.0},{"damage":0.0,"enemies":"Exordium Thugs","floor":14.0,"turns":3.0},{"damage":47.0,"enemies":"The Guardian","floor":16.0,"turns":16.0},{"damage":7.0,"enemies":"2 Thieves","floor":18.0,"turns":5.0},{"damage":17.0,"enemies":"Shell Parasite","floor":19.0,"turns":7.0},{"damage":8.0,"enemies":"3 Cultists","floor":21.0,"turns":5.0},{"damage":45.0,"enemies":"Book of Stabbing","floor":23.0,"turns":7.0},{"damage":33,"enemies":"Centurion and Healer","floor":25,"turns":10},{"damage":26,"enemies":"Shelled Parasite and Fungi","floor":27,"turns":8},{"damage":32,"enemies":"Cultist and Chosen","floor":30,"turns":9},{"damage":95,"enemies":"Collector","floor":33,"turns":10}],"seed_played":"-6968993852688935326","potions_obtained":[{"floor":5.0,"key":"hexamod:SoulburnPotion"},{"floor":7.0,"key":"Energy Potion"},{"floor":10.0,"key":"Explosive Potion"},{"floor":12.0,"key":"AttackPotion"},{"floor":14.0,"key":"Strength Potion"},{"floor":21.0,"key":"BloodPotion"},{"floor":30,"key":"Weak Potion"}],"is_trial":false,"path_per_floor":["M","M","?","?","M","R","M","R","T","M","R","M","?","M","R","B",null,"M","M","?","M","$","E","R","M","T","M","R","$","M","T","R","B"],"character_chosen":"IRONCLAD","items_purchased":["Chemical X","Lantern","Anger"],"campfire_rested":2,"item_purchase_floors":[29,29,29],"current_hp_per_floor":[80,80,80,80,80,80,80,80,80,80,80,80,64,70,70,29,80,80,75,75,79,79,46,46,25,25,27,51,51,31,45,73,0,0],"gold":131,"neow_bonus":"RANDOM_COMMON_RELIC","is_daily":false,"chose_seed":false,"campfire_upgraded":5,"win_rate":0.0,"timestamp":1612745210,"path_taken":["M","M","?","?","?","R","M","R","T","M","R","M","?","M","R","BOSS","M","M","?","M","$","E","R","?","T","M","R","$","M","?","R","BOSS"],"items_purchased_type":["Relic","Relic","Card"],"build_version":"2020-12-22","purchased_purges":0,"victory":false,"max_hp_per_floor":[80,80,80,80,80,80,80,80,80,80,80,80,80,80,80,80,80,80,80,80,80,80,80,80,80,80,80,80,80,80,94,94,94,94],"card_choices":[{"not_picked":["Thunderclap","Pommel Strike"],"picked":"Clothesline","floor":1.0},{"not_picked":["Clash","Reckless Charge"],"picked":"Power Through","floor":2.0},{"not_picked":["Clothesline","Dropkick"],"picked":"Cleave","floor":5.0},{"not_picked":["Warcry","Iron Wave"],"picked":"Body Slam","floor":7.0},{"not_picked":["Fire Breathing","Barricade"],"picked":"Pommel Strike","floor":10.0},{"not_picked":["Rage","Headbutt"],"picked":"Searing Blow","floor":12.0},{"not_picked":["Anger","Pommel Strike"],"picked":"Cleave","floor":14.0},{"not_picked":["Barricade","Fiend Fire"],"picked":"Impervious","floor":16.0},{"not_picked":["Pummel","Warcry+1"],"picked":"Body Slam","floor":18.0},{"not_picked":["Clothesline","Searing Blow"],"picked":"Anger","floor":19.0},{"not_picked":["Clash","Sword Boomerang"],"picked":"Armaments","floor":21.0},{"not_picked":["Twin Strike","Armaments"],"picked":"Sword Boomerang","floor":23.0},{"not_picked":["Inflame","Dropkick+1","Pummel"],"picked":"SKIP","floor":25},{"not_picked":["Sword Boomerang","Twin Strike"],"picked":"Uppercut","floor":27},{"not_picked":["Inflame","Twin Strike+1"],"picked":"Cleave","floor":30}],"player_experience":34952,"relics_obtained":[{"floor":9.0,"key":"White Beast Statue"},{"floor":23.0,"key":"Pantograph"},{"floor":26,"key":"Whetstone"},{"floor":31,"key":"Mango"}],"event_choices":[{"damage_healed":0.0,"max_hp_gain":0.0,"max_hp_loss":0.0,"gold_gain":0.0,"cards_transformed":["Strike_R"],"event_name":"Living Wall","player_choice":"Change","floor":3.0,"gold_loss":0.0,"damage_taken":0.0,"cards_obtained":["Iron Wave"]},{"damage_healed":0.0,"max_hp_gain":0.0,"max_hp_loss":0.0,"gold_gain":0.0,"cards_transformed":["Iron Wave"],"event_name":"Transmorgrifier","player_choice":"Transformed","floor":4.0,"gold_loss":0.0,"damage_taken":0.0,"cards_obtained":["Ghostly Armor"]},{"damage_healed":0.0,"max_hp_gain":0.0,"max_hp_loss":0.0,"gold_gain":0.0,"event_name":"Shining Light","player_choice":"Entered Light","floor":13.0,"gold_loss":0.0,"damage_taken":16.0,"cards_upgraded":["Strike_R","Defend_R"]},{"damage_healed":0.0,"max_hp_gain":0.0,"max_hp_loss":0.0,"gold_gain":0.0,"event_name":"FaceTrader","player_choice":"Trade","floor":20.0,"gold_loss":0.0,"damage_taken":0.0,"relics_obtained":["SsserpentHead"]}],"is_beta":false,"boss_relics":[{"not_picked":["Snecko Eye","Tiny House"],"picked":"Black Blood"}],"items_purged_floors":[],"is_endless":false,"potions_floor_spawned":[5,7,10,12,14,16,18,19,21,23,25,27,30],"killed_by":"Collector","ascension_level":0}}