{"host":"1focbxb2e8qu7ccd","time":1612810326,"event":{"mods":["AchievementEnabler","BaseMod","Bestiary","Highlight Path","Minty Spire (QoL Compilation)","Relic Stats"],"gold_per_floor":[111,111,124,124,124,166,193,233,259,184,184,184],"floor_reached":11,"language":"ENG","playtime":413,"items_purged":["Strike_R"],"score":212,"play_id":"a75e8142-6b75-4c62-9c54-712813372105","local_time":"20210208135206","is_ascension_mode":true,"campfire_choices":[],"circlet_count":0,"master_deck":["AscendersBane","Strike_R","Strike_R","Strike_R","Strike_R","Defend_R","Defend_R","Defend_R","Defend_R","Bash","Burning Pact","Combust","Disarm","Dark Embrace","Carnage"],"relics":["Burning Blood","NeowsBlessing","CultistMask","Golden Idol","CeramicFish","Omamori","Akabeko"],"acts_visited":["Exordium"],"potions_floor_usage":[11],"damage_taken":[{"damage":0.0,"enemies":"Cultist","floor":1.0,"turns":1.0},{"damage":0.0,"enemies":"Jaw Worm","floor":3.0,"turns":1.0},{"damage":0.0,"enemies":"Gremlin Nob","floor":6.0,"turns":1.0},{"damage":10.0,"enemies":"Small Slimes","floor":7.0,"turns":5.0},{"damage":47.0,"enemies":"3 Sentries","floor":8.0,"turns":8.0},{"damage":29,"enemies":"Gremlin Nob","floor":11,"turns":4}],"seed_played":"2975017615826337542","potions_obtained":[{"floor":6.0,"key":"BloodPotion"},{"floor":7.0,"key":"SkillPotion"},{"floor":8.0,"key":"DistilledChaos"}],"is_trial":false,"path_per_floor":["M","?","M","?","?","E","M","E","T","$","E"],"character_chosen":"IRONCLAD","items_purchased":[],"campfire_rested":0,"item_purchase_floors":[],"current_hp_per_floor":[74,74,75,80,52,58,54,29,29,29,0,0],"gold":184,"neow_bonus":"THREE_ENEMY_KILL","is_daily":false,"chose_seed":false,"campfire_upgraded":0,"win_rate":0.0,"timestamp":1612810326,"path_taken":["M","?","?","?","?","E","M","E","T","?","E"],"items_purchased_type":[],"build_version":"2020-12-22","purchased_purges":1,"victory":false,"max_hp_per_floor":[75,75,75,80,80,80,80,80,80,80,80,80],"relic_stats":{"counters":[6,20],"Golden Idol":17,"CeramicFish":27,"obtain_stats":[{"NeowsBlessing":0,"Golden Idol":5,"CeramicFish":6,"CultistMask":2,"Omamori":8,"Burning Blood":0,"Akabeko":9},{"NeowsBlessing":0,"Golden Idol":2,"CeramicFish":3,"CultistMask":1,"Omamori":5,"Burning Blood":0,"Akabeko":5},{"NeowsBlessing":0,"Golden Idol":2,"CeramicFish":3,"CultistMask":1,"Omamori":16,"Burning Blood":0,"Akabeko":16}],"Burning Blood":25},"card_choices":[{"not_picked":["Havoc","Reckless Charge"],"picked":"Burning Pact","floor":1.0},{"not_picked":["Perfected Strike","Armaments"],"picked":"Combust","floor":3.0},{"not_picked":["Combust","Power Through"],"picked":"Disarm","floor":6.0},{"not_picked":["Whirlwind","Intimidate"],"picked":"Dark Embrace","floor":7.0},{"not_picked":["Rage","Clash"],"picked":"Carnage","floor":8.0}],"player_experience":897417,"relics_obtained":[{"floor":6.0,"key":"CeramicFish"},{"floor":8.0,"key":"Omamori"},{"floor":9.0,"key":"Akabeko"}],"event_choices":[{"damage_healed":0.0,"max_hp_gain":0.0,"max_hp_loss":0.0,"gold_gain":0.0,"event_name":"FaceTrader","player_choice":"Trade","floor":2.0,"gold_loss":0.0,"damage_taken":0.0,"relics_obtained":["CultistMask"]},{"damage_healed":0.0,"max_hp_gain":5.0,"max_hp_loss":0.0,"gold_gain":0.0,"event_name":"Big Fish","player_choice":"Donut","floor":4.0,"gold_loss":0.0,"damage_taken":0.0},{"damage_healed":0.0,"max_hp_gain":0.0,"max_hp_loss":0.0,"gold_gain":0.0,"event_name":"Golden Idol","player_choice":"Take Damage","floor":5.0,"gold_loss":0.0,"damage_taken":28.0,"relics_obtained":["Golden Idol"]}],"is_beta":false,"boss_relics":[],"items_purged_floors":[10],"is_endless":false,"potions_floor_spawned":[6,7,8],"killed_by":"Gremlin Nob","ascension_level":20}}