{"host":"d2y4rmbezebiv8aj","time":1612770911,"event":{"mods":["AchievementEnabler","BaseMod","Bestiary","BetterRewards","Colored Map","Colored Powertips","Custom Start","Highlight Path","Minty Spire (QoL Compilation)","Quick Restart","Rare Cards Sparkle","Relic Sorter","Relic Stats","Shop Mod","Slay-I","StSLib","SuperFastMode"],"gold_per_floor":[23,38,57,57,74,74,106,106,129,129,129,141,174,185,185,263,263,280,32,49,49,49,49,83,83,83,109,109,121,149,149,149,221,221,232,49,68,343,73,102,102,129,156,191,203,203,215,228,228,228,228],"floor_reached":52,"language":"DEU","playtime":1376,"items_purged":["Regret"],"score":3016,"play_id":"f7cfae79-d200-40fc-a013-8b59b2118638","local_time":"20210208085511","is_ascension_mode":true,"campfire_choices":[{"data":"Accuracy","floor":6.0,"key":"SMITH"},{"data":"Footwork","floor":8.0,"key":"SMITH"},{"data":"Panache","floor":10.0,"key":"SMITH"},{"floor":15.0,"key":"REST"},{"data":"Blade Dance","floor":23.0,"key":"SMITH"},{"data":"Blade Dance","floor":25.0,"key":"SMITH"},{"data":"Terror","floor":28.0,"key":"SMITH"},{"floor":32.0,"key":"REST"},{"data":"Noxious Fumes","floor":41.0,"key":"SMITH"},{"floor":49.0,"key":"REST"}],"circlet_count":0,"master_deck":["AscendersBane","Strike_G","Strike_G","Strike_G","Strike_G","Strike_G","Defend_G","Defend_G","Defend_G","Defend_G","Defend_G","Survivor","Neutralize","Footwork+1","Accuracy+1","Panache+1","Cloak And Dagger+1","Blade Dance+1","Cloak And Dagger","Blur","Caltrops","Backflip","Noxious Fumes+1","After Image+1","PiercingWail+1","Blade Dance+1","Terror+1","Footwork+1","Envenom+1","Accuracy+1"],"relics":["Ring of the Snake","Lee\u0027s Waffle","Mummified Hand","Sling","Ninja Scroll","Boot","Nunchaku","Centennial Puzzle","Regal Pillow","Frozen Egg 2","Philosopher\u0027s Stone","PreservedInsect","Shuriken","GremlinMask","Smiling Mask","Bottled Tornado","Toy Ornithopter","Lantern","Black Star","Membership Card","Singing Bowl","Toolbox","Vajra","Happy Flower","Pen Nib","Mercury Hourglass","Anchor","Blue Candle","Toxic Egg 2"],"acts_visited":["Exordium","TheCity","TheBeyond"],"potions_floor_usage":[50,50],"damage_taken":[{"damage":0.0,"enemies":"Jaw Worm","floor":1.0,"turns":2.0},{"damage":0.0,"enemies":"2 Louse","floor":2.0,"turns":2.0},{"damage":0.0,"enemies":"Cultist","floor":3.0,"turns":1.0},{"damage":0.0,"enemies":"Large Slime","floor":5.0,"turns":2.0},{"damage":0.0,"enemies":"Gremlin Nob","floor":7.0,"turns":3.0},{"damage":0.0,"enemies":"Gremlin Gang","floor":12.0,"turns":2.0},{"damage":0.0,"enemies":"3 Sentries","floor":13.0,"turns":3.0},{"damage":0.0,"enemies":"Exordium Wildlife","floor":14.0,"turns":3.0},{"damage":18.0,"enemies":"Hexaghost","floor":16.0,"turns":7.0},{"damage":5.0,"enemies":"3 Byrds","floor":18.0,"turns":3.0},{"damage":0.0,"enemies":"Spheric Guardian","floor":20.0,"turns":2.0},{"damage":0.0,"enemies":"Gremlin Leader","floor":24.0,"turns":4.0},{"damage":8.0,"enemies":"Book of Stabbing","floor":27.0,"turns":2.0},{"damage":2.0,"enemies":"Centurion and Healer","floor":29.0,"turns":2.0},{"damage":0.0,"enemies":"Slavers","floor":30.0,"turns":2.0},{"damage":10.0,"enemies":"Collector","floor":33.0,"turns":6.0},{"damage":0.0,"enemies":"3 Darklings","floor":35.0,"turns":3.0},{"damage":4.0,"enemies":"Orb Walker","floor":37.0,"turns":3.0},{"damage":0.0,"enemies":"Nemesis","floor":40.0,"turns":4.0},{"damage":0.0,"enemies":"Giant Head","floor":42.0,"turns":4.0},{"damage":0.0,"enemies":"Reptomancer","floor":44.0,"turns":3.0},{"damage":0.0,"enemies":"4 Shapes","floor":45.0,"turns":2.0},{"damage":0.0,"enemies":"Jaw Worm Horde","floor":47.0,"turns":2.0},{"damage":0.0,"enemies":"Transient","floor":48.0,"turns":6.0},{"damage":1,"enemies":"Donu and Deca","floor":50,"turns":6},{"damage":70,"enemies":"Awakened One","floor":51,"turns":8}],"seed_played":"6279458512087271181","potions_obtained":[{"floor":1.0,"key":"AttackPotion"},{"floor":3.0,"key":"Fire Potion"},{"floor":5.0,"key":"SteroidPotion"}],"is_trial":false,"path_per_floor":["M","M","M","?","M","R","E","R","T","R","?","M","E","M","R","B",null,"M","$","M","$","?","R","E","R","T","E","R","M","E","$","R","B",null,"M","$","M","?","$","E","R","E","T","E","M","?","M","M","R","B","B",null],"character_chosen":"THE_SILENT","items_purchased":["Lee\u0027s Waffle","Footwork","Mummified Hand","Accuracy","Sling","Ninja Scroll","Panache","Boot","Cloak And Dagger","PreservedInsect","Shuriken","Membership Card","Accuracy+1","Singing Bowl","Toolbox"],"campfire_rested":3,"item_purchase_floors":[0,0,0,0,0,0,0,0,0,19,19,36,36,39,39],"current_hp_per_floor":[73,73,73,73,73,73,73,73,73,73,47,47,47,47,73,55,69,64,64,64,64,64,64,64,64,64,56,56,54,54,54,73,63,71,71,71,67,67,67,69,69,71,71,73,75,75,77,79,85,85,15],"gold":228,"neow_bonus":"","is_daily":false,"chose_seed":false,"campfire_upgraded":7,"win_rate":0.0,"timestamp":1612770911,"path_taken":["M","M","M","?","M","R","E","R","T","R","?","M","E","M","R","BOSS","M","$","M","$","?","R","E","R","T","E","R","M","E","?","R","BOSS","M","$","M","?","$","E","R","E","T","E","?","?","?","M","R","BOSS","BOSS"],"items_purchased_type":["Relic","Card","Relic","Card","Relic","Relic","Card","Relic","Card","Relic","Relic","Relic","Card","Relic","Relic"],"build_version":"2020-12-22","purchased_purges":1,"victory":true,"max_hp_per_floor":[73,73,73,73,73,73,73,73,73,73,73,73,73,73,73,73,73,73,73,73,73,73,73,73,73,73,73,73,73,73,73,73,73,73,73,73,73,73,73,75,75,77,77,79,81,81,83,85,85,85,85],"relic_stats":{"Lee\u0027s Waffle":78,"Regal Pillow":68,"Singing Bowl":20,"Happy Flower":[30],"counters":[251,1030],"Blue Candle":[2],"PreservedInsect":372,"Pen Nib":[15],"Boot":[146],"Smiling Mask":-12,"Mercury Hourglass":[579],"Nunchaku":[49],"Centennial Puzzle":[24],"Mummified Hand":[126],"Shuriken":[97],"Black Star":5,"obtain_stats":[{"Calipers":0,"Gremlin Horn":25,"Vajra":22,"Ginger":36,"Whetstone":13,"Bottled Tornado":13,"Sling":0,"Boot":42,"Blood Vial":31,"Sozu":34,"Centennial Puzzle":11,"Lizard Tail":0,"HornCleat":19,"DollysMirror":37,"Sundial":24,"Strawberry":29,"Philosopher\u0027s Stone":17,"MealTicket":0,"Fusion Hammer":34,"HandDrill":39,"Kunai":21,"Toxic Egg 2":12,"Girya":0,"Pear":29,"Happy Flower":0,"Blue Candle":41,"Oddly Smooth Stone":7,"Eternal Feather":0,"Tingsha":0,"Pen Nib":27,"War Paint":5,"Question Card":40,"WarpedTongs":2,"SlaversCollar":34,"Bottled Flame":43,"Shuriken":0,"Bird Faced Urn":0,"Bronze Scales":43,"Molten Egg 2":26,"Black Star":34,"Unceasing Top":36,"Meat on the Bone":28,"Pocketwatch":46,"Darkstone Periapt":6,"Regal Pillow":4,"Lantern":10,"Singing Bowl":37,"GremlinMask":22,"Snake Skull":11,"Juzu Bracelet":24,"Bag of Preparation":29,"Incense Burner":7,"Ancient Tea Set":25,"Cursed Key":34,"Smiling Mask":24,"ClockworkSouvenir":29,"Nunchaku":23,"Dream Catcher":23,"Tough Bandages":42,"Matryoshka":10,"WristBlade":34,"Mummified Hand":9,"Ninja Scroll":23,"Pantograph":44,"Toolbox":46,"Tiny Chest":7,"Red Mask":30,"InkBottle":26,"Ring of the Snake":0,"Potion Belt":27,"Lee\u0027s Waffle":37,"NeowsBlessing":0,"The Courier":10,"PreservedInsect":22,"Omamori":30,"Frozen Egg 2":26,"Orichalcum":43,"MawBank":10,"Medical Kit":19,"White Beast Statue":40,"Mercury Hourglass":9,"Peace Pipe":27,"Anchor":12,"Turnip":40,"Bag of Marbles":9,"Art of War":26,"Membership Card":0,"Toy Ornithopter":6,"FossilizedHelix":45,"TungstenRod":23},{"Calipers":200,"Gremlin Horn":83,"Vajra":106,"Ginger":42,"Whetstone":130,"Bottled Tornado":27,"Sling":19,"Boot":170,"Blood Vial":63,"Sozu":64,"Centennial Puzzle":26,"Lizard Tail":200,"HornCleat":30,"DollysMirror":65,"Sundial":212,"Strawberry":189,"Philosopher\u0027s Stone":10,"MealTicket":48,"Fusion Hammer":191,"HandDrill":43,"Kunai":13,"Toxic Egg 2":54,"Girya":122,"Pear":61,"Happy Flower":69,"Blue Candle":196,"Oddly Smooth Stone":25,"Eternal Feather":19,"Tingsha":200,"Pen Nib":60,"War Paint":2,"Question Card":116,"WarpedTongs":98,"SlaversCollar":113,"Bottled Flame":44,"Shuriken":69,"Bird Faced Urn":48,"Bronze Scales":117,"Molten Egg 2":59,"Black Star":40,"Unceasing Top":142,"Meat on the Bone":85,"Pocketwatch":94,"Darkstone Periapt":25,"Regal Pillow":72,"Lantern":101,"Singing Bowl":65,"GremlinMask":236,"Snake Skull":7,"Juzu Bracelet":135,"Bag of Preparation":164,"Incense Burner":204,"Ancient Tea Set":83,"Cursed Key":140,"Smiling Mask":237,"ClockworkSouvenir":189,"Nunchaku":107,"Dream Catcher":107,"Tough Bandages":170,"Matryoshka":204,"WristBlade":87,"Mummified Hand":5,"Ninja Scroll":33,"Pantograph":197,"Toolbox":144,"Tiny Chest":100,"Red Mask":62,"InkBottle":15,"Ring of the Snake":0,"Potion Belt":162,"Lee\u0027s Waffle":115,"NeowsBlessing":0,"The Courier":53,"PreservedInsect":59,"Omamori":38,"Frozen Egg 2":83,"Orichalcum":92,"MawBank":128,"Medical Kit":132,"White Beast Statue":144,"Mercury Hourglass":75,"Peace Pipe":214,"Anchor":153,"Turnip":66,"Bag of Marbles":25,"Art of War":34,"Membership Card":147,"Toy Ornithopter":3,"FossilizedHelix":93,"TungstenRod":160},{"Calipers":836,"Gremlin Horn":354,"Vajra":441,"Ginger":171,"Whetstone":536,"Bottled Tornado":106,"Sling":78,"Boot":696,"Blood Vial":270,"Sozu":279,"Centennial Puzzle":102,"Lizard Tail":836,"HornCleat":126,"DollysMirror":282,"Sundial":885,"Strawberry":778,"Philosopher\u0027s Stone":35,"MealTicket":202,"Fusion Hammer":790,"HandDrill":176,"Kunai":47,"Toxic Egg 2":228,"Girya":508,"Pear":263,"Happy Flower":302,"Blue Candle":811,"Oddly Smooth Stone":101,"Eternal Feather":78,"Tingsha":836,"Pen Nib":258,"War Paint":2,"Question Card":479,"WarpedTongs":408,"SlaversCollar":468,"Bottled Flame":182,"Shuriken":302,"Bird Faced Urn":202,"Bronze Scales":482,"Molten Egg 2":257,"Black Star":164,"Unceasing Top":583,"Meat on the Bone":361,"Pocketwatch":390,"Darkstone Periapt":101,"Regal Pillow":312,"Lantern":420,"Singing Bowl":282,"GremlinMask":973,"Snake Skull":21,"Juzu Bracelet":558,"Bag of Preparation":674,"Incense Burner":852,"Ancient Tea Set":354,"Cursed Key":578,"Smiling Mask":977,"ClockworkSouvenir":778,"Nunchaku":443,"Dream Catcher":443,"Tough Bandages":696,"Matryoshka":852,"WristBlade":369,"Mummified Hand":11,"Ninja Scroll":136,"Pantograph":816,"Toolbox":590,"Tiny Chest":416,"Red Mask":264,"InkBottle":56,"Ring of the Snake":0,"Potion Belt":664,"Lee\u0027s Waffle":478,"NeowsBlessing":0,"The Courier":223,"PreservedInsect":257,"Omamori":154,"Frozen Egg 2":354,"Orichalcum":384,"MawBank":530,"Medical Kit":547,"White Beast Statue":590,"Mercury Hourglass":323,"Peace Pipe":891,"Anchor":621,"Turnip":287,"Bag of Marbles":101,"Art of War":138,"Membership Card":605,"Toy Ornithopter":3,"FossilizedHelix":387,"TungstenRod":650}],"Toy Ornithopter":1,"Ring of the Snake":[493]},"card_choices":[{"not_picked":["All Out Attack","Noxious Fumes"],"picked":"Blade Dance","floor":1.0},{"not_picked":["Masterful Stab","Concentrate"],"picked":"Cloak And Dagger","floor":2.0},{"not_picked":["Cloak And Dagger","Predator"],"picked":"Blur","floor":3.0},{"not_picked":["Masterful Stab","Deadly Poison"],"picked":"Caltrops","floor":5.0},{"not_picked":["Deflect","Bouncing Flask"],"picked":"Backflip","floor":7.0},{"not_picked":["Underhanded Strike","Acrobatics"],"picked":"Noxious Fumes","floor":12.0},{"not_picked":["Acrobatics","Flying Knee","Tactician"],"picked":"SKIP","floor":13.0},{"not_picked":["Underhanded Strike","Prepared","Quick Slash"],"picked":"SKIP","floor":14.0},{"not_picked":["Venomology","Corpse Explosion"],"picked":"After Image+1","floor":16.0},{"not_picked":["Cloak And Dagger","Flying Knee"],"picked":"PiercingWail+1","floor":18.0},{"not_picked":["Prepared","Catalyst"],"picked":"Blade Dance","floor":20.0},{"not_picked":["Flechettes+1","Deflect"],"picked":"Terror","floor":24.0},{"not_picked":["Quick Slash","Underhanded Strike"],"picked":"Footwork+1","floor":27.0},{"not_picked":["Flying Knee","Dodge and Roll","Reflex"],"picked":"SKIP","floor":29.0},{"not_picked":["Prepared","Tactician","Dagger Spray"],"picked":"SKIP","floor":30.0},{"not_picked":["Storm of Steel","Glass Knife"],"picked":"Envenom+1","floor":33.0},{"not_picked":["PiercingWail","Dagger Throw","Slice"],"picked":"SKIP","floor":35.0},{"not_picked":["Flechettes+1","Underhanded Strike","Dagger Throw+1"],"picked":"SKIP","floor":37.0},{"not_picked":["Leg Sweep","Backstab+1","Distraction"],"picked":"Singing Bowl","floor":40.0},{"not_picked":["Terror","Flying Knee","Underhanded Strike"],"picked":"Singing Bowl","floor":42.0},{"not_picked":["Die Die Die","Riddle With Holes","Acrobatics+1"],"picked":"Singing Bowl","floor":44.0},{"not_picked":["Poisoned Stab","Dagger Spray","Choke"],"picked":"Singing Bowl","floor":45.0},{"not_picked":["Quick Slash","Dagger Throw+1","Dodge and Roll+1"],"picked":"Singing Bowl","floor":47.0},{"not_picked":["Slice","Deflect+1","Masterful Stab"],"picked":"Singing Bowl","floor":48.0}],"player_experience":427971,"relics_obtained":[{"floor":7.0,"key":"Nunchaku"},{"floor":9.0,"key":"Centennial Puzzle"},{"floor":13.0,"key":"Frozen Egg 2"},{"floor":24.0,"key":"Smiling Mask"},{"floor":26.0,"key":"Bottled Tornado"},{"floor":27.0,"key":"Toy Ornithopter"},{"floor":30.0,"key":"Lantern"},{"floor":40.0,"key":"Vajra"},{"floor":40.0,"key":"Happy Flower"},{"floor":42.0,"key":"Pen Nib"},{"floor":42.0,"key":"Mercury Hourglass"},{"floor":43.0,"key":"Anchor"},{"floor":44.0,"key":"Blue Candle"},{"floor":44.0,"key":"Toxic Egg 2"}],"event_choices":[{"damage_healed":0.0,"max_hp_gain":0.0,"max_hp_loss":0.0,"gold_gain":0.0,"event_name":"Golden Wing","player_choice":"Ignored","floor":4.0,"gold_loss":0.0,"damage_taken":0.0},{"damage_healed":0.0,"max_hp_gain":0.0,"max_hp_loss":0.0,"gold_gain":0.0,"event_name":"Scrap Ooze","player_choice":"Success","floor":11.0,"gold_loss":0.0,"damage_taken":26.0,"relics_obtained":["Regal Pillow"]},{"damage_healed":0.0,"max_hp_gain":0.0,"max_hp_loss":0.0,"gold_gain":0.0,"event_name":"FaceTrader","player_choice":"Trade","floor":22.0,"gold_loss":0.0,"damage_taken":0.0,"relics_obtained":["GremlinMask"]},{"damage_healed":0.0,"max_hp_gain":0.0,"max_hp_loss":0.0,"gold_gain":275.0,"event_name":"Golden Shrine","player_choice":"Desecrate","floor":38.0,"gold_loss":0.0,"damage_taken":0.0,"cards_obtained":["Regret"]},{"damage_healed":0.0,"max_hp_gain":0.0,"max_hp_loss":0.0,"gold_gain":0.0,"event_name":"Upgrade Shrine","player_choice":"Upgraded","floor":46.0,"gold_loss":0.0,"damage_taken":0.0,"cards_upgraded":["Cloak And Dagger"]}],"is_beta":false,"boss_relics":[{"not_picked":["HoveringKite","Astrolabe"],"picked":"Philosopher\u0027s Stone"},{"not_picked":["Fusion Hammer","Sozu"],"picked":"Black Star"}],"items_purged_floors":[39],"is_endless":false,"potions_floor_spawned":[1,3,5,7,20,24,35,40,42],"ascension_level":20}}