{"host":"aas8f8jvicx6tcxp","time":1612747409,"event":{"mods":["Astrologer","BaseMod","Better Third Choice","BetterRewards","Clockwork Mod","Minty Spire (QoL Compilation)","Shop Mod","StSLib","The Bladedancer","The Cursed","The Hayseed"],"gold_per_floor":[112,187,201,55,66,66,81,97,146,146,146,157,172,191,191,191,191],"floor_reached":16,"language":"ENG","playtime":1487,"items_purged":[],"score":96,"play_id":"a8944d08-e385-4464-8f30-5bd37ced5d4f","local_time":"20210207192329","is_ascension_mode":false,"campfire_choices":[{"data":"TheSimpletonMod:StockTheCellar","floor":6,"key":"SMITH"},{"floor":10,"key":"REST"},{"floor":15,"key":"REST"}],"circlet_count":0,"master_deck":["TheSimpletonMod:Strike_TheSimpleton","TheSimpletonMod:Strike_TheSimpleton","TheSimpletonMod:Strike_TheSimpleton","TheSimpletonMod:Strike_TheSimpleton","TheSimpletonMod:Defend_TheSimpleton","TheSimpletonMod:Defend_TheSimpleton","TheSimpletonMod:Defend_TheSimpleton","TheSimpletonMod:Defend_TheSimpleton","TheSimpletonMod:Haymaker","TheSimpletonMod:ReapAndSow","TheSimpletonMod:BumperCrop","TheSimpletonMod:StockTheCellar+1","TheSimpletonMod:Corn","TheSimpletonMod:Innovate","TheSimpletonMod:Pruning","TheSimpletonMod:OnionBloom+1","TheSimpletonMod:Thresh"],"relics":["TheSimpletonMod:SpudOfTheInnocent","TheSimpletonMod:NightSoil","TheSimpletonMod:TheHarvester","NeowsBlessing","TheSimpletonMod:WoodChipper"],"acts_visited":["Exordium"],"potions_floor_usage":[16],"damage_taken":[{"damage":0,"enemies":"2 Louse","floor":1,"turns":1},{"damage":0,"enemies":"Cultist","floor":3,"turns":2},{"damage":0,"enemies":"Small Slimes","floor":5,"turns":1},{"damage":29,"enemies":"Exordium Thugs","floor":7,"turns":8},{"damage":2,"enemies":"Looter","floor":8,"turns":4},{"damage":22,"enemies":"3 Louse","floor":12,"turns":6},{"damage":33,"enemies":"Gremlin Gang","floor":13,"turns":7},{"damage":9,"enemies":"Blue Slaver","floor":14,"turns":4},{"damage":41,"enemies":"The Guardian","floor":16,"turns":7}],"seed_played":"-8116165225396657953","potions_obtained":[{"floor":8,"key":"SteroidPotion"},{"floor":12,"key":"SteroidPotion"},{"floor":13,"key":"Fire Potion"}],"is_trial":false,"path_per_floor":["M","?","M","$","M","R","M","M","T","R","?","M","M","M","R","B"],"character_chosen":"THE_SIMPLETON","items_purchased":["TheSimpletonMod:Corn","TheSimpletonMod:Innovate"],"campfire_rested":2,"item_purchase_floors":[4,4],"current_hp_per_floor":[75,68,68,68,68,68,43,45,45,67,67,49,20,15,37,0,0],"gold":191,"neow_bonus":"THREE_ENEMY_KILL","is_daily":false,"chose_seed":false,"campfire_upgraded":1,"win_rate":0.0,"timestamp":1612747409,"path_taken":["M","?","?","$","M","R","M","M","T","R","?","M","M","M","R","BOSS"],"items_purchased_type":["Card","Card"],"build_version":"2020-12-22","purchased_purges":0,"victory":false,"max_hp_per_floor":[75,75,75,75,75,75,75,75,75,75,75,75,75,75,75,75,75],"card_choices":[{"not_picked":["TheSimpletonMod:Pruning","TheSimpletonMod:VineRipen"],"picked":"TheSimpletonMod:BumperCrop","floor":1},{"not_picked":["TheSimpletonMod:CloseScrape","TheSimpletonMod:SlashAndBurn"],"picked":"TheSimpletonMod:StockTheCellar","floor":3},{"not_picked":["TheSimpletonMod:Potatoes","TheSimpletonMod:SlashAndBurn","TheSimpletonMod:Swelter"],"picked":"SKIP","floor":5},{"not_picked":["TheSimpletonMod:Sunseed","TheSimpletonMod:DigIn"],"picked":"TheSimpletonMod:Pruning","floor":7},{"not_picked":["TheSimpletonMod:SpiceUp","TheSimpletonMod:PestManagement"],"picked":"TheSimpletonMod:OnionBloom","floor":8},{"not_picked":["TheSimpletonMod:SpiceUp","TheSimpletonMod:Rototilling","TheSimpletonMod:CloseScrape"],"picked":"SKIP","floor":12},{"not_picked":["TheSimpletonMod:Germinate","TheSimpletonMod:RootDown"],"picked":"TheSimpletonMod:Thresh","floor":13},{"not_picked":["TheSimpletonMod:BumperCrop","TheSimpletonMod:DigIn","TheSimpletonMod:SpiceUp"],"picked":"SKIP","floor":14}],"player_experience":288152,"relics_obtained":[{"floor":9,"key":"TheSimpletonMod:WoodChipper"}],"event_choices":[{"damage_healed":0,"gold_gain":75,"player_choice":"Touch","damage_taken":7,"max_hp_gain":0,"max_hp_loss":0,"event_name":"FaceTrader","floor":2,"gold_loss":0},{"damage_healed":0,"gold_gain":0,"player_choice":"Upgraded","damage_taken":0,"max_hp_gain":0,"max_hp_loss":0,"event_name":"Upgrade Shrine","floor":11,"gold_loss":0,"cards_upgraded":["TheSimpletonMod:OnionBloom"]}],"is_beta":false,"boss_relics":[],"items_purged_floors":[],"is_endless":false,"potions_floor_spawned":[8,12,13],"killed_by":"The Guardian","ascension_level":0}}