{"host":"bx8ylsmj2ob6hd5u","time":1612808357,"event":{"mods":["AchievementEnabler","Act Like it!","Aspiration","BaseMod","Colored Map","Downfall","Duelist Mod","Friendly Minions","Gensokyo","GifTheSpireLib","Hallownest","Hermit","HololiveMod","Hubris","Infinite Spire","Jorbs\u0027s Wanderer Trilogy","KinomotoSakuraMod(????)","Kiyohime????","Koishi","KomeijiMod","Lobotomy","LobotomyExtend","Marisa????????","Minty Spire (QoL Compilation)","Prisma Mod","Rare Cards Sparkle","Reimu??????","Remilia??????","Replay The Spire","StSLib","Td1madao Mod","The Administrix","The Animator","The Bug Knight","The Construct","The Cursed","The Disciple","The Hierophant","The Necromancer","The Poker Player","The Runesmith","The Senshi","The Servant 0.9.4","WarShipGirlsR/????R mod"],"gold_per_floor":[117,117,117,137,137,137,151,151,230,230,1,1,14,14,14,113,113,113,124,140,159,159,159,159,159,159,171,171,184,198,198,198,294,294,312,61,1,19,36,36,36,36,62,62,77,77,77,95,95,95],"floor_reached":51,"language":"ENG","playtime":2691,"items_purged":["Writhe","Decay"],"score":885,"play_id":"bf4487d0-49dd-4cfb-af71-15283f74ee4b","local_time":"20210208201917","is_ascension_mode":false,"campfire_choices":[{"data":"Runesmith:CraftFirestone","floor":6,"key":"SMITH"},{"data":"Runesmith:Fortify","floor":8,"key":"SMITH"},{"data":"Runesmith:BackupBattery","floor":10,"key":"SMITH"},{"data":"Runesmith:BackupBattery+1","floor":12,"key":"SMITH"},{"data":"infinitespire:SevenWalls","floor":15,"key":"SMITH"},{"data":"Runesmith:MetallurgicalResearch","floor":23,"key":"SMITH"},{"data":"Runesmith:PoweredAnvil","floor":28,"key":"SMITH"},{"data":"infinitespire:SevenWalls","floor":32,"key":"SMITH"},{"data":"Fasting2","floor":40,"key":"SMITH"},{"data":"Runesmith:CreatorForm","floor":42,"key":"SMITH"},{"data":"Runesmith:BackupBattery+2","floor":44,"key":"SMITH"},{"data":"Runesmith:BackupBattery+3","floor":49,"key":"SMITH"}],"circlet_count":0,"master_deck":["Runesmith:Strike_RS","Runesmith:Strike_RS","Runesmith:Strike_RS","Runesmith:Strike_RS","Runesmith:Defend_RS","Runesmith:Defend_RS","Runesmith:Defend_RS","Runesmith:Defend_RS","Runesmith:CraftFirestone+1","Runesmith:Fortify+1","Runesmith:Superposition","Runesmith:WhiteBalance","Runesmith:BackupBattery+4","Runesmith:NanitesCloud","infinitespire:SevenWalls+1","Runesmith:MetallurgicalResearch+1","FlyingSleeves+1","Runesmith:HeatedChisel","Runesmith:HammerTime","stsjorbsmod:SilverStrike","Runesmith:PoweredAnvil+1","Runesmith:CraftMagma+1","Perseverance","infinitespire:SevenWalls+1","Runesmith:CreatorForm+1","Fasting2+1","Gensokyo:CustomPotion","Runesmith:Augment+1","EmptyBody+1","Devotion","Gensokyo:MorningStar","SandsOfTime+1"],"relics":["Runesmith:BrokenRuby","LetterFromLob","Hallownest:DreamNailRelic","Garlic","HandDrill","aspiration:WatcherSkillbook","hubris:PeanutButter","Medical Kit","construct:ClawGrip","Replay:Bronze Core","Medical Kit","Boot","Chemical X"],"acts_visited":["Exordium","TheCity","TheCity"],"potions_floor_usage":[21,27,39,50],"damage_taken":[{"damage":4,"enemies":"Hallownest:2_Tiktiks_and_1_Crawlid","floor":1,"turns":3},{"damage":3,"enemies":"Hallownest:monsterHuskWarrior","floor":4,"turns":4},{"damage":3,"enemies":"Hallownest:monsterHuskGuard","floor":7,"turns":3},{"damage":2,"enemies":"Hallownest:2_Tiktiks_1_Baldur_1_Crawlid","floor":13,"turns":4},{"damage":0,"enemies":"Hallownest:BossBrokenVessel","floor":16,"turns":7},{"damage":1,"enemies":"Shell Parasite","floor":19,"turns":5},{"damage":0,"enemies":"Spheric Guardian","floor":20,"turns":2},{"damage":0,"enemies":"3 Cultists","floor":21,"turns":6},{"damage":0,"enemies":"Centurion and Healer","floor":27,"turns":5},{"damage":0,"enemies":"Shelled Parasite and Fungi","floor":29,"turns":4},{"damage":1,"enemies":"Cultist and Chosen","floor":30,"turns":5},{"damage":0,"enemies":"Champ","floor":33,"turns":9},{"damage":0,"enemies":"Gensokyo:AncientGuardian","floor":35,"turns":6},{"damage":0,"enemies":"Gensokyo:3_Bats","floor":38,"turns":6},{"damage":0,"enemies":"Gensokyo:SeedOfUnknown","floor":39,"turns":5},{"damage":34,"enemies":"Gensokyo:Rafflesia","floor":45,"turns":7},{"damage":0,"enemies":"Gensokyo:Sharpion","floor":48,"turns":5},{"damage":0,"enemies":"Gensokyo:Scarlet_Devils","floor":50,"turns":9}],"seed_played":"4751951788213329495","potions_obtained":[{"floor":16,"key":"ColorlessPotion"},{"floor":21,"key":"Block Potion"},{"floor":30,"key":"Elixir"},{"floor":35,"key":"construct:ShiftPotion"},{"floor":38,"key":"DuplicationPotion"}],"is_trial":false,"path_per_floor":["M","?","?","M","?","R","M","R","T","R","$","R","M","?","R","B",null,"M","M","M","M","?","R","?","?","T","M","R","M","M","AVR","R","B",null,"M","$","?","M","M","R","?","R","T","R","M","?","AVR","M","R","B",null],"character_chosen":"RUNESMITH_CLASS","items_purchased":["HandDrill","Medical Kit"],"campfire_rested":0,"item_purchase_floors":[11,36],"current_hp_per_floor":[73,77,86,83,83,83,80,80,80,80,80,80,78,56,56,56,86,86,85,85,85,85,85,85,85,85,85,85,85,84,84,84,84,86,86,86,86,86,86,86,86,86,86,86,52,52,52,52,52,52],"gold":95,"neow_bonus":"TEN_PERCENT_HP_BONUS","is_daily":false,"chose_seed":false,"campfire_upgraded":12,"win_rate":0.0,"timestamp":1612808357,"path_taken":["M","?","?","M","?","R","?","R","T","R","$","R","M","?","R","BOSS","M","M","M","M","?","R","?","?","T","M","R","M","M","AVR","R","BOSS","M","?","?","M","M","R","?","R","T","R","M","?","AVR","M","R","BOSS"],"items_purchased_type":["Relic","Relic"],"build_version":"2020-12-22","purchased_purges":2,"victory":true,"max_hp_per_floor":[77,77,86,86,86,86,86,86,86,86,86,86,86,86,86,86,86,86,86,86,86,86,86,86,86,86,86,86,86,86,86,86,86,86,86,86,86,86,86,86,86,86,86,86,86,86,86,86,86,86],"card_choices":[{"not_picked":["Runesmith:StaticCage","Runesmith:RuneHurl"],"picked":"Runesmith:Superposition","floor":1},{"not_picked":["Runesmith:FieryHammer","Runesmith:LastStand"],"picked":"Runesmith:WhiteBalance","floor":4},{"not_picked":["Runesmith:Overpower","Runesmith:HammerTime"],"picked":"Runesmith:BackupBattery","floor":7},{"not_picked":["Runesmith:EnergizedChisel","Runesmith:Malloc"],"picked":"Runesmith:NanitesCloud","floor":13},{"not_picked":["infinitespire:SealOfDarkness+","hubris:InfiniteBlow"],"picked":"infinitespire:SevenWalls","floor":14},{"not_picked":["Runesmith:CraftPrismatica","Runesmith:LightningRod"],"picked":"Runesmith:MetallurgicalResearch","floor":16},{"not_picked":["Replay:BluntJabs+1","CarveReality","Runesmith:OneForEveryone"],"picked":"FlyingSleeves+1","floor":19},{"not_picked":["EmptyBody+1","Runesmith:HeatExchange","FollowUp"],"picked":"Runesmith:HeatedChisel","floor":20},{"not_picked":["Weave","WindmillStrike","DeceiveReality"],"picked":"Runesmith:HammerTime","floor":21},{"not_picked":["Replay:Battleflow","EmptyFist","FlurryOfBlows"],"picked":"Runesmith:PoweredAnvil","floor":27},{"not_picked":["Runesmith:Reinforce","CutThroughFate","Swivel+1"],"picked":"Runesmith:CraftMagma+1","floor":29},{"not_picked":["Protect","ThirdEye","Replay:BluntJabs"],"picked":"Perseverance","floor":30},{"not_picked":["Blasphemy","Replay:LoomingThreat","Ragnarok"],"picked":"Runesmith:CreatorForm","floor":33},{"not_picked":["Runesmith:Superposition+1","PathToVictory","Collect"],"picked":"Fasting2","floor":35},{"not_picked":["Runesmith:RuneHurl+1","Runesmith:FieryHammer","Replay:ManipulateFuture"],"picked":"Runesmith:Augment+1","floor":38},{"not_picked":["Runesmith:ElementalConversion","ClearTheMind+1","FlyingSleeves+1"],"picked":"EmptyBody+1","floor":39},{"not_picked":["FlurryOfBlows","Runesmith:MakeshiftArmor+1","ClearTheMind+1"],"picked":"Devotion","floor":45},{"not_picked":["Gensokyo:BrilliantDragonBullet","Gensokyo:EverlastingLife"],"picked":"Gensokyo:MorningStar","floor":46},{"not_picked":["Runesmith:UnstableHammer","CrushJoints","Replay:BluntJabs"],"picked":"SandsOfTime+1","floor":48}],"player_experience":1567772,"relics_obtained":[{"floor":1,"key":"LetterFromLob"},{"floor":9,"key":"Garlic"},{"floor":26,"key":"hubris:PeanutButter"},{"floor":43,"key":"Boot"}],"event_choices":[{"damage_healed":0,"gold_gain":0,"player_choice":"Read","damage_taken":0,"max_hp_gain":0,"max_hp_loss":0,"event_name":"The Library","floor":22,"gold_loss":0,"cards_obtained":["stsjorbsmod:SilverStrike"]},{"damage_healed":0,"gold_gain":0,"player_choice":"Cursed","damage_taken":0,"max_hp_gain":0,"max_hp_loss":0,"event_name":"Wheel of Change","floor":25,"gold_loss":0,"cards_obtained":["Decay"]}],"is_beta":false,"boss_relics":[{"not_picked":["RedLine:ReiMu","hubris:RunicObelisk"],"picked":"aspiration:WatcherSkillbook"},{"not_picked":["Hololive_ChaosS","hubris:VirtuousBlindfold"],"picked":"Replay:Bronze Core"}],"items_purged_floors":[11,36],"is_endless":false,"potions_floor_spawned":[16,21,30,35,38],"ascension_level":0}}