{"host":"2ty4h143nj8vwezc","time":1612768504,"event":{"mods":["BaseMod","Colored Map","Googly Eyes","Highlight Path","Minty Spire (QoL Compilation)","Quick Restart","StSLib"],"gold_per_floor":[114,114,130,3,16,16,42,42,91,91,91,105,105,139,139,217,217,229,129,129,141,159,159,185,185,211,211,34,68,82,96,96,173,173,184,209,209,41,41,67,80,80,80,108,108,134,134,160,160,160,160,160,160,10,42,42],"floor_reached":57,"language":"ENG","playtime":2983,"items_purged":["Clumsy","Parasite","Strike_G","Strike_G"],"score":2899,"play_id":"9ce442f8-6db0-44a2-a3c1-6376b3fa8117","local_time":"20210208021504","is_ascension_mode":true,"campfire_choices":[{"data":"Corpse Explosion","floor":6.0,"key":"SMITH"},{"floor":13.0,"key":"REST"},{"floor":15.0,"key":"REST"},{"floor":23.0,"key":"REST"},{"floor":25.0,"key":"REST"},{"floor":27.0,"key":"RECALL"},{"floor":32.0,"key":"REST"},{"floor":42.0,"key":"REST"},{"floor":45.0,"key":"REST"},{"floor":49.0,"key":"REST"},{"data":"Catalyst","floor":53.0,"key":"SMITH"}],"circlet_count":0,"master_deck":["AscendersBane","Strike_G+1","Strike_G+1","Strike_G","Defend_G","Defend_G","Defend_G","Defend_G","Defend_G","Survivor","Dagger Spray","Corpse Explosion+1","Deadly Poison","PiercingWail","Bane","Night Terror","Crippling Poison","Wraith Form v2","PiercingWail","After Image+1","Deadly Poison","Caltrops+1","Bullet Time","Burst","Prepared+1","Backstab+1","Caltrops+1","Night Terror","Bullet Time","Catalyst+1"],"relics":["Ring of the Snake","NeowsBlessing","Anchor","Snake Skull","Vajra","SlaversCollar","Kunai","Frozen Egg 2","Regal Pillow","Tough Bandages","Runic Pyramid","Thread and Needle","Toy Ornithopter","PreservedInsect","White Beast Statue","Gremlin Horn","Happy Flower","Whetstone"],"acts_visited":["Exordium","TheCity","TheBeyond","TheEnding"],"potions_floor_usage":[56],"damage_taken":[{"damage":0.0,"enemies":"2 Louse","floor":1.0,"turns":1.0},{"damage":0.0,"enemies":"Cultist","floor":3.0,"turns":1.0},{"damage":0.0,"enemies":"Jaw Worm","floor":5.0,"turns":1.0},{"damage":41.0,"enemies":"Lagavulin","floor":7.0,"turns":6.0},{"damage":0.0,"enemies":"3 Louse","floor":12.0,"turns":1.0},{"damage":40.0,"enemies":"Gremlin Nob","floor":14.0,"turns":4.0},{"damage":25.0,"enemies":"Hexaghost","floor":16.0,"turns":8.0},{"damage":19.0,"enemies":"Shell Parasite","floor":18.0,"turns":9.0},{"damage":0.0,"enemies":"3 Byrds","floor":21.0,"turns":2.0},{"damage":22.0,"enemies":"Snecko","floor":22.0,"turns":4.0},{"damage":0.0,"enemies":"Slavers","floor":24.0,"turns":3.0},{"damage":10.0,"enemies":"Book of Stabbing","floor":29.0,"turns":7.0},{"damage":5.0,"enemies":"Cultist and Chosen","floor":30.0,"turns":6.0},{"damage":9.0,"enemies":"Snake Plant","floor":31.0,"turns":5.0},{"damage":17.0,"enemies":"Champ","floor":33.0,"turns":17.0},{"damage":4.0,"enemies":"3 Darklings","floor":35.0,"turns":5.0},{"damage":0.0,"enemies":"Mind Bloom Boss Battle","floor":36.0,"turns":8.0},{"damage":38.0,"enemies":"Nemesis","floor":40.0,"turns":9.0},{"damage":9.0,"enemies":"3 Shapes","floor":41.0,"turns":3.0},{"damage":9.0,"enemies":"Giant Head","floor":44.0,"turns":9.0},{"damage":0.0,"enemies":"Nemesis","floor":46.0,"turns":7.0},{"damage":24.0,"enemies":"Giant Head","floor":48.0,"turns":11.0},{"damage":19.0,"enemies":"Donu and Deca","floor":50.0,"turns":4.0},{"damage":9.0,"enemies":"Awakened One","floor":51.0,"turns":14.0},{"damage":1.0,"enemies":"Shield and Spear","floor":55.0,"turns":4.0},{"damage":38,"enemies":"The Heart","floor":56,"turns":9}],"seed_played":"8642040573599647790","potions_obtained":[{"floor":3.0,"key":"CunningPotion"},{"floor":7.0,"key":"LiquidMemories"},{"floor":18.0,"key":"AttackPotion"},{"floor":24.0,"key":"Swift Potion"},{"floor":30.0,"key":"Block Potion"},{"floor":36.0,"key":"Poison Potion"},{"floor":41.0,"key":"Swift Potion"},{"floor":46.0,"key":"EssenceOfSteel"},{"floor":48.0,"key":"AttackPotion"},{"floor":55.0,"key":"FearPotion"}],"is_trial":false,"path_per_floor":["M","?","M","$","M","R","E","$","T","$","?","M","R","E","R","B",null,"M","$","?","M","M","R","E","R","T","R","$","E","M","M","R","B",null,"M","?","?","$","?","E","M","R","T","E","R","E","?","E","R","B","B",null,"R","$","E","B",null],"character_chosen":"THE_SILENT","items_purchased":["Bane","Deadly Poison","Toy Ornithopter"],"campfire_rested":8,"item_purchase_floors":[4,28,38],"current_hp_per_floor":[59,59,59,59,59,59,18,18,18,18,34,34,53,13,32,7,51,32,32,32,32,10,28,28,46,46,46,46,36,31,22,55,38,57,53,53,53,53,53,25,16,49,49,40,63,63,63,39,63,44,35,56,56,56,55,22],"gold":42,"neow_bonus":"THREE_ENEMY_KILL","is_daily":false,"chose_seed":false,"campfire_upgraded":2,"win_rate":0.0,"timestamp":1612768504,"path_taken":["M","?","M","$","M","R","E","?","T","?","?","M","R","E","R","BOSS","M","$","?","M","M","R","E","R","T","R","$","E","?","M","R","BOSS","M","?","?","$","?","E","M","R","T","E","R","E","?","E","R","BOSS","BOSS","R","$","E","BOSS"],"items_purchased_type":["Card","Card","Relic"],"build_version":"2020-12-22","purchased_purges":4,"victory":true,"max_hp_per_floor":[66,66,66,66,66,66,66,66,66,66,66,66,66,66,66,66,66,66,63,63,63,63,63,63,63,63,63,63,63,63,63,63,63,63,63,63,63,63,63,63,63,63,63,63,63,63,63,63,63,63,63,63,63,63,63,63],"card_choices":[{"not_picked":["Acrobatics","Backflip"],"picked":"Dagger Spray","floor":1.0},{"not_picked":["Flechettes","Poisoned Stab"],"picked":"PiercingWail","floor":3.0},{"not_picked":["Cloak And Dagger","Dodge and Roll","Sucker Punch"],"picked":"SKIP","floor":5.0},{"not_picked":["Riddle With Holes","Dodge and Roll","Reflex"],"picked":"SKIP","floor":7.0},{"not_picked":["Acrobatics","Heel Hook"],"picked":"Night Terror","floor":12.0},{"not_picked":["Flying Knee","Reflex"],"picked":"Crippling Poison","floor":14.0},{"not_picked":["Storm of Steel","Phantasmal Killer"],"picked":"Wraith Form v2","floor":16.0},{"not_picked":["Outmaneuver","Dagger Spray"],"picked":"PiercingWail","floor":18.0},{"not_picked":["Accuracy","Acrobatics","Cloak And Dagger"],"picked":"SKIP","floor":21.0},{"not_picked":["Quick Slash","Prepared","Dodge and Roll"],"picked":"SKIP","floor":22.0},{"not_picked":["Quick Slash","Prepared"],"picked":"After Image+1","floor":24.0},{"not_picked":["Dodge and Roll","Slice"],"picked":"Caltrops+1","floor":29.0},{"not_picked":["Backflip","Cloak And Dagger","Dagger Spray"],"picked":"SKIP","floor":30.0},{"not_picked":["Dagger Spray","Underhanded Strike"],"picked":"Bullet Time","floor":31.0},{"not_picked":["Tools of the Trade+1","A Thousand Cuts+1"],"picked":"Burst","floor":33.0},{"not_picked":["Flying Knee","Prepared","Underhanded Strike+1"],"picked":"SKIP","floor":35.0},{"not_picked":["Expertise","Cloak And Dagger"],"picked":"Prepared+1","floor":36.0},{"not_picked":["Underhanded Strike","Acrobatics","Outmaneuver"],"picked":"SKIP","floor":40.0},{"not_picked":["Backflip","Dodge and Roll"],"picked":"Backstab+1","floor":41.0},{"not_picked":["Leg Sweep+1","Setup"],"picked":"Caltrops+1","floor":44.0},{"not_picked":["Prepared+1","Underhanded Strike"],"picked":"Night Terror","floor":46.0},{"not_picked":["Calculated Gamble","Flying Knee"],"picked":"Catalyst","floor":48.0},{"not_picked":["Deadly Poison","Escape Plan","Backflip"],"picked":"SKIP","floor":55.0}],"player_experience":381032,"relics_obtained":[{"floor":7.0,"key":"Anchor"},{"floor":9.0,"key":"Snake Skull"},{"floor":14.0,"key":"Vajra"},{"floor":20.0,"key":"Kunai"},{"floor":24.0,"key":"Frozen Egg 2"},{"floor":26.0,"key":"Regal Pillow"},{"floor":29.0,"key":"Tough Bandages"},{"floor":36.0,"key":"Thread and Needle"},{"floor":40.0,"key":"PreservedInsect"},{"floor":44.0,"key":"White Beast Statue"},{"floor":46.0,"key":"Gremlin Horn"},{"floor":48.0,"key":"Happy Flower"},{"floor":55.0,"key":"Whetstone"}],"event_choices":[{"damage_healed":0.0,"max_hp_gain":0.0,"max_hp_loss":0.0,"gold_gain":0.0,"event_name":"Match and Keep!","player_choice":"3 cards matched","floor":2.0,"gold_loss":0.0,"damage_taken":0.0,"cards_obtained":["Clumsy","Corpse Explosion","Deadly Poison"]},{"damage_healed":16.0,"max_hp_gain":0.0,"max_hp_loss":0.0,"gold_gain":0.0,"event_name":"Mushrooms","player_choice":"Healed and dodged fight","floor":11.0,"gold_loss":0.0,"damage_taken":0.0,"cards_obtained":["Parasite"]},{"damage_healed":0.0,"max_hp_gain":0.0,"max_hp_loss":0.0,"gold_gain":0.0,"event_name":"Wheel of Change","player_choice":"Relic","floor":20.0,"gold_loss":0.0,"damage_taken":0.0},{"damage_healed":0.0,"max_hp_gain":0.0,"max_hp_loss":0.0,"gold_gain":0.0,"event_name":"MindBloom","player_choice":"Fight","floor":36.0,"gold_loss":0.0,"damage_taken":0.0},{"damage_healed":0.0,"max_hp_gain":0.0,"max_hp_loss":0.0,"gold_gain":0.0,"event_name":"SensoryStone","player_choice":"Memory 1","floor":37.0,"gold_loss":0.0,"damage_taken":0.0},{"cards_removed":["Neutralize"],"damage_healed":0.0,"max_hp_gain":0.0,"max_hp_loss":0.0,"gold_gain":0.0,"event_name":"Falling","player_choice":"Removed Attack","floor":39.0,"gold_loss":0.0,"damage_taken":0.0},{"damage_healed":0.0,"max_hp_gain":0.0,"max_hp_loss":0.0,"gold_gain":0.0,"event_name":"Duplicator","player_choice":"Copied","floor":47.0,"gold_loss":0.0,"damage_taken":0.0,"cards_obtained":["Bullet Time"]}],"is_beta":false,"boss_relics":[{"not_picked":["SacredBark","WristBlade"],"picked":"SlaversCollar"},{"not_picked":["Velvet Choker","Tiny House"],"picked":"Runic Pyramid"}],"items_purged_floors":[4,19,28,54],"is_endless":false,"potions_floor_spawned":[3,7,18,24,30,36,41,46,48,55],"ascension_level":20}}