{"host":"6bsan6hkua32tfq7","time":1612765514,"event":{"mods":["BaseMod","Better Third Choice","Colored Map","Highlight Path","Minty Spire (QoL Compilation)","StSLib"],"gold_per_floor":[209,189,208,226,151,151,51,80,107,107,120,120,135,135,135,209,209,220,220,95,121,121,121,121,121],"floor_reached":24,"language":"ENG","playtime":452,"items_purged":["Strike_R","Strike_R","Strike_R"],"score":384,"play_id":"78fba139-f235-45c9-989b-022b614265cc","local_time":"20210208072514","is_ascension_mode":true,"campfire_choices":[{"data":"Bash","floor":6.0,"key":"SMITH"},{"data":"Bludgeon","floor":10.0,"key":"SMITH"},{"data":"Rampage","floor":12.0,"key":"SMITH"},{"data":"Defend_R","floor":15.0,"key":"SMITH"},{"floor":23,"key":"REST"}],"circlet_count":0,"master_deck":["AscendersBane","Strike_R","Strike_R","Defend_R","Defend_R","Defend_R+1","Bash+1","Hemokinesis","Rampage+1","Anger","Bludgeon+1","Double Tap","Rupture","True Grit+1"],"relics":["Burning Blood","Dream Catcher","Potion Belt","Ginger","Mark of Pain","Red Mask"],"acts_visited":["Exordium","TheCity"],"potions_floor_usage":[16,16,21,24],"damage_taken":[{"damage":7.0,"enemies":"Cultist","floor":1.0,"turns":4.0},{"damage":4.0,"enemies":"2 Louse","floor":3.0,"turns":3.0},{"damage":4.0,"enemies":"Jaw Worm","floor":4.0,"turns":3.0},{"damage":12.0,"enemies":"Gremlin Nob","floor":8.0,"turns":3.0},{"damage":15.0,"enemies":"Exordium Thugs","floor":11.0,"turns":3.0},{"damage":2.0,"enemies":"Large Slime","floor":13.0,"turns":4.0},{"damage":37,"enemies":"The Guardian","floor":16,"turns":11},{"damage":29,"enemies":"Spheric Guardian","floor":18,"turns":4},{"damage":20,"enemies":"Masked Bandits","floor":21,"turns":3},{"damage":28,"enemies":"3 Byrds","floor":24,"turns":3}],"seed_played":"-3048361987650610487","potions_obtained":[{"floor":1.0,"key":"Strength Potion"},{"floor":2.0,"key":"ColorlessPotion"},{"floor":4.0,"key":"CultistPotion"},{"floor":13.0,"key":"PowerPotion"},{"floor":18,"key":"EssenceOfSteel"}],"is_trial":false,"path_per_floor":["M","?","M","M","$","R","$","E","T","R","M","R","M","?","R","B",null,"M","?","$","?","?","R","M"],"character_chosen":"IRONCLAD","items_purchased":[],"campfire_rested":1,"item_purchase_floors":[],"current_hp_per_floor":[67,67,69,71,71,71,71,65,65,65,56,56,60,49,49,18,61,38,38,38,24,3,27,0,0],"gold":121,"neow_bonus":"HUNDRED_GOLD","is_daily":false,"chose_seed":false,"campfire_upgraded":4,"win_rate":0.0,"timestamp":1612765514,"path_taken":["M","?","M","M","$","R","$","E","T","R","M","R","?","?","R","BOSS","M","?","?","?","?","R","M"],"items_purchased_type":[],"build_version":"2020-12-22","purchased_purges":3,"victory":false,"max_hp_per_floor":[75,75,75,75,75,75,75,75,75,75,75,75,75,75,75,75,75,75,75,75,75,80,80,80,80],"card_choices":[{"not_picked":["True Grit","Sword Boomerang"],"picked":"Hemokinesis","floor":1.0},{"not_picked":["Ghostly Armor","Shrug It Off"],"picked":"Rampage","floor":3.0},{"not_picked":["Flame Barrier","Heavy Blade"],"picked":"Anger","floor":4.0},{"not_picked":["Combust","Iron Wave"],"picked":"Bludgeon","floor":8.0},{"not_picked":["Dark Embrace","Iron Wave","Sever Soul"],"picked":"SKIP","floor":11.0},{"not_picked":["Entrench","Wild Strike","Warcry"],"picked":"SKIP","floor":13.0},{"not_picked":["Reaper","Offering"],"picked":"Double Tap","floor":16},{"not_picked":["Havoc","Pummel","Fire Breathing"],"picked":"SKIP","floor":18},{"not_picked":["Iron Wave","Flex"],"picked":"True Grit+1","floor":23}],"player_experience":5413289,"relics_obtained":[{"floor":8.0,"key":"Dream Catcher"},{"floor":9.0,"key":"Potion Belt"},{"floor":21,"key":"Red Mask"}],"event_choices":[{"damage_healed":0.0,"max_hp_gain":0.0,"max_hp_loss":0.0,"gold_gain":0.0,"event_name":"The Woman in Blue","player_choice":"Bought 1 Potion","floor":2.0,"gold_loss":0.0,"damage_taken":0.0},{"damage_healed":0.0,"max_hp_gain":0.0,"max_hp_loss":0.0,"gold_gain":0.0,"event_name":"betterThird:BetterScrap","player_choice":"Relic ","floor":14.0,"gold_loss":0.0,"damage_taken":11.0,"cards_obtained":["Recycle"]},{"damage_healed":0,"gold_gain":0,"cards_transformed":["Defend_R"],"player_choice":"Transformed","damage_taken":0,"max_hp_gain":0,"max_hp_loss":0,"event_name":"Transmorgrifier","floor":19,"gold_loss":0,"cards_obtained":["Rupture"]},{"damage_healed":0,"gold_gain":0,"player_choice":"Fought Bandits","damage_taken":0,"max_hp_gain":0,"max_hp_loss":0,"event_name":"Masked Bandits","floor":21,"gold_loss":0},{"damage_healed":0,"gold_gain":0,"player_choice":"Shed Blood","damage_taken":26,"max_hp_gain":5,"max_hp_loss":0,"event_name":"Forgotten Altar","floor":22,"gold_loss":0}],"is_beta":false,"boss_relics":[{"not_picked":["Astrolabe","Runic Dome"],"picked":"Mark of Pain"}],"items_purged_floors":[5,7,20],"is_endless":false,"potions_floor_spawned":[1,4,8,13,18],"killed_by":"3 Byrds","ascension_level":20}}