{"host":"cbu6enf2xtq4r7r3","time":1612815462,"event":{"mods":["2.2 Compatiblity","AlwaysNeverKeys","BaseMod","Better Match","Better Note","Better Sensory Stone","Better Skull","Better Third Choice","Colored Map","Colored Powertips","Defuse TimeMaze Blight","Emptier Cage","Minty Spire (QoL Compilation)","Permanent Neow","Quick Restart","Random Character Button","Relic Sorter","Reorder Act Four","Shop Mod","StSLib"],"gold_per_floor":[110,130,150,150,5,5,24,58,58,93,103,103,137,154,154,250,250,261,280,280,299,299,299,299,299,299],"floor_reached":25,"language":"ENG","playtime":763,"items_purged":[],"score":382,"play_id":"041378c4-eac4-4780-9f6d-b7558e7313d9","local_time":"20210208211742","is_ascension_mode":true,"campfire_choices":[{"data":"Whirlwind","floor":6,"key":"SMITH"},{"floor":12,"key":"REST"},{"data":"Armaments","floor":15,"key":"SMITH"},{"data":"Self Repair","floor":23,"key":"SMITH"}],"circlet_count":0,"master_deck":["Strike_R","Strike_R","Strike_R","Strike_R","Strike_R","Defend_R","Defend_R","Defend_R","Defend_R","Bash","Barricade","Heavy Blade","Cleave","Carnage","Self Repair+1","Shrug It Off","Fire Breathing","Rampage","Whirlwind+1","Offering","Cleave","Demon Form+1","Ghostly Armor","Armaments+1","Shrug It Off+1","Armaments+1","Dark Shackles","Panacea","Shrug It Off+1"],"relics":["Burning Blood","Orrery","Dream Catcher","Regal Pillow","Frozen Egg 2","Prayer Wheel","Cursed Key"],"acts_visited":["Exordium","TheCity"],"potions_floor_usage":[10,11,14,19,25],"damage_taken":[{"damage":14,"enemies":"2 Louse","floor":1,"turns":3},{"damage":6,"enemies":"Cultist","floor":2,"turns":3},{"damage":15,"enemies":"Small Slimes","floor":3,"turns":3},{"damage":10,"enemies":"Looter","floor":7,"turns":3},{"damage":32,"enemies":"Gremlin Nob","floor":8,"turns":4},{"damage":8,"enemies":"3 Sentries","floor":10,"turns":2},{"damage":15,"enemies":"Lots of Slimes","floor":11,"turns":3},{"damage":37,"enemies":"Gremlin Nob","floor":13,"turns":4},{"damage":15,"enemies":"Red Slaver","floor":14,"turns":4},{"damage":35,"enemies":"The Guardian","floor":16,"turns":11},{"damage":30,"enemies":"3 Byrds","floor":18,"turns":5},{"damage":34,"enemies":"2 Thieves","floor":19,"turns":4},{"damage":23,"enemies":"Centurion and Healer","floor":21,"turns":9},{"damage":46,"enemies":"Book of Stabbing","floor":25,"turns":5}],"seed_played":"2154508752194233095","potions_obtained":[{"floor":1,"key":"Weak Potion"},{"floor":8,"key":"ColorlessPotion"},{"floor":10,"key":"SkillPotion"},{"floor":18,"key":"Explosive Potion"},{"floor":21,"key":"EssenceOfSteel"}],"is_trial":false,"path_per_floor":["M","M","M","?","$","R","M","E","T","E","M","R","E","M","R","B",null,"M","M","?","M","?","R","?","E"],"character_chosen":"IRONCLAD","items_purchased":["Orrery"],"campfire_rested":1,"item_purchase_floors":[5],"current_hp_per_floor":[64,64,55,55,55,55,58,39,39,37,35,74,50,48,48,29,67,50,29,29,19,45,45,45,0,0],"gold":299,"neow_bonus":"ONE_RANDOM_RARE_CARD","is_daily":false,"chose_seed":false,"campfire_upgraded":3,"win_rate":0.0,"timestamp":1612815462,"path_taken":["M","M","M","?","?","R","M","E","T","E","M","R","E","M","R","BOSS","M","M","?","M","?","R","?","E"],"items_purchased_type":["Relic"],"build_version":"2020-12-22","purchased_purges":0,"victory":false,"max_hp_per_floor":[80,80,80,80,80,80,80,80,80,80,80,80,80,80,80,80,80,80,80,80,80,80,80,80,80,80],"card_choices":[{"not_picked":["Seeing Red","Thunderclap"],"picked":"Heavy Blade","floor":1},{"not_picked":["Pummel","Anger"],"picked":"Cleave","floor":2},{"not_picked":["Warcry","Perfected Strike"],"picked":"Carnage","floor":3},{"not_picked":["Flex","Dropkick"],"picked":"Shrug It Off","floor":5},{"not_picked":["Hemokinesis","Rampage"],"picked":"Fire Breathing","floor":5},{"not_picked":["Feel No Pain","Anger"],"picked":"Rampage","floor":5},{"not_picked":["Sentinel","True Grit"],"picked":"Whirlwind","floor":5},{"not_picked":["Burning Pact","Wild Strike"],"picked":"Offering","floor":5},{"not_picked":["Havoc","Wild Strike"],"picked":"Cleave","floor":7},{"not_picked":["Clash","Anger","Combust"],"picked":"SKIP","floor":8},{"not_picked":["Warcry","Feel No Pain+1","Carnage"],"picked":"SKIP","floor":10},{"not_picked":["Clothesline","Iron Wave","Anger"],"picked":"SKIP","floor":11},{"not_picked":["Cleave","Iron Wave"],"picked":"Demon Form+1","floor":13},{"not_picked":["Pommel Strike","True Grit"],"picked":"Ghostly Armor","floor":14},{"not_picked":["Body Slam","Heavy Blade"],"picked":"Armaments","floor":14},{"not_picked":["Flex","Flame Barrier+1"],"picked":"Shrug It Off+1","floor":18},{"not_picked":["Anger","Rage","Sentinel"],"picked":"SKIP","floor":18},{"not_picked":["Iron Wave","Warcry"],"picked":"Armaments+1","floor":19},{"not_picked":["Flex","Perfected Strike","Clothesline"],"picked":"SKIP","floor":19},{"not_picked":["Enlightenment","Trip"],"picked":"Dark Shackles","floor":20},{"not_picked":["Forethought","Blind"],"picked":"Panacea","floor":20},{"not_picked":["Dark Embrace+1","Feel No Pain+1"],"picked":"Shrug It Off+1","floor":21},{"not_picked":["Searing Blow","Anger","Fire Breathing+1"],"picked":"SKIP","floor":21}],"player_experience":134194,"relics_obtained":[{"floor":8,"key":"Dream Catcher"},{"floor":9,"key":"Regal Pillow"},{"floor":10,"key":"Frozen Egg 2"},{"floor":13,"key":"Prayer Wheel"}],"event_choices":[{"cards_removed":["Carnage"],"damage_healed":0,"gold_gain":0,"player_choice":"Take \u0026 Give","damage_taken":0,"max_hp_gain":0,"max_hp_loss":0,"event_name":"betterNote:BetterNote","floor":4,"gold_loss":0,"cards_obtained":["Self Repair"]},{"damage_healed":0,"gold_gain":2,"player_choice":"1","damage_taken":0,"max_hp_gain":0,"max_hp_loss":0,"event_name":"betterStone:BetterStone","floor":20,"gold_loss":0},{"damage_healed":26,"gold_gain":0,"player_choice":"Heal","damage_taken":0,"max_hp_gain":0,"max_hp_loss":0,"event_name":"The Library","floor":22,"gold_loss":0},{"damage_healed":0,"gold_gain":0,"player_choice":"Ignored","damage_taken":0,"max_hp_gain":0,"max_hp_loss":0,"event_name":"Ghosts","floor":24,"gold_loss":0}],"is_beta":false,"boss_relics":[{"not_picked":["Runic Pyramid","Astrolabe"],"picked":"Cursed Key"}],"items_purged_floors":[],"is_endless":false,"potions_floor_spawned":[1,8,10,18,21],"killed_by":"Book of Stabbing","ascension_level":8}}