{"host":"rolltorest","time":1612824636,"event":{"mods":["BaseMod","Minty Spire (QoL Compilation)","Relic Stats","Slay the Relics Exporter","StSLib"],"gold_per_floor":[111,123,143,143,143,143,143],"floor_reached":6,"language":"ENG","playtime":178,"items_purged":[],"score":72,"play_id":"9929e8d9-953a-4787-8dac-f22b31565d52","local_time":"20210208145036","is_ascension_mode":true,"campfire_choices":[],"circlet_count":0,"master_deck":["AscendersBane","Strike_B","Strike_B","Defend_B","Defend_B","Defend_B+1","Defend_B","Zap","Dualcast","Rebound","Coolheaded","Barrage+1"],"relics":["Empty Cage","Golden Idol"],"acts_visited":["Exordium"],"potions_floor_usage":[6],"damage_taken":[{"damage":1,"enemies":"2 Louse","floor":1,"turns":4},{"damage":2,"enemies":"Small Slimes","floor":2,"turns":4},{"damage":2,"enemies":"Jaw Worm","floor":3,"turns":6},{"damage":32,"enemies":"Gremlin Nob","floor":6,"turns":4}],"seed_played":"-6822343693049820413","potions_obtained":[{"floor":2,"key":"Fruit Juice"},{"floor":3,"key":"ColorlessPotion"}],"is_trial":false,"path_per_floor":["M","M","M","?","?","E"],"character_chosen":"DEFECT","items_purchased":[],"campfire_rested":0,"item_purchase_floors":[],"current_hp_per_floor":[63,61,59,59,40,8,8],"gold":143,"neow_bonus":"BOSS_RELIC","is_daily":false,"chose_seed":false,"campfire_upgraded":0,"win_rate":0.0,"timestamp":1612824636,"path_taken":["M","M","M","?","?","E"],"items_purchased_type":[],"build_version":"2020-12-18","purchased_purges":0,"victory":false,"max_hp_per_floor":[71,71,71,64,64,64,64],"relic_stats":{"counters":[4,18],"Golden Idol":0,"obtain_stats":[{"Golden Idol":4,"Cracked Core":0,"Empty Cage":0},{"Golden Idol":3,"Cracked Core":0,"Empty Cage":0},{"Golden Idol":14,"Cracked Core":0,"Empty Cage":0}]},"card_choices":[{"not_picked":["Redo","Static Discharge"],"picked":"Rebound","floor":1},{"not_picked":["Chaos","Beam Cell"],"picked":"Coolheaded","floor":2},{"not_picked":["Go for the Eyes","Hologram"],"picked":"Barrage","floor":3}],"player_experience":1920733,"relics_obtained":[],"event_choices":[{"damage_healed":0,"gold_gain":0,"player_choice":"Lose Max HP","damage_taken":0,"relics_obtained":["Golden Idol"],"max_hp_gain":0,"max_hp_loss":7,"event_name":"Golden Idol","floor":4,"gold_loss":0},{"damage_healed":0,"gold_gain":0,"player_choice":"Entered Light","damage_taken":19,"max_hp_gain":0,"max_hp_loss":0,"event_name":"Shining Light","floor":5,"gold_loss":0,"cards_upgraded":["Barrage","Defend_B"]}],"is_beta":true,"boss_relics":[],"items_purged_floors":[],"is_endless":false,"potions_floor_spawned":[2,3],"killed_by":"Gremlin Nob","ascension_level":20}}