{"host":"m4pe905ae9bldoe7","time":1612789076,"event":{"mods":["BaseMod","Bestiary","Block Reminder","Downfall","Minty Spire (QoL Compilation)","StSLib"],"gold_per_floor":[116,116,129,304,0,0,32,32,32,46,61,61,61,72,72,145,145,165,95,114,128,2,27,27,59,59,77,77,77,94,117,117,117,117],"floor_reached":33,"language":"ENG","playtime":849,"items_purged":["Doubt"],"score":570,"play_id":"d8832ee0-f009-4699-a94c-4354b9b6f436","local_time":"20210208135756","is_ascension_mode":true,"campfire_choices":[{"data":"Spot Weakness","floor":6,"key":"SMITH"},{"data":"Sword Boomerang","floor":8,"key":"SMITH"},{"data":"Heavy Blade","floor":12,"key":"SMITH"},{"data":"Spot Weakness","floor":15,"key":"SMITH"},{"data":"Inflame","floor":24,"key":"SMITH"},{"data":"Limit Break","floor":32,"key":"SMITH"}],"circlet_count":0,"master_deck":["AscendersBane","Strike_R","Strike_R+1","Strike_R","Strike_R","Strike_R+1","Defend_R","Defend_R","Defend_R","Defend_R","Bash","Twin Strike","Sword Boomerang+1","Spot Weakness+1","Twin Strike","Heavy Blade+1","Spot Weakness+1","Infernal Blade","Perfected Strike","Thunderclap","Infernal Blade","Spot Weakness","Inflame+1","Cleave","Heavy Blade","Limit Break+1","Shame","Twin Strike+1"],"relics":["Coffee Dripper","Anchor","Question Card","Nunchaku","Tiny Chest","Sozu","Red Skull","Potion Belt","Molten Egg 2","Mango","GremlinMask","MealTicket"],"acts_visited":["TheCity"],"potions_floor_usage":[11,23,27],"damage_taken":[{"damage":7,"enemies":"Small Slimes","floor":1,"turns":3},{"damage":0,"enemies":"2 Louse","floor":3,"turns":2},{"damage":0,"enemies":"3 Sentries","floor":7,"turns":4},{"damage":0,"enemies":"Cultist","floor":10,"turns":2},{"damage":8,"enemies":"Exordium Thugs","floor":11,"turns":3},{"damage":0,"enemies":"Large Slime","floor":14,"turns":2},{"damage":19,"enemies":"The Guardian","floor":16,"turns":6},{"damage":0,"enemies":"Chosen","floor":18,"turns":3},{"damage":1,"enemies":"Spheric Guardian","floor":20,"turns":3},{"damage":17,"enemies":"3 Cultists","floor":21,"turns":4},{"damage":11,"enemies":"Slavers","floor":23,"turns":4},{"damage":0,"enemies":"Gremlin Leader","floor":25,"turns":3},{"damage":1,"enemies":"Centurion and Healer","floor":27,"turns":2},{"damage":0,"enemies":"Cultist and Chosen","floor":30,"turns":3},{"damage":84,"enemies":"Collector","floor":33,"turns":5}],"seed_played":"8513986620655548049","potions_obtained":[{"floor":1,"key":"Guardian:BlockOnCardUsePotion"},{"floor":11,"key":"Fruit Juice"},{"floor":16,"key":"SkillPotion"}],"is_trial":false,"path_per_floor":["M","?","M","?","$","R","E","R","T","M","M","R","?","M","R","B",null,"M","$","M","M","$","E","R","E","T","M","?","?","M","T","R","B"],"character_chosen":"IRONCLAD","items_purchased":["Spot Weakness","Anchor","Perfected Strike","Thunderclap","Inflame","Cleave"],"campfire_rested":0,"item_purchase_floors":[5,5,19,19,22,22],"current_hp_per_floor":[61,46,46,46,46,46,46,46,46,46,43,43,40,40,40,21,65,65,65,64,47,47,36,36,36,36,35,49,49,49,49,49,0,0],"gold":117,"neow_bonus":"BOSS_RELIC","is_daily":false,"chose_seed":false,"campfire_upgraded":6,"win_rate":0.0,"timestamp":1612789076,"path_taken":["M","?","M","?","$","R","E","R","T","M","M","R","?","M","R","BOSS","M","$","M","M","$","E","R","E","T","M","?","?","?","?","R","BOSS"],"items_purchased_type":["Card","Relic","Card","Card","Card","Card"],"build_version":"2020-12-22","purchased_purges":1,"victory":false,"max_hp_per_floor":[75,75,75,75,75,75,75,75,75,75,80,80,80,80,80,80,80,80,80,80,80,80,80,80,80,80,80,94,94,94,94,94,94,94],"card_choices":[{"not_picked":["Feel No Pain","Warcry"],"picked":"Twin Strike","floor":1},{"not_picked":["Twin Strike","Clothesline"],"picked":"Sword Boomerang","floor":3},{"not_picked":["Iron Wave","Searing Blow","Warcry"],"picked":"SKIP","floor":7},{"not_picked":["Bloodletting","Clash","Exhume"],"picked":"Twin Strike","floor":10},{"not_picked":["Rage","Evolve","Havoc"],"picked":"Heavy Blade","floor":11},{"not_picked":["Thunderclap","Perfected Strike","Anger"],"picked":"Spot Weakness","floor":14},{"not_picked":["Heavy Blade","True Grit","Perfected Strike"],"picked":"Infernal Blade","floor":18},{"not_picked":["Heavy Blade","True Grit","Armaments"],"picked":"Infernal Blade","floor":20},{"not_picked":["Twin Strike","Havoc","Rage"],"picked":"Spot Weakness","floor":21},{"not_picked":["Carnage","Evolve","Wild Strike"],"picked":"Heavy Blade","floor":23},{"not_picked":["Wild Strike","Power Through","Body Slam","Flame Barrier"],"picked":"SKIP","floor":25},{"not_picked":["Heavy Blade+1","Sever Soul+1","Inflame+1"],"picked":"Limit Break","floor":27},{"not_picked":["Evolve","Sentinel","Metallicize"],"picked":"Twin Strike+1","floor":30}],"player_experience":527211,"relics_obtained":[{"floor":7,"key":"Question Card"},{"floor":9,"key":"Nunchaku"},{"floor":23,"key":"Red Skull"},{"floor":25,"key":"Potion Belt"},{"floor":26,"key":"Molten Egg 2"},{"floor":31,"key":"MealTicket"}],"event_choices":[{"damage_healed":0,"gold_gain":0,"player_choice":"Entered Light","damage_taken":15,"max_hp_gain":0,"max_hp_loss":0,"event_name":"Shining Light","floor":2,"gold_loss":0,"cards_upgraded":["Strike_R","Strike_R"]},{"damage_healed":0,"gold_gain":175,"player_choice":"AGREE","damage_taken":0,"max_hp_gain":0,"max_hp_loss":0,"event_name":"Liars Game","floor":4,"gold_loss":0,"cards_obtained":["Doubt"]},{"damage_healed":0,"gold_gain":0,"player_choice":"Success","damage_taken":3,"relics_obtained":["Tiny Chest"],"max_hp_gain":0,"max_hp_loss":0,"event_name":"Scrap Ooze","floor":13,"gold_loss":0},{"damage_healed":0,"gold_gain":0,"player_choice":"Stole Relic","damage_taken":0,"relics_obtained":["Mango"],"max_hp_gain":0,"max_hp_loss":0,"event_name":"Addict","floor":28,"gold_loss":0,"cards_obtained":["Shame"]},{"damage_healed":0,"gold_gain":0,"player_choice":"Trade","damage_taken":0,"relics_obtained":["GremlinMask"],"max_hp_gain":0,"max_hp_loss":0,"event_name":"FaceTrader","floor":29,"gold_loss":0}],"is_beta":false,"boss_relics":[{"not_picked":["Black Star","bronze:MakeshiftBattery"],"picked":"Sozu"}],"items_purged_floors":[5],"is_endless":false,"potions_floor_spawned":[1,11,16,18,23,25,30],"killed_by":"Collector","ascension_level":14}}