{"host":"r53pw7z744tg3fxg","time":1612793521,"event":{"mods":["AchievementEnabler","BaseMod","Colored Map","Colored Powertips","Highlight Path","Minty Spire (QoL Compilation)","Quick Restart","Transform Curses"],"gold_per_floor":[5014,5028,5028,5103,4654,4685,4705,4732,4732,4745,4745,4822,4842,4874,4874,4970,4970,4987,4610,4629,4629,4629,4662,4662,4677,4727,4761,4861,4886,4904,4929,4929,5028,5078,5095,5105,5121,4580,4600,4627,4627,4627,4654,4688,4688,4717,4769,4801,4801,4801,4801,4801,4347,4375,4375],"floor_reached":56,"language":"ENG","playtime":1537,"items_purged":[],"score":2958,"play_id":"9062cafd-6257-4ac0-bf49-d2e345ff2c81","local_time":"20210208071201","is_ascension_mode":true,"campfire_choices":[{"data":"1","floor":11,"key":"LIFT"},{"data":"2","floor":15,"key":"LIFT"},{"data":"3","floor":24,"key":"LIFT"},{"floor":32,"key":"RECALL"},{"data":"Limit Break","floor":41,"key":"SMITH"},{"data":"Violence","floor":45,"key":"SMITH"},{"floor":49,"key":"REST"},{"floor":52,"key":"REST"}],"circlet_count":0,"master_deck":["Barricade+1","Inflame+1","Impervious+1","Impervious+1","Impervious+1","Impervious+1","Limit Break+1","Entrench+1","Entrench+1","Body Slam+1","Whirlwind+1","Swift Strike+1","Swift Strike+1","Swift Strike+1","Panache+1","Good Instincts+1","Good Instincts+1","Good Instincts+1","Cleave+1","Demon Form+1","Panacea+1","Flame Barrier+1","Limit Break+1","Violence+1","Heavy Blade+1"],"relics":["Medical Kit","Black Blood","Black Star","Girya","Ginger","Turnip","Calipers","Anchor","Pen Nib","Chemical X","Unceasing Top","Shuriken","StrikeDummy","Self Forming Clay","Omamori","Bottled Flame","Blood Vial","Happy Flower","Mark of Pain","Bronze Scales","Bag of Preparation","MutagenicStrength","Necronomicon","Toy Ornithopter","Oddly Smooth Stone","Potion Belt","Sundial","Molten Egg 2","Unceasing Top","Darkstone Periapt","Akabeko","Torii","Nunchaku","Pantograph","Tiny House","Eternal Feather","Strawberry","TheAbacus","War Paint","Frozen Egg 2","Boot","Bottled Tornado","Centennial Puzzle","Vajra","Ginger","Ancient Tea Set","Bag of Marbles","Lantern","Orichalcum","HandDrill","Red Skull","Pear"],"acts_visited":["Exordium","TheCity","TheBeyond","TheEnding"],"potions_floor_usage":[14,14],"damage_taken":[{"damage":3,"enemies":"Jaw Worm","floor":1,"turns":6},{"damage":0,"enemies":"Small Slimes","floor":2,"turns":3},{"damage":0,"enemies":"Lagavulin","floor":6,"turns":2},{"damage":0,"enemies":"2 Louse","floor":7,"turns":1},{"damage":0,"enemies":"3 Sentries","floor":8,"turns":1},{"damage":0,"enemies":"Looter","floor":10,"turns":1},{"damage":0,"enemies":"Blue Slaver","floor":13,"turns":1},{"damage":0,"enemies":"Lagavulin","floor":14,"turns":1},{"damage":0,"enemies":"Hexaghost","floor":16,"turns":2},{"damage":0,"enemies":"3 Byrds","floor":18,"turns":1},{"damage":0,"enemies":"Spheric Guardian","floor":20,"turns":1},{"damage":0,"enemies":"Slavers","floor":23,"turns":1},{"damage":0,"enemies":"3 Cultists","floor":25,"turns":1},{"damage":0,"enemies":"Gremlin Leader","floor":27,"turns":1},{"damage":0,"enemies":"Colosseum Slavers","floor":28,"turns":1},{"damage":0,"enemies":"Colosseum Nobs","floor":28,"turns":1},{"damage":0,"enemies":"Slavers","floor":29,"turns":1},{"damage":0,"enemies":"Snake Plant","floor":30,"turns":1},{"damage":0,"enemies":"Gremlin Leader","floor":31,"turns":1},{"damage":0,"enemies":"Champ","floor":33,"turns":1},{"damage":0,"enemies":"Orb Walker","floor":35,"turns":1},{"damage":0,"enemies":"3 Darklings","floor":36,"turns":1},{"damage":0,"enemies":"4 Shapes","floor":37,"turns":1},{"damage":0,"enemies":"Maw","floor":39,"turns":1},{"damage":0,"enemies":"Giant Head","floor":40,"turns":1},{"damage":0,"enemies":"Nemesis","floor":44,"turns":1},{"damage":0,"enemies":"Giant Head","floor":46,"turns":1},{"damage":0,"enemies":"2 Orb Walkers","floor":47,"turns":1},{"damage":0,"enemies":"Reptomancer","floor":48,"turns":1},{"damage":0,"enemies":"Awakened One","floor":50,"turns":2},{"damage":0,"enemies":"Shield and Spear","floor":54,"turns":1},{"damage":0,"enemies":"The Heart","floor":55,"turns":3}],"seed_played":"7898032784851014156","potions_obtained":[{"floor":6,"key":"SteroidPotion"},{"floor":8,"key":"GamblersBrew"},{"floor":13,"key":"Strength Potion"},{"floor":14,"key":"Swift Potion"},{"floor":28,"key":"LiquidMemories"},{"floor":30,"key":"AttackPotion"},{"floor":31,"key":"LiquidBronze"},{"floor":37,"key":"Explosive Potion"}],"is_trial":false,"path_per_floor":["M","M","?","?","$","E","M","E","T","M","R","?","M","E","R","B",null,"M","$","M","?","?","E","R","M","T","E","?","E","M","E","R","B",null,"M","M","M","$","M","E","R","?","T","E","R","E","?","E","R","B",null,"R","$","E","B",null],"character_chosen":"IRONCLAD","items_purchased":["Anchor","Pen Nib","Chemical X","Bronze Scales","Bag of Preparation","Panacea","Eternal Feather","Strawberry","TheAbacus","Lantern","Orichalcum","HandDrill"],"campfire_rested":2,"item_purchase_floors":[5,5,5,19,19,19,38,38,38,53,53,53],"current_hp_per_floor":[500,500,500,489,489,500,500,500,500,500,500,500,500,500,500,500,500,500,500,500,500,484,498,498,500,500,500,500,500,500,500,500,500,505,505,505,505,512,512,512,512,512,512,512,512,512,512,512,512,512,512,512,512,522,522],"gold":4375,"neow_bonus":"HUNDRED_GOLD","is_daily":false,"chose_seed":false,"campfire_upgraded":2,"win_rate":0.0,"timestamp":1612793521,"path_taken":["M","M","?","?","$","E","M","E","T","M","R","?","M","E","R","BOSS","M","$","M","?","?","E","R","M","T","E","?","E","M","E","R","BOSS","M","M","M","$","M","E","R","?","T","E","R","E","?","E","R","BOSS","R","$","E","BOSS"],"items_purchased_type":["Relic","Relic","Relic","Relic","Relic","Card","Relic","Relic","Relic","Relic","Relic","Relic"],"build_version":"2020-12-22","purchased_purges":0,"victory":true,"max_hp_per_floor":[500,500,500,500,500,500,500,500,500,500,500,500,500,500,500,500,500,500,500,500,500,500,500,500,500,500,500,500,500,500,500,500,500,505,505,505,505,512,512,512,512,512,512,512,512,512,512,512,512,512,512,512,512,522,522],"card_choices":[{"not_picked":["Thunderclap","Dual Wield","Anger"],"picked":"SKIP","floor":1},{"not_picked":["Wild Strike","Rupture"],"picked":"Cleave","floor":2},{"not_picked":["Pommel Strike","Seeing Red","Armaments"],"picked":"SKIP","floor":6},{"not_picked":["Reaper","Perfected Strike","Evolve"],"picked":"SKIP","floor":7},{"not_picked":["Armaments","Clothesline","Sever Soul"],"picked":"SKIP","floor":8},{"not_picked":["Warcry","True Grit","Iron Wave"],"picked":"SKIP","floor":10},{"not_picked":["Iron Wave","Shrug It Off","Feel No Pain"],"picked":"SKIP","floor":13},{"not_picked":["Havoc","Headbutt","Anger"],"picked":"SKIP","floor":14},{"not_picked":["Warcry","Anger","Sword Boomerang+1"],"picked":"SKIP","floor":18},{"not_picked":["Feed","Perfected Strike","Twin Strike"],"picked":"SKIP","floor":20},{"not_picked":["Heavy Blade","Flex"],"picked":"Flame Barrier","floor":23},{"not_picked":["Pummel+1","Iron Wave","Perfected Strike"],"picked":"SKIP","floor":25},{"not_picked":["True Grit","Whirlwind+1","Seeing Red"],"picked":"SKIP","floor":27},{"not_picked":["Reckless Charge+1","Twin Strike+1","Sword Boomerang+1"],"picked":"SKIP","floor":29},{"not_picked":["Hemokinesis+1","Thunderclap+1","Anger+1"],"picked":"SKIP","floor":30},{"not_picked":["Clothesline+1","Dropkick+1","Shrug It Off"],"picked":"SKIP","floor":31},{"not_picked":["Immolate+1","Feed+1"],"picked":"Limit Break","floor":33},{"not_picked":["Thunderclap+1","Blood for Blood+1","Heavy Blade+1"],"picked":"SKIP","floor":35},{"not_picked":["Anger+1","Combust","Spot Weakness"],"picked":"SKIP","floor":36},{"not_picked":["Anger+1","Wild Strike+1","Power Through"],"picked":"SKIP","floor":37},{"not_picked":["Flex+1","Dark Embrace","Disarm+1"],"picked":"SKIP","floor":39},{"not_picked":["Twin Strike+1","Seeing Red+1","Pommel Strike+1"],"picked":"SKIP","floor":40},{"not_picked":["Dark Shackles","PanicButton"],"picked":"Violence","floor":42},{"not_picked":["Flame Barrier","Headbutt+1","Sword Boomerang+1"],"picked":"SKIP","floor":44},{"not_picked":["Barricade+1","Clash+1","Heavy Blade+1"],"picked":"SKIP","floor":46},{"not_picked":["Headbutt+1","Iron Wave+1","Flame Barrier+1"],"picked":"SKIP","floor":48},{"not_picked":["Iron Wave+1","Armaments+1"],"picked":"Heavy Blade+1","floor":54}],"player_experience":1461936,"relics_obtained":[{"floor":6,"key":"Shuriken"},{"floor":6,"key":"StrikeDummy"},{"floor":8,"key":"Self Forming Clay"},{"floor":8,"key":"Omamori"},{"floor":9,"key":"Bottled Flame"},{"floor":14,"key":"Blood Vial"},{"floor":14,"key":"Happy Flower"},{"floor":22,"key":"Necronomicon"},{"floor":23,"key":"Toy Ornithopter"},{"floor":23,"key":"Oddly Smooth Stone"},{"floor":26,"key":"Potion Belt"},{"floor":27,"key":"Sundial"},{"floor":27,"key":"Molten Egg 2"},{"floor":28,"key":"Unceasing Top"},{"floor":28,"key":"Darkstone Periapt"},{"floor":29,"key":"Akabeko"},{"floor":29,"key":"Torii"},{"floor":31,"key":"Nunchaku"},{"floor":31,"key":"Pantograph"},{"floor":40,"key":"War Paint"},{"floor":40,"key":"Frozen Egg 2"},{"floor":44,"key":"Boot"},{"floor":44,"key":"Bottled Tornado"},{"floor":46,"key":"Centennial Puzzle"},{"floor":46,"key":"Vajra"},{"floor":47,"key":"Ginger"},{"floor":48,"key":"Ancient Tea Set"},{"floor":48,"key":"Bag of Marbles"},{"floor":54,"key":"Red Skull"},{"floor":54,"key":"Pear"}],"event_choices":[{"damage_healed":0,"gold_gain":0,"player_choice":"Leave","damage_taken":0,"max_hp_gain":0,"max_hp_loss":0,"event_name":"The Cleric","floor":3,"gold_loss":0},{"damage_healed":0,"gold_gain":75,"player_choice":"Gather Gold","damage_taken":11,"max_hp_gain":0,"max_hp_loss":0,"event_name":"World of Goop","floor":4,"gold_loss":0},{"damage_healed":0,"gold_gain":77,"player_choice":"Gained Gold","damage_taken":0,"max_hp_gain":0,"max_hp_loss":0,"event_name":"Golden Wing","floor":12,"gold_loss":0},{"damage_healed":0,"gold_gain":0,"player_choice":"Inject Mutagens","damage_taken":0,"relics_obtained":["MutagenicStrength"],"max_hp_gain":0,"max_hp_loss":0,"event_name":"Drug Dealer","floor":21,"gold_loss":0},{"damage_healed":0,"gold_gain":0,"player_choice":"Obtained Book","damage_taken":16,"max_hp_gain":0,"max_hp_loss":0,"event_name":"Cursed Tome","floor":22,"gold_loss":0},{"damage_healed":0,"gold_gain":0,"player_choice":"Fight","damage_taken":0,"max_hp_gain":0,"max_hp_loss":0,"event_name":"Colosseum","floor":28,"gold_loss":0},{"damage_healed":0,"gold_gain":0,"player_choice":"Fought Nobs","damage_taken":0,"max_hp_gain":0,"max_hp_loss":0,"event_name":"Colosseum","floor":28,"gold_loss":0},{"damage_healed":0,"gold_gain":0,"player_choice":"Memory 1","damage_taken":0,"max_hp_gain":0,"max_hp_loss":0,"event_name":"SensoryStone","floor":42,"gold_loss":0},{"damage_healed":0,"gold_gain":0,"player_choice":"Fight","damage_taken":0,"max_hp_gain":0,"max_hp_loss":0,"event_name":"Mysterious Sphere","floor":47,"gold_loss":0}],"is_beta":false,"boss_relics":[{"not_picked":["Black Star","Runic Dome"],"picked":"Mark of Pain"},{"not_picked":["Sozu","Cursed Key"],"picked":"Tiny House"}],"items_purged_floors":[],"is_endless":false,"potions_floor_spawned":[6,8,10,13,14,20,28,30,31,37,44,46,47],"ascension_level":11}}