{"host":"tetq3wi5anb97imq","time":1612809915,"event":{"mods":["BaseMod","Block Reminder","Minty Spire (QoL Compilation)","Quick Restart","StSLib","SuperFastMode"],"gold_per_floor":[119,130,205,205,40,68,68,94,170,186,186,198,198,217,217,293,293,307,317,330,330,348,381,381,306,306,319,333,359,369,397,397,397,397],"floor_reached":33,"language":"ENG","playtime":888,"items_purged":[],"score":738,"play_id":"eeece981-04a4-4fc6-a1bd-ae3f8627df08","local_time":"20210208164515","is_ascension_mode":true,"campfire_choices":[{"data":"Dagger Spray","floor":7,"key":"SMITH"},{"data":"Adrenaline","floor":11,"key":"SMITH"},{"data":"Terror","floor":15,"key":"SMITH"},{"data":"Blade Dance","floor":24,"key":"SMITH"},{"data":"Glass Knife","floor":32,"key":"SMITH"}],"circlet_count":0,"master_deck":["AscendersBane","Strike_G+1","Strike_G","Strike_G","Strike_G+1","Defend_G","Defend_G","Defend_G","Defend_G","Defend_G","Survivor","Neutralize+1","Leg Sweep","PiercingWail+1","Dagger Spray+1","Dagger Throw","Backflip","Cloak And Dagger","Adrenaline+1","Blade Dance+1","Neutralize","Terror+1","Glass Knife+1","Quick Slash"],"relics":["Ring of the Snake","NeowsBlessing","Toy Ornithopter","Whetstone","Ninja Scroll","Busted Crown","MutagenicStrength","HornCleat","Bottled Lightning","Meat on the Bone","Akabeko"],"acts_visited":["Exordium","TheCity"],"potions_floor_usage":[6,8,8,16,23,23,27,33],"damage_taken":[{"damage":0,"enemies":"Jaw Worm","floor":1,"turns":1},{"damage":0,"enemies":"2 Louse","floor":2,"turns":1},{"damage":0,"enemies":"Gremlin Nob","floor":6,"turns":1},{"damage":31,"enemies":"3 Sentries","floor":8,"turns":10},{"damage":0,"enemies":"Cultist","floor":10,"turns":3},{"damage":0,"enemies":"2 Fungi Beasts","floor":12,"turns":2},{"damage":0,"enemies":"Looter","floor":14,"turns":2},{"damage":5,"enemies":"The Guardian","floor":16,"turns":14},{"damage":3,"enemies":"2 Thieves","floor":18,"turns":3},{"damage":0,"enemies":"Spheric Guardian","floor":19,"turns":3},{"damage":4,"enemies":"Snecko","floor":20,"turns":5},{"damage":11,"enemies":"Cultist and Chosen","floor":22,"turns":6},{"damage":17,"enemies":"Book of Stabbing","floor":23,"turns":4},{"damage":0,"enemies":"Sentry and Sphere","floor":27,"turns":3},{"damage":0,"enemies":"Snake Plant","floor":28,"turns":2},{"damage":0,"enemies":"Slavers","floor":29,"turns":4},{"damage":0,"enemies":"3 Cultists","floor":30,"turns":4},{"damage":8,"enemies":"Gremlin Leader","floor":31,"turns":6},{"damage":36,"enemies":"Champ","floor":33,"turns":7}],"seed_played":"-7383990105081391784","potions_obtained":[{"floor":1,"key":"Fruit Juice"},{"floor":6,"key":"SneckoOil"},{"floor":8,"key":"Weak Potion"},{"floor":14,"key":"Dexterity Potion"},{"floor":16,"key":"Weak Potion"},{"floor":20,"key":"DistilledChaos"},{"floor":22,"key":"LiquidMemories"},{"floor":23,"key":"Weak Potion"},{"floor":29,"key":"Ancient Potion"}],"is_trial":false,"path_per_floor":["M","M","?","?","$","E","R","E","T","M","R","M","?","M","R","B",null,"M","M","M","?","M","E","R","?","T","M","M","E","M","E","R","B"],"character_chosen":"THE_SILENT","items_purchased":["Regen Potion","Dagger Spray","Dagger Throw"],"campfire_rested":0,"item_purchase_floors":[5,5,5],"current_hp_per_floor":[59,59,48,28,28,38,38,32,32,32,32,32,32,32,32,32,61,58,58,54,54,43,36,36,36,36,41,41,41,41,45,45,14,14],"gold":397,"neow_bonus":"THREE_ENEMY_KILL","is_daily":false,"chose_seed":false,"campfire_upgraded":5,"win_rate":0.0,"timestamp":1612809915,"path_taken":["M","M","?","?","?","E","R","E","T","M","R","M","?","M","R","BOSS","M","?","M","?","M","E","R","?","T","M","M","E","M","E","R","BOSS"],"items_purchased_type":["Potion","Card","Card"],"build_version":"2020-12-22","purchased_purges":0,"victory":false,"max_hp_per_floor":[66,66,66,66,66,71,71,71,71,71,71,71,71,71,71,71,71,71,71,71,71,71,71,71,71,71,71,71,71,71,71,71,71,71],"card_choices":[{"not_picked":["Acrobatics","PiercingWail"],"picked":"Leg Sweep","floor":1},{"not_picked":["Well Laid Plans","Underhanded Strike"],"picked":"PiercingWail","floor":2},{"not_picked":["Dagger Spray","Riddle With Holes"],"picked":"Backflip","floor":6},{"not_picked":["Underhanded Strike","Quick Slash"],"picked":"Cloak And Dagger","floor":8},{"not_picked":["Deadly Poison","Distraction"],"picked":"Adrenaline","floor":10},{"not_picked":["Accuracy","Quick Slash"],"picked":"Blade Dance","floor":12},{"not_picked":["Dodge and Roll","Riddle With Holes"],"picked":"Terror","floor":14},{"not_picked":["Corpse Explosion","Grand Finale"],"picked":"Glass Knife","floor":16},{"not_picked":["Infinite Blades"],"picked":"SKIP","floor":18},{"not_picked":["Terror"],"picked":"SKIP","floor":19},{"not_picked":["Slice"],"picked":"SKIP","floor":20},{"not_picked":["Dagger Throw"],"picked":"SKIP","floor":22},{"not_picked":["Terror"],"picked":"SKIP","floor":23},{"not_picked":["Terror"],"picked":"SKIP","floor":27},{"not_picked":["Outmaneuver"],"picked":"SKIP","floor":28},{"not_picked":["Acrobatics"],"picked":"SKIP","floor":29},{"not_picked":["Terror"],"picked":"SKIP","floor":30},{"not_picked":[],"picked":"Quick Slash","floor":31}],"player_experience":1647864,"relics_obtained":[{"floor":6,"key":"Toy Ornithopter"},{"floor":8,"key":"Whetstone"},{"floor":9,"key":"Ninja Scroll"},{"floor":23,"key":"HornCleat"},{"floor":26,"key":"Bottled Lightning"},{"floor":29,"key":"Meat on the Bone"},{"floor":31,"key":"Akabeko"}],"event_choices":[{"damage_healed":0,"gold_gain":75,"player_choice":"Gather Gold","damage_taken":11,"max_hp_gain":0,"max_hp_loss":0,"event_name":"World of Goop","floor":3,"gold_loss":0},{"damage_healed":0,"gold_gain":0,"player_choice":"Entered Light","damage_taken":20,"max_hp_gain":0,"max_hp_loss":0,"event_name":"Shining Light","floor":4,"gold_loss":0,"cards_upgraded":["PiercingWail","Strike_G"]},{"damage_healed":0,"gold_gain":0,"player_choice":"1 cards matched","damage_taken":0,"max_hp_gain":0,"max_hp_loss":0,"event_name":"Match and Keep!","floor":13,"gold_loss":0,"cards_obtained":["Neutralize"]},{"damage_healed":0,"gold_gain":0,"player_choice":"Inject Mutagens","damage_taken":0,"relics_obtained":["MutagenicStrength"],"max_hp_gain":0,"max_hp_loss":0,"event_name":"Drug Dealer","floor":21,"gold_loss":0},{"cards_removed":["Strike_G"],"damage_healed":0,"gold_gain":0,"player_choice":"Gave Gold","damage_taken":0,"max_hp_gain":0,"max_hp_loss":0,"event_name":"Beggar","floor":25,"gold_loss":75}],"is_beta":false,"boss_relics":[{"not_picked":["SlaversCollar","Philosopher\u0027s Stone"],"picked":"Busted Crown"}],"items_purged_floors":[],"is_endless":false,"potions_floor_spawned":[1,6,8,14,16,19,20,22,23,29],"killed_by":"Champ","ascension_level":20}}