{"host":"d4hjo1dp8g06u19c","time":1612785032,"event":{"mods":["Act Like it!","Arknights","BaseMod","Colored Map","Colored Powertips","Downfall","Marisa£®ÏF”Í°°ƒß¿Ì…≥£©","Minty Spire (QoL Compilation)","Quick Restart","Shop Mod","Spicy Shops","StSLib","The Animator","UnlockEverythingMod","Youmu£®ªÍ∆«—˝√Œ£©"],"gold_per_floor":[209,17,192,217,227,227,256,256,281,292,292,323,75,75,75,171,171,189,189,208,73,90,116,116,168,168,18,18,38,65,82,82,180,180,190,190,190,40,58,83,0,0,0,50,60,93,142,174,174,174],"floor_reached":51,"language":"ZHS","playtime":3258,"items_purged":["Doubt","Regret","Shame","ats:Defend"],"score":802,"play_id":"36b0f1dc-64b8-4a53-ba9d-d2520b9884e5","local_time":"20210208195032","is_ascension_mode":false,"campfire_choices":[{"data":"ats:Healing Strengthening","floor":6.0,"key":"SMITH"},{"data":"ats:Healing Drone","floor":11.0,"key":"SMITH"},{"data":"ats:Magnetic Hammer","floor":15.0,"key":"SMITH"},{"data":"ats:Shadow Assault","floor":24,"key":"SMITH"},{"data":"ats:Part Time Job","floor":32,"key":"SMITH"},{"data":"ats:Shadow Assault","floor":42,"key":"SMITH"},{"data":"ats:Counter Healing Mode","floor":49,"key":"SMITH"}],"circlet_count":0,"master_deck":["ats:Strike C","ats:Strike G","ats:Strike S","ats:Strike V","ats:Defend","ats:Defend","ats:Defend","ats:Emotion Absorption","ats:Revitalization","ats:Healing Strengthening+1","ats:Healing Drone+1","ats:Absolute Focus","ats:Very Hot Blade","ats:Healing Strengthening","ats:Demon Strength","ats:Magnetic Hammer+1","ats:Shadow Assault+1","ats:Apocalypse","ats:Consecutive Shot Auto","ats:Counter Healing Mode+1","ats:Healing Strengthening","ats:Curse Doll+1","ats:Revitalization+1","ats:Part Time Job+1","ats:Calcification+1","ats:Shadow Assault+1","ats:Healing Drone+1","ats:Shell Defense+1"],"relics":["ats:Sanity","StrikeDummy","Dream Catcher","ats:Originium","MealTicket","Toy Ornithopter","Orichalcum","Lantern","FaceOfCleric","SlaversCollar","Toxic Egg 2","Sundial","ats:Spiritual Recovery","Shovel","Mango","Busted Crown","Potion Belt","Red Mask","Art of War","CatCart","Juzu Bracelet","Lizard Tail","Meat on the Bone"],"acts_visited":["Exordium","TheCity","TheBeyond"],"potions_floor_usage":[33,44,44,50],"damage_taken":[{"damage":6.0,"enemies":"Jaw Worm","floor":1.0,"turns":3.0},{"damage":8.0,"enemies":"Small Slimes","floor":5.0,"turns":5.0},{"damage":83.0,"enemies":"3 Sentries","floor":7.0,"turns":15.0},{"damage":17.0,"enemies":"2 Louse","floor":10.0,"turns":5.0},{"damage":39.0,"enemies":"Lagavulin","floor":12.0,"turns":7.0},{"damage":76.0,"enemies":"The Guardian","floor":16.0,"turns":14.0},{"damage":37.0,"enemies":"2 Thieves","floor":18.0,"turns":4.0},{"damage":42.0,"enemies":"3 Byrds","floor":20.0,"turns":8.0},{"damage":58,"enemies":"Sentry and Sphere","floor":22,"turns":7},{"damage":100,"enemies":"Slavers","floor":23,"turns":8},{"damage":57,"enemies":"Snake Plant","floor":29,"turns":8},{"damage":139,"enemies":"Book of Stabbing","floor":30,"turns":10},{"damage":134,"enemies":"Chosen and Byrds","floor":31,"turns":11},{"damage":75,"enemies":"Collector","floor":33,"turns":9},{"damage":3,"enemies":"3 Shapes","floor":35,"turns":2},{"damage":41,"enemies":"Orb Walker","floor":39,"turns":5},{"damage":84,"enemies":"Reptomancer","floor":40,"turns":7},{"damage":183,"enemies":"Orin","floor":44,"turns":13},{"damage":30,"enemies":"Maw","floor":45,"turns":7},{"damage":94,"enemies":"Nemesis","floor":46,"turns":9},{"damage":135,"enemies":"2 Orb Walkers","floor":47,"turns":6},{"damage":70,"enemies":"Giant Head","floor":48,"turns":8},{"damage":133,"enemies":"Donu and Deca","floor":50,"turns":8}],"seed_played":"-4713111849133834861","potions_obtained":[{"floor":1.0,"key":"AttackPotion"},{"floor":5.0,"key":"Block Potion"},{"floor":7.0,"key":"Weak Potion"},{"floor":20.0,"key":"SpeedPotion"},{"floor":30,"key":"Strength Potion"},{"floor":31,"key":"Fire Potion"},{"floor":39,"key":"Strength Potion"},{"floor":40,"key":"SteroidPotion"},{"floor":46,"key":"LiquidBronze"}],"is_trial":false,"path_per_floor":["M","$","?","T","M","R","E","?","T","M","R","E","$","?","R","B",null,"M","?","M","$","M","E","R","T","T","$","?","M","E","M","R","B",null,"M","?","?","$","M","E","?","R","T","?","M","E","?","E","R","B",null],"character_chosen":"DOCTOR_CLASS","items_purchased":["ats:Healing Strengthening","StrikeDummy","ats:Demon Strength","ats:Magnetic Hammer","ats:Counter Healing Mode","ats:Revitalization+1"],"campfire_rested":0,"item_purchase_floors":[2,2,13,13,21,27],"current_hp_per_floor":[66,66,66,66,63,63,62,62,62,72,72,55,70,70,70,73,73,46,46,75,75,74,66,66,66,66,77,77,74,73,75,75,93,95,93,91,91,91,92,93,93,93,93,53,95,96,77,93,93,84],"gold":174,"neow_bonus":"HUNDRED_GOLD","is_daily":false,"chose_seed":false,"campfire_upgraded":7,"win_rate":0.0,"timestamp":1612785032,"path_taken":["M","$","?","?","M","R","E","?","T","M","R","E","$","?","R","BOSS","M","?","M","$","M","E","R","?","T","$","?","?","E","M","R","BOSS","M","?","?","$","M","E","?","R","T","?","M","E","?","E","R","BOSS"],"items_purchased_type":["Card","Relic","Card","Card","Card","Card"],"build_version":"2020-12-22","purchased_purges":4,"victory":true,"max_hp_per_floor":[72,72,72,72,72,72,72,72,72,72,72,72,72,72,72,73,73,74,74,75,75,76,77,77,77,77,77,77,78,93,94,94,95,95,96,91,91,91,92,93,93,93,93,94,95,96,97,98,98,99],"card_choices":[{"not_picked":["ats:Soul Absorption","ats:Apocalypse"],"picked":"ats:Revitalization","floor":1.0},{"not_picked":["ats:Encircling Forest","ats:Serious Mode"],"picked":"ats:Healing Drone","floor":5.0},{"not_picked":["ats:Literary Storm","ats:Defend Order"],"picked":"ats:Absolute Focus","floor":7.0},{"not_picked":["ats:Steam Pump","ats:Flexible Camouflage"],"picked":"ats:Very Hot Blade","floor":10.0},{"not_picked":["ats:Collapsing Strike","ats:Sunburst"],"picked":"ats:Healing Strengthening","floor":12.0},{"not_picked":["ats:Roar Of Ursus","ats:Durian"],"picked":"ats:Shadow Assault","floor":16.0},{"not_picked":["ats:Explosion Area Strengthen+1","ats:Closed Bolt Burst Fire"],"picked":"ats:Apocalypse","floor":18.0},{"not_picked":["ats:Flexible Camouflage+1","ats:Very Hot Blade"],"picked":"ats:Consecutive Shot Auto","floor":20.0},{"not_picked":["ats:Guard Mode+1","ats:Explosion Area Strengthen"],"picked":"ats:Healing Strengthening","floor":22},{"not_picked":["ats:Sunburst","ats:Ignite"],"picked":"ats:Curse Doll+1","floor":23},{"not_picked":["ats:Serious Mode","ats:Flexible Camouflage+1"],"picked":"ats:Part Time Job","floor":29},{"not_picked":["ats:Cat Scratch","ats:Leaping Hammer+1"],"picked":"ats:Calcification+1","floor":30},{"not_picked":["ats:Steam Pump+1","ats:Sunburst","ats:Powerful Strike"],"picked":"SKIP","floor":31},{"not_picked":["ats:Volcano","ats:Soul Rend"],"picked":"ats:Shadow Assault","floor":33},{"not_picked":["ats:Curse Doll+1"],"picked":"SKIP","floor":35},{"not_picked":[],"picked":"ats:Healing Drone+1","floor":39},{"not_picked":["ats:Thorns"],"picked":"SKIP","floor":40},{"not_picked":["ats:Defend Order"],"picked":"SKIP","floor":45},{"not_picked":[],"picked":"ats:Shell Defense+1","floor":46},{"not_picked":["ats:Flame Of Heaven+1"],"picked":"SKIP","floor":48}],"player_experience":135295,"relics_obtained":[{"floor":4.0,"key":"Dream Catcher"},{"floor":7.0,"key":"ats:Originium"},{"floor":7.0,"key":"MealTicket"},{"floor":9.0,"key":"Orichalcum"},{"floor":12.0,"key":"ats:Originium"},{"floor":12.0,"key":"Lantern"},{"floor":23,"key":"ats:Originium"},{"floor":23,"key":"Sundial"},{"floor":25,"key":"ats:Spiritual Recovery"},{"floor":26,"key":"Shovel"},{"floor":30,"key":"ats:Originium"},{"floor":30,"key":"Mango"},{"floor":40,"key":"Potion Belt"},{"floor":43,"key":"Art of War"},{"floor":44,"key":"CatCart"},{"floor":46,"key":"Juzu Bracelet"},{"floor":47,"key":"Lizard Tail"},{"floor":48,"key":"Meat on the Bone"}],"event_choices":[{"damage_healed":0.0,"max_hp_gain":0.0,"max_hp_loss":0.0,"gold_gain":175.0,"event_name":"Liars Game","player_choice":"AGREE","floor":3.0,"gold_loss":0.0,"damage_taken":0.0,"cards_obtained":["Doubt"]},{"damage_healed":0.0,"max_hp_gain":0.0,"max_hp_loss":0.0,"gold_gain":0.0,"event_name":"Big Fish","player_choice":"Box","floor":8.0,"gold_loss":0.0,"damage_taken":0.0,"relics_obtained":["Toy Ornithopter"],"cards_obtained":["Regret"]},{"damage_healed":0.0,"max_hp_gain":0.0,"max_hp_loss":0.0,"gold_gain":0.0,"event_name":"FaceTrader","player_choice":"Trade","floor":14.0,"gold_loss":0.0,"damage_taken":0.0,"relics_obtained":["FaceOfCleric"]},{"damage_healed":0.0,"max_hp_gain":0.0,"max_hp_loss":0.0,"gold_gain":0.0,"event_name":"Addict","player_choice":"Stole Relic","floor":19.0,"gold_loss":0.0,"damage_taken":0.0,"relics_obtained":["Toxic Egg 2"],"cards_obtained":["Shame"]},{"damage_healed":0,"gold_gain":0,"player_choice":"Max HP","damage_taken":0,"max_hp_gain":0,"max_hp_loss":5,"event_name":"Winding Halls","floor":36,"gold_loss":0},{"cards_removed":["ats:Armor Crushing Shot"],"damage_healed":0,"gold_gain":0,"player_choice":"Removed Attack","damage_taken":0,"max_hp_gain":0,"max_hp_loss":0,"event_name":"Falling","floor":37,"gold_loss":0},{"damage_healed":0,"gold_gain":0,"player_choice":"Paid","damage_taken":0,"relics_obtained":["Red Mask"],"max_hp_gain":0,"max_hp_loss":0,"event_name":"Tomb of Lord Red Mask","floor":41,"gold_loss":83},{"damage_healed":0,"gold_gain":0,"player_choice":"Fight","damage_taken":0,"max_hp_gain":0,"max_hp_loss":0,"event_name":"OrinTheCat","floor":44,"gold_loss":0},{"damage_healed":0,"gold_gain":0,"player_choice":"Fight","damage_taken":0,"max_hp_gain":0,"max_hp_loss":0,"event_name":"Mysterious Sphere","floor":47,"gold_loss":0}],"is_beta":false,"boss_relics":[{"not_picked":["bronze:MakeshiftBattery","ats:Tactical Delivery"],"picked":"SlaversCollar"},{"not_picked":["Calling Bell","Sozu"],"picked":"Busted Crown"}],"items_purged_floors":[13,21,27,38],"is_endless":false,"potions_floor_spawned":[1,5,7,20,30,31,39,40,46],"ascension_level":0}}