{"host":"s2k2cf2d36evfy1t","time":1612796259,"event":{"mods":["BaseMod","Bestiary","Minty Spire (QoL Compilation)","Quick Restart","StSLib"],"gold_per_floor":[115,30,42,16,16,16,50,73,73,85,96,96,121,132,132,132,132],"floor_reached":16,"language":"ENG","playtime":651,"items_purged":[],"score":176,"play_id":"bfca686b-7492-48d5-abce-b39b824b100c","local_time":"20210208175739","is_ascension_mode":true,"campfire_choices":[{"data":"Neutralize","floor":6,"key":"SMITH"},{"floor":12,"key":"REST"},{"data":"Cloak And Dagger","floor":15,"key":"SMITH"}],"circlet_count":0,"master_deck":["Strike_G","Strike_G","Strike_G","Strike_G","Strike_G","Defend_G","Defend_G","Defend_G","Defend_G","Defend_G","Survivor","Neutralize+1","Bouncing Flask","Poisoned Stab","Leg Sweep","Leg Sweep","Cloak And Dagger+1","Regret","Blade Dance","Dodge and Roll","PiercingWail","Die Die Die","Quick Slash"],"relics":["Ring of the Snake","NeowsBlessing","Anchor","Torii","Odd Mushroom","Letter Opener","White Beast Statue"],"acts_visited":["Exordium"],"potions_floor_usage":[13,16,16],"damage_taken":[{"damage":0,"enemies":"Cultist","floor":1,"turns":1},{"damage":0,"enemies":"Jaw Worm","floor":3,"turns":1},{"damage":0,"enemies":"Gremlin Nob","floor":7,"turns":1},{"damage":24,"enemies":"The Mushroom Lair","floor":8,"turns":8},{"damage":0,"enemies":"2 Louse","floor":10,"turns":3},{"damage":10,"enemies":"Blue Slaver","floor":11,"turns":3},{"damage":23,"enemies":"3 Sentries","floor":13,"turns":8},{"damage":0,"enemies":"2 Fungi Beasts","floor":14,"turns":2},{"damage":49,"enemies":"Slime Boss","floor":16,"turns":11}],"seed_played":"2926651197148240508","potions_obtained":[{"floor":1,"key":"SmokeBomb"},{"floor":3,"key":"Energy Potion"},{"floor":7,"key":"CultistPotion"},{"floor":13,"key":"Explosive Potion"},{"floor":14,"key":"Regen Potion"}],"is_trial":false,"path_per_floor":["M","$","M","$","?","R","E","?","T","M","M","R","E","M","R","B"],"character_chosen":"THE_SILENT","items_purchased":["Poisoned Stab","Leg Sweep","Cloak And Dagger"],"campfire_rested":1,"item_purchase_floors":[2,2,4],"current_hp_per_floor":[63,63,63,63,63,63,63,39,39,39,29,50,27,27,27,0,0],"gold":132,"neow_bonus":"THREE_ENEMY_KILL","is_daily":false,"chose_seed":false,"campfire_upgraded":2,"win_rate":0.0,"timestamp":1612796259,"path_taken":["M","$","M","$","?","R","E","?","T","M","M","R","E","M","R","BOSS"],"items_purchased_type":["Card","Card","Card"],"build_version":"2020-12-22","purchased_purges":0,"victory":false,"max_hp_per_floor":[70,70,70,70,70,70,70,70,70,70,70,70,70,70,70,70,70],"card_choices":[{"not_picked":["Predator","Blade Dance"],"picked":"Bouncing Flask","floor":1},{"not_picked":["Outmaneuver","Caltrops"],"picked":"Leg Sweep","floor":3},{"not_picked":["Tools of the Trade","Flying Knee","Terror"],"picked":"SKIP","floor":7},{"not_picked":["Flechettes","PiercingWail"],"picked":"Blade Dance","floor":8},{"not_picked":["Setup","Leg Sweep"],"picked":"Dodge and Roll","floor":10},{"not_picked":["Reflex","Poisoned Stab"],"picked":"PiercingWail","floor":11},{"not_picked":["Backflip","Distraction"],"picked":"Die Die Die","floor":13},{"not_picked":["Well Laid Plans","Dodge and Roll"],"picked":"Quick Slash","floor":14}],"player_experience":239742,"relics_obtained":[{"floor":7,"key":"Torii"},{"floor":8,"key":"Odd Mushroom"},{"floor":9,"key":"Letter Opener"},{"floor":13,"key":"White Beast Statue"}],"event_choices":[{"damage_healed":0,"gold_gain":0,"player_choice":"Box","damage_taken":0,"relics_obtained":["Anchor"],"max_hp_gain":0,"max_hp_loss":0,"event_name":"Big Fish","floor":5,"gold_loss":0,"cards_obtained":["Regret"]},{"damage_healed":0,"gold_gain":0,"player_choice":"Fought Mushrooms","damage_taken":0,"max_hp_gain":0,"max_hp_loss":0,"event_name":"Mushrooms","floor":8,"gold_loss":0}],"is_beta":false,"boss_relics":[],"items_purged_floors":[],"is_endless":false,"potions_floor_spawned":[1,3,7,13,14],"killed_by":"Slime Boss","ascension_level":6}}