{"host":"f0dbpmn0khgeoqc0","time":1612755398,"event":{"mods":["2.2 Compatiblity","AchievementEnabler","Act Like it!","Ascension Unlocker","Aspiration","BaseMod","Better Altar","Better Match","Better Sensory Stone","Better Skull","Better Third Choice","BetterRewards","Block Reminder","Colored Map","Colored Powertips","Conspire","DNKmod","Disable Question Mark Monsters","Displayed Cursed Tome","Evolution","Friendly Minions","Hermit","Highlight Path","Humility","Infinite Spire","Jorbs\u0027s Wanderer Trilogy","Koishi","Marisa????????","Minty Spire (QoL Compilation)","Monster B Gone","MostiFishMod","Permanent Neow","Random Character Button","Relic Filter","Relic Stats","Replay The Spire","Spicy Shops","Spire Arcade","StSLib","Td1madao Mod","The Gatherer","Treasure Hunter","Wandering Minibosses","??????REMEMod"],"gold_per_floor":[109,123,140,140,145,145,154,154],"floor_reached":7,"language":"ENG","playtime":1128,"items_purged":["Clumsy"],"score":86,"play_id":"488a96c8-211c-4427-84bc-0f92d952a472","local_time":"20210207223638","is_ascension_mode":true,"campfire_choices":[{"data":"DarkMatter","floor":6,"key":"SMITH"}],"circlet_count":0,"master_deck":["AscendersBane","Strike_MRS","Strike_MRS","Strike_MRS","Strike_MRS","Defend_MRS","Defend_MRS","Defend_MRS","Defend_MRS","UpSweep+1","CasketOfStar","Parasite","Parasite","DoubleSpark","SporeBomb","AlicesGift","Robbery","DarkMatter+1","MachineGunSpark"],"relics":["MiniHakkero","EVO:Axolotl","DaveBox","REME_ComplimentaryCards","ChiXiaoBlade","Membership Card","Kunai","Darkstone Periapt","ShroomBag","infinitespire:WardingShard","SynthV:TestCard"],"acts_visited":["Exordium"],"potions_floor_usage":[7,7],"damage_taken":[{"damage":13,"enemies":"infinitespire:Voidling","floor":1,"turns":3},{"damage":0,"enemies":"Jaw Worm","floor":2,"turns":2},{"damage":0,"enemies":"Cultist","floor":3,"turns":3},{"damage":7,"enemies":"conspire:2 RoseBushes","floor":5,"turns":9},{"damage":106,"enemies":"Gremlin Nob","floor":7,"turns":5}],"seed_played":"5269496487728383153","potions_obtained":[{"floor":1,"key":"SpeedPotion"},{"floor":5,"key":"SkillPotion"}],"is_trial":false,"path_per_floor":["M","M","M","?","M","R","E"],"character_chosen":"MARISA","items_purchased":["Membership Card","Kunai","Darkstone Periapt","ShroomBag","infinitespire:WardingShard","DoubleSpark","SporeBomb"],"campfire_rested":0,"item_purchase_floors":[0,0,0,0,0,0,0],"current_hp_per_floor":[77,81,85,85,82,82,0,0],"gold":154,"neow_bonus":"","is_daily":false,"chose_seed":false,"campfire_upgraded":1,"win_rate":0.0,"timestamp":1612755398,"path_taken":["M","M","?","?","?","R","E"],"items_purchased_type":["Relic","Relic","Relic","Relic","Relic","Card","Card"],"build_version":"2020-12-22","purchased_purges":1,"victory":false,"max_hp_per_floor":[88,88,88,88,88,88,88,88],"relic_stats":{"Darkstone Periapt":18,"counters":[47,175],"Kunai":[22],"obtain_stats":[{"Vajra":55,"BloodWine":22,"MostiFishMod:AdaptiveDefenses":38,"EVO:Axolotl":0,"Whetstone":34,"Blood Vial":63,"GuanYuAspect":34,"DollysMirror":28,"Iron Hammer":10,"Kunai":28,"Jackal-EndForJourney":0,"Replay:Blank Codex":30,"aspiration:StickyExplosives":13,"conspire:TreasureMap":0,"wanderingMiniBosses:ThiefScarf":42,"ReplayTheSpireMod:CursedCoin":0,"Replay:Grab Bag":17,"Oddly Smooth Stone":0,"War Paint":7,"RhineCircuit":17,"infinitespire:EvilPickle":34,"Replay:Baseball":32,"Bottled Flame":12,"MutagenicStrength":20,"Molten Egg 2":25,"ReplayTheSpireMod:TigerMarble":58,"Grinning Jar":11,"hermit:Momento":42,"Darkstone Periapt":0,"Regal Pillow":44,"DaveBox":0,"Singing Bowl":9,"Bag of Preparation":27,"conspire:TopHat":22,"REME_DemonsWealth":17,"Nunchaku":26,"Chameleon Ring":0,"Red Mask":26,"Chemical X":36,"BargainBundle":25,"NeowsBlessing":0,"PreservedInsect":24,"infinitespire:CheckeredPen":43,"ThornShield":6,"MawBank":44,"ShroomBag":0,"SynthV:TestCard":1,"infinitespire:WardingShard":0,"stsjorbsmod:BookOfTrialsRelic":0,"infinitespire:Satchel":9,"ChewingGum":17,"REME_HandOfSuture":28,"Coffee Dripper":49,"Membership Card":0,"Toy Ornithopter":28,"REME_ComplimentaryCards":0},{"Vajra":16,"BloodWine":6,"MostiFishMod:AdaptiveDefenses":38,"EVO:Axolotl":0,"Whetstone":11,"Blood Vial":17,"GuanYuAspect":37,"DollysMirror":33,"Iron Hammer":4,"Kunai":33,"Jackal-EndForJourney":0,"Replay:Blank Codex":10,"aspiration:StickyExplosives":5,"conspire:TreasureMap":18,"wanderingMiniBosses:ThiefScarf":41,"ReplayTheSpireMod:CursedCoin":18,"Replay:Grab Bag":28,"Oddly Smooth Stone":18,"War Paint":3,"RhineCircuit":28,"infinitespire:EvilPickle":37,"Replay:Baseball":10,"Bottled Flame":26,"MutagenicStrength":30,"Molten Egg 2":8,"ReplayTheSpireMod:TigerMarble":16,"Grinning Jar":26,"hermit:Momento":41,"Darkstone Periapt":42,"Regal Pillow":41,"DaveBox":0,"Singing Bowl":3,"Bag of Preparation":33,"conspire:TopHat":31,"REME_DemonsWealth":28,"Nunchaku":33,"Chameleon Ring":18,"Red Mask":9,"Chemical X":11,"BargainBundle":8,"NeowsBlessing":0,"PreservedInsect":32,"infinitespire:CheckeredPen":41,"ThornShield":24,"MawBank":41,"ShroomBag":42,"SynthV:TestCard":1,"infinitespire:WardingShard":42,"stsjorbsmod:BookOfTrialsRelic":0,"infinitespire:Satchel":25,"ChewingGum":28,"REME_HandOfSuture":10,"Coffee Dripper":13,"Membership Card":18,"Toy Ornithopter":33,"REME_ComplimentaryCards":0},{"Vajra":44,"BloodWine":15,"MostiFishMod:AdaptiveDefenses":133,"EVO:Axolotl":0,"Whetstone":23,"Blood Vial":49,"GuanYuAspect":124,"DollysMirror":111,"Iron Hammer":7,"Kunai":111,"Jackal-EndForJourney":0,"Replay:Blank Codex":21,"aspiration:StickyExplosives":10,"conspire:TreasureMap":51,"wanderingMiniBosses:ThiefScarf":149,"ReplayTheSpireMod:CursedCoin":51,"Replay:Grab Bag":93,"Oddly Smooth Stone":51,"War Paint":4,"RhineCircuit":93,"infinitespire:EvilPickle":124,"Replay:Baseball":21,"Bottled Flame":81,"MutagenicStrength":99,"Molten Egg 2":17,"ReplayTheSpireMod:TigerMarble":44,"Grinning Jar":81,"hermit:Momento":149,"Darkstone Periapt":153,"Regal Pillow":149,"DaveBox":0,"Singing Bowl":4,"Bag of Preparation":111,"conspire:TopHat":105,"REME_DemonsWealth":93,"Nunchaku":111,"Chameleon Ring":51,"Red Mask":19,"Chemical X":23,"BargainBundle":17,"NeowsBlessing":0,"PreservedInsect":107,"infinitespire:CheckeredPen":149,"ThornShield":75,"MawBank":149,"ShroomBag":153,"SynthV:TestCard":1,"infinitespire:WardingShard":153,"stsjorbsmod:BookOfTrialsRelic":0,"infinitespire:Satchel":78,"ChewingGum":93,"REME_HandOfSuture":21,"Coffee Dripper":37,"Membership Card":51,"Toy Ornithopter":111,"REME_ComplimentaryCards":0}]},"card_choices":[{"not_picked":["FairyDestructionRay","DoubleSpark"],"picked":"AlicesGift","floor":1},{"not_picked":["StarlightTyphoon","DarkSpark","EarthLightRay","6A"],"picked":"Robbery","floor":2},{"not_picked":["ShootingEcho","MilkyWay","NonDirectionalLaser","LuminesStrike"],"picked":"DarkMatter","floor":3},{"not_picked":["WitchLeyline","OrrerysSun","MysteriousBeam","ChargeUpSpray"],"picked":"MachineGunSpark","floor":5}],"player_experience":574988,"relics_obtained":[{"floor":1,"key":"SynthV:TestCard"}],"event_choices":[{"damage_healed":0,"gold_gain":0,"player_choice":"Forge","damage_taken":0,"max_hp_gain":0,"max_hp_loss":0,"event_name":"Accursed Blacksmith","floor":4,"gold_loss":0,"cards_upgraded":["UpSweep"]}],"is_beta":false,"boss_relics":[],"items_purged_floors":[0],"is_endless":false,"potions_floor_spawned":[1,5],"killed_by":"Gremlin Nob","ascension_level":20,"is_humility":true}}