{"host":"mnpd8gh7cwxsn5kh","time":1612808301,"event":{"mods":["BaseMod","Bestiary","Block Reminder","Colored Map","Colored Powertips","Highlight Path","Minty Spire (QoL Compilation)","Relic Sorter","Relic Stats"],"gold_per_floor":[116,126,126,2,17,17,28,57,57,57,70,245,245,90,90,195,195,207,107,107,120,120,120,147,147,172,192,223,233,50,68,68,169,169,184,184,12,23,23,23,23],"floor_reached":40,"language":"ENG","playtime":3271,"items_purged":["Strike_B","Doubt"],"score":678,"play_id":"4bedbab6-e78e-4df4-b2e3-df756686b605","local_time":"20210208191821","is_ascension_mode":true,"campfire_choices":[{"data":"Doom and Gloom","floor":6,"key":"SMITH"},{"data":"Thinking Ahead","floor":10,"key":"SMITH"},{"data":"Dualcast","floor":15,"key":"SMITH"},{"data":"Streamline","floor":23,"key":"SMITH"},{"floor":25,"key":"REST"},{"floor":32,"key":"REST"}],"circlet_count":0,"master_deck":["AscendersBane","Strike_B","Strike_B","Strike_B","Defend_B","Defend_B","Defend_B","Defend_B","Zap+1","Dualcast+1","Thinking Ahead+1","Ball Lightning","Steam","Conserve Battery","Doom and Gloom+1","Rebound","Ball Lightning","Coolheaded","All For One","CurseOfTheBell","Gash+1","Streamline+1","Biased Cognition","Go for the Eyes","Undo","Leap","Undo","Steam","Buffer","Streamline","Stack"],"relics":["FrozenCore","Kunai","Regal Pillow","Anchor","Calling Bell","Pen Nib","Darkstone Periapt","CaptainsWheel","Nloth\u0027s Gift","Blue Candle","Omamori","Toy Ornithopter","Oddly Smooth Stone","Membership Card"],"acts_visited":["Exordium","TheCity","TheBeyond"],"potions_floor_usage":[8,16,28,29,33,40,40],"damage_taken":[{"damage":19,"enemies":"Small Slimes","floor":1,"turns":5},{"damage":5,"enemies":"2 Louse","floor":2,"turns":3},{"damage":0,"enemies":"Jaw Worm","floor":5,"turns":2},{"damage":2,"enemies":"Large Slime","floor":7,"turns":5},{"damage":17,"enemies":"Lagavulin","floor":8,"turns":6},{"damage":1,"enemies":"Looter","floor":11,"turns":3},{"damage":32,"enemies":"The Guardian","floor":16,"turns":14},{"damage":16,"enemies":"2 Thieves","floor":18,"turns":4},{"damage":0,"enemies":"Chosen","floor":21,"turns":4},{"damage":51,"enemies":"Slavers","floor":24,"turns":5},{"damage":2,"enemies":"3 Cultists","floor":27,"turns":4},{"damage":41,"enemies":"Gremlin Leader","floor":28,"turns":5},{"damage":9,"enemies":"Centurion and Healer","floor":29,"turns":7},{"damage":2,"enemies":"Snake Plant","floor":31,"turns":4},{"damage":38,"enemies":"Champ","floor":33,"turns":11},{"damage":0,"enemies":"Orb Walker","floor":35,"turns":5},{"damage":12,"enemies":"3 Shapes","floor":38,"turns":10},{"damage":67,"enemies":"Giant Head","floor":40,"turns":9}],"seed_played":"-9003844134472923185","potions_obtained":[{"floor":2,"key":"AttackPotion"},{"floor":11,"key":"AttackPotion"},{"floor":18,"key":"Dexterity Potion"},{"floor":27,"key":"Energy Potion"},{"floor":28,"key":"Strength Potion"},{"floor":33,"key":"SteroidPotion"},{"floor":35,"key":"Block Potion"},{"floor":36,"key":"DuplicationPotion"}],"is_trial":false,"path_per_floor":["M","M","?","$","M","R","M","E","T","R","M","?","T","$","R","B",null,"M","$","?","M","?","R","E","R","T","M","E","M","$","M","R","B",null,"M","?","$","M","?","E"],"character_chosen":"DEFECT","items_purchased":["Conserve Battery","Anchor","Oddly Smooth Stone","Undo","Membership Card","Stack"],"campfire_rested":2,"item_purchase_floors":[4,14,30,30,37,37],"current_hp_per_floor":[49,44,44,44,44,44,42,25,35,35,34,34,34,34,34,2,59,43,43,69,69,69,69,18,56,56,54,13,9,9,7,45,12,62,62,62,62,50,50,0,0],"gold":23,"neow_bonus":"RANDOM_COLORLESS_2","is_daily":false,"chose_seed":false,"campfire_upgraded":4,"win_rate":0.0,"timestamp":1612808301,"path_taken":["M","M","?","$","M","R","M","E","T","R","M","?","?","$","R","BOSS","M","$","?","M","?","R","E","R","T","M","E","M","$","?","R","BOSS","M","?","$","?","?","E"],"items_purchased_type":["Card","Relic","Relic","Card","Relic","Card"],"build_version":"2020-12-22","purchased_purges":2,"victory":false,"max_hp_per_floor":[68,68,68,68,68,68,68,68,78,78,78,78,78,78,78,78,78,78,78,78,78,78,78,78,78,78,78,78,78,78,78,78,78,78,78,78,78,78,78,78,78],"relic_stats":{"Darkstone Periapt":0,"Regal Pillow":30,"counters":[18,106],"Blue Candle":[4],"Pen Nib":[12],"Nloth\u0027s Gift":3,"Kunai":[19],"obtain_stats":[{"Darkstone Periapt":17,"Regal Pillow":13,"Pear":9,"Blue Candle":24,"Oddly Smooth Stone":30,"Pen Nib":17,"Omamori":26,"FrozenCore":34,"Calling Bell":17,"Anchor":14,"CaptainsWheel":17,"Nloth\u0027s Gift":22,"Kunai":8,"Membership Card":37,"Cracked Core":0,"Toy Ornithopter":28},{"Darkstone Periapt":7,"Regal Pillow":6,"Pear":5,"Blue Candle":10,"Oddly Smooth Stone":13,"Pen Nib":7,"Omamori":10,"FrozenCore":15,"Calling Bell":7,"Anchor":6,"CaptainsWheel":7,"Nloth\u0027s Gift":9,"Kunai":5,"Membership Card":16,"Cracked Core":0,"Toy Ornithopter":12},{"Darkstone Periapt":38,"Regal Pillow":24,"Pear":21,"Blue Candle":51,"Oddly Smooth Stone":67,"Pen Nib":38,"Omamori":51,"FrozenCore":82,"Calling Bell":38,"Anchor":24,"CaptainsWheel":38,"Nloth\u0027s Gift":46,"Kunai":21,"Membership Card":87,"Cracked Core":0,"Toy Ornithopter":60}],"Toy Ornithopter":20,"FrozenCore":[6]},"card_choices":[{"not_picked":["Secret Technique","Metamorphosis"],"picked":"Thinking Ahead","floor":0},{"not_picked":["Compile Driver","Rip and Tear"],"picked":"Ball Lightning","floor":1},{"not_picked":["Defragment","Coolheaded"],"picked":"Steam","floor":2},{"not_picked":["Barrage","Steam"],"picked":"Doom and Gloom","floor":5},{"not_picked":["Compile Driver","Coolheaded"],"picked":"Rebound","floor":7},{"not_picked":["Turbo","Scrape"],"picked":"Ball Lightning","floor":8},{"not_picked":["Aggregate","Go for the Eyes"],"picked":"Coolheaded","floor":11},{"not_picked":["Amplify","Machine Learning"],"picked":"All For One","floor":16},{"not_picked":["Redo+1","Static Discharge"],"picked":"Gash+1","floor":18},{"not_picked":["Undo","Scrape"],"picked":"Streamline","floor":21},{"not_picked":["Tempest+1","Thunder Strike"],"picked":"Biased Cognition","floor":24},{"not_picked":["Heatsinks+1","White Noise"],"picked":"Go for the Eyes","floor":27},{"not_picked":["Thunder Strike","Darkness"],"picked":"Undo","floor":28},{"not_picked":["Turbo","Multi-Cast"],"picked":"Leap","floor":29},{"not_picked":["Barrage+1","Conserve Battery"],"picked":"Steam","floor":31},{"not_picked":["Fission","Machine Learning"],"picked":"Buffer","floor":33},{"not_picked":["Blizzard","Chaos+1"],"picked":"Streamline","floor":35},{"not_picked":["Skim+1","Tempest","Rip and Tear"],"picked":"SKIP","floor":38}],"player_experience":413892,"relics_obtained":[{"floor":8,"key":"Kunai"},{"floor":9,"key":"Pear"},{"floor":13,"key":"Regal Pillow"},{"floor":17,"key":"Pen Nib"},{"floor":17,"key":"Darkstone Periapt"},{"floor":17,"key":"CaptainsWheel"},{"floor":24,"key":"Blue Candle"},{"floor":26,"key":"Omamori"},{"floor":28,"key":"Toy Ornithopter"}],"event_choices":[{"damage_healed":0,"gold_gain":0,"player_choice":"Grow","damage_taken":0,"max_hp_gain":0,"max_hp_loss":0,"event_name":"Living Wall","floor":3,"gold_loss":0,"cards_upgraded":["Zap"]},{"damage_healed":0,"gold_gain":175,"player_choice":"AGREE","damage_taken":0,"max_hp_gain":0,"max_hp_loss":0,"event_name":"Liars Game","floor":12,"gold_loss":0,"cards_obtained":["Doubt"]},{"damage_healed":26,"gold_gain":0,"player_choice":"Heal","damage_taken":0,"max_hp_gain":0,"max_hp_loss":0,"event_name":"The Library","floor":20,"gold_loss":0},{"damage_healed":0,"gold_gain":0,"player_choice":"Traded Relic","damage_taken":0,"relics_obtained":["Nloth\u0027s Gift"],"max_hp_gain":0,"max_hp_loss":0,"event_name":"N\u0027loth","floor":22,"relics_lost":["Pear"],"gold_loss":0},{"damage_healed":0,"gold_gain":0,"player_choice":"Got Potions","damage_taken":0,"max_hp_gain":0,"max_hp_loss":0,"event_name":"Lab","floor":36,"gold_loss":0},{"damage_healed":0,"gold_gain":0,"player_choice":"Memory 1","damage_taken":0,"max_hp_gain":0,"max_hp_loss":0,"event_name":"SensoryStone","floor":39,"gold_loss":0}],"is_beta":false,"boss_relics":[{"not_picked":["SacredBark","Runic Dome"],"picked":"Calling Bell"},{"not_picked":["SlaversCollar","Philosopher\u0027s Stone"],"picked":"FrozenCore"}],"items_purged_floors":[4,19],"is_endless":false,"potions_floor_spawned":[2,11,18,27,28,33,35],"killed_by":"Giant Head","ascension_level":12}}