{"host":"c6xy0a74zz7y4nf6","time":1612826285,"event":{"mods":["BaseMod","Colored Map","Downfall","Googly Eyes","Hermit","Minty Spire (QoL Compilation)","Replay The Spire","Spire Arcade","StSLib","The Cursed","The Death Knight","The Exalted","The Runesmith","The Servant 0.9.4","The Wild Card","TheSurvivalist"],"gold_per_floor":[112,132,132,52,52,80,80,93,93,103,158,158,1,14,14,112,112,112],"floor_reached":17,"language":"ENG","playtime":921,"items_purged":[],"score":155,"play_id":"c56f2340-8545-4dde-856b-6fd7ee9169d1","local_time":"20210208171805","is_ascension_mode":false,"campfire_choices":[{"data":"Runesmith:Reinforce","floor":7,"key":"SMITH"},{"floor":15,"key":"REST"}],"circlet_count":0,"master_deck":["Runesmith:Strike_RS","Runesmith:Strike_RS","Runesmith:Strike_RS","Runesmith:Defend_RS","Runesmith:Defend_RS","Runesmith:Defend_RS","Runesmith:Defend_RS","Runesmith:CraftFirestone","Runesmith:Fortify","Runesmith:FrozenChisel","Runesmith:Permafrost+1","Runesmith:Firestorm","Runesmith:Reinforce+1","Runesmith:LithiumIon","Runesmith:RunicBlueprint","Runesmith:Accelerate","Runesmith:ReplicatingBarrier"],"relics":["Runesmith:BrokenRuby","ReplayTheSpireMod:Shallot","Onion Ring","Replay:Baseball","Nunchaku","Runesmith:PocketReactor"],"acts_visited":["Exordium","TheCity"],"potions_floor_usage":[10,10,14,16],"damage_taken":[{"damage":0,"enemies":"Jaw Worm","floor":1,"turns":5},{"damage":3,"enemies":"2 Louse","floor":2,"turns":3},{"damage":38,"enemies":"3 Sentries","floor":6,"turns":10},{"damage":0,"enemies":"Cultist","floor":8,"turns":3},{"damage":0,"enemies":"Exordium Wildlife","floor":10,"turns":3},{"damage":0,"enemies":"3 Louse","floor":14,"turns":3},{"damage":12,"enemies":"Fading Forest","floor":16,"turns":11}],"seed_played":"2011158876280385182","potions_obtained":[{"floor":6,"key":"ColorlessPotion"},{"floor":8,"key":"Block Potion"}],"is_trial":false,"path_per_floor":["M","M","?","$","?","E","R","M","T","M","T","?","$","M","R","B",null],"character_chosen":"RUNESMITH_CLASS","items_purchased":["Runesmith:Firestorm","Fruit Juice","Explosive Potion"],"campfire_rested":1,"item_purchase_floors":[4,13,13],"current_hp_per_floor":[77,74,74,74,74,36,36,36,36,36,36,24,24,24,47,50,82,82],"gold":112,"neow_bonus":"TEN_PERCENT_HP_BONUS","is_daily":false,"chose_seed":false,"campfire_upgraded":1,"win_rate":0.0,"timestamp":1612826285,"path_taken":["M","M","?","$","?","E","R","?","T","M","?","?","?","M","R","BOSS"],"items_purchased_type":["Card","Potion","Potion"],"build_version":"2020-12-22","purchased_purges":0,"victory":false,"max_hp_per_floor":[77,77,77,77,77,77,77,77,77,77,77,77,77,77,77,82,82,82],"card_choices":[{"not_picked":["Runesmith:HeatedChisel","Runesmith:CraftProtectio"],"picked":"Runesmith:Repurpose","floor":1},{"not_picked":["Runesmith:EarthShield","Runesmith:ChiselStab"],"picked":"Runesmith:FrozenChisel","floor":2},{"not_picked":["Runesmith:HeatExchange","Runesmith:HammerTime"],"picked":"Runesmith:Reinforce","floor":6},{"not_picked":["Runesmith:FieryHammer","Runesmith:EnergizedChisel"],"picked":"Runesmith:LithiumIon","floor":8},{"not_picked":["Runesmith:Electrocute","Runesmith:ChiselStab"],"picked":"Runesmith:RunicBlueprint","floor":10},{"not_picked":["Runesmith:ChargedHammer","Runesmith:StaticCage"],"picked":"Runesmith:Accelerate","floor":14},{"not_picked":["Runesmith:GenerateForcefield","Runesmith:CraftPrismatica"],"picked":"Runesmith:ReplicatingBarrier","floor":16}],"player_experience":127575,"relics_obtained":[{"floor":6,"key":"ReplayTheSpireMod:Shallot"},{"floor":9,"key":"Onion Ring"},{"floor":11,"key":"Replay:Baseball"}],"event_choices":[{"cards_removed":["Runesmith:Strike_RS"],"damage_healed":0,"gold_gain":0,"player_choice":"Card Removal","damage_taken":0,"max_hp_gain":0,"max_hp_loss":0,"event_name":"Wheel of Change","floor":5,"gold_loss":0},{"damage_healed":0,"gold_gain":0,"player_choice":"Success","damage_taken":12,"relics_obtained":["Nunchaku"],"max_hp_gain":0,"max_hp_loss":0,"event_name":"Scrap Ooze","floor":12,"gold_loss":0}],"is_beta":false,"boss_relics":[{"not_picked":["Replay:Wanted Poster","Velvet Choker"],"picked":"Runesmith:PocketReactor"}],"items_purged_floors":[],"is_endless":false,"potions_floor_spawned":[6,8],"ascension_level":0}}