{"host":"u1ystlfkdtaqkn2r","time":1612769150,"event":{"mods":["ATMod(阿瑾Mod)","Act Like it!","Arknights","BaseMod","Colored Powertips","Friendly Minions","Gensokyo","GifTheSpireLib","Jedi Mod","Koishi","KomeijiMod","Luminous","Minty Spire (QoL Compilation)","Pale of the Ancients","Prisma Mod","Replay The Spire","RumiaBox-露米娅的神秘盒子","Spicy Shops","StSLib","SuperFastMode","UnlockEverythingMod","WarShipGirlsR/战舰少女R mod","Warlord Emblem","Yakumo Yukari mod","【遗物卡牌】REMEMod"],"gold_per_floor":[138,156,168,185,49,79,79,79,79,79,4,321,532,542,542,645,645,658,673,186,186,197,197,222,42,42,42,61,81,281,281],"floor_reached":30,"language":"ZHS","playtime":1828,"items_purged":["AT_purpleEX","AT_purpleEX","AT_purpleEX"],"score":354,"play_id":"26ecca9a-f78c-4d9b-ae21-b35a20446c55","local_time":"20210208152550","is_ascension_mode":false,"campfire_choices":[{"data":"AT_ShrugMaster","floor":7.0,"key":"SMITH"},{"data":"WeekHit_purple","floor":15.0,"key":"SMITH"},{"data":"ProofOfUnderstanding_purple","floor":23.0,"key":"SMITH"}],"circlet_count":0,"master_deck":["AT_purpleEX+1","Defend_purpleEX","Defend_purpleEX","Defend_purpleEX","Defend_purpleEX","Observe_purple_1","Observe_purple_2+1","AT_ShrugMaster+1","Monsters_DoubleDeathButterfly_purple+1","Anti_communist_purple","Fantasy_PerpetualMotionMachine_purple+1","Shallow_ocean_purpleEX","WeekHit_purple+1","Know_ledgeAbilityRealm_purple+1","ProofOfUnderstanding_purple+1","BarrageBoundary_PipeDream_purple+1","Anti_communist_purple+1","Gensokyo:ScrapIron","Gensokyo:BlemishedSteel","Fantasy_PerpetualMotionMachine_purple+1","Boundary_LifeAndDeath_purple+1"],"relics":["Boundary_crack","Memoryfragments_purpleEX","AT_ATBox","REME_ComplimentaryCards","Antimatter_spacedebris","Happy Flower","AT_SilvercatRing","Toy Ornithopter","AT_TrinityForce","MagicDraw1","CaptainsWheel","AT_BellDemon","Unceasing Top","Replay:Bottled Flurry","Frozen Eye"],"acts_visited":["Gensokyo:Gensokyo","Gensokyo:Gensokyoer"],"potions_floor_usage":[30],"damage_taken":[{"damage":0.0,"enemies":"Gensokyo:2_Kodama","floor":1.0,"turns":6.0},{"damage":18.0,"enemies":"Gensokyo:3_Fairies","floor":2.0,"turns":6.0},{"damage":4.0,"enemies":"Gensokyo:Python","floor":3.0,"turns":5.0},{"damage":10.0,"enemies":"Gensokyo:3_Kodama","floor":4.0,"turns":6.0},{"damage":54.0,"enemies":"Gensokyo:Aya","floor":6.0,"turns":9.0},{"damage":4.0,"enemies":"Gensokyo:CorruptedTreant","floor":12.0,"turns":9.0},{"damage":3.0,"enemies":"Gensokyo:Python_and_Kodama","floor":13.0,"turns":5.0},{"damage":3.0,"enemies":"Gensokyo:3_Kodama","floor":14.0,"turns":4.0},{"damage":0.0,"enemies":"Gensokyo:Reimu","floor":16.0,"turns":5.0},{"damage":0.0,"enemies":"Gensokyo:Chomper","floor":18.0,"turns":2.0},{"damage":10.0,"enemies":"Gensokyo:AngelMirror","floor":19.0,"turns":3.0},{"damage":0.0,"enemies":"Gensokyo:3_Gloops","floor":22.0,"turns":3.0},{"damage":22.0,"enemies":"Gensokyo:Reisen","floor":24.0,"turns":2.0},{"damage":16.0,"enemies":"Gensokyo:Mirror_and_Dog","floor":28.0,"turns":3.0},{"damage":32.0,"enemies":"Gensokyo:Wraith","floor":29.0,"turns":3.0},{"damage":8,"enemies":"Gensokyo:Koishi","floor":30,"turns":2}],"seed_played":"-5652985268252064827","potions_obtained":[{"floor":1.0,"key":"SteroidPotion"},{"floor":13.0,"key":"SpeedPotion"},{"floor":14.0,"key":"AttackPotion"}],"is_trial":false,"path_per_floor":["M","M","M","M","COS","E","R","?","T","?","$","M","M","M","R","B",null,"M","M","$","?","M","R","E","COS","T","?","M","M","E"],"character_chosen":"Youkari","items_purchased":["MagicDraw1"],"campfire_rested":0,"item_purchase_floors":[20],"current_hp_per_floor":[77,61,61,55,55,5,5,5,5,5,5,6,6,7,7,12,77,77,71,71,71,73,73,54,54,54,39,23,3,0,0],"gold":281,"neow_bonus":"TEN_PERCENT_HP_BONUS","is_daily":false,"chose_seed":false,"campfire_upgraded":3,"win_rate":0.0,"timestamp":1612769150,"path_taken":["M","?","?","M","COS","E","R","?","T","?","?","M","M","?","R","BOSS","M","M","$","?","M","R","E","COS","T","?","?","M","E"],"items_purchased_type":["Relic"],"build_version":"2020-12-22","purchased_purges":3,"victory":false,"max_hp_per_floor":[77,77,77,77,77,77,77,77,77,77,77,77,77,77,77,77,77,77,77,77,77,77,77,77,77,77,77,77,77,77,77],"card_choices":[{"not_picked":["ButterflyHabitatTemple_purple","RuleDissolution_purple"],"picked":"Anti_communist_purple","floor":1.0},{"not_picked":["CommonSense_AntiCommonSense_purple","Umbrella_purple"],"picked":"Fantasy_PerpetualMotionMachine_purple","floor":2.0},{"not_picked":["Boundary_DreamRealityDamnation_purple","MeetDecomposer_purple"],"picked":"OmniscientAndOmnipotent_Monster_purple","floor":3.0},{"not_picked":["Realm_recovery_purpleEX","SharpContractionReality_purple"],"picked":"Shallow_ocean_purpleEX","floor":4.0},{"not_picked":["ExistenceContinue_purple","DimensionStaggered_purple"],"picked":"WeekHit_purple","floor":6.0},{"not_picked":["OmniscientAndOmnipotent_Monster_purple","Shallow_ocean_purpleEX"],"picked":"Know_ledgeAbilityRealm_purple","floor":12.0},{"not_picked":["D_absorption_purple","ContainerChange_purple"],"picked":"ProofOfUnderstanding_purple","floor":13.0},{"not_picked":["WatchEChange_purple","Mirror_Drifter_purple","Bait_HighSpeedFlying_purple"],"picked":"SKIP","floor":13.0},{"not_picked":["WingOfChimera_purple","Mirror_FormAndEmptin_purple","SfantasyHide_purple"],"picked":"SKIP","floor":14.0},{"not_picked":["WasteWire_Metro_purple","ProofOfUnderstanding_purple"],"picked":"BarrageBoundary_PipeDream_purple","floor":16.0},{"not_picked":["DimensionStaggered_purple","Line_surface_state_purple","Charmbait_purple"],"picked":"SKIP","floor":18.0},{"not_picked":["Charmbait_purple","AdvanceAttack_purple","SharpContractionReality_purple"],"picked":"SKIP","floor":19.0},{"not_picked":["Umbrella_purple","Mirror_WaveAndshot_purple"],"picked":"Anti_communist_purple","floor":22.0},{"not_picked":["MeetDecomposer_purple","Realm_recovery_purpleEX","WorldDissolvedintheRealm_purple"],"picked":"SKIP","floor":24.0},{"not_picked":["MeetDecomposer_purple+1","SharpContractionReality_purple+1"],"picked":"Fantasy_PerpetualMotionMachine_purple+1","floor":28.0},{"not_picked":["CommonSense_AntiCommonSense_purple","WingOfChimera_purple"],"picked":"Boundary_LifeAndDeath_purple","floor":28.0},{"not_picked":["Anti_communist_purple+1","RuptureOfTimeAndSpace_purple","Mirror_FormAndEmptin_purple+1"],"picked":"SKIP","floor":29.0}],"player_experience":193666,"relics_obtained":[{"floor":6.0,"key":"Antimatter_spacedebris"},{"floor":9.0,"key":"AT_SilvercatRing"},{"floor":24.0,"key":"CaptainsWheel"},{"floor":28.0,"key":"Unceasing Top"},{"floor":29.0,"key":"Replay:Bottled Flurry"}],"event_choices":[],"is_beta":false,"boss_relics":[{"not_picked":["Sozu","AddBug"],"picked":"AT_TrinityForce"}],"items_purged_floors":[11,20,20],"is_endless":false,"potions_floor_spawned":[1,13,14,22,28],"killed_by":"Gensokyo:Koishi","ascension_level":0}}