{"host":"j0jjxssq479ixm8e","time":1612800493,"event":{"mods":["BaseMod","Better Note","Block Reminder","Minty Spire (QoL Compilation)","Rare Cards Sparkle","Relic Filter Mod","Reliquary","Replay The Spire","StSLib"],"gold_per_floor":[112,112,131,151,151,151,185,185,208,224,305,315,315,315,315,416,416,396,413,430,448,448,448],"floor_reached":22,"language":"ENG","playtime":3284,"items_purged":[],"score":188,"play_id":"45df435f-5651-4c5f-a787-5ff8dbf33626","local_time":"20210208110813","is_ascension_mode":false,"campfire_choices":[{"floor":6,"key":"REST"},{"floor":8,"key":"REST"},{"data":"Zap","floor":15,"key":"SMITH"}],"circlet_count":0,"master_deck":["Strike_B+1","Strike_B","Strike_B+1","Strike_B","Defend_B+1","Defend_B","Defend_B","Defend_B","Zap+1","Dualcast","Beam Cell","Compile Driver","Sunder","Auto Shields","Rip and Tear","Redo","Undo","Zap","Creative AI","Gash+1","Gash","Barrage","Turbo"],"relics":["Cracked Core","reliquary:SharkskinSheath","Divine Protection","reliquary:Buckler","White Beast Statue","Ring of Chaos"],"acts_visited":["Exordium","TheCity"],"potions_floor_usage":[7,12,18,20,21,21,22],"damage_taken":[{"damage":20,"enemies":"Jaw Worm","floor":1,"turns":4},{"damage":1,"enemies":"Cultist","floor":3,"turns":3},{"damage":0,"enemies":"2 Louse","floor":4,"turns":2},{"damage":3,"enemies":"3 Sentries","floor":7,"turns":6},{"damage":0,"enemies":"Large Slime","floor":10,"turns":4},{"damage":4,"enemies":"Gremlin Gang","floor":12,"turns":4},{"damage":60,"enemies":"The Guardian","floor":16,"turns":12},{"damage":7,"enemies":"2 Thieves","floor":18,"turns":4},{"damage":21,"enemies":"3 Byrds","floor":19,"turns":5},{"damage":12,"enemies":"Snecko","floor":20,"turns":4},{"damage":33,"enemies":"Cultist and Chosen","floor":21,"turns":6},{"damage":10,"enemies":"Shelled Parasite and Fungi","floor":22,"turns":2}],"seed_played":"-2699178883208604841","potions_obtained":[{"floor":3,"key":"PowerPotion"},{"floor":4,"key":"BlessingOfTheForge"},{"floor":12,"key":"Elixir"},{"floor":16,"key":"AttackPotion"},{"floor":18,"key":"Elixir"},{"floor":19,"key":"AttackPotion"},{"floor":20,"key":"Venom Potion"},{"floor":21,"key":"SpeedPotion"}],"is_trial":false,"path_per_floor":["M","?","M","M","?","R","E","R","T","M","T","M","?","?","R","B",null,"M","M","M","M","M"],"character_chosen":"DEFECT","items_purchased":[],"campfire_rested":2,"item_purchase_floors":[],"current_hp_per_floor":[62,54,53,53,28,52,49,73,73,73,73,69,69,69,69,9,82,75,54,42,9,0,0],"gold":448,"neow_bonus":"TEN_PERCENT_HP_BONUS","is_daily":false,"chose_seed":false,"campfire_upgraded":1,"win_rate":0.0,"timestamp":1612800493,"path_taken":["M","?","?","M","?","R","E","R","T","M","?","M","?","?","R","BOSS","M","M","M","M","?"],"items_purchased_type":[],"build_version":"2020-12-22","purchased_purges":0,"victory":false,"max_hp_per_floor":[82,82,82,82,82,82,82,82,82,82,82,82,82,82,82,82,82,82,82,82,82,82,82],"card_choices":[{"not_picked":["Time Bomb","Recycle"],"picked":"Beam Cell","floor":1},{"not_picked":["Redo","Glacier"],"picked":"Compile Driver","floor":3},{"not_picked":["Coolheaded","Doom and Gloom"],"picked":"Sunder","floor":4},{"not_picked":["Cold Snap","Panic Button"],"picked":"Auto Shields","floor":7},{"not_picked":["BasicCrystalCard","Go for the Eyes"],"picked":"Rip and Tear","floor":10},{"not_picked":["ReplayTheSpireMod:GoodbyeWorld","Chill"],"picked":"Redo","floor":12},{"not_picked":["Reboot","Core Surge"],"picked":"Creative AI","floor":16},{"not_picked":["Go for the Eyes","FIFO Queue"],"picked":"Gash+1","floor":18},{"not_picked":["ReplaySort","BasicCrystalCard"],"picked":"Gash","floor":19},{"not_picked":["Coolheaded","Stack"],"picked":"Barrage","floor":20},{"not_picked":["ReplayTheSpireMod:GoodbyeWorld","Coolheaded"],"picked":"Turbo","floor":21}],"player_experience":251701,"relics_obtained":[{"floor":7,"key":"Divine Protection"},{"floor":9,"key":"reliquary:Buckler"},{"floor":11,"key":"White Beast Statue"}],"event_choices":[{"damage_healed":0,"gold_gain":0,"player_choice":"Damaged","damage_taken":8,"max_hp_gain":0,"max_hp_loss":0,"event_name":"Wheel of Change","floor":2,"gold_loss":0},{"damage_healed":0,"gold_gain":0,"player_choice":"Success","damage_taken":25,"relics_obtained":["reliquary:SharkskinSheath"],"max_hp_gain":0,"max_hp_loss":0,"event_name":"Scrap Ooze","floor":5,"gold_loss":0},{"damage_healed":0,"gold_gain":0,"player_choice":"2 cards matched","damage_taken":0,"max_hp_gain":0,"max_hp_loss":0,"event_name":"Match and Keep!","floor":14,"gold_loss":0,"cards_obtained":["Undo","Zap"]}],"is_beta":false,"boss_relics":[{"not_picked":["Runic Dome","SacredBark"],"picked":"Ring of Chaos"}],"items_purged_floors":[],"is_endless":false,"potions_floor_spawned":[3,4,12,16,18,19,20,21],"killed_by":"Shelled Parasite and Fungi","ascension_level":0}}