{"host":"jt4xaqerixsfdsye","time":1612797026,"event":{"mods":["BaseMod","Downfall","Minty Spire (QoL Compilation)","StSLib"],"gold_per_floor":[99,114,127,39,53,53,53,72,90,103,113,131,31,47,62,163,163,163,177,190,190,8,22,22,22,32,51,36,55,55,14,31,31,31,31],"floor_reached":33,"language":"ENG","playtime":5419,"items_purged":[],"score":299,"play_id":"6705007b-d945-4e02-a7cd-2ceaf0e26525","local_time":"20210208161026","is_ascension_mode":false,"campfire_choices":[{"floor":1.0,"key":"RECALL"},{"data":"champ:TornadoPunch","floor":6.0,"key":"SMITH"},{"data":"champ:PerfectedStrike","floor":13.0,"key":"SMITH"},{"floor":18,"key":"REST"},{"floor":25,"key":"REST"},{"floor":30,"key":"REST"}],"circlet_count":0,"master_deck":["champ:Strike","champ:Strike","champ:Strike","champ:Strike","champ:Defend","champ:Defend","champ:Defend","champ:Execute","champ:Taunt","champ:FaceSlap","champ:GutPunch","champ:Backstep","champ:FlashCut","champ:DefensiveShout","champ:TornadoPunch+1","champ:PerfectedStrike+1","champ:AdrenalArmor","champ:RecklessLeap","champ:CalledShot","champ:SkillfulDodge+1","champ:ShieldWall","champ:Endure","champ:TripleStrike","champ:TornadoPunch+1","champ:Haymaker","champ:ArenaPreparation","champ:PreciseThrust","champ:RapidStrikes","champ:IronFortress","champ:PreciseThrust+1","champ:TornadoPunch+1","champ:CrookedStrike+1","champ:Improvising","champ:AdrenalArmor+1","champ:FanOfKnives","champ:UltimateStance","champ:RisingSlash","champ:GladiatorStyle","champ:TornadoPunch","champ:BerserkersShout","champ:DefensiveShout"],"relics":["champ:ChampionCrown","Ice Cream","downfall:HeartBlessingRed","Fusion Hammer","Pantograph"],"acts_visited":["Exordium","TheCity"],"potions_floor_usage":[29,32,33,33],"damage_taken":[{"damage":10.0,"enemies":"Cultist","floor":2.0,"turns":3.0},{"damage":3.0,"enemies":"Jaw Worm","floor":3.0,"turns":2.0},{"damage":15.0,"enemies":"downfall:FleeingMerchant","floor":4.0,"turns":4.0},{"damage":8.0,"enemies":"2 Louse","floor":5.0,"turns":2.0},{"damage":24.0,"enemies":"Large Slime","floor":8.0,"turns":7.0},{"damage":0.0,"enemies":"Lots of Slimes","floor":9.0,"turns":1.0},{"damage":26.0,"enemies":"Exordium Thugs","floor":10.0,"turns":5.0},{"damage":10.0,"enemies":"Blue Slaver","floor":11.0,"turns":2.0},{"damage":10.0,"enemies":"Large Slime","floor":12.0,"turns":4.0},{"damage":36.0,"enemies":"Gremlin Gang","floor":14.0,"turns":3.0},{"damage":33.0,"enemies":"Lots of Slimes","floor":15.0,"turns":3.0},{"damage":33.0,"enemies":"WA_ARCHETYPE_RETAIN","floor":16.0,"turns":5.0},{"damage":20,"enemies":"Chosen","floor":19,"turns":4},{"damage":10,"enemies":"3 Byrds","floor":20,"turns":5},{"damage":35,"enemies":"downfall:FleeingMerchant","floor":22,"turns":4},{"damage":8,"enemies":"Snecko","floor":23,"turns":3},{"damage":29,"enemies":"Centurion and Healer","floor":26,"turns":5},{"damage":30,"enemies":"Cultist and Chosen","floor":27,"turns":4},{"damage":43,"enemies":"downfall:FleeingMerchant","floor":28,"turns":4},{"damage":62,"enemies":"Shelled Parasite and Fungi","floor":29,"turns":3},{"damage":8,"enemies":"downfall:FleeingMerchant","floor":31,"turns":3},{"damage":64,"enemies":"Centurion and Healer","floor":32,"turns":5},{"damage":100,"enemies":"IC_MUSHROOM_ARCHETYPE","floor":33,"turns":6}],"seed_played":"-5972480645744867774","potions_obtained":[{"floor":3.0,"key":"Strength Potion"},{"floor":10.0,"key":"ColorlessPotion"},{"floor":11.0,"key":"Slimebound:ThreeZeroPotion"},{"floor":16.0,"key":"bronze:BurnAndBuffPotion"},{"floor":23,"key":"hexamod:SoulburnPotion"},{"floor":27,"key":"SteroidPotion"},{"floor":29,"key":"bronze:BurnAndBuffPotion"},{"floor":32,"key":"BlessingOfTheForge"}],"is_trial":false,"path_per_floor":["R","M","M","$","M","R","T","M","M","M","M","M","R","M","M","B",null,"R","M","M","?","$","M","T","R","M","M","$","M","R","$","M","B"],"character_chosen":"THE_CHAMP","items_purchased":["champ:FlashCut","champ:DefensiveShout","champ:PreciseThrust","champ:RapidStrikes","champ:IronFortress","champ:UltimateStance","champ:RisingSlash","champ:GladiatorStyle","champ:TornadoPunch","champ:BerserkersShout"],"campfire_rested":3,"item_purchase_floors":[4,4,22,22,22,31,31,31,31,31],"current_hp_per_floor":[99,99,96,91,88,88,88,79,79,68,68,68,68,57,34,25,99,99,99,99,91,76,68,68,97,93,83,65,33,62,54,35,0,0,0],"gold":31,"neow_bonus":"TEN_PERCENT_HP_BONUS","is_daily":false,"chose_seed":false,"campfire_upgraded":2,"win_rate":0.0,"timestamp":1612797026,"path_taken":["R","M","M","$","?","R","T","M","M","M","M","M","R","M","M","BOSS","R","M","?","?","$","M","T","R","M","M","$","M","R","$","M","BOSS"],"items_purchased_type":["Card","Card","Card","Card","Card","Card","Card","Card","Card","Card"],"build_version":"2020-12-22","purchased_purges":0,"victory":false,"max_hp_per_floor":[99,99,99,99,99,99,99,99,99,99,99,99,99,99,99,99,99,99,99,99,99,99,99,99,99,99,99,99,99,99,99,99,99,99,99],"card_choices":[{"not_picked":["champ:AdrenalArmor","champ:BladeFlurry"],"picked":"champ:FaceSlap","floor":2.0},{"not_picked":["champ:Parry","champ:DeathBlow"],"picked":"champ:GutPunch","floor":3.0},{"not_picked":["champ:Circumvent","champ:BladeFlurry"],"picked":"champ:Backstep","floor":4.0},{"not_picked":["champ:SkillfulDodge","champ:PreemptiveStrike"],"picked":"champ:TornadoPunch","floor":5.0},{"not_picked":["champ:CrookedStrike","champ:GladiatorStyle"],"picked":"champ:PerfectedStrike","floor":8.0},{"not_picked":["champ:GladiatorStyle","champ:BladeFlurry"],"picked":"champ:AdrenalArmor","floor":9.0},{"not_picked":["champ:BerserkersShout","champ:FlashCut"],"picked":"champ:RecklessLeap","floor":10.0},{"not_picked":["champ:EndlessRage","champ:Circumvent"],"picked":"champ:CalledShot","floor":11.0},{"not_picked":["champ:BerserkersShout","champ:FancyFootwork"],"picked":"champ:SkillfulDodge","floor":12.0},{"not_picked":["champ:CrookedStrike","champ:EnGarde"],"picked":"champ:ShieldWall","floor":14.0},{"not_picked":["champ:PreciseThrust","champ:SetATrap"],"picked":"champ:Endure","floor":15.0},{"not_picked":["champ:ShieldThrow","champ:LastStand"],"picked":"champ:TripleStrike","floor":16.0},{"not_picked":["champ:RecklessLeap","champ:BladeFlurry+1"],"picked":"champ:TornadoPunch+1","floor":19},{"not_picked":["champ:EnGarde","champ:DefensiveShout"],"picked":"champ:Haymaker","floor":20},{"not_picked":["champ:DefensiveShout","champ:CrownThrow"],"picked":"champ:ArenaPreparation","floor":22},{"not_picked":["champ:EnGarde","champ:StanceDance"],"picked":"champ:PreciseThrust+1","floor":23},{"not_picked":["champ:PreciseThrust","champ:Haymaker"],"picked":"champ:TornadoPunch+1","floor":26},{"not_picked":["champ:ShieldWall","champ:FlashCut"],"picked":"champ:CrookedStrike+1","floor":27},{"not_picked":["champ:Shatter","champ:EnragedBash+1"],"picked":"champ:Improvising","floor":28},{"not_picked":["champ:PreciseThrust","champ:CrownThrow+1"],"picked":"champ:AdrenalArmor+1","floor":29},{"not_picked":["champ:HeartStrike","champ:Lariat"],"picked":"champ:FanOfKnives","floor":31},{"not_picked":["champ:AdrenalArmor","champ:FlashCut"],"picked":"champ:DefensiveShout","floor":32}],"player_experience":178992,"relics_obtained":[{"floor":7.0,"key":"Ice Cream"},{"floor":24,"key":"Pantograph"}],"event_choices":[],"is_beta":false,"boss_relics":[{"not_picked":["Tiny House","Coffee Dripper"],"picked":"Fusion Hammer"}],"items_purged_floors":[],"is_endless":false,"potions_floor_spawned":[3,10,11,16,23,27,29,32],"killed_by":"IC_MUSHROOM_ARCHETYPE","ascension_level":0}}