{"host":"mychigd5o98hbqtx","time":1612793744,"event":{"mods":["2.2 Compatiblity","Act Like it!","Aspiration","BaseMod","Better Sensory Stone","Better Third Choice","BetterRewards","Block Reminder","Bossed Relics","Dota2Spire","Fox Events","Friendly Minions","GifTheSpireLib","Jedi Mod","Minty Spire (QoL Compilation)","Pale of the Ancients","Reliquary","Replay The Spire","StSLib","SuperFastMode","TheWitcher","Wandering Minibosses"],"gold_per_floor":[14,28,28,28,28,28,45,45,55,65,65,92,111,145,2,15,15,116,116,131,142,162,10,30,58,68,68,93,118,118,118,128,128,128],"floor_reached":33,"language":"RUS","playtime":1210,"items_purged":["Strike_B"],"score":351,"play_id":"47beea38-539f-45d5-b3af-95fc5385caaa","local_time":"20210208171544","is_ascension_mode":false,"campfire_choices":[{"data":"Go for the Eyes","floor":8,"key":"SMITH"},{"floor":17,"key":"REST"}],"circlet_count":0,"master_deck":["Strike_B","Strike_B","Strike_B+1","Defend_B+1","Defend_B","Defend_B","Defend_B+1","Zap","Dualcast+1","Go for the Eyes+1","Gash","Beam Cell","ReplayTheSpireMod:Omega Cannon","Beam Cell","Storm","White Noise","Machine Learning+1","Gash","Hologram","Defragment+1","Go for the Eyes+1","Crystallizer","Beam Cell","Decay","Echo Form+1","Beam Cell"],"relics":["Cracked Core","Unceasing Top","Golden Egg","Dream Catcher","jedi:firstaidkit","War Paint","Pandora\u0027s Box","CaptainsWheel","Art of War"],"acts_visited":["Exordium","TheCity"],"potions_floor_usage":[12,12,14,18,18,25,25,29,32],"damage_taken":[{"damage":0,"enemies":"Small Slimes","floor":1,"turns":2},{"damage":6,"enemies":"Jaw Worm","floor":2,"turns":4},{"damage":1,"enemies":"Cultist","floor":7,"turns":3},{"damage":10,"enemies":"Lots of Slimes","floor":9,"turns":3},{"damage":9,"enemies":"Gremlin Gang","floor":10,"turns":2},{"damage":8,"enemies":"Lagavulin","floor":12,"turns":3},{"damage":0,"enemies":"3 Louse","floor":13,"turns":1},{"damage":7,"enemies":"Gremlin Nob","floor":14,"turns":3},{"damage":5,"enemies":"Lots of Slimes","floor":16,"turns":3},{"damage":8,"enemies":"Slime Boss","floor":18,"turns":4},{"damage":0,"enemies":"3 Byrds","floor":20,"turns":3},{"damage":14,"enemies":"2 Thieves","floor":21,"turns":3},{"damage":18,"enemies":"Centurion and Healer","floor":22,"turns":4},{"damage":18,"enemies":"Sentry and Sphere","floor":24,"turns":5},{"damage":9,"enemies":"Slavers","floor":25,"turns":3},{"damage":17,"enemies":"Snecko","floor":26,"turns":5},{"damage":0,"enemies":"Gremlin Leader","floor":29,"turns":5},{"damage":13,"enemies":"Cultist and Chosen","floor":32,"turns":6},{"damage":9,"enemies":"Slavers","floor":33,"turns":1}],"seed_played":"-3079227865065868948","potions_obtained":[{"floor":2,"key":"PowerPotion"},{"floor":7,"key":"Regen Potion"},{"floor":9,"key":"jedi:StrikingPotion"},{"floor":13,"key":"jedi:StrikingPotion"},{"floor":14,"key":"jedi:coolantleak"},{"floor":16,"key":"SpeedPotion"},{"floor":18,"key":"Block Potion"},{"floor":21,"key":"jedi:hoardpotion"},{"floor":24,"key":"Energy Potion"},{"floor":26,"key":"Flashbang"},{"floor":29,"key":"SpeedPotion"}],"is_trial":false,"path_per_floor":["M","M","PTL","PTL","?","?","M","R","M","M","T","E","M","E","$","M","R","B",null,"M","M","M","$","M","E","M","?","T","E","PTL","PTL","M","E"],"character_chosen":"DEFECT","items_purchased":["War Paint","Defragment"],"campfire_rested":1,"item_purchase_floors":[15,23],"current_hp_per_floor":[75,69,69,69,54,54,53,53,43,34,34,31,31,24,24,21,43,35,75,75,63,52,52,38,31,17,17,17,17,17,17,8,0,0],"gold":128,"neow_bonus":"ONE_RARE_RELIC","is_daily":false,"chose_seed":false,"campfire_upgraded":1,"win_rate":0.0,"timestamp":1612793744,"path_taken":["M","M","PTL","PTL","?","?","?","R","M","M","T","E","?","E","$","M","R","BOSS","M","M","M","$","?","E","M","?","T","E","PTL","PTL","M","E"],"items_purchased_type":["Relic","Card"],"build_version":"2020-12-22","purchased_purges":1,"victory":false,"max_hp_per_floor":[75,75,75,75,75,75,75,75,75,75,75,75,75,75,75,75,75,75,75,75,75,75,75,75,75,75,75,75,75,75,75,75,75,75],"card_choices":[{"not_picked":["Compile Driver","Tempest"],"picked":"Go for the Eyes","floor":1},{"not_picked":["Cold Snap","ReplaySolidLightProjector"],"picked":"Gash","floor":2},{"not_picked":["Sweeping Beam","Steam","Panic Button"],"picked":"SKIP","floor":7},{"not_picked":["Sunder","Redo"],"picked":"ReplayTheSpireMod:Omega Cannon","floor":9},{"not_picked":["Stack","Doom and Gloom","Time Bomb"],"picked":"SKIP","floor":10},{"not_picked":["Sunder","Panic Button"],"picked":"Beam Cell","floor":12},{"not_picked":["Stack","Streamline"],"picked":"Storm","floor":13},{"not_picked":["Sweeping Beam","Hello World","Stack"],"picked":"SKIP","floor":14},{"not_picked":["Streamline","Panic Button"],"picked":"White Noise","floor":16},{"not_picked":["jedi:readyaimfire","jedi:meditation"],"picked":"Machine Learning","floor":18},{"not_picked":["Streamline+1","Rebound"],"picked":"Gash","floor":20},{"not_picked":["Compile Driver","Recycle","jedi:BurstLightning+1"],"picked":"SKIP","floor":21},{"not_picked":["Rebound+1","Glacier"],"picked":"Hologram","floor":22},{"not_picked":["jedi:BurstDark","FIFO Queue"],"picked":"Go for the Eyes+1","floor":24},{"not_picked":["Streamline","BasicCrystalCard"],"picked":"Crystallizer","floor":25},{"not_picked":["Conserve Battery","Steam+1"],"picked":"Beam Cell","floor":26},{"not_picked":["FTL+1","Ball Lightning"],"picked":"Echo Form","floor":29},{"not_picked":["Ball Lightning","Redo+1"],"picked":"Beam Cell","floor":32}],"player_experience":174474,"relics_obtained":[{"floor":11,"key":"Golden Egg"},{"floor":12,"key":"Dream Catcher"},{"floor":14,"key":"jedi:firstaidkit"},{"floor":25,"key":"CaptainsWheel"},{"floor":29,"key":"Art of War"}],"event_choices":[{"damage_healed":69,"gold_gain":0,"player_choice":"Upgrade","damage_taken":15,"max_hp_gain":0,"max_hp_loss":75,"event_name":"betterThird:BetterShining","floor":5,"gold_loss":0,"cards_upgraded":["Defend_B","Strike_B"]},{"damage_healed":0,"gold_gain":0,"player_choice":"1 cards matched","damage_taken":0,"max_hp_gain":0,"max_hp_loss":0,"event_name":"Match and Keep!","floor":6,"gold_loss":0,"cards_obtained":["Beam Cell"]},{"damage_healed":0,"gold_gain":0,"player_choice":"Cursed","damage_taken":0,"max_hp_gain":0,"max_hp_loss":0,"event_name":"Wheel of Change","floor":27,"gold_loss":0,"cards_obtained":["Decay"]}],"is_beta":false,"boss_relics":[{"not_picked":["reliquary:RedCape","Replay:Drink Me"],"picked":"Pandora\u0027s Box"}],"items_purged_floors":[23],"is_endless":false,"potions_floor_spawned":[2,7,9,13,14,16,18,21,24,26,29],"killed_by":"Slavers","ascension_level":0}}