{"host":"y7357sx8ps3jkgoj","time":1612761863,"event":{"mods":["BaseMod","Downfall","Friendly Minions","Minty Spire (QoL Compilation)","Permanent Neow","Relic Stats","Reliquary","Shop Mod","Spire Arcade","StSLib","The Alterego","The Animator","The Bladedancer","The Bug Knight","The Exalted","The Forsaken","The Mystic","The Necromancer","The Poker Player","The Runesmith","Uncapped","Unceasing Turn Reminder"],"gold_per_floor":[110,123,123,140,150,225,242,242,253,286,286,286,0,30,30,48,58,58,70,90,90,168,168,168,240,240,251,251,264,283,43,62,72,98,98,133,133,133,181,191,224,19,46,66,66,142,142,157,13,13,27,41,41,41,74,74,101,101,117,117,135,153,153,153,153,153,153,28,57,57,57],"floor_reached":70,"language":"ENG","playtime":5084,"items_purged":["Defend_R","Pain","Strike_R"],"score":1884,"play_id":"a7a28826-0daa-49e4-8f21-732c787de05c","local_time":"20210207232423","is_ascension_mode":true,"campfire_choices":[{"floor":8,"key":"REST"},{"data":"Demon Form","floor":11,"key":"SMITH"},{"floor":15,"key":"REST"},{"floor":21,"key":"DIG"},{"data":"True Grit","floor":24,"key":"SMITH"},{"floor":35,"key":"DIG"},{"floor":37,"key":"RECALL"},{"floor":45,"key":"DIG"},{"data":"Disarm","floor":53,"key":"SMITH"},{"data":"Disarm","floor":56,"key":"SMITH"},{"floor":58,"key":"DIG"},{"floor":60,"key":"DIG"},{"floor":63,"key":"REST"},{"floor":64,"key":"DIG"},{"floor":67,"key":"DIG"}],"circlet_count":0,"master_deck":["AscendersBane","Defend_R","Defend_R","Defend_R","Bash","Demon Form+1","Feel No Pain","Carnage","Headbutt","True Grit+1","Thunderclap","Disarm+1","Havoc","Disarm+1","Shrug It Off","Reaper","Feed","Sever Soul+1","Barricade+1","Immolate+1","Sword Boomerang","Evolve+1","Inflame","Shrug It Off+1","Warcry+1","Sword Boomerang","Entrench","Dual Wield","Headbutt","True Grit+1","Power Through","Offering","Warcry","Second Wind","Combust","Armaments+1","Battle Trance"],"relics":["Burning Blood","Shovel","Blood Vial","Pocketwatch","Sundial","reliquary:PorcupineQuills","bronze:MakeshiftBattery","Astrolabe","WarpedTongs","Gremlin Horn","Mummified Hand","Oddly Smooth Stone","reliquary:ExpiredCoupon","Letter Opener","reliquary:Knoch","Darkstone Periapt","Bromod:ArcaneAwakening","reliquary:Stiletto","Bromod:ArcaneGrace","reliquary:Crutches","Shuriken","Bromod:ArcaneTempo","Art of War","Vajra","Bronze Scales","Bromod:ArcaneGuardian","Bag of Preparation"],"acts_visited":["Exordium","TheCity","TheBeyond","TheEnding"],"potions_floor_usage":[34,34,44,51,51,65,70],"damage_taken":[{"damage":8,"enemies":"Small Slimes","floor":1,"turns":4},{"damage":5,"enemies":"Cultist","floor":2,"turns":5},{"damage":7,"enemies":"Jaw Worm","floor":4,"turns":3},{"damage":14,"enemies":"Blue Slaver","floor":5,"turns":5},{"damage":9,"enemies":"3 Louse","floor":7,"turns":4},{"damage":35,"enemies":"Gremlin Gang","floor":9,"turns":5},{"damage":1,"enemies":"HollowMod:MossKnight","floor":10,"turns":8},{"damage":30,"enemies":"Gremlin Nob","floor":14,"turns":5},{"damage":19,"enemies":"Lots of Slimes","floor":16,"turns":5},{"damage":0,"enemies":"Large Slime","floor":17,"turns":6},{"damage":14,"enemies":"3 Louse","floor":19,"turns":3},{"damage":0,"enemies":"Blue Slaver","floor":20,"turns":6},{"damage":3,"enemies":"Hexaghost","floor":22,"turns":8},{"damage":12,"enemies":"Hexaghost","floor":25,"turns":8},{"damage":29,"enemies":"2 Thieves","floor":27,"turns":4},{"damage":3,"enemies":"Spheric Guardian","floor":29,"turns":3},{"damage":27,"enemies":"Centurion and Healer","floor":30,"turns":4},{"damage":18,"enemies":"Sentry and Sphere","floor":32,"turns":4},{"damage":14,"enemies":"Cultist and Chosen","floor":33,"turns":7},{"damage":11,"enemies":"Book of Stabbing","floor":34,"turns":7},{"damage":5,"enemies":"HollowMod:Nosk","floor":36,"turns":6},{"damage":4,"enemies":"Snake Plant","floor":40,"turns":3},{"damage":49,"enemies":"Slavers","floor":41,"turns":8},{"damage":12,"enemies":"HollowMod:Nosk","floor":43,"turns":5},{"damage":12,"enemies":"Shelled Parasite and Fungi","floor":44,"turns":5},{"damage":4,"enemies":"Collector","floor":46,"turns":8},{"damage":0,"enemies":"3 Shapes","floor":48,"turns":1},{"damage":22,"enemies":"3 Darklings","floor":51,"turns":5},{"damage":4,"enemies":"4 Shapes","floor":52,"turns":3},{"damage":7,"enemies":"Giant Head","floor":55,"turns":7},{"damage":28,"enemies":"Writhing Mass","floor":59,"turns":7},{"damage":37,"enemies":"Spire Growth","floor":61,"turns":4},{"damage":63,"enemies":"Transient","floor":62,"turns":5},{"damage":73,"enemies":"Awakened One","floor":65,"turns":11},{"damage":97,"enemies":"Shield and Spear","floor":69,"turns":8},{"damage":105,"enemies":"The Heart","floor":70,"turns":6}],"seed_played":"734231741190506753","potions_obtained":[{"floor":4,"key":"Weak Potion"},{"floor":10,"key":"Guardian:BlockOnCardUsePotion"},{"floor":19,"key":"Energy Potion"},{"floor":22,"key":"EntropicBrew"},{"floor":27,"key":"HeartOfIron"},{"floor":44,"key":"sneckomod:MuddlingPotion"},{"floor":52,"key":"BlessingOfTheForge"},{"floor":55,"key":"LiquidMemories"}],"is_trial":false,"path_per_floor":["M","M","?","M","M","?","M","R","M","E","R","T","$","E","R","M","M","?","M","M","R","B",null,"R","B",null,"M","?","M","M","$","M","M","E","R","E","R","T","T","M","E","$","E","M","R","B",null,"M","$","$","M","M","R","$","E","R","T","R","M","R","M","M","R","R","B",null,"R","$","E","B"],"character_chosen":"IRONCLAD","items_purchased":["Disarm","Blood Vial","Gremlin Horn","Dual Wield","Headbutt","reliquary:Crutches"],"campfire_rested":3,"item_purchase_floors":[13,13,31,42,42,49],"current_hp_per_floor":[49,50,50,49,41,33,30,54,25,30,30,30,30,8,32,21,29,22,16,24,24,29,29,29,49,72,62,62,71,87,87,86,92,97,97,97,97,97,97,97,58,58,54,73,73,90,101,104,104,104,100,107,107,107,107,107,107,107,97,97,81,32,65,65,52,96,96,96,55,0,0],"gold":57,"neow_bonus":"THREE_RARE_CARDS","is_daily":false,"chose_seed":false,"campfire_upgraded":4,"win_rate":0.0,"timestamp":1612761863,"path_taken":["M","M","?","M","?","?","M","R","M","E","R","T","$","E","R","?","M","?","M","M","R","BOSS","R","BOSS","M","?","M","?","?","M","?","E","R","E","R","T","T","M","E","$","E","M","R","BOSS","M","?","$","M","M","R","$","E","R","T","R","M","R","?","M","R","R","BOSS","R","$","E","BOSS"],"items_purchased_type":["Card","Relic","Relic","Card","Card","Relic"],"build_version":"2020-12-22","purchased_purges":3,"victory":false,"max_hp_per_floor":[80,80,80,80,80,80,80,80,80,80,80,80,80,80,80,80,80,80,80,80,80,80,80,80,80,80,83,83,87,87,87,90,94,97,97,97,97,97,97,97,97,97,97,101,101,104,104,104,104,104,104,107,107,107,107,107,107,107,111,111,111,111,111,111,111,111,111,111,111,111,111],"relic_stats":{"Darkstone Periapt":0,"Gremlin Horn":[16,17],"counters":[36,196],"Astrolabe":["Sever Soul","Barricade","Immolate"],"Bag of Preparation":[2],"Letter Opener":[206],"Burning Blood":190,"WarpedTongs":[116],"Blood Vial":44,"Shovel":7,"Sundial":[22],"Mummified Hand":[91],"Shuriken":[7],"Bronze Scales":[190],"Art of War":[6],"obtain_stats":[{"Darkstone Periapt":41,"Gremlin Horn":31,"Vajra":60,"Bag of Preparation":69,"Burning Blood":0,"Blood Vial":13,"Bromod:ArcaneAwakening":43,"Shovel":10,"Sundial":18,"Mummified Hand":34,"Bromod:ArcaneTempo":57,"Bromod:ArcaneGuardian":67,"Bromod:ArcaneGrace":47,"Astrolabe":26,"Oddly Smooth Stone":35,"Letter Opener":38,"WarpedTongs":28,"reliquary:Crutches":49,"reliquary:ExpiredCoupon":36,"reliquary:PorcupineQuills":21,"Shuriken":55,"Bronze Scales":64,"reliquary:Stiletto":45,"Art of War":58,"reliquary:Knoch":39,"bronze:MakeshiftBattery":23,"Pocketwatch":14},{"Darkstone Periapt":23,"Gremlin Horn":17,"Vajra":31,"Bag of Preparation":35,"Burning Blood":0,"Blood Vial":7,"Bromod:ArcaneAwakening":24,"Shovel":7,"Sundial":10,"Mummified Hand":20,"Bromod:ArcaneTempo":30,"Bromod:ArcaneGuardian":34,"Bromod:ArcaneGrace":26,"Astrolabe":14,"Oddly Smooth Stone":20,"Letter Opener":21,"WarpedTongs":15,"reliquary:Crutches":27,"reliquary:ExpiredCoupon":21,"reliquary:PorcupineQuills":12,"Shuriken":30,"Bronze Scales":33,"reliquary:Stiletto":25,"Art of War":30,"reliquary:Knoch":21,"bronze:MakeshiftBattery":13,"Pocketwatch":8},{"Darkstone Periapt":121,"Gremlin Horn":86,"Vajra":162,"Bag of Preparation":190,"Burning Blood":0,"Blood Vial":34,"Bromod:ArcaneAwakening":126,"Shovel":34,"Sundial":50,"Mummified Hand":104,"Bromod:ArcaneTempo":155,"Bromod:ArcaneGuardian":182,"Bromod:ArcaneGrace":139,"Astrolabe":75,"Oddly Smooth Stone":104,"Letter Opener":110,"WarpedTongs":79,"reliquary:Crutches":140,"reliquary:ExpiredCoupon":110,"reliquary:PorcupineQuills":59,"Shuriken":155,"Bronze Scales":171,"reliquary:Stiletto":131,"Art of War":155,"reliquary:Knoch":110,"bronze:MakeshiftBattery":67,"Pocketwatch":39}],"Pocketwatch":[192]},"card_choices":[{"not_picked":["Offering","Barricade"],"picked":"Demon Form","floor":0},{"not_picked":["Clash","Spot Weakness"],"picked":"Feel No Pain","floor":1},{"not_picked":["Body Slam","Clash"],"picked":"Carnage","floor":2},{"not_picked":["Pommel Strike","Hemokinesis","Wild Strike"],"picked":"SKIP","floor":4},{"not_picked":["Wild Strike","Twin Strike"],"picked":"Headbutt","floor":5},{"not_picked":["Whirlwind","Wild Strike","Fiend Fire"],"picked":"SKIP","floor":7},{"not_picked":["Wild Strike","Clothesline"],"picked":"True Grit","floor":9},{"not_picked":["Anger","Rampage"],"picked":"Thunderclap","floor":10},{"not_picked":["Body Slam","Flex","Burning Pact"],"picked":"SKIP","floor":14},{"not_picked":["Blood for Blood","Wild Strike"],"picked":"Havoc","floor":16},{"not_picked":["Anger","Perfected Strike"],"picked":"Disarm","floor":17},{"not_picked":["Anger","Twin Strike"],"picked":"Shrug It Off","floor":19},{"not_picked":["Searing Blow","Demon Form","Headbutt"],"picked":"SKIP","floor":20},{"not_picked":["Exhume","Double Tap"],"picked":"Reaper","floor":22},{"not_picked":["Impervious","Demon Form"],"picked":"Feed","floor":25},{"not_picked":["Disarm","Wild Strike"],"picked":"Sword Boomerang","floor":27},{"not_picked":["Iron Wave","Twin Strike"],"picked":"Evolve+1","floor":29},{"not_picked":["Clothesline","Rage","Rupture"],"picked":"SKIP","floor":30},{"not_picked":["Body Slam","Anger"],"picked":"Inflame","floor":32},{"not_picked":["Immolate","Clash","Sentinel"],"picked":"SKIP","floor":33},{"not_picked":["Heavy Blade","Dark Embrace"],"picked":"Shrug It Off+1","floor":34},{"not_picked":["Twin Strike","Havoc"],"picked":"Warcry+1","floor":36},{"not_picked":["Pommel Strike","Searing Blow"],"picked":"Sword Boomerang","floor":40},{"not_picked":["Bloodletting","Body Slam+1"],"picked":"Entrench","floor":41},{"not_picked":["Body Slam","Double Tap"],"picked":"True Grit+1","floor":43},{"not_picked":["Clash","Body Slam"],"picked":"Power Through","floor":44},{"not_picked":["Brutality","Reaper"],"picked":"Offering","floor":46},{"not_picked":["Twin Strike","Sword Boomerang","Thunderclap"],"picked":"SKIP","floor":48},{"not_picked":["Flex","Twin Strike"],"picked":"Warcry","floor":51},{"not_picked":["Perfected Strike+1","Bludgeon","Shockwave+1"],"picked":"SKIP","floor":52},{"not_picked":["Wild Strike","Heavy Blade"],"picked":"Second Wind","floor":55},{"not_picked":["Rampage+1","Thunderclap"],"picked":"Combust","floor":59},{"not_picked":["Cleave","Havoc+1"],"picked":"Armaments+1","floor":61},{"not_picked":["Clothesline","Clash"],"picked":"Battle Trance","floor":62},{"not_picked":["Carnage+1","Wild Strike","Rampage"],"picked":"SKIP","floor":69}],"player_experience":529824,"relics_obtained":[{"floor":10,"key":"Shovel"},{"floor":14,"key":"Pocketwatch"},{"floor":21,"key":"reliquary:PorcupineQuills"},{"floor":34,"key":"Mummified Hand"},{"floor":35,"key":"Oddly Smooth Stone"},{"floor":36,"key":"reliquary:ExpiredCoupon"},{"floor":38,"key":"Letter Opener"},{"floor":39,"key":"reliquary:Knoch"},{"floor":41,"key":"Darkstone Periapt"},{"floor":43,"key":"Bromod:ArcaneAwakening"},{"floor":45,"key":"reliquary:Stiletto"},{"floor":55,"key":"Shuriken"},{"floor":57,"key":"Bromod:ArcaneTempo"},{"floor":58,"key":"Art of War"},{"floor":60,"key":"Vajra"},{"floor":64,"key":"Bronze Scales"},{"floor":67,"key":"Bromod:ArcaneGuardian"},{"floor":69,"key":"Bag of Preparation"}],"event_choices":[{"cards_removed":["Strike_R"],"damage_healed":0,"gold_gain":0,"player_choice":"Offered Basic","damage_taken":0,"max_hp_gain":0,"max_hp_loss":0,"event_name":"Bonfire Elementals","floor":3,"gold_loss":0},{"damage_healed":0,"gold_gain":75,"player_choice":"Touch","damage_taken":8,"max_hp_gain":0,"max_hp_loss":0,"event_name":"FaceTrader","floor":6,"gold_loss":0},{"damage_healed":0,"gold_gain":0,"player_choice":"Success","damage_taken":7,"relics_obtained":["Sundial"],"max_hp_gain":0,"max_hp_loss":0,"event_name":"Scrap Ooze","floor":18,"gold_loss":0},{"damage_healed":0,"gold_gain":0,"player_choice":"Rummage","damage_taken":0,"relics_obtained":["WarpedTongs"],"max_hp_gain":0,"max_hp_loss":0,"event_name":"Accursed Blacksmith","floor":28,"gold_loss":0,"cards_obtained":["Pain"]}],"is_beta":false,"boss_relics":[{"not_picked":["Velvet Choker","Calling Bell"],"picked":"bronze:MakeshiftBattery"},{"not_picked":["Busted Crown","Empty Cage"],"picked":"Astrolabe"},{"not_picked":["Black Blood","reliquary:KinkedSpring"],"picked":"Bromod:ArcaneGrace"}],"items_purged_floors":[13,42,68],"is_endless":false,"potions_floor_spawned":[4,10,14,16,17,19,22,27,30,32,36,44,48,52,55,61,62],"killed_by":"The Heart","ascension_level":13}}