{"host":"yq7vhdvcv08g2502","time":1612765158,"event":{"mods":["BaseMod","Colored Powertips","Custom Start","Downfall","Minty Spire (QoL Compilation)","Quick Restart","StSLib"],"gold_per_floor":[99,114,169,269,279,299,299,299,37,37,54,54,97,97,108,108,108,108],"floor_reached":16,"language":"ENG","playtime":762,"items_purged":["Normality"],"score":100,"play_id":"f41ddf29-4574-422d-9353-f0fd100ee459","local_time":"20210208061918","is_ascension_mode":false,"campfire_choices":[{"data":"Slimebound:CorrosiveSpit","floor":1,"key":"SMITH"},{"data":"Slimebound:Split","floor":8,"key":"SMITH"},{"data":"Slimebound:AcidTongue","floor":12,"key":"SMITH"}],"circlet_count":0,"master_deck":["Slimebound:Strike_Slimebound","Slimebound:Strike_Slimebound","Slimebound:Strike_Slimebound","Slimebound:Tackle","Slimebound:Defend_Slimebound","Slimebound:Defend_Slimebound","Slimebound:Defend_Slimebound","Slimebound:Defend_Slimebound","Slimebound:Split+1","Slimebound:CorrosiveSpit+1","Slimebound:AcidTongue+1","Slimebound:DuplicatedForm","Writhe","Slimebound:SplitAcid","Slimebound:SpikyOuterGoop","downfall:Bewildered","Shame","Slimebound:RejuvenatingLick","Slimebound:Schlurp","Slimebound:LivingWall","Slimebound:RallyTheTroops","Slimebound:SlimeTap"],"relics":["Slimebound:AbsorbEndCombat","Slimebound:AggressiveSlimeRelic","downfall:ExtraCursedKey","Bag of Marbles","The Courier"],"acts_visited":["Exordium"],"potions_floor_usage":[9,16,16],"damage_taken":[{"damage":4,"enemies":"Cultist","floor":2,"turns":3},{"damage":14,"enemies":"Jaw Worm","floor":5,"turns":3},{"damage":10,"enemies":"Small Slimes","floor":6,"turns":3},{"damage":26,"enemies":"downfall:FleeingMerchant","floor":9,"turns":4},{"damage":12,"enemies":"2 Fungi Beasts","floor":11,"turns":4},{"damage":40,"enemies":"3 Sentries","floor":13,"turns":6},{"damage":39,"enemies":"Gremlin Gang","floor":15,"turns":6},{"damage":18,"enemies":"WA_ARCHETYPE_RETAIN","floor":16,"turns":1}],"seed_played":"3689271428296776930","potions_obtained":[{"floor":6,"key":"AttackPotion"},{"floor":11,"key":"Slimebound:SlimyTonguePotion"},{"floor":13,"key":"sneckomod:MuddlingPotion"}],"is_trial":false,"path_per_floor":["R","M","T","?","M","M","T","R","$","?","M","R","E","?","M","B"],"character_chosen":"SLIMEBOUND","items_purchased":["Slimebound:Schlurp","Bag of Marbles"],"campfire_rested":0,"item_purchase_floors":[9,9],"current_hp_per_floor":[71,71,71,71,59,51,51,51,42,65,53,53,36,36,18,0,0,0],"gold":108,"neow_bonus":"TEN_PERCENT_HP_BONUS","is_daily":false,"chose_seed":false,"campfire_upgraded":3,"win_rate":0.0,"timestamp":1612765158,"path_taken":["R","M","?","?","M","M","T","R","$","?","M","R","E","?","M","BOSS"],"items_purchased_type":["Card","Relic"],"build_version":"2020-12-22","purchased_purges":1,"victory":false,"max_hp_per_floor":[71,71,71,71,71,71,71,71,71,71,71,71,71,71,71,71,71,71],"card_choices":[{"not_picked":["Slimebound:LeechEnergy","Slimebound:BestDefense"],"picked":"Slimebound:AcidTongue","floor":2},{"not_picked":["Slimebound:LeechEnergy","Slimebound:SlimeSpikes"],"picked":"Slimebound:SplitAcid","floor":5},{"not_picked":["Slimebound:SlimeBrawl","Slimebound:Grow"],"picked":"Slimebound:SpikyOuterGoop","floor":6},{"not_picked":["Slimebound:SlimeSpikes","Slimebound:GoopSpray"],"picked":"Slimebound:RejuvenatingLick","floor":9},{"not_picked":["Slimebound:SlimeBrawl","Slimebound:FinishingTackle","Slimebound:FormOfPuddle"],"picked":"SKIP","floor":11},{"not_picked":["Slimebound:FinishingTackle","Slimebound:Grow"],"picked":"Slimebound:LivingWall","floor":13},{"not_picked":["Slimebound:SelfFormingGoo","Slimebound:SplitLeeching"],"picked":"Slimebound:SlimeTap","floor":15}],"player_experience":133281,"relics_obtained":[{"floor":3,"key":"Slimebound:AggressiveSlimeRelic"},{"floor":7,"key":"CeramicFish"},{"floor":13,"key":"The Courier"}],"event_choices":[{"damage_healed":23,"gold_gain":0,"player_choice":"Banana","damage_taken":0,"max_hp_gain":0,"max_hp_loss":0,"event_name":"Big Fish","floor":10,"gold_loss":0}],"is_beta":false,"boss_relics":[],"items_purged_floors":[9],"is_endless":false,"potions_floor_spawned":[6,11,13],"killed_by":"WA_ARCHETYPE_RETAIN","ascension_level":0}}