{"host":"BK","time":1612827548,"event":{"mods":["BaseMod","Highlight Path","Minty Spire (QoL Compilation)","StSLib"],"gold_per_floor":[117,167,177,188,203,203,222,257,257,102,51,81,101,101,101],"floor_reached":14,"language":"ENG","playtime":621,"items_purged":["Strike_G"],"score":204,"play_id":"9c56c46a-d651-4e5f-80db-77e6487c7c4a","local_time":"20210208163908","is_ascension_mode":true,"campfire_choices":[{"data":"Skewer","floor":6.0,"key":"SMITH"}],"circlet_count":0,"master_deck":["AscendersBane","Strike_G","Strike_G","Strike_G","Strike_G","Defend_G","Defend_G","Defend_G","Defend_G","Defend_G","Survivor","Neutralize","Skewer+1","Endless Agony","Riddle With Holes","Dagger Throw","All Out Attack","Noxious Fumes","Backflip","Catalyst+1"],"relics":["Ring of the Snake","Anchor","Smiling Mask","Eternal Feather","Mummified Hand","Toxic Egg 2"],"acts_visited":["Exordium"],"potions_floor_usage":[14,14],"damage_taken":[{"damage":4.0,"enemies":"Small Slimes","floor":1.0,"turns":4.0},{"damage":1.0,"enemies":"Cultist","floor":3.0,"turns":4.0},{"damage":0.0,"enemies":"Jaw Worm","floor":4.0,"turns":4.0},{"damage":1.0,"enemies":"3 Louse","floor":5.0,"turns":4.0},{"damage":6.0,"enemies":"Red Slaver","floor":7.0,"turns":4.0},{"damage":10.0,"enemies":"Gremlin Nob","floor":8.0,"turns":3.0},{"damage":15.0,"enemies":"3 Sentries","floor":12.0,"turns":7.0},{"damage":12.0,"enemies":"Exordium Wildlife","floor":13.0,"turns":3.0},{"damage":25,"enemies":"Gremlin Nob","floor":14,"turns":3}],"seed_played":"7079057335921498619","potions_obtained":[{"floor":1.0,"key":"CunningPotion"},{"floor":3.0,"key":"LiquidBronze"},{"floor":8.0,"key":"EssenceOfSteel"}],"is_trial":false,"path_per_floor":["M","?","M","M","M","R","M","E","T","$","?","E","M","E"],"character_chosen":"THE_SILENT","items_purchased":["Noxious Fumes","Backflip"],"campfire_rested":0,"item_purchase_floors":[10,10],"current_hp_per_floor":[55,55,54,54,53,53,47,37,37,37,37,22,10,0,0],"gold":101,"neow_bonus":"RANDOM_COMMON_RELIC","is_daily":false,"chose_seed":false,"campfire_upgraded":1,"win_rate":0.0,"timestamp":1612827548,"path_taken":["M","?","M","?","M","R","M","E","T","$","?","E","?","E"],"items_purchased_type":["Card","Card"],"build_version":"2020-12-18","purchased_purges":1,"victory":false,"max_hp_per_floor":[66,66,66,66,66,66,66,66,66,66,66,66,66,66,66],"card_choices":[{"not_picked":["Cloak And Dagger","Dagger Throw"],"picked":"Skewer","floor":1.0},{"not_picked":["Slice","Sucker Punch"],"picked":"Endless Agony","floor":3.0},{"not_picked":["Outmaneuver","Finisher"],"picked":"Riddle With Holes","floor":4.0},{"not_picked":["Backflip","Dagger Spray"],"picked":"Dagger Throw","floor":5.0},{"not_picked":["Quick Slash","Blur","Escape Plan"],"picked":"SKIP","floor":7.0},{"not_picked":["Catalyst","Riddle With Holes"],"picked":"All Out Attack","floor":8.0},{"not_picked":["Footwork","Masterful Stab"],"picked":"Catalyst+1","floor":12.0},{"not_picked":["Riddle With Holes","Prepared+1","Flechettes"],"picked":"SKIP","floor":13.0}],"player_experience":2530830,"relics_obtained":[{"floor":8.0,"key":"Smiling Mask"},{"floor":9.0,"key":"Eternal Feather"},{"floor":12.0,"key":"Toxic Egg 2"}],"event_choices":[{"damage_healed":0.0,"max_hp_gain":0.0,"max_hp_loss":0.0,"gold_gain":50.0,"event_name":"Golden Shrine","player_choice":"Pray","floor":2.0,"gold_loss":0.0,"damage_taken":0.0},{"damage_healed":0.0,"max_hp_gain":0.0,"max_hp_loss":0.0,"gold_gain":0.0,"event_name":"WeMeetAgain","player_choice":"Paid Gold","floor":11.0,"gold_loss":51.0,"damage_taken":0.0,"relics_obtained":["Mummified Hand"]}],"is_beta":true,"boss_relics":[],"items_purged_floors":[10],"is_endless":false,"potions_floor_spawned":[1,3,8],"killed_by":"Gremlin Nob","ascension_level":20}}