{"host":"w01zow3jg16g8jdh","time":1612797762,"event":{"mods":["2.2 Compatiblity","AchievementEnabler","BaseMod","DeckTracker","Hermit","Keyboard Shortcuts","Marisa£¨Ùöéë¡¡Øª×âÞÞ£©","Minty Spire (QoL Compilation)","Permanent Neow","StSLib","SuperFastMode"],"gold_per_floor":[115,190,42,56,131,165,179,199,246,271,284,284,299,324,324,419,419,435,449,449,449,449,449,475,527,554,589,605,605,621,639,639,738,738,752,752,375,386,386,412,412,447,521,537,564,582,600,614,614,614],"floor_reached":51,"language":"KOR","playtime":1007,"items_purged":["Defend_MRS"],"score":1126,"play_id":"cf545474-96db-42c3-924f-b20abdc934ab","local_time":"20210209002242","is_ascension_mode":true,"campfire_choices":[{"data":"GrandCross","floor":12.0,"key":"SMITH"},{"data":"MasterSpark","floor":15.0,"key":"SMITH"},{"data":"MillisecondPulsars","floor":23,"key":"SMITH"},{"data":"GrandCross","floor":29,"key":"SMITH"},{"data":"UpSweep","floor":32,"key":"SMITH"},{"data":"AsteroidBelt","floor":41,"key":"SMITH"},{"data":"ChargeUpSpray","floor":49,"key":"SMITH"}],"circlet_count":0,"master_deck":["Strike_MRS","Defend_MRS","Defend_MRS","MasterSpark+1","UpSweep+1","DoubleSpark+1","GrandCross+1","NonDirectionalLaser+1","GrandCross+1","AsteroidBelt+1","MillisecondPulsars+1","GrandCross+1","GasGiant+1","OortCloud+1","Acceleration+1","Parasite","Parasite","AlicesGift+1","SprinkleStarSeal+1","ChargeUpSpray+1","GrandCross+1","MagicAbsorber+1"],"relics":["MiniHakkero","Calipers","Pen Nib","Singing Bowl","Whetstone","Art of War","Meat on the Bone","Astrolabe","Bottled Tornado","Tiny Chest","ShroomBag","Vajra","SlaversCollar","SimpleLauncher","Orichalcum","Mango","Pantograph","Juzu Bracelet"],"acts_visited":["Exordium","TheCity","TheBeyond"],"potions_floor_usage":[30,33,45,50,50],"damage_taken":[{"damage":4.0,"enemies":"Jaw Worm","floor":1.0,"turns":4.0},{"damage":4.0,"enemies":"2 Louse","floor":4.0,"turns":2.0},{"damage":14.0,"enemies":"3 Sentries","floor":6.0,"turns":6.0},{"damage":6.0,"enemies":"Cultist","floor":7.0,"turns":3.0},{"damage":0.0,"enemies":"Exordium Thugs","floor":8.0,"turns":3.0},{"damage":8.0,"enemies":"Gremlin Nob","floor":10.0,"turns":3.0},{"damage":2.0,"enemies":"2 Fungi Beasts","floor":11.0,"turns":3.0},{"damage":0.0,"enemies":"Large Slime","floor":13.0,"turns":1.0},{"damage":0.0,"enemies":"Lagavulin","floor":14.0,"turns":3.0},{"damage":0.0,"enemies":"Slime Boss","floor":16.0,"turns":5.0},{"damage":10.0,"enemies":"3 Byrds","floor":18.0,"turns":4.0},{"damage":9.0,"enemies":"Shell Parasite","floor":19.0,"turns":3.0},{"damage":22,"enemies":"Book of Stabbing","floor":24,"turns":5},{"damage":18,"enemies":"Gremlin Leader","floor":27,"turns":4},{"damage":0,"enemies":"3 Cultists","floor":28,"turns":4},{"damage":16,"enemies":"Snake Plant","floor":30,"turns":3},{"damage":15,"enemies":"Centurion and Healer","floor":31,"turns":4},{"damage":43,"enemies":"Automaton","floor":33,"turns":8},{"damage":3,"enemies":"Orb Walker","floor":35,"turns":3},{"damage":7,"enemies":"3 Darklings","floor":38,"turns":3},{"damage":22,"enemies":"Reptomancer","floor":40,"turns":5},{"damage":8,"enemies":"Giant Head","floor":42,"turns":7},{"damage":0,"enemies":"Jaw Worm Horde","floor":44,"turns":2},{"damage":0,"enemies":"Reptomancer","floor":45,"turns":3},{"damage":29,"enemies":"Writhing Mass","floor":46,"turns":4},{"damage":17,"enemies":"3 Darklings","floor":47,"turns":3},{"damage":2,"enemies":"Spire Growth","floor":48,"turns":3},{"damage":58,"enemies":"Donu and Deca","floor":50,"turns":7}],"seed_played":"8250009380510935445","potions_obtained":[{"floor":4.0,"key":"ColorlessPotion"},{"floor":7.0,"key":"Block Potion"},{"floor":10.0,"key":"SneckoOil"},{"floor":11.0,"key":"SkillPotion"},{"floor":14.0,"key":"LiquidMemories"},{"floor":24,"key":"PowerPotion"},{"floor":27,"key":"FearPotion"},{"floor":28,"key":"GamblersBrew"},{"floor":30,"key":"ColorlessPotion"},{"floor":35,"key":"AttackPotion"},{"floor":45,"key":"AttackPotion"}],"is_trial":false,"path_per_floor":["M","?","$","M","?","E","M","M","T","E","M","R","M","E","R","B",null,"M","M","?","?","?","R","E","T","T","E","M","R","M","M","R","B",null,"M","?","$","M","?","E","R","E","T","M","E","M","M","M","R","B",null],"character_chosen":"MARISA","items_purchased":["Pen Nib","SimpleLauncher"],"campfire_rested":0,"item_purchase_floors":[3,37],"current_hp_per_floor":[64,53,53,49,43,29,23,23,23,17,17,17,19,21,21,33,76,68,61,61,61,46,46,36,36,36,34,52,52,50,53,53,28,93,92,90,90,85,85,69,69,79,79,85,91,68,69,71,71,54],"gold":614,"neow_bonus":"ONE_RARE_RELIC","is_daily":false,"chose_seed":false,"campfire_upgraded":7,"win_rate":0.0,"timestamp":1612797762,"path_taken":["M","?","$","M","?","E","M","?","T","E","M","R","M","E","R","BOSS","M","M","?","?","?","R","E","?","T","E","M","R","?","M","R","BOSS","M","?","$","M","?","E","R","E","T","M","E","M","M","M","R","BOSS"],"items_purchased_type":["Relic","Relic"],"build_version":"2020-12-22","purchased_purges":1,"victory":true,"max_hp_per_floor":[68,68,68,68,68,68,68,68,68,70,72,72,74,76,76,76,76,78,80,80,80,85,85,85,85,85,85,87,87,89,91,91,93,93,95,90,90,90,90,92,92,106,106,108,110,112,114,114,114,114],"card_choices":[{"not_picked":["UnstableBomb","ManaConvection"],"picked":"DoubleSpark","floor":1.0},{"not_picked":["DeepEcoloBomb","ShootingEcho"],"picked":"GrandCross","floor":4.0},{"not_picked":["DarkMatter","SporeBomb"],"picked":"NonDirectionalLaser","floor":6.0},{"not_picked":["6A","SporeBomb"],"picked":"GrandCross","floor":7.0},{"not_picked":["GravityBeat","WitchLeyline"],"picked":"AsteroidBelt","floor":8.0},{"not_picked":["PulseMagic","ManaConvection","DarkMatter"],"picked":"Singing Bowl","floor":10.0},{"not_picked":["MilkyWay","FinalSpark","PowerUp"],"picked":"Singing Bowl","floor":11.0},{"not_picked":["GrandCross","Occultation","UnstableBomb"],"picked":"Singing Bowl","floor":13.0},{"not_picked":["PulseMagic","SuperPerseids","GrandCross"],"picked":"Singing Bowl","floor":14.0},{"not_picked":["BlazingStar","MaximisePower"],"picked":"MillisecondPulsars","floor":16.0},{"not_picked":["AsteroidBelt+1","GravityBeat","DarkMatter"],"picked":"Singing Bowl","floor":18.0},{"not_picked":["IllusionStar+1","GasGiant","ShootTheMoon"],"picked":"Singing Bowl","floor":19.0},{"not_picked":["Robbery","DC+1"],"picked":"Acceleration+1","floor":24},{"not_picked":["6A","AsteroidBelt"],"picked":"AlicesGift+1","floor":27},{"not_picked":["GravityBeat","WitchOfGreed","OpenUniverse+1"],"picked":"Singing Bowl","floor":28},{"not_picked":["SprinkleStarSeal","OneTimeOff","PowerUp"],"picked":"Singing Bowl","floor":30},{"not_picked":["WitchLeyline","ChargingUp","DC"],"picked":"Singing Bowl","floor":31},{"not_picked":["MaximisePower","CollectingQuirk","BigCrunch"],"picked":"Singing Bowl","floor":33},{"not_picked":["OneTimeOff","DC","LuminesStrike+1"],"picked":"Singing Bowl","floor":35},{"not_picked":["OpenUniverse","LuminesStrike"],"picked":"SprinkleStarSeal+1","floor":38},{"not_picked":["Robbery","StarDustReverie","ShootingEcho"],"picked":"Singing Bowl","floor":40},{"not_picked":["UnstableBomb","WitchLeyline"],"picked":"GrandCross+1","floor":42},{"not_picked":["MysteriousBeam+1","LuminesStrike","GravityBeat+1"],"picked":"Singing Bowl","floor":44},{"not_picked":["MachineGunSpark","PowerUp+1","MaximisePower"],"picked":"Singing Bowl","floor":45},{"not_picked":["6A","SporeBomb+1","MysteriousBeam"],"picked":"Singing Bowl","floor":46},{"not_picked":["DeepEcoloBomb","OpenUniverse","DC+1"],"picked":"Singing Bowl","floor":47},{"not_picked":["DoubleSpark+1","OneTimeOff+1"],"picked":"MagicAbsorber+1","floor":48}],"player_experience":375959,"relics_obtained":[{"floor":6.0,"key":"Singing Bowl"},{"floor":9.0,"key":"Whetstone"},{"floor":10.0,"key":"Art of War"},{"floor":14.0,"key":"Meat on the Bone"},{"floor":24,"key":"Bottled Tornado"},{"floor":25,"key":"Tiny Chest"},{"floor":26,"key":"ShroomBag"},{"floor":27,"key":"Vajra"},{"floor":40,"key":"Orichalcum"},{"floor":42,"key":"Mango"},{"floor":43,"key":"Pantograph"},{"floor":45,"key":"Juzu Bracelet"}],"event_choices":[{"damage_healed":0.0,"max_hp_gain":0.0,"max_hp_loss":0.0,"gold_gain":75.0,"event_name":"World of Goop","player_choice":"Gather Gold","floor":2.0,"gold_loss":0.0,"damage_taken":11.0},{"damage_healed":0.0,"max_hp_gain":0.0,"max_hp_loss":0.0,"gold_gain":75.0,"event_name":"FaceTrader","player_choice":"Touch","floor":5.0,"gold_loss":0.0,"damage_taken":6.0},{"damage_healed":0.0,"max_hp_gain":0.0,"max_hp_loss":0.0,"gold_gain":0.0,"event_name":"The Mausoleum","player_choice":"Ignored","floor":20.0,"gold_loss":0.0,"damage_taken":0.0},{"damage_healed":0,"gold_gain":0,"player_choice":"Ignored","damage_taken":0,"max_hp_gain":0,"max_hp_loss":0,"event_name":"Vampires","floor":21,"gold_loss":0},{"damage_healed":0,"gold_gain":0,"player_choice":"Shed Blood","damage_taken":20,"max_hp_gain":5,"max_hp_loss":0,"event_name":"Forgotten Altar","floor":22,"gold_loss":0},{"damage_healed":0,"gold_gain":0,"player_choice":"Max HP","damage_taken":0,"max_hp_gain":0,"max_hp_loss":5,"event_name":"Winding Halls","floor":36,"gold_loss":0},{"damage_healed":0,"gold_gain":0,"cards_transformed":["Strike_MRS"],"player_choice":"Transformed","damage_taken":0,"max_hp_gain":0,"max_hp_loss":0,"event_name":"Transmorgrifier","floor":39,"gold_loss":0,"cards_obtained":["ChargeUpSpray"]}],"is_beta":false,"boss_relics":[{"not_picked":["Snecko Eye","Sozu"],"picked":"Astrolabe"},{"not_picked":["Busted Crown","Cursed Key"],"picked":"SlaversCollar"}],"items_purged_floors":[37],"is_endless":false,"potions_floor_spawned":[4,7,10,11,14,24,27,28,30,35,45,46,48],"ascension_level":3}}