{"host":"u21q392b5xaj11fl","time":1612748562,"event":{"mods":["2.2 Compatiblity","Bard","BaseMod","Better Note","Colored Map","Colored Powertips","Conspire","Custom Start","Downfall","Faster Ascension Climbing","GifTheSpireLib","Gremlin Skip","Highlight Path","Hubris","Infinite Spire","Mad Scientist","Marisa????????","Mimic Mod","Minty Spire (QoL Compilation)","Monster B Gone","Permanent Neow","Potionbrewer","Quick Restart","READ ME - Guardian Mod","Relic Sorter","Replay The Spire","Shop Mod","Somnambulant","StSLib","Stuff the Spire","SuperFastMode","The Construct","The Disciple","The Servant 0.9.4"],"gold_per_floor":[111,214,228,244,258,273,306,11,37,2,37,37,75,155,155,260,260,310,363,363,25,93,93,125,125],"floor_reached":24,"language":"ENG","playtime":2180,"items_purged":["Strike_P"],"score":371,"play_id":"f6bd1356-4ab6-4c9e-bd10-2c577425feb7","local_time":"20210207194242","is_ascension_mode":true,"campfire_choices":[{"floor":12.0,"key":"REST"},{"floor":15.0,"key":"REST"},{"floor":23.0,"key":"REST"}],"circlet_count":0,"master_deck":["AscendersBane","Strike_P+1","Strike_P+1","Strike_P+1","Defend_P+1","Defend_P","Defend_P+1","Defend_P","Eruption","Vigilance+1","Vault+1","Replay:BluntJabs","Replay:AtTheReady","CutThroughFate+1","Replay:BluntJabs","EmptyFist","Vengeance","MentalFortress","LessonLearned","Blasphemy+1","DevaForm","AbeCurse","Replay:BluntJabs+1","Protect","Self Repair","WheelKick"],"relics":["PureWater","Art of War","potionbrewer:Torch","Nunchaku","Replay:Bandana","Gremlin Horn","Abe\u0027s Treasure","Membership Card","MerchantsRug","Centennial Puzzle"],"acts_visited":["Exordium","TheCity"],"potions_floor_usage":[],"damage_taken":[{"damage":0.0,"enemies":"Small Slimes","floor":1.0,"turns":4.0},{"damage":0.0,"enemies":"2 Louse","floor":3.0,"turns":3.0},{"damage":0.0,"enemies":"Jaw Worm","floor":4.0,"turns":4.0},{"damage":11.0,"enemies":"Looter","floor":5.0,"turns":5.0},{"damage":0.0,"enemies":"3 Louse","floor":6.0,"turns":2.0},{"damage":13.0,"enemies":"Lagavulin","floor":7.0,"turns":7.0},{"damage":18.0,"enemies":"Gremlin Nob","floor":11.0,"turns":3.0},{"damage":3.0,"enemies":"Blue Slaver","floor":13.0,"turns":5.0},{"damage":10.0,"enemies":"3 Sentries","floor":14.0,"turns":8.0},{"damage":19.0,"enemies":"The Guardian","floor":16.0,"turns":13.0},{"damage":21.0,"enemies":"Chosen","floor":18.0,"turns":6.0},{"damage":11.0,"enemies":"Spheric Guardian","floor":19.0,"turns":4.0},{"damage":0.0,"enemies":"3 Cultists","floor":22.0,"turns":5.0},{"damage":50,"enemies":"Book of Stabbing","floor":24,"turns":6}],"seed_played":"6008602151368861783","potions_obtained":[{"floor":5.0,"key":"Adrenaline Potion"},{"floor":6.0,"key":"sneckomod:MuddlingPotion"},{"floor":7.0,"key":"BlessingOfTheForge"},{"floor":11.0,"key":"potionbrewer:EndurancePotion"},{"floor":16.0,"key":"Death Potion"}],"is_trial":false,"path_per_floor":["M","?","M","M","M","M","E","$","T","?","E","R","M","E","R","B",null,"M","M","?","$","M","R","E"],"character_chosen":"WATCHER","items_purchased":["LessonLearned","Nunchaku","Membership Card","MerchantsRug","Centennial Puzzle","WheelKick"],"campfire_rested":3,"item_purchase_floors":[8,8,21,21,21,21],"current_hp_per_floor":[61,46,46,46,35,35,22,22,22,37,19,37,34,24,42,23,52,31,20,20,20,27,45,0,0],"gold":125,"neow_bonus":"THREE_RARE_CARDS","is_daily":false,"chose_seed":false,"campfire_upgraded":0,"win_rate":0.0,"timestamp":1612748562,"path_taken":["M","?","M","M","M","M","E","$","T","?","E","R","M","E","R","BOSS","M","M","?","$","M","R","E"],"items_purchased_type":["Card","Relic","Relic","Relic","Relic","Card"],"build_version":"2020-12-22","purchased_purges":1,"victory":false,"max_hp_per_floor":[62,62,62,62,62,62,62,62,62,62,62,62,62,62,62,62,62,62,62,62,62,62,62,62,62],"card_choices":[{"not_picked":["Replay:AllIn","MasterReality"],"picked":"Vault","floor":0.0},{"not_picked":["InnerPeace","Nirvana"],"picked":"Replay:BluntJabs","floor":1.0},{"not_picked":["InnerPeace","FlyingSleeves"],"picked":"Replay:AtTheReady","floor":2.0},{"not_picked":["Crescendo","Nirvana"],"picked":"CutThroughFate","floor":2.0},{"not_picked":["Prostrate","PathToVictory"],"picked":"Replay:BluntJabs","floor":3.0},{"not_picked":["Prostrate","FollowUp"],"picked":"EmptyFist","floor":4.0},{"not_picked":["LikeWater","FlurryOfBlows"],"picked":"Vengeance","floor":5.0},{"not_picked":["Swivel","LikeWater"],"picked":"MentalFortress","floor":6.0},{"not_picked":["Crescendo","LikeWater","PathToVictory"],"picked":"SKIP","floor":7.0},{"not_picked":["CrushJoints","CutThroughFate","Worship"],"picked":"SKIP","floor":11.0},{"not_picked":["WreathOfFlame","BattleHymn"],"picked":"Blasphemy","floor":13.0},{"not_picked":["Pray","SashWhip","Evaluate"],"picked":"SKIP","floor":14.0},{"not_picked":["Pray","SashWhip","Evaluate"],"picked":"SKIP","floor":14.0},{"not_picked":["Brilliance","Alpha"],"picked":"DevaForm","floor":16.0},{"not_picked":["Prostrate","Study"],"picked":"Replay:BluntJabs+1","floor":18.0},{"not_picked":["Devotion","PathToVictory"],"picked":"Protect","floor":19.0},{"not_picked":["BowlingBash","Pray+1","ClearTheMind"],"picked":"SKIP","floor":22.0}],"player_experience":230175,"relics_obtained":[{"floor":2.0,"key":"Art of War"},{"floor":7.0,"key":"potionbrewer:Torch"},{"floor":9.0,"key":"War Paint"},{"floor":11.0,"key":"Replay:Bandana"},{"floor":14.0,"key":"Gremlin Horn"}],"event_choices":[{"damage_healed":15.0,"max_hp_gain":0.0,"max_hp_loss":0.0,"gold_gain":0.0,"event_name":"The Cleric","player_choice":"Healed","floor":10.0,"gold_loss":35.0,"damage_taken":0.0},{"cards_removed":["LessonLearned"],"damage_healed":0.0,"max_hp_gain":0.0,"max_hp_loss":0.0,"gold_gain":0.0,"event_name":"betterNote:BetterNote","player_choice":"Take \u0026 Give","floor":20.0,"gold_loss":0.0,"damage_taken":0.0,"cards_obtained":["Self Repair"]}],"is_beta":false,"boss_relics":[{"not_picked":["Busted Crown","hubris:VirtuousBlindfold"],"picked":"Abe\u0027s Treasure"}],"items_purged_floors":[21],"is_endless":false,"potions_floor_spawned":[5,6,7,11,16],"killed_by":"Book of Stabbing","ascension_level":14}}