{"host":"okvf2hy7r209l3k2","time":1612753346,"event":{"mods":["BaseMod","Block Reminder","Colored Map","Colored Powertips","Downfall","Hermit","Highlight Path","Minty Spire (QoL Compilation)","Permanent Neow","StSLib","The Cursed"],"gold_per_floor":[99,113,130,130,130,148,198,198,228,240,274,274,293,120,136,235,235,135,148,168,181,191,226,251,251,264,264,279,313,328,341,355,455,455,455,471,471,490,501,521,521,535,565,130,150,10,10,25,37,37,37,37],"floor_reached":50,"language":"ENG","playtime":5893,"items_purged":["Slimebound:Strike_Slimebound","Slimebound:Defend_Slimebound","downfall:Malfunctioning"],"score":676,"play_id":"1e1f7a8a-eee1-4e80-82db-f4672b8d472c","local_time":"20210207180226","is_ascension_mode":false,"campfire_choices":[{"data":"Slimebound:SelfFormingGoo","floor":1,"key":"SMITH"},{"data":"Slimebound:SlimeBarrage","floor":8,"key":"SMITH"},{"data":"Slimebound:LeadByExample","floor":18,"key":"SMITH"},{"data":"Slimebound:LivingWall","floor":27,"key":"SMITH"},{"data":"Slimebound:LevelUp","floor":35,"key":"SMITH"},{"data":"Slimebound:Teamwork","floor":47,"key":"SMITH"}],"circlet_count":0,"master_deck":["Slimebound:Tackle","Slimebound:Split+1","Slimebound:CorrosiveSpit","Slimebound:SelfFormingGoo+1","Slimebound:SlimeBarrage+1","Slimebound:FinishingTackle","Slimebound:LeechEnergy","Slimebound:RollThrough","Slimebound:RallyTheTroops","Regret","Slimebound:Prepare","Slimebound:SlimeSpikes","Slimebound:SplitLeeching","Slimebound:LeadByExample+1","Slimebound:SpikyOuterGoop","Slimebound:LeechLife","Slimebound:ComboTackle","Slimebound:Schlurp","Slimebound:SplitAcid+1","Slimebound:SlimeSpikes+1","Slimebound:LivingWall+1","Slimebound:Tackle+1","Slimebound:Tackle+1","Slimebound:Tackle+1","Slimebound:Schlurp+1","Slimebound:FirmFortitude","Slimebound:SplitAcid","Slimebound:SplitLeeching","Slimebound:LevelUp+1","Slimebound:FirmFortitude","Slimebound:SelfFormingGoo","Slimebound:SplitLeeching","Slimebound:SplitMire+1","Slimebound:SplitLeeching+1","Slimebound:Prepare","Slimebound:SplitAcid","Slimebound:OneTwoCombo","Slimebound:Teamwork+1","Slimebound:SlimeTap","expansioncontent:LastStand","Slimebound:Prepare+1","Slimebound:SplitLeeching+1","Slimebound:LeechingTouch+1","Slimebound:LevelUp"],"relics":["Slimebound:AbsorbEndCombat","Meat on the Bone","Pen Nib","Mercury Hourglass","Oddly Smooth Stone","Art of War","bronze:MakeshiftBattery","downfall:HeartBlessingGreen","Orichalcum","Centennial Puzzle","Omamori","Coffee Dripper","Bag of Marbles","StoneCalendar","Chemical X","Bottled Lightning","Membership Card"],"acts_visited":["Exordium","TheCity","TheBeyond"],"potions_floor_usage":[22,43,43,50],"damage_taken":[{"damage":19,"enemies":"2 Louse","floor":2,"turns":3},{"damage":16,"enemies":"Jaw Worm","floor":3,"turns":5},{"damage":5,"enemies":"Small Slimes","floor":6,"turns":4},{"damage":15,"enemies":"3 Louse","floor":10,"turns":3},{"damage":28,"enemies":"Lagavulin","floor":11,"turns":7},{"damage":28,"enemies":"Exordium Thugs","floor":13,"turns":4},{"damage":3,"enemies":"downfall:FleeingMerchant","floor":14,"turns":4},{"damage":6,"enemies":"Lots of Slimes","floor":15,"turns":2},{"damage":5,"enemies":"SI_SHIV_ARCHETYPE","floor":16,"turns":7},{"damage":4,"enemies":"Shell Parasite","floor":19,"turns":5},{"damage":10,"enemies":"3 Byrds","floor":20,"turns":3},{"damage":15,"enemies":"Sentry and Sphere","floor":21,"turns":6},{"damage":6,"enemies":"Snecko","floor":22,"turns":4},{"damage":6,"enemies":"Book of Stabbing","floor":23,"turns":5},{"damage":13,"enemies":"Cultist and Chosen","floor":26,"turns":4},{"damage":31,"enemies":"Centurion and Healer","floor":28,"turns":4},{"damage":29,"enemies":"Gremlin Leader","floor":29,"turns":6},{"damage":20,"enemies":"Sentry and Sphere","floor":30,"turns":5},{"damage":6,"enemies":"Snecko","floor":31,"turns":6},{"damage":24,"enemies":"3 Cultists","floor":32,"turns":4},{"damage":19,"enemies":"WA_ARCHETYPE_CALM","floor":33,"turns":9},{"damage":13,"enemies":"3 Shapes","floor":36,"turns":2},{"damage":30,"enemies":"3 Darklings","floor":38,"turns":4},{"damage":36,"enemies":"Transient","floor":39,"turns":5},{"damage":5,"enemies":"4 Shapes","floor":40,"turns":3},{"damage":22,"enemies":"Spire Growth","floor":42,"turns":4},{"damage":1,"enemies":"Giant Head","floor":43,"turns":6},{"damage":0,"enemies":"downfall:FleeingMerchant","floor":44,"turns":4},{"damage":14,"enemies":"Transient","floor":45,"turns":5},{"damage":17,"enemies":"downfall:FleeingMerchant","floor":46,"turns":3},{"damage":9,"enemies":"Writhing Mass","floor":48,"turns":4},{"damage":13,"enemies":"3 Darklings","floor":49,"turns":2},{"damage":47,"enemies":"DF_ARCHETYPE_ORBS","floor":50,"turns":4}],"seed_played":"5002823739108639999","potions_obtained":[{"floor":2,"key":"Strength Potion"},{"floor":6,"key":"AttackPotion"},{"floor":15,"key":"AttackPotion"},{"floor":16,"key":"Slimebound:SlimedPotion"},{"floor":21,"key":"champ:CounterPotion"},{"floor":22,"key":"hexamod:SoulburnPotion"},{"floor":48,"key":"LiquidMemories"},{"floor":49,"key":"EntropicBrew"}],"is_trial":false,"path_per_floor":["R","M","M","?","?","M","T","R","?","M","E","?","M","$","M","B",null,"R","M","M","M","M","E","T","?","M","R","M","E","M","M","M","B",null,"R","M","?","M","M","M","T","M","E","$","M","$","R","M","M","B"],"character_chosen":"SLIMEBOUND","items_purchased":["Slimebound:SplitLeeching","Slimebound:LeadByExample","Chemical X","Slimebound:SlimeTap","expansioncontent:LastStand","Bottled Lightning","Membership Card"],"campfire_rested":0,"item_purchase_floors":[14,14,44,44,44,46,46],"current_hp_per_floor":[65,48,38,38,26,39,39,39,39,38,30,30,16,33,39,42,65,65,65,55,56,54,54,54,54,41,41,30,19,19,35,31,32,65,65,54,54,38,22,29,29,23,42,50,40,37,37,34,33,0,0,0],"gold":37,"neow_bonus":"ONE_RANDOM_RARE_CARD","is_daily":false,"chose_seed":false,"campfire_upgraded":6,"win_rate":0.0,"timestamp":1612753346,"path_taken":["R","M","M","?","?","?","T","R","?","M","E","?","M","$","M","BOSS","R","M","M","M","M","E","T","?","M","R","M","E","M","M","M","BOSS","R","M","?","M","M","M","T","M","E","?","M","$","R","M","M","BOSS"],"items_purchased_type":["Card","Card","Relic","Card","Card","Relic","Relic"],"build_version":"2020-12-22","purchased_purges":3,"victory":false,"max_hp_per_floor":[65,65,65,65,65,65,65,65,65,65,65,65,65,65,65,65,65,65,65,65,65,65,65,65,65,65,65,65,65,65,65,65,65,65,65,65,65,65,65,65,65,65,65,65,65,65,65,65,65,65,65,65],"card_choices":[{"not_picked":["Slimebound:TongueLash","Slimebound:Gluttony"],"picked":"Slimebound:SlimeBarrage","floor":2},{"not_picked":["Slimebound:GrowthPunch","Slimebound:PressTheAttack"],"picked":"Slimebound:FinishingTackle","floor":3},{"not_picked":["Slimebound:DisruptingSlam","Slimebound:RollThrough"],"picked":"Slimebound:LeechEnergy","floor":6},{"not_picked":["Slimebound:FinishingTackle","Slimebound:ForwardTackle"],"picked":"Slimebound:RollThrough","floor":10},{"not_picked":["Slimebound:RollThrough","Slimebound:AcidTongue"],"picked":"Slimebound:RallyTheTroops","floor":11},{"not_picked":["Slimebound:LeechEnergy","Slimebound:LivingWall"],"picked":"Slimebound:Prepare","floor":13},{"not_picked":["Slimebound:LeechEnergy","Slimebound:SlimeBarrage"],"picked":"Slimebound:SlimeSpikes","floor":14},{"not_picked":["Slimebound:SlimeBarrage","Slimebound:AcidTongue"],"picked":"Slimebound:SpikyOuterGoop","floor":15},{"not_picked":["Slimebound:SelfFormingGoo","Slimebound:DuplicatedForm"],"picked":"Slimebound:LeechLife","floor":16},{"not_picked":["Slimebound:SlimeBarrage+1","Slimebound:GoopTackle"],"picked":"Slimebound:ComboTackle","floor":19},{"not_picked":["Slimebound:HauntingLick","Slimebound:LivingWall"],"picked":"Slimebound:Schlurp","floor":20},{"not_picked":["Slimebound:GoopTackle","Slimebound:FinishingTackle"],"picked":"Slimebound:SplitAcid+1","floor":21},{"not_picked":["Slimebound:ItLooksTasty","Slimebound:PressTheAttack"],"picked":"Slimebound:SlimeSpikes+1","floor":22},{"not_picked":["Slimebound:TongueLash+1","Slimebound:AcidTongue"],"picked":"Slimebound:LivingWall","floor":23},{"not_picked":["Slimebound:RollThrough","Slimebound:Replication"],"picked":"Slimebound:Schlurp+1","floor":26},{"not_picked":["Slimebound:SplitLeeching","Slimebound:ItLooksTasty"],"picked":"Slimebound:FirmFortitude","floor":28},{"not_picked":["Slimebound:ComboTackle","Slimebound:SlimeTap"],"picked":"Slimebound:SplitAcid","floor":29},{"not_picked":["Slimebound:FinishingTackle","Slimebound:Prepare"],"picked":"Slimebound:SplitLeeching","floor":30},{"not_picked":["Slimebound:LeechEnergy","Slimebound:ComboTackle+1"],"picked":"Slimebound:LevelUp","floor":31},{"not_picked":["Slimebound:LivingWall+1","Slimebound:Prepare"],"picked":"Slimebound:FirmFortitude","floor":32},{"not_picked":["Slimebound:SlimeSlap","Slimebound:LeechLife"],"picked":"Slimebound:SelfFormingGoo","floor":33},{"not_picked":["Slimebound:GoopTackle","Slimebound:Gluttony"],"picked":"Slimebound:SplitLeeching","floor":36},{"not_picked":["Slimebound:Prepare+1","Slimebound:SplitAcid+1"],"picked":"Slimebound:SplitMire+1","floor":38},{"not_picked":["Slimebound:ViciousTackle+1","Slimebound:SlimeSpikes+1"],"picked":"Slimebound:SplitLeeching+1","floor":39},{"not_picked":["Slimebound:SamplingLick+1","Slimebound:Equalize"],"picked":"Slimebound:Prepare","floor":40},{"not_picked":["Slimebound:TongueLash+1","Slimebound:Replication"],"picked":"Slimebound:SplitAcid","floor":42},{"not_picked":["Slimebound:LeechEnergy","Slimebound:SamplingLick"],"picked":"Slimebound:OneTwoCombo","floor":43},{"not_picked":["Slimebound:RollThrough+1","Slimebound:GrowthPunch"],"picked":"Slimebound:Teamwork","floor":44},{"not_picked":["Slimebound:GrowthPunch+1","Slimebound:PressTheAttack+1"],"picked":"Slimebound:Prepare+1","floor":45},{"not_picked":["Slimebound:SlimeSpikes","Slimebound:MassFeed"],"picked":"Slimebound:SplitLeeching+1","floor":46},{"not_picked":["Slimebound:SpikyOuterGoop","Slimebound:HauntingLick+1"],"picked":"Slimebound:LeechingTouch+1","floor":48},{"not_picked":["Slimebound:DisruptingSlam","Slimebound:HauntingLick+1"],"picked":"Slimebound:LevelUp","floor":49}],"player_experience":172856,"relics_obtained":[{"floor":7,"key":"Pen Nib"},{"floor":11,"key":"Oddly Smooth Stone"},{"floor":23,"key":"Orichalcum"},{"floor":24,"key":"Centennial Puzzle"},{"floor":29,"key":"Omamori"},{"floor":41,"key":"Bag of Marbles"},{"floor":43,"key":"StoneCalendar"}],"event_choices":[{"damage_healed":0,"gold_gain":0,"player_choice":"Success","damage_taken":12,"relics_obtained":["Meat on the Bone"],"max_hp_gain":0,"max_hp_loss":0,"event_name":"Scrap Ooze","floor":5,"gold_loss":0},{"damage_healed":0,"gold_gain":0,"player_choice":"Box","damage_taken":0,"relics_obtained":["Art of War"],"max_hp_gain":0,"max_hp_loss":0,"event_name":"Big Fish","floor":12,"gold_loss":0,"cards_obtained":["Regret"]}],"is_beta":false,"boss_relics":[{"not_picked":["SacredBark","Fusion Hammer"],"picked":"bronze:MakeshiftBattery"},{"not_picked":["SlaversCollar","Pandora\u0027s Box"],"picked":"Coffee Dripper"}],"items_purged_floors":[14,44,46],"is_endless":false,"potions_floor_spawned":[2,6,15,16,19,21,22,23,31,32,33,38,39,40,48,49],"killed_by":"DF_ARCHETYPE_ORBS","ascension_level":0}}