{"host":"okvf2hy7r209l3k2","time":1612747432,"event":{"mods":["BaseMod","Block Reminder","Colored Map","Colored Powertips","Downfall","Hermit","Highlight Path","Minty Spire (QoL Compilation)","Permanent Neow","StSLib","The Cursed"],"gold_per_floor":[13,13,24,24,24,60,60,360,413,434,434,457,307,347,347,467,467,480,480,495,495,121,121,157,157,157,75,89,89,89,107,107,237,237,260,47,70,86,105,139,139,182,182,182,182,93,114,137,137,137,137],"floor_reached":50,"language":"ENG","playtime":3841,"items_purged":["TheCursedMod:Strike_TheCursed","TheCursedMod:Strike_TheCursed"],"score":728,"play_id":"d75bc451-b1eb-4d0e-98a7-66235c7f4c6d","local_time":"20210207162352","is_ascension_mode":false,"campfire_choices":[{"data":"TheCursedMod:CircleOfFlame","floor":7,"key":"SMITH"},{"data":"TheCursedMod:LuckyCharm","floor":11,"key":"SMITH"},{"data":"TheCursedMod:HellfireBreathing","floor":15,"key":"SMITH"},{"data":"TheCursedMod:DemonicPact","floor":23,"key":"SMITH"},{"data":"TheCursedMod:CursedArmor","floor":25,"key":"SMITH"},{"data":"TheCursedMod:Hemoplague","floor":30,"key":"SMITH"},{"data":"TheCursedMod:UltimatePain","floor":32,"key":"SMITH"},{"floor":41,"key":"REST"},{"floor":44,"key":"REST"},{"data":"TheCursedMod:DemonSword","floor":49,"key":"SMITH"}],"circlet_count":0,"master_deck":["TheCursedMod:Strike_TheCursed","TheCursedMod:Defend_TheCursed","TheCursedMod:Defend_TheCursed+1","TheCursedMod:Defend_TheCursed+1","TheCursedMod:CursedWand+1","TheCursedMod:CleanUpWorkshop","TheCursedMod:Dregs","TheCursedMod:Torture","TheCursedMod:CircleOfFlame+1","Injury","TheCursedMod:SurpriseAttack","TheCursedMod:LuckyCharm+1","TheCursedMod:CursedStaff","TheCursedMod:HellfireBreathing+1","TheCursedMod:CursedArmor+1","TheCursedMod:CircleOfCorruption","TheCursedMod:DemonicPact+1","CurseOfTheBell","TheCursedMod:SpreadPlague","downfall:Bewildered","TheCursedMod:SaltUponWound+1","Necronomicurse","TheCursedMod:Hemoplague+1","TheCursedMod:WearCloak","TheCursedMod:UltimatePain+1","TheCursedMod:ShockAndAwe","TheCursedMod:Mangle+1","TheCursedMod:DemonSword+1","TheCursedMod:CircleOfFlame","TheCursedMod:CircleOfWindfury+1","TheCursedMod:CursedArmor+1","TheCursedMod:Hemoplague+1","TheCursedMod:UltimatePain","TheCursedMod:ReleasedKnowledge+1","Writhe","TheCursedMod:Mangle","TheCursedMod:CursedAmulet+1"],"relics":["TheCursedMod:BlackMagic101","Golden Idol","Eternal Feather","Old Coin","Oddly Smooth Stone","TheCursedMod:Tack","Calling Bell","Blood Vial","Pear","TungstenRod","sneckomod:BabySnecko","Necronomicon","Sling","Anchor","Pantograph","Philosopher\u0027s Stone","War Paint","Smiling Mask","TheCursedMod:BloodyHarpoon"],"acts_visited":["Exordium","TheCity","TheBeyond"],"potions_floor_usage":[29,38,38,39,50],"damage_taken":[{"damage":0,"enemies":"Small Slimes","floor":1,"turns":4},{"damage":0,"enemies":"Jaw Worm","floor":3,"turns":5},{"damage":38,"enemies":"Lagavulin","floor":6,"turns":7},{"damage":0,"enemies":"Cultist","floor":10,"turns":3},{"damage":3,"enemies":"3 Louse","floor":12,"turns":3},{"damage":9,"enemies":"3 Sentries","floor":14,"turns":5},{"damage":1,"enemies":"The Guardian","floor":16,"turns":7},{"damage":0,"enemies":"3 Byrds","floor":18,"turns":4},{"damage":5,"enemies":"Shell Parasite","floor":20,"turns":4},{"damage":5,"enemies":"Gremlin Leader","floor":24,"turns":4},{"damage":4,"enemies":"Snake Plant","floor":28,"turns":2},{"damage":7,"enemies":"Centurion and Healer","floor":31,"turns":2},{"damage":60,"enemies":"Automaton","floor":33,"turns":10},{"damage":32,"enemies":"3 Darklings","floor":35,"turns":3},{"damage":0,"enemies":"Orb Walker","floor":37,"turns":2},{"damage":23,"enemies":"Spire Growth","floor":38,"turns":5},{"damage":20,"enemies":"Jaw Worm Horde","floor":39,"turns":4},{"damage":0,"enemies":"Nemesis","floor":40,"turns":3},{"damage":56,"enemies":"Reptomancer","floor":42,"turns":5},{"damage":17,"enemies":"Maw","floor":47,"turns":5},{"damage":0,"enemies":"Spire Growth","floor":48,"turns":3},{"damage":98,"enemies":"Time Eater","floor":50,"turns":7}],"seed_played":"497092707705310136","potions_obtained":[{"floor":3,"key":"EssenceOfSteel"},{"floor":12,"key":"SkillPotion"},{"floor":14,"key":"SpeedPotion"},{"floor":16,"key":"Explosive Potion"},{"floor":29,"key":"Fruit Juice"},{"floor":29,"key":"Explosive Potion"},{"floor":38,"key":"SteroidPotion"},{"floor":48,"key":"FearPotion"}],"is_trial":false,"path_per_floor":["M","?","M","$","?","E","R","T","T","M","R","M","$","E","R","B",null,"M","?","M","?","$","R","E","R","T","$","M","?","R","M","R","B",null,"M","$","M","M","M","E","R","E","T","R","?","$","M","M","R","B"],"character_chosen":"THE_CURSED","items_purchased":["TheCursedMod:HellfireBreathing","TheCursedMod:CursedArmor","Sling","Anchor","TheCursedMod:Hemoplague","TheCursedMod:DemonSword","TheCursedMod:CircleOfFlame","TheCursedMod:Mangle"],"campfire_rested":2,"item_purchase_floors":[13,13,22,22,27,36,36,46],"current_hp_per_floor":[75,75,75,75,75,37,43,43,43,43,49,46,46,37,46,45,85,85,85,80,68,68,80,77,85,85,85,81,86,90,83,90,30,90,58,58,60,39,21,23,68,14,14,62,85,85,70,72,90,0,0],"gold":137,"neow_bonus":"REMOVE_TWO","is_daily":false,"chose_seed":false,"campfire_upgraded":8,"win_rate":0.0,"timestamp":1612747432,"path_taken":["M","?","M","$","?","E","R","?","T","M","R","M","$","E","R","BOSS","M","?","M","?","$","R","E","R","T","$","M","?","R","?","R","BOSS","M","$","M","M","M","E","R","E","T","R","?","$","M","M","R","BOSS"],"items_purchased_type":["Card","Card","Relic","Relic","Card","Card","Card","Card"],"build_version":"2020-12-22","purchased_purges":2,"victory":false,"max_hp_per_floor":[75,75,75,75,75,75,75,75,75,75,75,75,75,75,75,75,85,85,85,85,85,85,85,85,85,85,85,85,90,90,90,90,90,90,90,90,90,90,90,90,90,90,90,90,90,90,90,90,90,90,90],"card_choices":[{"not_picked":["TheCursedMod:Stretching","TheCursedMod:Obscuration"],"picked":"TheCursedMod:Torture","floor":1},{"not_picked":["TheCursedMod:Torture","TheCursedMod:CircleOfAmplification"],"picked":"TheCursedMod:CircleOfFlame","floor":3},{"not_picked":["TheCursedMod:CursedSpellbook","TheCursedMod:CursedShiv"],"picked":"TheCursedMod:SurpriseAttack","floor":6},{"not_picked":["TheCursedMod:CursedShiv","TheCursedMod:FleshFromBone"],"picked":"TheCursedMod:LuckyCharm","floor":10},{"not_picked":["TheCursedMod:SpitefulPlan","TheCursedMod:Evocation"],"picked":"TheCursedMod:CursedStaff","floor":12},{"not_picked":["TheCursedMod:CursedBlade","TheCursedMod:FuryStrike"],"picked":"TheCursedMod:CircleOfCorruption","floor":14},{"not_picked":["TheCursedMod:UltimatePain","TheCursedMod:DarkBarrier"],"picked":"TheCursedMod:DemonicPact","floor":16},{"not_picked":["TheCursedMod:CursedMace+1","TheCursedMod:RavingStaff"],"picked":"TheCursedMod:SpreadPlague","floor":18},{"not_picked":["TheCursedMod:CursedShiv","TheCursedMod:CursedBoomerang"],"picked":"TheCursedMod:SaltUponWound+1","floor":20},{"not_picked":["TheCursedMod:CursedBlade","TheCursedMod:PrepareRite","TheCursedMod:SaltUponWound"],"picked":"SKIP","floor":24},{"not_picked":["TheCursedMod:CursedMace","TheCursedMod:Obscuration"],"picked":"TheCursedMod:WearCloak","floor":28},{"not_picked":["TheCursedMod:SoulCrush","TheCursedMod:CursedShiv"],"picked":"TheCursedMod:UltimatePain","floor":31},{"not_picked":["TheCursedMod:ParallelWorld","TheCursedMod:ManaCirculation"],"picked":"TheCursedMod:ShockAndAwe","floor":33},{"not_picked":["TheCursedMod:Stretching+1","TheCursedMod:CircleOfBlood"],"picked":"TheCursedMod:Mangle+1","floor":35},{"not_picked":["TheCursedMod:SpitefulStrike+1","TheCursedMod:RavingStaff"],"picked":"TheCursedMod:CircleOfWindfury+1","floor":37},{"not_picked":["TheCursedMod:RapidMovement","TheCursedMod:CursedBlade"],"picked":"TheCursedMod:CursedArmor+1","floor":38},{"not_picked":["TheCursedMod:AshesToAshes+1","TheCursedMod:SaltUponWound"],"picked":"TheCursedMod:Hemoplague+1","floor":39},{"not_picked":["TheCursedMod:FleshFromBone","TheCursedMod:Wield"],"picked":"TheCursedMod:UltimatePain","floor":40},{"not_picked":["TheCursedMod:Torture","TheCursedMod:TacticalStrike+1"],"picked":"TheCursedMod:ReleasedKnowledge+1","floor":42},{"not_picked":["TheCursedMod:BlessingInDisguise","TheCursedMod:SpitefulStrike"],"picked":"TheCursedMod:CursedAmulet+1","floor":47},{"not_picked":["TheCursedMod:Torture","TheCursedMod:ManaBullet+1","TheCursedMod:CursedShiv+1"],"picked":"SKIP","floor":48}],"player_experience":169015,"relics_obtained":[{"floor":6,"key":"Eternal Feather"},{"floor":8,"key":"Old Coin"},{"floor":9,"key":"Oddly Smooth Stone"},{"floor":14,"key":"TheCursedMod:Tack"},{"floor":17,"key":"Blood Vial"},{"floor":17,"key":"Pear"},{"floor":17,"key":"TungstenRod"},{"floor":21,"key":"Necronomicon"},{"floor":24,"key":"Pantograph"},{"floor":40,"key":"War Paint"},{"floor":42,"key":"Smiling Mask"},{"floor":43,"key":"TheCursedMod:BloodyHarpoon"}],"event_choices":[{"damage_healed":0,"gold_gain":0,"player_choice":"Grow","damage_taken":0,"max_hp_gain":0,"max_hp_loss":0,"event_name":"Living Wall","floor":2,"gold_loss":0,"cards_upgraded":["TheCursedMod:CursedWand"]},{"damage_healed":0,"gold_gain":0,"player_choice":"Take Wound","damage_taken":0,"relics_obtained":["Golden Idol"],"max_hp_gain":0,"max_hp_loss":0,"event_name":"Golden Idol","floor":5,"gold_loss":0,"cards_obtained":["Injury"]},{"damage_healed":0,"gold_gain":0,"player_choice":"Obtained Book","damage_taken":16,"max_hp_gain":0,"max_hp_loss":0,"event_name":"Cursed Tome","floor":21,"gold_loss":0},{"damage_healed":0,"gold_gain":0,"player_choice":"Got Potions","damage_taken":0,"max_hp_gain":0,"max_hp_loss":0,"event_name":"Lab","floor":29,"gold_loss":0},{"damage_healed":23,"gold_gain":0,"player_choice":"Writhe","damage_taken":0,"max_hp_gain":0,"max_hp_loss":0,"event_name":"Winding Halls","floor":45,"gold_loss":0,"cards_obtained":["Writhe"]}],"is_beta":false,"boss_relics":[{"not_picked":["TheCursedMod:BlackMagicAdvanced","TheCursedMod:OminousMark"],"picked":"Calling Bell"},{"not_picked":["Snecko Eye","Velvet Choker"],"picked":"Philosopher\u0027s Stone"}],"items_purged_floors":[22,46],"is_endless":false,"potions_floor_spawned":[3,12,14,16,18,24,33,37,38,48],"killed_by":"Time Eater","ascension_level":0}}