{"host":"yqa5il53nhlo2jdd","time":1612771029,"event":{"mods":["AchievementEnabler","BaseMod","BetterRewards","Lobotomy","LobotomyExtend","Minty Spire (QoL Compilation)","StSLib","[IsaacMod]ÒÔÈö¼âËþ"],"gold_per_floor":[112,112,34,34,134,169,169,188,211,211,227,227,245,258,258,355,355,375,395,395,395,395,395,406,171,244,244,244,263,263,280,280,375,375,394,413,513,413,463,493,493,493,493,525,525,525,525,545,545,545,545],"floor_reached":50,"language":"ZHS","playtime":2800,"items_purged":["SecurityCode","ParadiseLost"],"score":601,"play_id":"7a99c975-50c6-4820-bc3f-427995c30f1c","local_time":"20210208155709","is_ascension_mode":true,"campfire_choices":[{"data":"Twilight","floor":41,"key":"SMITH"},{"data":"Lamp+19","floor":45,"key":"SMITH"},{"data":"Lamp+20","floor":47,"key":"SMITH"},{"floor":49,"key":"REST"}],"circlet_count":0,"master_deck":["SpecialBullet","InformationCode","CentralCode","Lamp+28","Finesse","Twilight+1","DisciplinaryCode"],"relics":["CogitoBucket","RabbitCall","HushsDoor","BelialBook","LetterFromLob","Shuriken","MealTicket","Busted Crown","TheBible","Philosopher\u0027s Stone","Pocketwatch","Centennial Puzzle","Bottled Flame","Juzu Bracelet","AtMidnight"],"acts_visited":["Exordium","TheCity","TheBeyond"],"potions_floor_usage":[50,50,50],"damage_taken":[{"damage":0.0,"enemies":"Small Slimes","floor":1.0,"turns":1.0},{"damage":18.0,"enemies":"Lagavulin","floor":6.0,"turns":5.0},{"damage":0.0,"enemies":"Cultist","floor":8.0,"turns":2.0},{"damage":0.0,"enemies":"2 Louse","floor":11.0,"turns":2.0},{"damage":0.0,"enemies":"Exordium Wildlife","floor":13.0,"turns":2.0},{"damage":16.0,"enemies":"Large Slime","floor":14.0,"turns":4.0},{"damage":50.0,"enemies":"Hexaghost","floor":16.0,"turns":6.0},{"damage":0.0,"enemies":"2 Thieves","floor":18.0,"turns":3.0},{"damage":0.0,"enemies":"Shell Parasite","floor":19.0,"turns":2.0},{"damage":0.0,"enemies":"Snecko","floor":24.0,"turns":2.0},{"damage":4.0,"enemies":"Cultist and Chosen","floor":29.0,"turns":3.0},{"damage":9.0,"enemies":"Centurion and Healer","floor":31.0,"turns":2.0},{"damage":41.0,"enemies":"Automaton","floor":33.0,"turns":7.0},{"damage":0.0,"enemies":"3 Shapes","floor":35.0,"turns":2.0},{"damage":0.0,"enemies":"3 Darklings","floor":36.0,"turns":2.0},{"damage":16.0,"enemies":"Mind Bloom Boss Battle","floor":39.0,"turns":3.0},{"damage":0.0,"enemies":"Giant Head","floor":40.0,"turns":3.0},{"damage":5,"enemies":"Nemesis","floor":44,"turns":3},{"damage":13,"enemies":"4 Shapes","floor":48,"turns":5},{"damage":71,"enemies":"Time Eater","floor":50,"turns":4}],"seed_played":"-3217639732326755271","potions_obtained":[{"floor":0.0,"key":"Fruit Juice"},{"floor":0.0,"key":"Regen Potion"},{"floor":0.0,"key":"Block Potion"},{"floor":6.0,"key":"SpeedPotion"},{"floor":11.0,"key":"LiquidBronze"},{"floor":16.0,"key":"BlessingOfTheForge"},{"floor":19.0,"key":"Dexterity Potion"},{"floor":31.0,"key":"EssenceOfSteel"},{"floor":40.0,"key":"Ancient Potion"}],"is_trial":false,"path_per_floor":["M","?","$","?","?","E","?","M","T","R","M","?","M","M","R","B",null,"M","M","?","?","?","R","M","$","T","?","R","M","R","M","R","B",null,"M","M","?","$","?","E","R","?","T","E","R","?","R","M","R","B"],"character_chosen":"Angela","items_purchased":["Lamp","ParadiseLost"],"campfire_rested":1,"item_purchase_floors":[3,25],"current_hp_per_floor":[75,75,75,75,75,65,65,73,73,73,75,75,75,67,67,34,75,75,75,75,61,61,61,75,80,80,80,80,76,76,67,67,26,80,80,80,80,80,64,64,64,64,64,59,59,59,59,46,70,0,0],"gold":545,"neow_bonus":"THREE_SMALL_POTIONS","is_daily":false,"chose_seed":false,"campfire_upgraded":3,"win_rate":0.0,"timestamp":1612771029,"path_taken":["M","?","$","?","?","E","?","M","T","R","M","?","?","M","R","BOSS","M","M","?","?","?","R","M","$","T","?","R","M","R","M","R","BOSS","M","M","?","$","?","E","R","?","T","E","R","?","R","M","R","BOSS"],"items_purchased_type":["Card","Card"],"build_version":"2020-12-22","purchased_purges":2,"victory":false,"max_hp_per_floor":[75,75,75,75,75,75,75,75,75,75,75,75,75,75,75,75,75,75,75,75,80,80,80,80,80,80,80,80,80,80,80,80,80,80,80,80,80,80,80,80,80,80,80,80,80,80,80,80,80,80,80],"card_choices":[{"not_picked":[],"picked":"Bomb","floor":0.0},{"not_picked":["WristCuter","Beak"],"picked":"SKIP","floor":0.0},{"not_picked":["Diffraction"],"picked":"Bomb","floor":1.0},{"not_picked":["Spore","LifeForTheDareDevil"],"picked":"SKIP","floor":6.0},{"not_picked":["Loneliness","Tough"],"picked":"SKIP","floor":8.0},{"not_picked":["Loneliness","Tough"],"picked":"SKIP","floor":8.0},{"not_picked":["SwordSharpenedByTears","Wingbeat"],"picked":"SKIP","floor":11.0},{"not_picked":["BlackSwan_ego","Spore"],"picked":"SKIP","floor":13.0},{"not_picked":["RapturousDream","Lantern"],"picked":"SKIP","floor":14.0},{"not_picked":["Justitia"],"picked":"Twilight","floor":16.0}],"player_experience":683209,"relics_obtained":[{"floor":1.0,"key":"LetterFromLob"},{"floor":6.0,"key":"Shuriken"},{"floor":9.0,"key":"MealTicket"},{"floor":26.0,"key":"TheBible"},{"floor":39.0,"key":"Pocketwatch"},{"floor":40.0,"key":"Centennial Puzzle"},{"floor":43,"key":"Bottled Flame"},{"floor":44,"key":"Juzu Bracelet"},{"floor":48,"key":"AtMidnight"}],"event_choices":[{"cards_removed":["SpecialBullet"],"damage_healed":0.0,"max_hp_gain":0.0,"max_hp_loss":0.0,"gold_gain":0.0,"event_name":"Bonfire Elementals","player_choice":"Offered Basic","floor":2.0,"gold_loss":0.0,"damage_taken":0.0},{"damage_healed":0.0,"max_hp_gain":0.0,"max_hp_loss":0.0,"gold_gain":100.0,"event_name":"Golden Shrine","player_choice":"Pray","floor":5.0,"gold_loss":0.0,"damage_taken":0.0},{"damage_healed":0.0,"max_hp_gain":0.0,"max_hp_loss":0.0,"gold_gain":0.0,"event_name":"Match and Keep!","player_choice":"1 cards matched","floor":7.0,"gold_loss":0.0,"damage_taken":0.0,"cards_obtained":["Finesse"]},{"cards_removed":["SpecialBullet"],"damage_healed":0.0,"max_hp_gain":0.0,"max_hp_loss":0.0,"gold_gain":0.0,"event_name":"Living Wall","player_choice":"Forget","floor":12.0,"gold_loss":0.0,"damage_taken":0.0},{"cards_removed":["SpecialBullet"],"damage_healed":0.0,"max_hp_gain":0.0,"max_hp_loss":0.0,"gold_gain":0.0,"event_name":"Back to Basics","player_choice":"Elegance","floor":20.0,"gold_loss":0.0,"damage_taken":0.0},{"damage_healed":0.0,"max_hp_gain":5.0,"max_hp_loss":0.0,"gold_gain":0.0,"event_name":"Forgotten Altar","player_choice":"Shed Blood","floor":21.0,"gold_loss":0.0,"damage_taken":19.0},{"damage_healed":0.0,"max_hp_gain":0.0,"max_hp_loss":0.0,"gold_gain":0.0,"event_name":"Vampires","player_choice":"Ignored","floor":22.0,"gold_loss":0.0,"damage_taken":0.0},{"damage_healed":0.0,"max_hp_gain":0.0,"max_hp_loss":0.0,"gold_gain":100.0,"event_name":"Golden Shrine","player_choice":"Pray","floor":37.0,"gold_loss":0.0,"damage_taken":0.0},{"damage_healed":0.0,"max_hp_gain":0.0,"max_hp_loss":0.0,"gold_gain":0.0,"event_name":"MindBloom","player_choice":"Fight","floor":39.0,"gold_loss":0.0,"damage_taken":0.0},{"damage_healed":0,"gold_gain":0,"player_choice":"Forge","damage_taken":0,"max_hp_gain":0,"max_hp_loss":0,"event_name":"Accursed Blacksmith","floor":42,"gold_loss":0,"cards_upgraded":["Lamp"]},{"damage_healed":0,"gold_gain":0,"player_choice":"Memory 1","damage_taken":0,"max_hp_gain":0,"max_hp_loss":0,"event_name":"SensoryStone","floor":46,"gold_loss":0}],"is_beta":false,"boss_relics":[{"not_picked":["Ectoplasm","Calling Bell"],"picked":"Busted Crown"},{"not_picked":[]},{"not_picked":["SlaversCollar","SacredBark"],"picked":"Philosopher\u0027s Stone"},{"not_picked":[]}],"items_purged_floors":[25,38],"is_endless":false,"potions_floor_spawned":[6,11,16,19,31,33,40],"killed_by":"Time Eater","ascension_level":2}}