{"host":"nptej036rrbiurf5","time":1612766200,"event":{"mods":["BaseMod","Colored Map","Colored Powertips","DeckTracker","Minty Spire (QoL Compilation)","StSLib","SuperFastMode"],"gold_per_floor":[110,122,122,122,133,133,167,167,167,167,190,207,207,157,157,254,254,273,273,273,293,311,324,324,334,334,334,345,345,359,374,374,475,475,487,504,522,522,533,533,562,562,588,606,606,606],"floor_reached":45,"language":"KOR","playtime":1050,"items_purged":[],"score":474,"play_id":"d9af7631-0992-42f4-920e-a7ecaa144a68","local_time":"20210208153640","is_ascension_mode":false,"campfire_choices":[{"data":"Searing Blow","floor":6.0,"key":"SMITH"},{"data":"Searing Blow+1","floor":8.0,"key":"SMITH"},{"data":"Searing Blow+2","floor":10.0,"key":"SMITH"},{"data":"Searing Blow+3","floor":13.0,"key":"SMITH"},{"data":"Searing Blow+4","floor":15.0,"key":"SMITH"},{"data":"Searing Blow+5","floor":24.0,"key":"SMITH"},{"data":"Searing Blow+6","floor":27.0,"key":"SMITH"},{"data":"Searing Blow+7","floor":29.0,"key":"SMITH"},{"data":"Searing Blow+8","floor":32.0,"key":"SMITH"},{"data":"Searing Blow+9","floor":40.0,"key":"SMITH"},{"data":"Searing Blow+10","floor":42.0,"key":"SMITH"}],"circlet_count":0,"master_deck":["Defend_R","Defend_R","Bash","Searing Blow+11","Rage","Battle Trance","Clash","Ghostly Armor","Second Wind","Warcry+1","Pommel Strike","Carnage","Strike_R","Power Through","Bloodletting+1","Dual Wield","Flame Barrier+1"],"relics":["Burning Blood"],"acts_visited":["Exordium","TheCity","TheBeyond"],"potions_floor_usage":[44],"damage_taken":[{"damage":1.0,"enemies":"2 Louse","floor":1.0,"turns":3.0},{"damage":5.0,"enemies":"Jaw Worm","floor":2.0,"turns":3.0},{"damage":3.0,"enemies":"Cultist","floor":5.0,"turns":3.0},{"damage":20.0,"enemies":"Gremlin Nob","floor":7.0,"turns":4.0},{"damage":21.0,"enemies":"Exordium Thugs","floor":12.0,"turns":5.0},{"damage":19.0,"enemies":"Hexaghost","floor":16.0,"turns":7.0},{"damage":4.0,"enemies":"2 Thieves","floor":18.0,"turns":3.0},{"damage":4.0,"enemies":"Spheric Guardian","floor":21.0,"turns":3.0},{"damage":23.0,"enemies":"Centurion and Healer","floor":22.0,"turns":5.0},{"damage":20.0,"enemies":"Shelled Parasite and Fungi","floor":23.0,"turns":6.0},{"damage":5.0,"enemies":"Chosen and Byrds","floor":25.0,"turns":6.0},{"damage":11.0,"enemies":"Snake Plant","floor":28.0,"turns":2.0},{"damage":14.0,"enemies":"Sentry and Sphere","floor":30.0,"turns":4.0},{"damage":0.0,"enemies":"Snecko","floor":31.0,"turns":1.0},{"damage":15.0,"enemies":"Automaton","floor":33.0,"turns":4.0},{"damage":5.0,"enemies":"3 Shapes","floor":35.0,"turns":6.0},{"damage":23.0,"enemies":"3 Darklings","floor":36.0,"turns":4.0},{"damage":10.0,"enemies":"Jaw Worm Horde","floor":37.0,"turns":4.0},{"damage":8.0,"enemies":"Spire Growth","floor":39.0,"turns":4.0},{"damage":26.0,"enemies":"Nemesis","floor":41.0,"turns":3.0},{"damage":7,"enemies":"Maw","floor":44,"turns":6},{"damage":36,"enemies":"Giant Head","floor":45,"turns":6}],"seed_played":"-743000006447809088","potions_obtained":[{"floor":5.0,"key":"EssenceOfSteel"},{"floor":7.0,"key":"Fire Potion"},{"floor":16.0,"key":"Regen Potion"},{"floor":22.0,"key":"Energy Potion"},{"floor":23.0,"key":"BlessingOfTheForge"},{"floor":28.0,"key":"SkillPotion"},{"floor":35.0,"key":"EssenceOfSteel"},{"floor":36.0,"key":"ColorlessPotion"}],"is_trial":false,"path_per_floor":["M","M","?","?","M","R","E","R","T","R","T","M","R","?","R","B",null,"M","?","?","M","M","M","R","M","T","R","M","R","M","M","R","B",null,"M","M","M","?","M","R","E","R","T","M","E"],"character_chosen":"IRONCLAD","items_purchased":[],"campfire_rested":0,"item_purchase_floors":[],"current_hp_per_floor":[61,62,55,55,58,58,44,44,44,44,44,29,29,29,29,16,80,80,80,80,80,63,49,49,50,50,50,45,45,37,43,43,46,80,80,63,59,59,57,57,37,37,37,36,0,0],"gold":606,"neow_bonus":"TRANSFORM_TWO_CARDS","is_daily":false,"chose_seed":false,"campfire_upgraded":11,"win_rate":0.0,"timestamp":1612766200,"path_taken":["M","M","?","?","?","R","E","R","T","R","?","?","R","?","R","BOSS","M","?","?","M","M","?","R","M","T","R","M","R","M","M","R","BOSS","M","?","M","?","M","R","E","R","T","M","E"],"items_purchased_type":[],"build_version":"2020-12-22","purchased_purges":0,"victory":false,"max_hp_per_floor":[80,80,80,80,80,80,80,80,80,80,80,80,80,80,80,80,80,80,80,80,80,80,80,80,80,80,80,80,80,80,80,80,80,80,80,80,80,80,80,80,80,80,80,80,80,80],"card_choices":[{"not_picked":["Perfected Strike","Heavy Blade"],"picked":"Battle Trance","floor":1.0},{"not_picked":["Thunderclap","True Grit"],"picked":"Clash","floor":2.0},{"not_picked":["Exhume","Heavy Blade"],"picked":"Ghostly Armor","floor":5.0},{"not_picked":["Searing Blow","Brutality","Carnage"],"picked":"SKIP","floor":7.0},{"not_picked":["True Grit","Clothesline"],"picked":"Second Wind","floor":12.0},{"not_picked":["Anger","Perfected Strike"],"picked":"Warcry+1","floor":18.0},{"not_picked":["Warcry","Wild Strike"],"picked":"Power Through","floor":21.0},{"not_picked":["Headbutt","Flex","Body Slam+1"],"picked":"SKIP","floor":22.0},{"not_picked":["Reaper","Clash","Twin Strike+1"],"picked":"SKIP","floor":23.0},{"not_picked":["Heavy Blade","Warcry","Flame Barrier"],"picked":"SKIP","floor":25.0},{"not_picked":["Exhume","Twin Strike","Uppercut"],"picked":"SKIP","floor":28.0},{"not_picked":["Metallicize+1","Rage"],"picked":"Bloodletting+1","floor":30.0},{"not_picked":["Flex","Warcry","Shrug It Off"],"picked":"SKIP","floor":31.0},{"not_picked":["Pummel","Flex+1","Warcry+1"],"picked":"SKIP","floor":35.0},{"not_picked":["Anger","Cleave","Wild Strike+1"],"picked":"SKIP","floor":36.0},{"not_picked":["Clothesline+1","Metallicize+1"],"picked":"Dual Wield","floor":37.0},{"not_picked":["Havoc+1","Rampage+1","Body Slam+1"],"picked":"SKIP","floor":39.0},{"not_picked":["Cleave","Bludgeon"],"picked":"Flame Barrier+1","floor":41.0},{"not_picked":["Battle Trance+1","Pummel","Clothesline+1"],"picked":"SKIP","floor":44}],"player_experience":910862,"relics_obtained":[],"event_choices":[{"cards_removed":["Defend_R"],"damage_healed":0.0,"max_hp_gain":0.0,"max_hp_loss":0.0,"gold_gain":0.0,"event_name":"Golden Wing","player_choice":"Card Removal","floor":3.0,"gold_loss":0.0,"damage_taken":7.0},{"damage_healed":0.0,"max_hp_gain":0.0,"max_hp_loss":0.0,"gold_gain":0.0,"event_name":"Wheel of Change","player_choice":"Relic","floor":4.0,"gold_loss":0.0,"damage_taken":0.0},{"cards_removed":["Strike_R"],"damage_healed":0.0,"max_hp_gain":0.0,"max_hp_loss":0.0,"gold_gain":0.0,"event_name":"The Cleric","player_choice":"Card Removal","floor":14.0,"gold_loss":50.0,"damage_taken":0.0},{"damage_healed":0.0,"max_hp_gain":0.0,"max_hp_loss":0.0,"gold_gain":0.0,"cards_transformed":["Strike_R","Strike_R"],"event_name":"Drug Dealer","player_choice":"Became Test Subject","floor":19.0,"gold_loss":0.0,"damage_taken":0.0,"cards_obtained":["Pommel Strike","Carnage"]},{"cards_removed":["Strike_R"],"damage_healed":0.0,"max_hp_gain":0.0,"max_hp_loss":0.0,"gold_gain":0.0,"event_name":"NoteForYourself","player_choice":"Took Card","floor":20.0,"gold_loss":0.0,"damage_taken":0.0,"cards_obtained":["Strike_R"]},{"damage_healed":0.0,"max_hp_gain":0.0,"max_hp_loss":0.0,"gold_gain":0.0,"event_name":"WeMeetAgain","player_choice":"Ignored","floor":38.0,"gold_loss":0.0,"damage_taken":0.0}],"is_beta":false,"boss_relics":[{"not_picked":["Black Star","Coffee Dripper","Pandora\u0027s Box"]},{"not_picked":["Calling Bell","Runic Dome","Busted Crown"]}],"items_purged_floors":[],"is_endless":false,"potions_floor_spawned":[5,7,16,22,23,28,30,35,36],"killed_by":"Giant Head","ascension_level":0}}