{"host":"cy3pd5cut10e7v8y","time":1612820351,"event":{"mods":["AchievementEnabler","Act Like it!","BaseMod","Colored Map","Colored Powertips","Koishi","Minty Spire (QoL Compilation)","StSLib","The Animator","Waifu the Spire"],"gold_per_floor":[110,110,37,37,52,52,83,8,8,67,77,92,15,15,15,116,116,132,149,49,60,60,60,70,97,124,124,134,134,154,165,165,261,261,275,275,287,307,307,307],"floor_reached":39,"language":"ENG","playtime":2555,"items_purged":["Regret","Strike_G"],"score":453,"play_id":"905ec20b-06d2-4250-97c2-67d17450990f","local_time":"20210208223911","is_ascension_mode":false,"campfire_choices":[{"floor":6,"key":"RECALL"},{"data":"Strike_G","floor":15,"key":"PURGE"},{"data":"Malaise","floor":23,"key":"SMITH"},{"floor":29,"key":"REST"},{"data":"Infinite Blades","floor":32,"key":"SMITH"}],"circlet_count":0,"master_deck":["Strike_G+1","Strike_G+1","Strike_G+1","Defend_G+1","Defend_G+1","Defend_G+1","Defend_G+1","Survivor","Neutralize+1","Infinite Blades+1","Blade Dance","Cloak And Dagger","Blade Dance","Footwork","Malaise+1","Blade Dance","Infinite Blades+1","Caltrops","Prepared","Noxious Fumes","Terror","A Thousand Cuts","Finisher","Infinite Blades+1","Noxious Fumes","Blade Dance+1"],"relics":["Ring of the Snake","NeowsBlessing","Oddly Smooth Stone","Snake Skull","Peace Pipe","HoveringKite","Mummified Hand","Regal Pillow"],"acts_visited":["Exordium","TheCity","TheBeyond"],"potions_floor_usage":[16,16,21,25,25,30,37,37,39,39],"damage_taken":[{"damage":0,"enemies":"Small Slimes","floor":1,"turns":1},{"damage":0,"enemies":"Cultist","floor":5,"turns":1},{"damage":0,"enemies":"Lagavulin","floor":7,"turns":1},{"damage":25,"enemies":"Gremlin Nob","floor":10,"turns":4},{"damage":0,"enemies":"Jaw Worm","floor":11,"turns":4},{"damage":0,"enemies":"Exordium Wildlife","floor":12,"turns":5},{"damage":38,"enemies":"Hexaghost","floor":16,"turns":16},{"damage":0,"enemies":"3 Byrds","floor":18,"turns":7},{"damage":10,"enemies":"Chosen","floor":19,"turns":7},{"damage":10,"enemies":"Snake Plant","floor":21,"turns":10},{"damage":18,"enemies":"Sentry and Sphere","floor":24,"turns":8},{"damage":3,"enemies":"Book of Stabbing","floor":25,"turns":6},{"damage":0,"enemies":"Cultist and Chosen","floor":28,"turns":6},{"damage":8,"enemies":"Centurion and Healer","floor":30,"turns":7},{"damage":3,"enemies":"Snecko","floor":31,"turns":6},{"damage":23,"enemies":"Champ","floor":33,"turns":12},{"damage":11,"enemies":"Orb Walker","floor":35,"turns":5},{"damage":27,"enemies":"3 Darklings","floor":37,"turns":5},{"damage":7,"enemies":"Transient","floor":38,"turns":5},{"damage":29,"enemies":"Spire Growth","floor":39,"turns":4}],"seed_played":"-8375790252051449901","potions_obtained":[{"floor":1,"key":"SpeedPotion"},{"floor":7,"key":"SpeedPotion"},{"floor":16,"key":"Weak Potion"},{"floor":18,"key":"DistilledChaos"},{"floor":24,"key":"FearPotion"},{"floor":28,"key":"Weak Potion"},{"floor":30,"key":"FearPotion"},{"floor":31,"key":"Explosive Potion"},{"floor":33,"key":"EssenceOfSteel"},{"floor":38,"key":"EssenceOfSteel"}],"is_trial":false,"path_per_floor":["M","?","$","?","M","R","E","$","T","?","M","M","$","?","R","B",null,"M","M","$","M","?","R","M","E","T","?","M","R","M","M","R","B",null,"M","?","M","M","M"],"character_chosen":"THE_SILENT","items_purchased":["Infinite Blades","Footwork"],"campfire_rested":1,"item_purchase_floors":[3,13],"current_hp_per_floor":[70,70,70,70,70,70,70,70,70,45,45,45,45,45,45,7,70,70,60,60,50,50,50,32,29,29,29,29,65,57,54,54,31,70,59,59,32,25,0,0],"gold":307,"neow_bonus":"THREE_ENEMY_KILL","is_daily":false,"chose_seed":false,"campfire_upgraded":2,"win_rate":0.0,"timestamp":1612820351,"path_taken":["M","?","?","?","M","R","E","$","T","?","M","?","$","?","R","BOSS","M","?","$","M","?","R","M","E","T","?","?","R","M","M","R","BOSS","M","?","?","M","M"],"items_purchased_type":["Card","Card"],"build_version":"2020-12-22","purchased_purges":2,"victory":false,"max_hp_per_floor":[70,70,70,70,70,70,70,70,70,70,70,70,70,70,70,70,70,70,70,70,70,70,70,70,70,70,70,70,70,70,70,70,70,70,70,70,70,70,70,70],"card_choices":[{"not_picked":["Deflect","Dagger Spray","Bane"],"picked":"SKIP","floor":1},{"not_picked":["Heel Hook","Acrobatics"],"picked":"Blade Dance","floor":5},{"not_picked":["Predator","Flying Knee","Crippling Poison"],"picked":"SKIP","floor":7},{"not_picked":["Dodge and Roll","Flechettes"],"picked":"Cloak And Dagger","floor":11},{"not_picked":["Dagger Spray","Choke"],"picked":"Blade Dance","floor":12},{"not_picked":["Wraith Form v2","Bullet Time"],"picked":"Malaise","floor":16},{"not_picked":["PiercingWail","Skewer+1"],"picked":"Blade Dance","floor":18},{"not_picked":["Sucker Punch","Backflip+1"],"picked":"Infinite Blades","floor":19},{"not_picked":["Backflip+1","Dagger Spray"],"picked":"Caltrops","floor":21},{"not_picked":["Quick Slash","Tactician","Dash+1"],"picked":"SKIP","floor":24},{"not_picked":["Doppelganger","Unload","Deadly Poison+1"],"picked":"SKIP","floor":25},{"not_picked":["Endless Agony","Underhanded Strike+1"],"picked":"Prepared","floor":28},{"not_picked":["Acrobatics","Cloak And Dagger"],"picked":"Noxious Fumes","floor":30},{"not_picked":["Caltrops","Catalyst"],"picked":"Terror","floor":31},{"not_picked":["Doppelganger","Burst"],"picked":"A Thousand Cuts","floor":33},{"not_picked":["Catalyst","Underhanded Strike"],"picked":"Finisher","floor":35},{"not_picked":["Dodge and Roll","Endless Agony"],"picked":"Noxious Fumes","floor":37},{"not_picked":["Deadly Poison","Dodge and Roll+1"],"picked":"Blade Dance+1","floor":38}],"player_experience":170141,"relics_obtained":[{"floor":7,"key":"Snake Skull"},{"floor":25,"key":"Mummified Hand"},{"floor":26,"key":"Regal Pillow"}],"event_choices":[{"damage_healed":0,"gold_gain":0,"player_choice":"Upgraded","damage_taken":0,"max_hp_gain":0,"max_hp_loss":0,"event_name":"Upgrade Shrine","floor":2,"gold_loss":0,"cards_upgraded":["Neutralize"]},{"damage_healed":0,"gold_gain":0,"player_choice":"Box","damage_taken":0,"relics_obtained":["Oddly Smooth Stone"],"max_hp_gain":0,"max_hp_loss":0,"event_name":"Big Fish","floor":4,"gold_loss":0,"cards_obtained":["Regret"]},{"damage_healed":0,"gold_gain":0,"player_choice":"Searched \u00272\u0027 times","damage_taken":0,"relics_obtained":["Peace Pipe"],"max_hp_gain":0,"max_hp_loss":0,"event_name":"Dead Adventurer","floor":10,"gold_loss":0},{"cards_removed":["Defend_G"],"damage_healed":0,"gold_gain":0,"player_choice":"Offered Basic","damage_taken":0,"max_hp_gain":0,"max_hp_loss":0,"event_name":"Bonfire Elementals","floor":14,"gold_loss":0},{"damage_healed":0,"gold_gain":0,"player_choice":"Simplicity","damage_taken":0,"max_hp_gain":0,"max_hp_loss":0,"event_name":"Back to Basics","floor":22,"gold_loss":0,"cards_upgraded":["Strike_G","Strike_G","Strike_G","Defend_G","Defend_G","Defend_G","Defend_G"]},{"damage_healed":0,"gold_gain":0,"player_choice":"Upgraded","damage_taken":0,"max_hp_gain":0,"max_hp_loss":0,"event_name":"Upgrade Shrine","floor":27,"gold_loss":0,"cards_upgraded":["Infinite Blades"]},{"damage_healed":0,"gold_gain":0,"player_choice":"Copied","damage_taken":0,"max_hp_gain":0,"max_hp_loss":0,"event_name":"Duplicator","floor":36,"gold_loss":0,"cards_obtained":["Infinite Blades"]}],"is_beta":false,"boss_relics":[{"not_picked":["Fusion Hammer","SlaversCollar"],"picked":"HoveringKite"},{"not_picked":["Coffee Dripper","Runic Dome","Velvet Choker"]}],"items_purged_floors":[8,20],"is_endless":false,"potions_floor_spawned":[1,7,16,18,24,28,30,31,33,38],"killed_by":"Spire Growth","ascension_level":0}}