{"host":"Oniwa","time":1612770931,"event":{"mods":["BaseMod","Colored Map","Colored Powertips","Minty Spire (QoL Compilation)","Relic Stats","Slay the Relics Exporter","SpireBot","StSLib","ojb\u0027s Better Paths Mod","ojb\u0027s Info Mod"],"gold_per_floor":[117,40,40,40,53,53,65,65,143,175,250,277,20,35,35,112,112,127,21,21,32,32,32,32,32,32,32,32],"floor_reached":27,"language":"JPN","playtime":1050,"items_purged":["Strike_R","Strike_R"],"score":434,"play_id":"945f8f1c-c696-4615-ac05-cab6adea6921","local_time":"20210208165531","is_ascension_mode":true,"campfire_choices":[{"data":"Cleave","floor":6,"key":"SMITH"},{"data":"Spot Weakness","floor":15,"key":"SMITH"},{"floor":23,"key":"REST"},{"data":"Armaments","floor":25,"key":"SMITH"}],"circlet_count":0,"master_deck":["AscendersBane","Strike_R","Defend_R","Defend_R","Defend_R","Defend_R","Bash","Sword Boomerang","Shrug It Off","Cleave+1","Heavy Blade","Inflame","Bludgeon","Spot Weakness+1","Rage","Double Tap","Armaments+1","Clothesline","RitualDagger","Impervious","Warcry","Decay"],"relics":["Busted Crown","Eternal Feather","Calipers","Art of War","Membership Card","Cursed Key","Orichalcum"],"acts_visited":["Exordium","TheCity"],"potions_floor_usage":[16,18,27],"damage_taken":[{"damage":1,"enemies":"Cultist","floor":1,"turns":3},{"damage":0,"enemies":"Jaw Worm","floor":5,"turns":3},{"damage":1,"enemies":"2 Louse","floor":7,"turns":2},{"damage":17,"enemies":"3 Sentries","floor":10,"turns":6},{"damage":12,"enemies":"Lagavulin","floor":12,"turns":5},{"damage":1,"enemies":"Looter","floor":14,"turns":3},{"damage":33,"enemies":"The Guardian","floor":16,"turns":10},{"damage":7,"enemies":"3 Byrds","floor":18,"turns":5},{"damage":11,"enemies":"Spheric Guardian","floor":21,"turns":3},{"damage":65,"enemies":"Book of Stabbing","floor":27,"turns":6}],"seed_played":"4289396102509986678","potions_obtained":[{"floor":5,"key":"ColorlessPotion"},{"floor":7,"key":"ElixirPotion"},{"floor":16,"key":"SkillPotion"}],"is_trial":false,"path_per_floor":["M","$","?","T","M","R","M","?","T","E","?","E","$","M","R","B",null,"M","$","?","M","?","R","?","R","T","E"],"character_chosen":"IRONCLAD","items_purchased":["Shrug It Off","Cleave","Membership Card","Spot Weakness","Rage","Armaments","Clothesline"],"campfire_rested":1,"item_purchase_floors":[2,2,13,13,13,19,19],"current_hp_per_floor":[67,67,67,67,67,75,74,74,74,57,46,34,34,33,42,9,59,52,52,46,35,14,50,50,62,62,0,0],"gold":32,"neow_bonus":"BOSS_RELIC","is_daily":false,"chose_seed":false,"campfire_upgraded":3,"win_rate":0.0,"timestamp":1612770931,"path_taken":["M","?","?","?","M","R","?","?","T","E","?","E","$","M","R","BOSS","M","$","?","M","?","R","?","R","T","E"],"items_purchased_type":["Card","Card","Relic","Card","Card","Card","Card"],"build_version":"2020-12-18","purchased_purges":2,"victory":false,"max_hp_per_floor":[75,75,75,75,75,75,75,75,75,75,75,75,75,75,75,75,75,75,75,75,75,80,80,80,80,80,80,80],"relic_stats":{"Busted Crown":18,"counters":[10,46],"Eternal Feather":41,"Art of War":[3],"Orichalcum":[0],"Cursed Key":1,"obtain_stats":[{"Busted Crown":0,"Calipers":10,"Eternal Feather":4,"Art of War":12,"Membership Card":13,"Orichalcum":26,"Cursed Key":17,"Burning Blood":0},{"Busted Crown":0,"Calipers":4,"Eternal Feather":1,"Art of War":5,"Membership Card":5,"Orichalcum":9,"Cursed Key":7,"Burning Blood":0},{"Busted Crown":0,"Calipers":14,"Eternal Feather":3,"Art of War":19,"Membership Card":19,"Orichalcum":40,"Cursed Key":32,"Burning Blood":0}]},"card_choices":[{"not_picked":[],"picked":"Sword Boomerang","floor":1},{"not_picked":[],"picked":"Heavy Blade","floor":5},{"not_picked":[],"picked":"Inflame","floor":7},{"not_picked":["Wild Strike"],"picked":"SKIP","floor":10},{"not_picked":[],"picked":"Bludgeon","floor":12},{"not_picked":["Body Slam"],"picked":"SKIP","floor":14},{"not_picked":[],"picked":"Double Tap","floor":16},{"not_picked":["Warcry"],"picked":"SKIP","floor":18},{"not_picked":["Sever Soul"],"picked":"SKIP","floor":21}],"player_experience":2682755,"relics_obtained":[{"floor":4,"key":"Eternal Feather"},{"floor":10,"key":"Calipers"},{"floor":12,"key":"Art of War"},{"floor":26,"key":"Orichalcum"}],"event_choices":[{"damage_healed":0,"gold_gain":0,"player_choice":"Leave","damage_taken":0,"max_hp_gain":0,"max_hp_loss":0,"event_name":"The Cleric","floor":3,"gold_loss":0},{"damage_healed":0,"gold_gain":0,"player_choice":"Ignored","damage_taken":0,"max_hp_gain":0,"max_hp_loss":0,"event_name":"Liars Game","floor":8,"gold_loss":0},{"damage_healed":0,"gold_gain":75,"player_choice":"Gather Gold","damage_taken":11,"max_hp_gain":0,"max_hp_loss":0,"event_name":"World of Goop","floor":11,"gold_loss":0},{"damage_healed":0,"gold_gain":0,"player_choice":"Joined the Cult","damage_taken":6,"max_hp_gain":0,"max_hp_loss":0,"event_name":"Nest","floor":20,"gold_loss":0,"cards_obtained":["RitualDagger"]},{"damage_healed":0,"gold_gain":0,"player_choice":"Shed Blood","damage_taken":26,"max_hp_gain":5,"max_hp_loss":0,"event_name":"Forgotten Altar","floor":22,"gold_loss":0},{"damage_healed":0,"gold_gain":0,"cards_transformed":["Strike_R","Strike_R"],"player_choice":"Became Test Subject","damage_taken":0,"max_hp_gain":0,"max_hp_loss":0,"event_name":"Drug Dealer","floor":24,"gold_loss":0,"cards_obtained":["Impervious","Warcry"]}],"is_beta":true,"boss_relics":[{"not_picked":["Velvet Choker","SlaversCollar"],"picked":"Cursed Key"}],"items_purged_floors":[13,19],"is_endless":false,"potions_floor_spawned":[5,7,10,14,16],"killed_by":"Book of Stabbing","ascension_level":20}}