{"host":"Krakhan","time":1612748156,"event":{"mods":["AchievementEnabler","BaseMod","Colored Map","Colored Powertips","Faster Ascension Climbing","Highlight Path","Minty Spire (QoL Compilation)","Rare Cards Sparkle","Relic Stats","StSLib"],"gold_per_floor":[109,120,130,130,46,46,76,76,76,93,93,93,93,107,107,201,201,222,222,258,243,243,243,284,300,375,715,115,197,32,57,57,152,152,168,183,19,40,63,63,63],"floor_reached":40,"language":"ENG","playtime":2626,"items_purged":["Doubt"],"score":927,"play_id":"b96d871b-4d7c-48d3-9c9f-b264e5c68c57","local_time":"20210207203556","is_ascension_mode":true,"campfire_choices":[{"data":"Noxious Fumes","floor":6.0,"key":"SMITH"},{"floor":8.0,"key":"REST"},{"data":"Dagger Spray","floor":12.0,"key":"SMITH"},{"floor":15.0,"key":"REST"},{"floor":23.0,"key":"REST"},{"floor":32.0,"key":"REST"}],"circlet_count":0,"master_deck":["AscendersBane","Strike_G","Strike_G","Strike_G","Strike_G+1","Strike_G","Defend_G+1","Defend_G+1","Defend_G","Defend_G","Survivor+1","Neutralize","Dagger Throw","Blade Dance","Noxious Fumes+1","Poisoned Stab","Dagger Spray+1","Crippling Poison","Wraith Form v2","Deadly Poison","PiercingWail","Dash+1","Wraith Form v2","Adrenaline","Prepared+1","Chrysalis","Clumsy","Tools of the Trade","Catalyst","Crippling Poison"],"relics":["Ring of the Snake","NeowsBlessing","Bottled Flame","War Paint","Golden Idol","Cursed Key","Red Mask","Potion Belt","HornCleat","Old Coin","Regal Pillow","Singing Bowl","TwistedFunnel","Snecko Eye","Omamori"],"acts_visited":["Exordium","TheCity","TheBeyond"],"potions_floor_usage":[40,40,40,40],"damage_taken":[{"damage":0.0,"enemies":"Cultist","floor":1.0,"turns":1.0},{"damage":0.0,"enemies":"Small Slimes","floor":2.0,"turns":1.0},{"damage":0.0,"enemies":"2 Louse","floor":3.0,"turns":1.0},{"damage":43.0,"enemies":"Gremlin Nob","floor":7.0,"turns":4.0},{"damage":0.0,"enemies":"Large Slime","floor":10.0,"turns":7.0},{"damage":0.0,"enemies":"Looter","floor":14.0,"turns":2.0},{"damage":32.0,"enemies":"Slime Boss","floor":16.0,"turns":10.0},{"damage":4.0,"enemies":"Chosen","floor":18.0,"turns":5.0},{"damage":20.0,"enemies":"Masked Bandits","floor":20.0,"turns":5.0},{"damage":2.0,"enemies":"2 Thieves","floor":21.0,"turns":4.0},{"damage":13.0,"enemies":"Slavers","floor":24.0,"turns":6.0},{"damage":3.0,"enemies":"Snake Plant","floor":25.0,"turns":5.0},{"damage":6.0,"enemies":"Gremlin Leader","floor":27.0,"turns":8.0},{"damage":0.0,"enemies":"Centurion and Healer","floor":31.0,"turns":6.0},{"damage":27.0,"enemies":"Champ","floor":33.0,"turns":7.0},{"damage":0.0,"enemies":"Orb Walker","floor":35.0,"turns":4.0},{"damage":9.0,"enemies":"3 Darklings","floor":36.0,"turns":5.0},{"damage":12,"enemies":"4 Shapes","floor":38,"turns":6},{"damage":28,"enemies":"Maw","floor":39,"turns":8},{"damage":14,"enemies":"Nemesis","floor":40,"turns":3}],"seed_played":"6588936982204997485","potions_obtained":[{"floor":1.0,"key":"DistilledChaos"},{"floor":16.0,"key":"AttackPotion"},{"floor":20.0,"key":"Explosive Potion"},{"floor":21.0,"key":"Ancient Potion"},{"floor":24.0,"key":"Block Potion"},{"floor":36.0,"key":"LiquidBronze"},{"floor":39,"key":"Ancient Potion"}],"is_trial":false,"path_per_floor":["M","M","M","?","$","R","E","R","T","M","?","R","?","M","R","B",null,"M","?","?","M","?","R","E","M","T","E","$","T","$","M","R","B",null,"M","M","$","M","M","E"],"character_chosen":"THE_SILENT","items_purchased":["Noxious Fumes","Regal Pillow","Fruit Juice","PowerPotion","Chrysalis","TwistedFunnel","Omamori"],"campfire_rested":4,"item_purchase_floors":[5,28,28,28,28,30,37],"current_hp_per_floor":[59,59,59,59,59,59,16,35,35,35,35,35,17,17,35,3,46,42,42,22,20,20,38,25,22,22,16,21,21,21,23,58,31,58,60,51,51,39,13,0,0],"gold":63,"neow_bonus":"THREE_ENEMY_KILL","is_daily":false,"chose_seed":false,"campfire_upgraded":2,"win_rate":0.0,"timestamp":1612748156,"path_taken":["M","?","M","?","?","R","E","R","T","M","?","R","?","M","R","BOSS","M","?","?","M","?","R","E","?","T","E","$","?","?","M","R","BOSS","M","M","$","M","M","E"],"items_purchased_type":["Card","Relic","Potion","Potion","Card","Relic","Relic"],"build_version":"2020-12-18","purchased_purges":1,"victory":false,"max_hp_per_floor":[66,66,66,66,66,66,66,66,66,66,60,60,60,60,60,60,60,60,60,60,60,60,60,60,60,60,60,65,65,65,67,67,67,67,69,69,69,69,71,71,71],"relic_stats":{"Regal Pillow":15,"Singing Bowl":6,"counters":[20,98],"Golden Idol":96,"Snecko Eye":[53,53,45,41],"War Paint":["Survivor","Defend_G"],"Cursed Key":2,"obtain_stats":[{"Potion Belt":24,"TwistedFunnel":30,"Regal Pillow":28,"NeowsBlessing":0,"Singing Bowl":29,"Golden Idol":11,"Omamori":37,"War Paint":9,"Cursed Key":17,"Old Coin":27,"Bottled Flame":7,"HornCleat":26,"Snecko Eye":34,"Red Mask":20,"Ring of the Snake":0},{"Potion Belt":11,"TwistedFunnel":13,"Regal Pillow":13,"NeowsBlessing":0,"Singing Bowl":13,"Golden Idol":5,"Omamori":17,"War Paint":4,"Cursed Key":7,"Old Coin":13,"Bottled Flame":4,"HornCleat":12,"Snecko Eye":15,"Red Mask":9,"Ring of the Snake":0},{"Potion Belt":46,"TwistedFunnel":59,"Regal Pillow":59,"NeowsBlessing":0,"Singing Bowl":59,"Golden Idol":14,"Omamori":81,"War Paint":7,"Cursed Key":26,"Old Coin":59,"Bottled Flame":7,"HornCleat":51,"Snecko Eye":72,"Red Mask":36,"Ring of the Snake":0}],"Ring of the Snake":[40]},"card_choices":[{"not_picked":["Quick Slash","Concentrate"],"picked":"Dagger Throw","floor":1.0},{"not_picked":["Backflip","Deflect","Flechettes"],"picked":"SKIP","floor":2.0},{"not_picked":["Acrobatics","Distraction"],"picked":"Blade Dance","floor":3.0},{"not_picked":["Quick Slash","Accuracy"],"picked":"Poisoned Stab","floor":7.0},{"not_picked":["All Out Attack","Finisher"],"picked":"Dagger Spray","floor":10.0},{"not_picked":["Accuracy","Footwork"],"picked":"Crippling Poison","floor":14.0},{"not_picked":["A Thousand Cuts","Corpse Explosion"],"picked":"Wraith Form v2","floor":16.0},{"not_picked":["Slice","Flechettes"],"picked":"Deadly Poison","floor":18.0},{"not_picked":["Choke","PiercingWail"],"picked":"Dash+1","floor":20.0},{"not_picked":["Poisoned Stab","Outmaneuver","Choke"],"picked":"SKIP","floor":21.0},{"not_picked":["Masterful Stab","Malaise"],"picked":"Adrenaline","floor":24.0},{"not_picked":["Dodge and Roll+1","Predator"],"picked":"Prepared+1","floor":25.0},{"not_picked":["Sucker Punch","Skewer","Outmaneuver"],"picked":"SKIP","floor":27.0},{"not_picked":["Quick Slash","Dodge and Roll","Prepared"],"picked":"Singing Bowl","floor":31.0},{"not_picked":["Phantasmal Killer","A Thousand Cuts"],"picked":"Tools of the Trade","floor":33.0},{"not_picked":["Blade Dance+1","Sucker Punch","Prepared+1"],"picked":"Singing Bowl","floor":35.0},{"not_picked":["Flying Knee+1","Skewer"],"picked":"Catalyst","floor":36.0},{"not_picked":["Prepared","Underhanded Strike"],"picked":"Crippling Poison","floor":38},{"not_picked":["Distraction","Expertise","Blade Dance"],"picked":"Singing Bowl","floor":39}],"player_experience":1383650,"relics_obtained":[{"floor":7.0,"key":"Bottled Flame"},{"floor":9.0,"key":"War Paint"},{"floor":20.0,"key":"Red Mask"},{"floor":24.0,"key":"Potion Belt"},{"floor":26.0,"key":"HornCleat"},{"floor":27.0,"key":"Old Coin"},{"floor":29.0,"key":"Singing Bowl"}],"event_choices":[{"cards_removed":["Defend_G"],"damage_healed":0.0,"max_hp_gain":0.0,"max_hp_loss":0.0,"gold_gain":0.0,"event_name":"Bonfire Elementals","player_choice":"Offered Basic","floor":4.0,"gold_loss":0.0,"damage_taken":0.0},{"damage_healed":0.0,"max_hp_gain":0.0,"max_hp_loss":6.0,"gold_gain":0.0,"event_name":"Golden Idol","player_choice":"Lose Max HP","floor":11.0,"gold_loss":0.0,"damage_taken":0.0,"relics_obtained":["Golden Idol"]},{"damage_healed":0.0,"max_hp_gain":0.0,"max_hp_loss":0.0,"gold_gain":0.0,"event_name":"Shining Light","player_choice":"Entered Light","floor":13.0,"gold_loss":0.0,"damage_taken":18.0,"cards_upgraded":["Defend_G","Strike_G"]},{"damage_healed":0.0,"max_hp_gain":0.0,"max_hp_loss":0.0,"gold_gain":0.0,"event_name":"The Library","player_choice":"Read","floor":19.0,"gold_loss":0.0,"damage_taken":0.0,"cards_obtained":["PiercingWail"]},{"damage_healed":0.0,"max_hp_gain":0.0,"max_hp_loss":0.0,"gold_gain":0.0,"event_name":"Masked Bandits","player_choice":"Fought Bandits","floor":20.0,"gold_loss":0.0,"damage_taken":0.0},{"damage_healed":0.0,"max_hp_gain":0.0,"max_hp_loss":0.0,"gold_gain":0.0,"event_name":"Duplicator","player_choice":"Copied","floor":22.0,"gold_loss":0.0,"damage_taken":0.0,"cards_obtained":["Wraith Form v2"]}],"is_beta":true,"boss_relics":[{"not_picked":["Ectoplasm","Philosopher\u0027s Stone"],"picked":"Cursed Key"},{"not_picked":["Empty Cage","SacredBark"],"picked":"Snecko Eye"}],"items_purged_floors":[28],"is_endless":false,"potions_floor_spawned":[1,16,20,21,24,31,36,39],"killed_by":"Nemesis","ascension_level":20}}