{"host":"rzvepkyh9344fbo1","time":1612752119,"event":{"mods":["AchievementEnabler","Act Like it!","BaseMod","Colored Map","Colored Powertips","Curses Come First","Downfall","Hermit","Highlight Path","Minty Spire (QoL Compilation)","Replay The Spire","Robot Space Explorer","Shade Mod","Shop Mod","StS++","StSLib","The Cursed","The Necromancer"],"gold_per_floor":[11,11,26,44,70,70,106,106,130,154,169,185,213,236,236,361,361,382,49,64,88,10,10,46,46,46,46,46,85,109,29,29,148,148,171,21,0,0,13,53,67,98,143,167,188,188,204,248,248,254,254,254,5,5,5],"floor_reached":54,"language":"ENG","playtime":6791,"items_purged":["ReplayTheSpireMod:Splinters","Infernal Blade"],"score":1063,"play_id":"2986fc42-938c-4361-bb56-2a0c19b28435","local_time":"20210208134159","is_ascension_mode":true,"campfire_choices":[{"data":"Uppercut","floor":6,"key":"SMITH"},{"data":"True Grit","floor":8,"key":"SMITH"},{"floor":15,"key":"REST"},{"data":"ReplayTheSpireMod:LeadingStrike","floor":23,"key":"SMITH"},{"data":"True Grit","floor":27,"key":"SMITH"},{"data":"Life Link","floor":32,"key":"SMITH"},{"floor":46,"key":"RECALL"},{"data":"Body Slam","floor":49,"key":"SMITH"},{"data":"Shockwave","floor":52,"key":"SMITH"}],"circlet_count":0,"master_deck":["Defend_R","Defend_R","Defend_R","Defend_R","Uppercut+1","Ghostly Armor","True Grit+1","ReplayTheSpireMod:LeadingStrike+1","Impervious+1","ReplayTheSpireMod:Muscle Training","Shockwave+1","True Grit+1","Hemokinesis","Reaper+1","Life Link+1","Life Link","ReplayTheSpireMod:Strike From Hell","Metallicize","Flame Barrier+1","Battle Trance+1","Berserk","Body Slam+1","Disarm+1","Metallicize+1","Heavy Blade","StSpp:CounterStrike","Flame Barrier","Rage","Inflame"],"relics":["Burning Blood","Pondfish Scales","Boot","King of Hearts","Painkiller Herb","MerchantsRug","Vajra","Pantograph","Bronze Scales","Philosopher\u0027s Stone","Red Mask","Ring of Misfortune","Shuriken","StSpp:BoiledEgg","Counterbalance"],"acts_visited":["Exordium","TheCity","TheBeyond","TheEnding"],"potions_floor_usage":[11,16,21,24,24,42,42,44,45,47,50,50],"damage_taken":[{"damage":18,"enemies":"Jaw Worm","floor":1,"turns":5},{"damage":0,"enemies":"Cultist","floor":3,"turns":3},{"damage":11,"enemies":"2 Louse","floor":4,"turns":4},{"damage":30,"enemies":"3 Sentries","floor":7,"turns":13},{"damage":13,"enemies":"Large Slime","floor":10,"turns":7},{"damage":3,"enemies":"2 Fungi Beasts","floor":11,"turns":4},{"damage":7,"enemies":"3 Louse","floor":12,"turns":3},{"damage":1,"enemies":"Exordium Wildlife","floor":14,"turns":4},{"damage":40,"enemies":"Hexaghost","floor":16,"turns":12},{"damage":22,"enemies":"3 Byrds","floor":18,"turns":8},{"damage":11,"enemies":"Chosen","floor":20,"turns":5},{"damage":50,"enemies":"Sentry and Sphere","floor":21,"turns":8},{"damage":11,"enemies":"Book of Stabbing","floor":24,"turns":7},{"damage":33,"enemies":"Slavers","floor":29,"turns":6},{"damage":17,"enemies":"Snake Plant","floor":30,"turns":5},{"damage":36,"enemies":"Pondfish","floor":33,"turns":7},{"damage":11,"enemies":"3 Shapes","floor":35,"turns":5},{"damage":13,"enemies":"3 Darklings","floor":39,"turns":5},{"damage":11,"enemies":"Giant Head","floor":40,"turns":9},{"damage":18,"enemies":"Spire Growth","floor":41,"turns":6},{"damage":20,"enemies":"Reptomancer","floor":42,"turns":7},{"damage":3,"enemies":"Maw","floor":44,"turns":8},{"damage":38,"enemies":"Jaw Worm Horde","floor":45,"turns":4},{"damage":10,"enemies":"Writhing Mass","floor":47,"turns":7},{"damage":22,"enemies":"Nemesis","floor":48,"turns":9},{"damage":57,"enemies":"Time Eater","floor":50,"turns":11},{"damage":94,"enemies":"Shield and Spear","floor":54,"turns":6}],"seed_played":"-7227270265062580382","potions_obtained":[{"floor":1,"key":"Swift Potion"},{"floor":10,"key":"sneckomod:MuddlingPotion"},{"floor":14,"key":"SpeedPotion"},{"floor":16,"key":"FearPotion"},{"floor":20,"key":"Fire Potion"},{"floor":33,"key":"Strength Potion"},{"floor":39,"key":"Strength Potion"},{"floor":41,"key":"BlessingOfTheForge"},{"floor":42,"key":"Fruit Juice"},{"floor":45,"key":"ColorlessPotion"},{"floor":47,"key":"Dexterity Potion"},{"floor":48,"key":"Dexterity Potion"}],"is_trial":false,"path_per_floor":["M","?","M","M","T","R","E","R","T","M","M","M","?","M","R","B",null,"?","T","?","?","T","T","E","?","T","T","?","E","?","T","T","B",null,"?","T","?","?","?","E","?","E","T","?","?","T","?","E","T","B",null,"T","T","E"],"character_chosen":"IRONCLAD","items_purchased":["Life Link","MerchantsRug","Guide Book","bronze:BurnAndBuffPotion","Lee\u0027s Waffle","Juzu Bracelet","Counterbalance","Inflame"],"campfire_rested":1,"item_purchase_floors":[19,19,19,22,31,36,53,53],"current_hp_per_floor":[68,48,54,49,49,49,25,25,25,18,21,20,20,25,49,15,80,74,74,69,25,25,25,29,29,29,29,29,25,16,87,87,64,87,87,87,87,87,80,75,76,73,73,88,60,60,62,55,55,36,92,92,92,0,0],"gold":5,"neow_bonus":"ONE_RARE_RELIC","is_daily":false,"chose_seed":false,"campfire_upgraded":7,"win_rate":0.0,"timestamp":1612752119,"path_taken":["M","?","M","M","?","R","E","R","T","M","?","?","?","M","R","BOSS","?","T","?","?","T","T","E","?","T","T","?","E","?","T","T","BOSS","?","T","?","?","?","E","?","E","T","?","?","T","?","E","T","BOSS","T","T","E"],"items_purchased_type":["Card","Relic","Relic","Potion","Relic","Relic","Relic","Card"],"build_version":"2020-12-22","purchased_purges":2,"victory":false,"max_hp_per_floor":[80,80,80,80,80,80,80,80,80,80,80,80,80,80,80,80,80,80,80,80,80,80,80,80,80,80,80,80,80,80,87,87,87,87,87,87,87,87,87,87,87,87,87,92,92,92,92,92,92,92,92,92,92,92,92],"card_choices":[{"not_picked":["Sentinel","Iron Wave"],"picked":"Uppercut","floor":1},{"not_picked":["Clothesline","Warcry","Burning Pact"],"picked":"SKIP","floor":3},{"not_picked":["Headbutt","Entrench"],"picked":"Ghostly Armor","floor":4},{"not_picked":["Combust","Hemokinesis"],"picked":"True Grit","floor":7},{"not_picked":["ReplayReversal","Clothesline"],"picked":"ReplayTheSpireMod:LeadingStrike","floor":10},{"not_picked":["Cleave","StSpp:Succumb"],"picked":"Impervious","floor":11},{"not_picked":["Headbutt","Sword Boomerang"],"picked":"ReplayTheSpireMod:Muscle Training","floor":12},{"not_picked":["Perfected Strike","Havoc"],"picked":"Shockwave","floor":13},{"not_picked":["Headbutt","StSpp:Succumb"],"picked":"True Grit","floor":14},{"not_picked":["Brutality","Corruption"],"picked":"Reaper","floor":16},{"not_picked":["Thunderclap","ReplayTheSpireMod:Muscle Training","Headbutt"],"picked":"SKIP","floor":18},{"not_picked":["Cleave","Burning Pact","Twin Strike"],"picked":"SKIP","floor":20},{"not_picked":["Wild Strike","Headbutt"],"picked":"ReplayTheSpireMod:Strike From Hell","floor":21},{"not_picked":["Abandon+1","Spot Weakness"],"picked":"Flame Barrier+1","floor":24},{"not_picked":["True Grit","ReplayTheSpireMod:LeadingStrike","Anger"],"picked":"SKIP","floor":29},{"not_picked":["Wild Strike","Power Through"],"picked":"Battle Trance+1","floor":30},{"not_picked":["Hemogenesis","Impervious"],"picked":"Berserk","floor":33},{"not_picked":["Pommel Strike","StSpp:Sprint+1"],"picked":"Body Slam","floor":35},{"not_picked":["Dark Embrace","Rampage+1"],"picked":"Disarm+1","floor":39},{"not_picked":["Reckless Charge+1","Dropkick","Rage+1"],"picked":"SKIP","floor":40},{"not_picked":["Twin Strike+1","Flex","Corruption"],"picked":"SKIP","floor":41},{"not_picked":["Hemogenesis","Feel No Pain","Perfected Strike"],"picked":"SKIP","floor":42},{"not_picked":["Abandon+1","Feel No Pain+1","Iron Wave+1"],"picked":"SKIP","floor":44},{"not_picked":["Warcry","Second Wind+1"],"picked":"Metallicize+1","floor":45},{"not_picked":["Pommel Strike","ReplayTheSpireMod:Strike From Hell+1"],"picked":"StSpp:CounterStrike","floor":47},{"not_picked":["Iron Wave+1","Bloodletting+1","Warcry+1"],"picked":"SKIP","floor":48}],"player_experience":274334,"relics_obtained":[{"floor":5,"key":"Boot"},{"floor":7,"key":"Replay:PocketPolymizer"},{"floor":9,"key":"King of Hearts"},{"floor":13,"key":"Girya"},{"floor":24,"key":"Blood Vial"},{"floor":26,"key":"Pantograph"},{"floor":29,"key":"Bronze Scales"},{"floor":38,"key":"Ring of Misfortune"},{"floor":40,"key":"Shuriken"},{"floor":42,"key":"StSpp:BoiledEgg"},{"floor":48,"key":"Replay:Bandana"}],"event_choices":[{"damage_healed":0,"gold_gain":0,"player_choice":"Take Damage","damage_taken":20,"relics_obtained":["Golden Idol"],"max_hp_gain":0,"max_hp_loss":0,"event_name":"Golden Idol","floor":2,"gold_loss":0},{"damage_healed":0,"gold_gain":0,"player_choice":"Ignored","damage_taken":0,"max_hp_gain":0,"max_hp_loss":0,"event_name":"Ghosts","floor":28,"gold_loss":0},{"damage_healed":0,"gold_gain":0,"player_choice":"Paid","damage_taken":0,"relics_obtained":["Red Mask"],"max_hp_gain":0,"max_hp_loss":0,"event_name":"Tomb of Lord Red Mask","floor":37,"gold_loss":21}],"is_beta":false,"boss_relics":[{"not_picked":["Astrolabe","Pandora\u0027s Box"],"picked":"Painkiller Herb"},{"not_picked":["SacredBark","StSpp:Magatama"],"picked":"Philosopher\u0027s Stone"}],"items_purged_floors":[19,53],"is_endless":false,"potions_floor_spawned":[1,10,14,16,20,33,39,41,42,45,47,48],"killed_by":"Shield and Spear","ascension_level":2}}