{"host":"sxnl403xm2xmiyj1","time":1612775805,"event":{"mods":["AchievementEnabler","BaseMod","Colored Map","Keyboard Shortcuts","Minty Spire (QoL Compilation)","Quick Restart","StSLib","SuperFastMode"],"gold_per_floor":[115,115,115,290,16,41,41,103,103,103,116,147,161,187,187,289,289,302,302,312,325,338,338,371,371,371,395,395,192,206,131,131,227,227,247,37,54,0,12,44,44,59,84,99,99,149,12,43,43,43,43,43,9,39,39,39],"floor_reached":55,"language":"KOR","playtime":1553,"items_purged":["Doubt","Strike_R","Strike_R"],"score":1192,"play_id":"80222bd0-49f8-4904-99d1-24638afc400b","local_time":"20210208181644","is_ascension_mode":true,"campfire_choices":[{"data":"Juggernaut","floor":7.0,"key":"SMITH"},{"data":"Entrench","floor":10.0,"key":"SMITH"},{"data":"Body Slam","floor":15.0,"key":"SMITH"},{"data":"Body Slam","floor":23.0,"key":"SMITH"},{"floor":25.0,"key":"REST"},{"data":"Feel No Pain","floor":28.0,"key":"SMITH"},{"data":"Body Slam","floor":32.0,"key":"SMITH"},{"data":"True Grit","floor":41.0,"key":"SMITH"},{"floor":45.0,"key":"RECALL"},{"data":"Entrench","floor":49.0,"key":"SMITH"},{"data":"True Grit","floor":52.0,"key":"SMITH"}],"circlet_count":0,"master_deck":["AscendersBane","Defend_R","Defend_R","Defend_R","Bash","Juggernaut+1","Reckless Charge","Feel No Pain+1","Shrug It Off","Panacea","Entrench+1","Evolve","Immolate","Body Slam+1","Metallicize","Offering","Headbutt","Purity","Warcry","Intimidate+1","Body Slam+1","Flame Barrier","Metallicize","Shockwave","Body Slam+1","Footwork+1","SpiritShield","CurseOfTheBell","Metallicize","True Grit+1","Shrug It Off","Bandage Up","Good Instincts+1","Calculated Gamble","Iron Wave+1","Coolheaded+1","Feel No Pain","Entrench+1","True Grit+1","Offering","Metallicize","Evaluate+1"],"relics":["Burning Blood","Mango","Membership Card","Smiling Mask","Self Forming Clay","HornCleat","Paper Frog","Red Skull","Mark of Pain","Bronze Scales","Mercury Hourglass","Anchor","PrismaticShard","Calling Bell","Regal Pillow","Gremlin Horn","Charon\u0027s Ashes","Art of War","Red Mask","Lantern","Magic Flower","The Courier","Eternal Feather"],"acts_visited":["Exordium","TheCity","TheBeyond","TheEnding"],"potions_floor_usage":[55,55,55],"damage_taken":[{"damage":7.0,"enemies":"Jaw Worm","floor":1.0,"turns":3.0},{"damage":10.0,"enemies":"3 Sentries","floor":6.0,"turns":7.0},{"damage":15.0,"enemies":"Gremlin Nob","floor":8.0,"turns":4.0},{"damage":0.0,"enemies":"2 Louse","floor":11.0,"turns":2.0},{"damage":12.0,"enemies":"Lagavulin","floor":12.0,"turns":7.0},{"damage":0.0,"enemies":"Cultist","floor":13.0,"turns":3.0},{"damage":10.0,"enemies":"3 Sentries","floor":14.0,"turns":4.0},{"damage":20.0,"enemies":"The Guardian","floor":16.0,"turns":7.0},{"damage":5.0,"enemies":"3 Byrds","floor":18.0,"turns":4.0},{"damage":11.0,"enemies":"2 Thieves","floor":20.0,"turns":4.0},{"damage":22.0,"enemies":"Snake Plant","floor":21.0,"turns":4.0},{"damage":24.0,"enemies":"Centurion and Healer","floor":22.0,"turns":2.0},{"damage":23.0,"enemies":"Slavers","floor":24.0,"turns":4.0},{"damage":0.0,"enemies":"Snecko","floor":30.0,"turns":4.0},{"damage":26.0,"enemies":"Automaton","floor":33.0,"turns":7.0},{"damage":5.0,"enemies":"3 Darklings","floor":35.0,"turns":3.0},{"damage":6.0,"enemies":"Orb Walker","floor":37.0,"turns":2.0},{"damage":9.0,"enemies":"Spire Growth","floor":39.0,"turns":5.0},{"damage":14.0,"enemies":"Reptomancer","floor":40.0,"turns":6.0},{"damage":6.0,"enemies":"Sphere and 2 Shapes","floor":42.0,"turns":3.0},{"damage":0.0,"enemies":"4 Shapes","floor":44.0,"turns":4.0},{"damage":8.0,"enemies":"Mind Bloom Boss Battle","floor":46.0,"turns":6.0},{"damage":6.0,"enemies":"Nemesis","floor":48.0,"turns":5.0},{"damage":73.0,"enemies":"Awakened One","floor":50.0,"turns":11.0},{"damage":58.0,"enemies":"Shield and Spear","floor":54.0,"turns":7.0},{"damage":75,"enemies":"The Heart","floor":55,"turns":8}],"seed_played":"6290583558679628198","potions_obtained":[{"floor":6.0,"key":"PowerPotion"},{"floor":12.0,"key":"Fire Potion"},{"floor":14.0,"key":"SkillPotion"},{"floor":18.0,"key":"SpeedPotion"},{"floor":21.0,"key":"ColorlessPotion"},{"floor":33.0,"key":"Block Potion"},{"floor":35.0,"key":"Energy Potion"},{"floor":37.0,"key":"ColorlessPotion"},{"floor":48.0,"key":"Weak Potion"}],"is_trial":false,"path_per_floor":["M","?","?","?","$","E","R","?","T","R","M","E","M","E","R","B",null,"M","?","M","M","M","R","E","R","T","T","R","$","M","?","R","B",null,"M","$","M","?","M","E","R","M","T","M","R","?","$","E","R","B",null,"R","$","E","B"],"character_chosen":"IRONCLAD","items_purchased":["Membership Card","Feel No Pain","Shrug It Off","Panacea","Metallicize","Shockwave","Body Slam","PrismaticShard","Metallicize","True Grit","Shrug It Off","Bandage Up","Art of War","Feel No Pain","Entrench","True Grit","Metallicize","BloodPotion"],"campfire_rested":1,"item_purchase_floors":[5,5,5,5,29,29,29,29,36,36,36,36,36,47,47,47,53,53],"current_hp_per_floor":[50,46,39,39,39,35,35,26,26,26,32,26,32,28,28,14,74,75,75,70,54,36,36,19,47,47,47,47,47,53,53,53,33,79,80,80,84,84,85,81,81,85,85,94,94,94,94,94,94,36,80,80,80,37,0,0],"gold":39,"neow_bonus":"TRANSFORM_TWO_CARDS","is_daily":false,"chose_seed":false,"campfire_upgraded":9,"win_rate":0.0,"timestamp":1612775804,"path_taken":["M","?","?","?","?","E","R","?","T","R","M","E","?","E","R","BOSS","M","?","M","M","?","R","E","R","T","?","R","$","M","?","R","BOSS","M","$","M","?","M","E","R","M","T","M","R","?","?","E","R","BOSS","R","$","E","BOSS"],"items_purchased_type":["Relic","Card","Card","Card","Card","Card","Card","Relic","Card","Card","Card","Card","Relic","Card","Card","Card","Card","Potion"],"build_version":"2020-12-22","purchased_purges":3,"victory":false,"max_hp_per_floor":[80,94,94,94,94,94,94,94,94,94,94,94,94,94,94,94,94,94,94,94,94,94,94,94,94,94,94,94,94,94,94,94,94,94,94,94,94,94,94,94,94,94,94,94,94,94,94,94,94,94,94,94,94,94,94,94],"card_choices":[{"not_picked":["Cleave","Flex","Carnage"],"picked":"SKIP","floor":1.0},{"not_picked":["Clothesline","Sentinel"],"picked":"Entrench","floor":6.0},{"not_picked":["Sever Soul","Blood for Blood"],"picked":"Evolve","floor":11.0},{"not_picked":["Armaments","Warcry"],"picked":"Immolate","floor":12.0},{"not_picked":["Uppercut","Inflame"],"picked":"Body Slam","floor":13.0},{"not_picked":["Infernal Blade","Thunderclap"],"picked":"Metallicize","floor":14.0},{"not_picked":["Immolate","Exhume"],"picked":"Offering","floor":16.0},{"not_picked":["Dual Wield","Perfected Strike+1"],"picked":"Headbutt","floor":18.0},{"not_picked":["Heavy Blade+1","Clothesline"],"picked":"Warcry","floor":20.0},{"not_picked":["Armaments","Infernal Blade+1"],"picked":"Intimidate+1","floor":21.0},{"not_picked":["Feed","Clash"],"picked":"Body Slam","floor":22.0},{"not_picked":["Immolate","Rampage"],"picked":"Flame Barrier","floor":24.0},{"not_picked":["Capacitor","Clothesline+1"],"picked":"Footwork+1","floor":30.0},{"not_picked":["Feed","Grand Finale"],"picked":"SpiritShield","floor":33.0},{"not_picked":["Sweeping Beam","Pummel","Demon Form"],"picked":"SKIP","floor":35.0},{"not_picked":["Crescendo+1","Sword Boomerang","Pommel Strike"],"picked":"SKIP","floor":37.0},{"not_picked":["Gash","Outmaneuver"],"picked":"Good Instincts+1","floor":39.0},{"not_picked":["Turbo","Backstab","Beam Cell"],"picked":"SKIP","floor":40.0},{"not_picked":["Prostrate+1","Consecrate+1"],"picked":"Calculated Gamble","floor":42.0},{"not_picked":["Crescendo+1","Buffer"],"picked":"Iron Wave+1","floor":44.0},{"not_picked":["Carnage+1","WheelKick+1"],"picked":"Coolheaded+1","floor":46.0},{"not_picked":["CutThroughFate+1","Ball Lightning"],"picked":"Offering","floor":48.0},{"not_picked":["Twin Strike+1","LessonLearned"],"picked":"Evaluate+1","floor":54.0}],"player_experience":200086,"relics_obtained":[{"floor":6.0,"key":"Smiling Mask"},{"floor":8.0,"key":"Self Forming Clay"},{"floor":9.0,"key":"HornCleat"},{"floor":12.0,"key":"Paper Frog"},{"floor":14.0,"key":"Red Skull"},{"floor":24.0,"key":"Bronze Scales"},{"floor":26.0,"key":"Mercury Hourglass"},{"floor":27.0,"key":"Anchor"},{"floor":34.0,"key":"Regal Pillow"},{"floor":34.0,"key":"Gremlin Horn"},{"floor":34.0,"key":"Charon\u0027s Ashes"},{"floor":40.0,"key":"Lantern"},{"floor":46.0,"key":"Magic Flower"},{"floor":48.0,"key":"The Courier"},{"floor":54.0,"key":"Eternal Feather"}],"event_choices":[{"damage_healed":0.0,"max_hp_gain":0.0,"max_hp_loss":0.0,"gold_gain":0.0,"event_name":"Scrap Ooze","player_choice":"Success","floor":2.0,"gold_loss":0.0,"damage_taken":18.0,"relics_obtained":["Mango"]},{"cards_removed":["Strike_R"],"damage_healed":0.0,"max_hp_gain":0.0,"max_hp_loss":0.0,"gold_gain":0.0,"event_name":"Golden Wing","player_choice":"Card Removal","floor":3.0,"gold_loss":0.0,"damage_taken":7.0},{"damage_healed":0.0,"max_hp_gain":0.0,"max_hp_loss":0.0,"gold_gain":175.0,"event_name":"Liars Game","player_choice":"AGREE","floor":4.0,"gold_loss":0.0,"damage_taken":0.0,"cards_obtained":["Doubt"]},{"damage_healed":0.0,"max_hp_gain":0.0,"max_hp_loss":0.0,"gold_gain":0.0,"event_name":"Dead Adventurer","player_choice":"Searched \u00271\u0027 times","floor":8.0,"gold_loss":0.0,"damage_taken":0.0},{"damage_healed":0.0,"max_hp_gain":0.0,"max_hp_loss":0.0,"gold_gain":0.0,"event_name":"Match and Keep!","player_choice":"1 cards matched","floor":19.0,"gold_loss":0.0,"damage_taken":0.0,"cards_obtained":["Purity"]},{"cards_removed":["Strike_R"],"damage_healed":0.0,"max_hp_gain":0.0,"max_hp_loss":0.0,"gold_gain":0.0,"event_name":"Beggar","player_choice":"Gave Gold","floor":31.0,"gold_loss":75.0,"damage_taken":0.0},{"damage_healed":0.0,"max_hp_gain":0.0,"max_hp_loss":0.0,"gold_gain":0.0,"event_name":"Tomb of Lord Red Mask","player_choice":"Paid","floor":38.0,"gold_loss":54.0,"damage_taken":0.0,"relics_obtained":["Red Mask"]},{"damage_healed":0.0,"max_hp_gain":0.0,"max_hp_loss":0.0,"gold_gain":0.0,"event_name":"MindBloom","player_choice":"Fight","floor":46.0,"gold_loss":0.0,"damage_taken":0.0}],"is_beta":false,"boss_relics":[{"not_picked":["Cursed Key","Black Blood"],"picked":"Mark of Pain"},{"not_picked":["Snecko Eye","Fusion Hammer"],"picked":"Calling Bell"}],"items_purged_floors":[5,29,47],"is_endless":false,"potions_floor_spawned":[6,12,14,18,21,33,35,37,44,48],"killed_by":"The Heart","ascension_level":10}}