{"host":"r9o2ao9489xj0j9f","time":1612757252,"event":{"mods":["AchievementEnabler","BaseMod","Minty Spire (QoL Compilation)","StSLib"],"gold_per_floor":[139,154,154,169,169,207,226,289,289,344,388,11,11,30,30,180,180,199,218,37,56,100,138,138,157,207,207,226,226,141,160,160,285,348,367,367,367,386,58,96,96,96,96,115,115,134,84,103,103,103],"floor_reached":51,"language":"ENG","playtime":3781,"items_purged":[],"score":761,"play_id":"77baa271-9786-4b92-88ad-24f7c3cd5e29","local_time":"20210207230732","daily_mods":["Shiny","Green Cards","Terminal"],"is_ascension_mode":false,"campfire_choices":[{"data":"Judgement","floor":15,"key":"SMITH"},{"floor":27,"key":"REST"},{"floor":32,"key":"REST"},{"floor":41,"key":"REST"},{"floor":45,"key":"REST"},{"data":"Adrenaline","floor":49,"key":"SMITH"}],"circlet_count":0,"master_deck":["Venomology","Corpse Explosion","Malaise+1","Phantasmal Killer","Die Die Die","Adrenaline+1","Envenom+1","Doppelganger","Burst+1","Wraith Form v2","Tools of the Trade","Night Terror","Unload","After Image","Bullet Time","Storm of Steel","Glass Knife","A Thousand Cuts+1","Grand Finale","Judgement+1","ConjureBlade","MasterReality","Brilliance","Devotion","Blasphemy","Ragnarok","LessonLearned","Scrawl","Vault","Alpha","Wish","Omniscience+1","SpiritShield","DevaForm","DeusExMachina","Endless Agony","Cloak And Dagger","Reflex","Injury","ForeignInfluence","CutThroughFate","Outmaneuver","CutThroughFate","Adrenaline","FollowUp","Wraith Form v2","Crippling Poison","SignatureMove+1","Trip","FlyingSleeves+1","Noxious Fumes","FlurryOfBlows","Protect+1","Parasite","Consecrate","Deadly Poison","A Thousand Cuts","Backstab+1","Master of Strategy","ReachHeaven+1","Bouncing Flask","Blade Dance+1","DevaForm","Writhe","ReachHeaven","Bouncing Flask","JustLucky+1"],"relics":["PureWater","Darkstone Periapt","Golden Idol","Ancient Tea Set","Calipers","Pen Nib","PreservedInsect","Bag of Preparation","Cursed Key","Oddly Smooth Stone","FaceOfCleric","Bag of Marbles","MealTicket","Tiny House","Ornamental Fan","Pantograph","Vajra"],"acts_visited":["Exordium","TheCity","TheBeyond"],"potions_floor_usage":[6,6,6,6,11,11,11,18,19,21,21,23,31,33,33,38,40,44,50,50,50,50],"damage_taken":[{"damage":7,"enemies":"Small Slimes","floor":1,"turns":5},{"damage":2,"enemies":"2 Louse","floor":2,"turns":4},{"damage":0,"enemies":"Jaw Worm","floor":4,"turns":3},{"damage":0,"enemies":"3 Sentries","floor":6,"turns":3},{"damage":12,"enemies":"Gremlin Gang","floor":7,"turns":2},{"damage":15,"enemies":"Gremlin Nob","floor":8,"turns":7},{"damage":0,"enemies":"Large Slime","floor":11,"turns":6},{"damage":1,"enemies":"Blue Slaver","floor":14,"turns":3},{"damage":3,"enemies":"Hexaghost","floor":16,"turns":7},{"damage":5,"enemies":"Chosen","floor":18,"turns":4},{"damage":3,"enemies":"3 Byrds","floor":19,"turns":3},{"damage":0,"enemies":"Centurion and Healer","floor":21,"turns":2},{"damage":17,"enemies":"Snake Plant","floor":22,"turns":6},{"damage":7,"enemies":"Slavers","floor":23,"turns":5},{"damage":0,"enemies":"Snecko","floor":25,"turns":4},{"damage":0,"enemies":"Shelled Parasite and Fungi","floor":28,"turns":1},{"damage":0,"enemies":"Centurion and Healer","floor":31,"turns":4},{"damage":74,"enemies":"Champ","floor":33,"turns":11},{"damage":21,"enemies":"3 Darklings","floor":35,"turns":5},{"damage":0,"enemies":"3 Shapes","floor":38,"turns":3},{"damage":13,"enemies":"Nemesis","floor":40,"turns":6},{"damage":25,"enemies":"Spire Growth","floor":44,"turns":4},{"damage":10,"enemies":"4 Shapes","floor":46,"turns":4},{"damage":0,"enemies":"Jaw Worm Horde","floor":48,"turns":3},{"damage":46,"enemies":"Time Eater","floor":50,"turns":12}],"seed_played":"-2425098010432476902","potions_obtained":[{"floor":1,"key":"ColorlessPotion"},{"floor":6,"key":"Ancient Potion"},{"floor":8,"key":"DistilledChaos"},{"floor":16,"key":"Ancient Potion"},{"floor":19,"key":"Explosive Potion"},{"floor":34,"key":"Dexterity Potion"},{"floor":35,"key":"FearPotion"},{"floor":38,"key":"Weak Potion"},{"floor":46,"key":"Energy Potion"}],"is_trial":false,"path_per_floor":["M","M","?","M","?","E","M","E","T","?","M","$","?","M","R","B",null,"M","M","$","M","M","E","?","M","T","R","M","?","?","M","R","B",null,"M","?","?","M","$","E","R","?","T","M","R","M","$","M","R","B",null],"character_chosen":"WATCHER","items_purchased":["PreservedInsect","Bag of Preparation","Adrenaline","Trip","FairyPotion","Ornamental Fan","Bouncing Flask","BottledMiracle"],"campfire_rested":4,"item_purchase_floors":[12,12,12,20,20,39,39,47],"current_hp_per_floor":[64,62,55,55,61,61,49,34,34,34,34,34,55,54,54,51,60,55,52,52,52,35,28,28,29,35,52,53,44,44,45,59,7,63,43,43,43,44,59,47,59,58,63,39,57,48,61,61,60,15],"gold":103,"neow_bonus":"","is_daily":true,"chose_seed":false,"campfire_upgraded":2,"win_rate":0.0,"timestamp":1612757252,"path_taken":["M","M","?","M","?","E","M","E","T","?","M","$","?","M","R","BOSS","M","M","$","M","M","E","?","M","T","R","?","?","?","M","R","BOSS","M","?","?","M","$","E","R","?","T","M","R","M","$","?","R","BOSS"],"items_purchased_type":["Relic","Relic","Card","Card","Potion","Relic","Card","Potion"],"build_version":"2020-12-22","purchased_purges":0,"victory":true,"max_hp_per_floor":[70,69,68,67,72,71,70,69,68,67,66,65,64,63,62,61,60,59,58,57,56,55,54,53,53,58,57,57,61,60,60,59,59,63,63,62,61,61,60,60,59,58,63,63,62,62,61,61,60,60],"card_choices":[{"not_picked":["Caltrops","FlyingSleeves"],"picked":"Endless Agony","floor":1},{"not_picked":["LikeWater","PathToVictory"],"picked":"Cloak And Dagger","floor":2},{"not_picked":["FlurryOfBlows","Prepared"],"picked":"Reflex","floor":4},{"not_picked":["Heel Hook","CutThroughFate"],"picked":"ForeignInfluence","floor":6},{"not_picked":["Setup","FearNoEvil"],"picked":"CutThroughFate","floor":7},{"not_picked":["Halt","Well Laid Plans"],"picked":"Outmaneuver","floor":8},{"not_picked":["WreathOfFlame","Tactician"],"picked":"CutThroughFate","floor":11},{"not_picked":["Omniscience","EmptyBody"],"picked":"FollowUp","floor":14},{"not_picked":["SpiritShield","After Image"],"picked":"Wraith Form v2","floor":16},{"not_picked":["Outmaneuver","Collect"],"picked":"Crippling Poison","floor":18},{"not_picked":["FollowUp+1","PiercingWail+1"],"picked":"SignatureMove+1","floor":19},{"not_picked":["ClearTheMind+1","Setup+1"],"picked":"FlyingSleeves+1","floor":21},{"not_picked":["PathToVictory+1","Sanctity+1"],"picked":"Noxious Fumes","floor":22},{"not_picked":["Evaluate","CutThroughFate"],"picked":"FlurryOfBlows","floor":23},{"not_picked":["Acrobatics","CarveReality"],"picked":"Protect+1","floor":25},{"not_picked":["Setup","SandsOfTime"],"picked":"Consecrate","floor":28},{"not_picked":["SandsOfTime+1","Halt+1"],"picked":"Deadly Poison","floor":31},{"not_picked":["Malaise","Storm of Steel"],"picked":"A Thousand Cuts","floor":33},{"not_picked":["Deflect+1","Vengeance"],"picked":"Quick Slash","floor":34},{"not_picked":["EmptyFist+1","Conclude"],"picked":"Backstab+1","floor":35},{"not_picked":["Deep Breath","Good Instincts"],"picked":"Master of Strategy","floor":36},{"not_picked":["Study+1","MentalFortress+1"],"picked":"ReachHeaven+1","floor":38},{"not_picked":["Flechettes+1","FlurryOfBlows"],"picked":"Blade Dance+1","floor":40},{"not_picked":["FlyingSleeves+1","Prepared+1"],"picked":"ReachHeaven","floor":44},{"not_picked":["LikeWater","Protect+1"],"picked":"Bouncing Flask","floor":46},{"not_picked":["Weave","Vengeance+1"],"picked":"JustLucky+1","floor":48}],"player_experience":134124,"relics_obtained":[{"floor":6,"key":"Ancient Tea Set"},{"floor":8,"key":"Calipers"},{"floor":9,"key":"Pen Nib"},{"floor":23,"key":"Oddly Smooth Stone"},{"floor":26,"key":"Bag of Marbles"},{"floor":40,"key":"Pantograph"},{"floor":43,"key":"Vajra"}],"event_choices":[{"damage_healed":0,"gold_gain":0,"player_choice":"Success","damage_taken":7,"relics_obtained":["Darkstone Periapt"],"max_hp_gain":0,"max_hp_loss":0,"event_name":"Scrap Ooze","floor":3,"gold_loss":0},{"damage_healed":0,"gold_gain":0,"player_choice":"Take Wound","damage_taken":0,"relics_obtained":["Golden Idol"],"max_hp_gain":0,"max_hp_loss":0,"event_name":"Golden Idol","floor":5,"gold_loss":0,"cards_obtained":["Injury"]},{"damage_healed":0,"gold_gain":55,"player_choice":"Gained Gold","damage_taken":0,"max_hp_gain":0,"max_hp_loss":0,"event_name":"Golden Wing","floor":10,"gold_loss":0},{"damage_healed":21,"gold_gain":0,"player_choice":"Banana","damage_taken":0,"max_hp_gain":0,"max_hp_loss":0,"event_name":"Big Fish","floor":13,"gold_loss":0},{"damage_healed":0,"gold_gain":0,"player_choice":"Trade","damage_taken":0,"relics_obtained":["FaceOfCleric"],"max_hp_gain":0,"max_hp_loss":0,"event_name":"FaceTrader","floor":24,"gold_loss":0},{"damage_healed":0,"gold_gain":0,"player_choice":"Shed Blood","damage_taken":14,"max_hp_gain":5,"max_hp_loss":0,"event_name":"Forgotten Altar","floor":29,"gold_loss":0},{"damage_healed":0,"gold_gain":0,"player_choice":"Obtained Relic","damage_taken":0,"relics_obtained":["MealTicket"],"max_hp_gain":0,"max_hp_loss":0,"event_name":"Addict","floor":30,"gold_loss":85},{"damage_healed":0,"gold_gain":0,"player_choice":"Memory 1","damage_taken":0,"max_hp_gain":0,"max_hp_loss":0,"event_name":"SensoryStone","floor":36,"gold_loss":0},{"cards_removed":["Quick Slash"],"damage_healed":0,"gold_gain":0,"player_choice":"Removed Attack","damage_taken":0,"max_hp_gain":0,"max_hp_loss":0,"event_name":"Falling","floor":37,"gold_loss":0},{"damage_healed":0,"gold_gain":0,"cards_transformed":["Establishment"],"player_choice":"Transformed","damage_taken":0,"max_hp_gain":0,"max_hp_loss":0,"event_name":"Transmorgrifier","floor":42,"gold_loss":0,"cards_obtained":["DevaForm"]}],"is_beta":false,"boss_relics":[{"not_picked":["Ectoplasm","Black Star"],"picked":"Cursed Key"},{"not_picked":["Fusion Hammer","Snecko Eye"],"picked":"Tiny House"}],"items_purged_floors":[],"is_endless":false,"potions_floor_spawned":[1,6,8,16,18,19,22,35,38,46,48],"ascension_level":0}}