{"host":"4eao2pkwlmv012cz","time":1612744348,"event":{"mods":["BaseMod","Colored Powertips","Minty Spire (QoL Compilation)","Permanent Neow","Quick Restart","Random Character Button","StSLib"],"gold_per_floor":[364,374,24,24,43,43,72,72,72,72,83,117,133,147,147,147,147],"floor_reached":16,"language":"ENG","playtime":606,"items_purged":[],"score":224,"play_id":"2200bdb3-7ae7-4f2d-8e1e-5268f00df884","local_time":"20210207193228","is_ascension_mode":true,"campfire_choices":[{"data":"Zap","floor":6,"key":"SMITH"},{"floor":8,"key":"REST"},{"data":"Tempest","floor":10,"key":"SMITH"},{"floor":15,"key":"REST"}],"circlet_count":0,"master_deck":["AscendersBane","Strike_B","Strike_B","Strike_B","Strike_B","Defend_B","Defend_B","Defend_B","Defend_B","Zap+1","Dualcast","Tempest+1","FTL","Reinforced Body","Cold Snap","Loop","Sweeping Beam","Multi-Cast","Fusion","Multi-Cast"],"relics":["Cracked Core","Shuriken","Gambling Chip","Dead Branch","The Courier"],"acts_visited":["Exordium"],"potions_floor_usage":[7,7,13],"damage_taken":[{"damage":9,"enemies":"2 Louse","floor":1,"turns":4},{"damage":1,"enemies":"Cultist","floor":2,"turns":3},{"damage":7,"enemies":"Jaw Worm","floor":5,"turns":3},{"damage":29,"enemies":"3 Sentries","floor":7,"turns":8},{"damage":9,"enemies":"Red Slaver","floor":11,"turns":3},{"damage":22,"enemies":"Lagavulin","floor":12,"turns":5},{"damage":0,"enemies":"Large Slime","floor":13,"turns":4},{"damage":10,"enemies":"Exordium Wildlife","floor":14,"turns":4},{"damage":29,"enemies":"Hexaghost","floor":16,"turns":7}],"seed_played":"-3297444060414609856","potions_obtained":[{"floor":1,"key":"ColorlessPotion"},{"floor":4,"key":"Ancient Potion"},{"floor":5,"key":"Regen Potion"},{"floor":12,"key":"Regen Potion"},{"floor":14,"key":"SmokeBomb"}],"is_trial":false,"path_per_floor":["M","M","$","?","M","R","E","R","T","R","M","E","M","M","R","B"],"character_chosen":"DEFECT","items_purchased":["Shuriken","Reinforced Body"],"campfire_rested":2,"item_purchase_floors":[3,3],"current_hp_per_floor":[37,36,36,36,29,29,15,36,36,36,27,5,17,7,28,0,0],"gold":147,"neow_bonus":"TWO_FIFTY_GOLD","is_daily":false,"chose_seed":false,"campfire_upgraded":2,"win_rate":0.0,"timestamp":1612744348,"path_taken":["M","M","$","?","?","R","E","R","T","R","M","E","M","M","R","BOSS"],"items_purchased_type":["Relic","Card"],"build_version":"2020-12-22","purchased_purges":0,"victory":false,"max_hp_per_floor":[71,71,71,71,71,71,71,71,71,71,71,71,71,71,71,71,71],"card_choices":[{"not_picked":["Storm","Stack"],"picked":"Tempest","floor":1},{"not_picked":["Hologram","Blizzard"],"picked":"FTL","floor":2},{"not_picked":["Compile Driver","Streamline"],"picked":"Cold Snap","floor":5},{"not_picked":["Blizzard","Conserve Battery"],"picked":"Loop","floor":7},{"not_picked":["Scrape","Turbo"],"picked":"Sweeping Beam","floor":11},{"not_picked":["Sunder","Go for the Eyes"],"picked":"Multi-Cast","floor":12},{"not_picked":["Go for the Eyes","Steam"],"picked":"Fusion","floor":13},{"not_picked":["Barrage","Turbo"],"picked":"Multi-Cast","floor":14}],"player_experience":2903642,"relics_obtained":[{"floor":7,"key":"Gambling Chip"},{"floor":9,"key":"Dead Branch"},{"floor":12,"key":"The Courier"}],"event_choices":[{"damage_healed":0,"gold_gain":0,"player_choice":"Got Potions","damage_taken":0,"max_hp_gain":0,"max_hp_loss":0,"event_name":"Lab","floor":4,"gold_loss":0}],"is_beta":false,"boss_relics":[],"items_purged_floors":[],"is_endless":false,"potions_floor_spawned":[1,5,12,14],"killed_by":"Hexaghost","ascension_level":20}}