{"host":"995ppxxqmb2p2due","time":1612805608,"event":{"mods":["BaseMod","Downfall","Minty Spire (QoL Compilation)","StSLib"],"gold_per_floor":[99,116,116,116,135,149,149,249,283,302,2,0,19,119,138,241,241,241,255,267,283,298,329,405,420,438,13,13,13,13,41,59,59,59,59],"floor_reached":33,"language":"ENG","playtime":2402,"items_purged":["champ:Taunt"],"score":341,"play_id":"104dfc7d-764e-4a23-8e47-4c0c64762efb","local_time":"20210208123328","is_ascension_mode":false,"campfire_choices":[{"floor":1,"key":"RECALL"},{"floor":11,"key":"REST"},{"data":"champ:StanceDance","floor":18,"key":"SMITH"},{"data":"champ:TripleStrike","floor":28,"key":"SMITH"}],"circlet_count":0,"master_deck":["champ:Strike","champ:Strike","champ:Strike","champ:Strike","champ:Defend","champ:Defend","champ:Defend","champ:Defend","champ:Execute","champ:StanceDance+1","champ:GutPunch","champ:PreciseThrust","champ:Shatter","champ:RecklessLeap","champ:BringItOn","champ:CrownThrow","champ:DefensiveShout","champ:EndlessRage","champ:TripleStrike+1","champ:BladeFlurry","champ:FanOfKnives+1","champ:EnragedBash","champ:DeathBlow","Apotheosis","champ:FanOfKnives"],"relics":["champ:ChampionCrown","downfall:ShatteredFragment","Bird Faced Urn","Torii","downfall:HeartBlessingBlue","downfall:HeartBlessingRed","downfall:HeartBlessingGreen","WristBlade","Busted Crown","champ:DefensiveTrainingManual","Mercury Hourglass","HandDrill","Ginger"],"acts_visited":["Exordium","TheCity"],"potions_floor_usage":[14,23,33,33,33],"damage_taken":[{"damage":18,"enemies":"Small Slimes","floor":2,"turns":3},{"damage":15,"enemies":"2 Louse","floor":5,"turns":2},{"damage":11,"enemies":"Jaw Worm","floor":6,"turns":4},{"damage":25,"enemies":"3 Sentries","floor":9,"turns":7},{"damage":17,"enemies":"Large Slime","floor":10,"turns":4},{"damage":42,"enemies":"downfall:FleeingMerchant","floor":12,"turns":4},{"damage":0,"enemies":"Blue Slaver","floor":13,"turns":3},{"damage":47,"enemies":"Blue Slaver","floor":14,"turns":5},{"damage":1,"enemies":"Exordium Wildlife","floor":15,"turns":2},{"damage":32,"enemies":"IC_STATUS_ARCHETYPE","floor":16,"turns":6},{"damage":15,"enemies":"Spheric Guardian","floor":19,"turns":1},{"damage":22,"enemies":"Shell Parasite","floor":20,"turns":2},{"damage":26,"enemies":"Snake Plant","floor":21,"turns":3},{"damage":19,"enemies":"Snecko","floor":22,"turns":3},{"damage":45,"enemies":"Gremlin Leader","floor":23,"turns":4},{"damage":11,"enemies":"Shelled Parasite and Fungi","floor":25,"turns":3},{"damage":15,"enemies":"Chosen and Byrds","floor":26,"turns":4},{"damage":10,"enemies":"downfall:FleeingMerchant","floor":27,"turns":4},{"damage":18,"enemies":"Book of Stabbing","floor":31,"turns":3},{"damage":30,"enemies":"Cultist and Chosen","floor":32,"turns":4},{"damage":85,"enemies":"DF_ARCHETYPE_CLAW","floor":33,"turns":5}],"seed_played":"-3587567603059834280","potions_obtained":[{"floor":2,"key":"Swift Potion"},{"floor":9,"key":"EssenceOfSteel"},{"floor":13,"key":"SteroidPotion"},{"floor":16,"key":"champ:OpenerPotion"},{"floor":22,"key":"champ:UltimateStancePotion"},{"floor":23,"key":"Fire Potion"}],"is_trial":false,"path_per_floor":["R","M","?","?","M","M","T","?","E","M","R","$","M","?","M","B",null,"R","M","M","M","M","E","T","M","M","$","R","?","?","E","M","B"],"character_chosen":"THE_CHAMP","items_purchased":["Apotheosis","HandDrill"],"campfire_rested":1,"item_purchase_floors":[27,27],"current_hp_per_floor":[99,91,64,57,57,51,51,51,36,29,71,69,69,42,41,26,109,109,109,102,81,72,74,74,63,65,67,67,67,67,54,44,0,0,0],"gold":59,"neow_bonus":"TEN_PERCENT_HP_BONUS","is_daily":false,"chose_seed":false,"campfire_upgraded":2,"win_rate":0.0,"timestamp":1612805608,"path_taken":["R","M","?","?","M","M","T","?","E","M","R","$","M","?","M","BOSS","R","M","M","M","M","E","T","M","M","$","R","?","?","E","M","BOSS"],"items_purchased_type":["Card","Relic"],"build_version":"2020-12-22","purchased_purges":1,"victory":false,"max_hp_per_floor":[99,99,99,99,99,99,99,99,99,99,109,109,109,109,109,109,109,109,109,109,109,109,109,109,109,109,109,109,109,109,109,109,109,109,109],"card_choices":[{"not_picked":["champ:FlashCut","champ:Haymaker"],"picked":"champ:StanceDance","floor":2},{"not_picked":["champ:StanceDance","champ:EnGarde"],"picked":"champ:GutPunch","floor":5},{"not_picked":["champ:Backstep","champ:TornadoPunch"],"picked":"champ:PreciseThrust","floor":6},{"not_picked":["champ:HoldFirm","champ:Devastate"],"picked":"champ:Shatter","floor":9},{"not_picked":["champ:StanceDance","champ:DefensiveShout"],"picked":"champ:RecklessLeap","floor":10},{"not_picked":["champ:FancyFootwork","champ:PreciseThrust"],"picked":"champ:BringItOn","floor":12},{"not_picked":["champ:DancingMaster","champ:RecklessLeap"],"picked":"champ:CrownThrow","floor":13},{"not_picked":["champ:StanceDance","champ:FancyFootwork"],"picked":"champ:DefensiveShout","floor":14},{"not_picked":["champ:EnGarde","champ:Haymaker"],"picked":"champ:EndlessRage","floor":15},{"not_picked":["champ:MurderStrike","champ:GladiatorForm"],"picked":"champ:TripleStrike","floor":16},{"not_picked":["champ:Parry"],"picked":"SKIP","floor":19},{"not_picked":["champ:GutPunch"],"picked":"SKIP","floor":20},{"not_picked":["champ:GutPunch"],"picked":"SKIP","floor":21},{"not_picked":[],"picked":"champ:BladeFlurry","floor":22},{"not_picked":[],"picked":"champ:FanOfKnives+1","floor":23},{"not_picked":[],"picked":"champ:EnragedBash","floor":25},{"not_picked":[],"picked":"champ:DeathBlow","floor":26},{"not_picked":["champ:Circumvent"],"picked":"SKIP","floor":27},{"not_picked":[],"picked":"champ:FanOfKnives","floor":31},{"not_picked":["champ:PreemptiveStrike"],"picked":"SKIP","floor":32}],"player_experience":116254,"relics_obtained":[{"floor":9,"key":"Torii"},{"floor":14,"key":"WristBlade"},{"floor":23,"key":"champ:DefensiveTrainingManual"},{"floor":24,"key":"Mercury Hourglass"},{"floor":31,"key":"Ginger"}],"event_choices":[{"damage_healed":0,"gold_gain":0,"player_choice":"Success","damage_taken":7,"relics_obtained":["Bird Faced Urn"],"max_hp_gain":0,"max_hp_loss":0,"event_name":"Scrap Ooze","floor":4,"gold_loss":0}],"is_beta":false,"boss_relics":[{"not_picked":["Tiny House","Empty Cage"],"picked":"Busted Crown"}],"items_purged_floors":[27],"is_endless":false,"potions_floor_spawned":[2,9,13,16,22,23,26,31],"killed_by":"DF_ARCHETYPE_CLAW","ascension_level":0}}