{"host":"i2ntsfwoh5q5m216","time":1612744785,"event":{"mods":["BaseMod","Colored Map","Downfall","Minty Spire (QoL Compilation)","StSLib"],"gold_per_floor":[114,189,128,139,22,56,56,88,114,146,146,161,172,187,187,283,283,302,319,225,245,261,261,261,296,343,343,375,391,391,401,401,506,506,522,540,540,540,99,99,111,111,111,127,32,51,86,101,101,101],"floor_reached":51,"language":"ENG","playtime":2041,"items_purged":[],"score":955,"play_id":"b60b2eeb-fd16-423c-bd0a-eeb154d74d55","local_time":"20210207183945","is_ascension_mode":true,"campfire_choices":[{"data":"Blade Dance","floor":7,"key":"SMITH"},{"data":"Caltrops","floor":11,"key":"SMITH"},{"floor":15,"key":"REST"},{"floor":23,"key":"REST"},{"data":"Envenom","floor":27,"key":"SMITH"},{"floor":30,"key":"REST"},{"data":"Noxious Fumes","floor":32,"key":"SMITH"},{"data":"Mayhem","floor":40,"key":"SMITH"},{"data":"After Image","floor":42,"key":"SMITH"},{"data":"Catalyst","floor":49,"key":"SMITH"}],"circlet_count":0,"master_deck":["Strike_G","Strike_G","Strike_G","Strike_G","Strike_G","Defend_G","Defend_G","Defend_G","Defend_G","Defend_G","Survivor","Neutralize","Reflex","Blade Dance+1","Dagger Throw","Venomology","Dagger Throw","Caltrops+1","Blade Dance","Envenom+1","Noxious Fumes+1","Die Die Die","Catalyst+1","PiercingWail","Finesse","Acrobatics","Ghostly","Ghostly","Ghostly","Ghostly","Ghostly","Deadly Poison+1","After Image+1","Poisoned Stab","Mayhem+1","Deadly Poison","Parasite","Panacea"],"relics":["Ring of the Serpent","NeowsBlessing","MealTicket","Ninja Scroll","Gremlin Horn","Ancient Tea Set","Juzu Bracelet","Black Star","FossilizedHelix","Pear","Centennial Puzzle","HornCleat","Singing Bowl","Medical Kit","Blue Candle","Sundial","Mummified Hand","Blood Vial"],"acts_visited":["Exordium","TheCity","TheBeyond"],"potions_floor_usage":[8,16,18,19,21,21,21,21,22,25,28,28,29,31,31,33,36,41,44,47,50,50,50,50],"damage_taken":[{"damage":0,"enemies":"Cultist","floor":1,"turns":1},{"damage":0,"enemies":"Jaw Worm","floor":4,"turns":1},{"damage":0,"enemies":"3 Sentries","floor":6,"turns":1},{"damage":10,"enemies":"Gremlin Nob","floor":8,"turns":3},{"damage":17,"enemies":"3 Sentries","floor":10,"turns":7},{"damage":0,"enemies":"Small Slimes","floor":12,"turns":1},{"damage":7,"enemies":"Looter","floor":13,"turns":3},{"damage":7,"enemies":"Exordium Thugs","floor":14,"turns":4},{"damage":14,"enemies":"The Guardian","floor":16,"turns":9},{"damage":40,"enemies":"2 Thieves","floor":18,"turns":5},{"damage":2,"enemies":"Spheric Guardian","floor":19,"turns":3},{"damage":17,"enemies":"Snecko","floor":21,"turns":5},{"damage":17,"enemies":"3 Cultists","floor":22,"turns":5},{"damage":8,"enemies":"Slavers","floor":25,"turns":7},{"damage":0,"enemies":"Gremlin Leader","floor":28,"turns":7},{"damage":15,"enemies":"Sentry and Sphere","floor":29,"turns":8},{"damage":0,"enemies":"Snake Plant","floor":31,"turns":5},{"damage":0,"enemies":"Automaton","floor":33,"turns":8},{"damage":7,"enemies":"Orb Walker","floor":35,"turns":5},{"damage":0,"enemies":"3 Shapes","floor":36,"turns":6},{"damage":0,"enemies":"Writhing Mass","floor":41,"turns":9},{"damage":0,"enemies":"3 Darklings","floor":44,"turns":5},{"damage":0,"enemies":"Transient","floor":46,"turns":5},{"damage":0,"enemies":"Reptomancer","floor":47,"turns":9},{"damage":10,"enemies":"4 Shapes","floor":48,"turns":5},{"damage":14,"enemies":"Donu and Deca","floor":50,"turns":10}],"seed_played":"676794406615238570","potions_obtained":[{"floor":6,"key":"Swift Potion"},{"floor":12,"key":"GamblersBrew"},{"floor":16,"key":"EssenceOfSteel"},{"floor":25,"key":"LiquidMemories"},{"floor":29,"key":"DistilledChaos"},{"floor":44,"key":"EssenceOfSteel"},{"floor":47,"key":"SteroidPotion"}],"is_trial":false,"path_per_floor":["M","?","?","M","$","E","R","E","T","E","R","M","M","M","R","B",null,"M","M","$","M","M","R","?","E","T","R","E","M","R","M","R","B",null,"M","M","?","?","$","R","M","R","T","M","$","M","E","M","R","B",null],"character_chosen":"THE_SILENT","items_purchased":["Dagger Throw","Reflex","Finesse","Deadly Poison","Medical Kit","Blue Candle","Panacea"],"campfire_rested":3,"item_purchase_floors":[5,5,20,39,39,39,45],"current_hp_per_floor":[70,59,59,59,70,70,70,60,60,43,43,43,36,29,50,36,70,30,28,43,26,9,30,30,32,32,32,34,21,35,35,35,35,49,42,44,44,44,51,51,53,53,53,55,55,57,59,51,51,39],"gold":101,"neow_bonus":"THREE_ENEMY_KILL","is_daily":false,"chose_seed":false,"campfire_upgraded":7,"win_rate":0.0,"timestamp":1612744785,"path_taken":["M","?","?","?","?","E","R","E","T","E","R","M","M","M","R","BOSS","M","M","$","M","M","R","?","E","T","R","E","M","R","M","R","BOSS","M","M","?","?","$","R","M","R","T","M","$","M","E","M","R","BOSS"],"items_purchased_type":["Card","Card","Card","Card","Relic","Relic","Card"],"build_version":"2020-12-22","purchased_purges":0,"victory":true,"max_hp_per_floor":[70,70,70,70,70,70,70,70,70,70,70,70,70,70,70,70,70,70,70,70,70,70,70,35,45,45,45,47,49,49,49,49,49,49,49,51,51,51,51,51,53,53,53,55,55,57,59,61,61,61],"card_choices":[{"not_picked":["Quick Slash","Prepared"],"picked":"Reflex","floor":1},{"not_picked":["Flying Knee","Dagger Throw"],"picked":"Blade Dance","floor":4},{"not_picked":["Poisoned Stab","Flechettes"],"picked":"Venomology","floor":6},{"not_picked":["PiercingWail","Reflex"],"picked":"Dagger Throw","floor":8},{"not_picked":["Dagger Throw","Dodge and Roll"],"picked":"Caltrops","floor":10},{"not_picked":["Catalyst","Bane"],"picked":"Blade Dance","floor":12},{"not_picked":["Blade Dance","Expertise"],"picked":"Envenom","floor":13},{"not_picked":["Outmaneuver","Backflip"],"picked":"Noxious Fumes","floor":14},{"not_picked":["Bullet Time","Glass Knife"],"picked":"Die Die Die","floor":16},{"not_picked":["Crippling Poison+1","Outmaneuver"],"picked":"Catalyst","floor":18},{"not_picked":["Poisoned Stab","Masterful Stab"],"picked":"PiercingWail","floor":19},{"not_picked":["Deflect","Backflip"],"picked":"Acrobatics","floor":21},{"not_picked":["Dagger Throw","Flechettes","Quick Slash"],"picked":"SKIP","floor":22},{"not_picked":["Underhanded Strike","Endless Agony","Skewer"],"picked":"SKIP","floor":25},{"not_picked":["Flying Knee+1","Tools of the Trade","Bane"],"picked":"Singing Bowl","floor":28},{"not_picked":["Dodge and Roll","Caltrops","Expertise+1"],"picked":"Singing Bowl","floor":29},{"not_picked":["Flying Knee","Dodge and Roll"],"picked":"Deadly Poison+1","floor":31},{"not_picked":["Corpse Explosion","Night Terror"],"picked":"After Image","floor":33},{"not_picked":["Bane+1","Prepared"],"picked":"Poisoned Stab","floor":35},{"not_picked":["Deflect","Predator","Dodge and Roll+1"],"picked":"Singing Bowl","floor":36},{"not_picked":["The Bomb","Bandage Up"],"picked":"Mayhem","floor":38},{"not_picked":["Sucker Punch+1","Deflect+1","Distraction"],"picked":"Singing Bowl","floor":41},{"not_picked":["Reflex","Backflip","Quick Slash"],"picked":"Singing Bowl","floor":44},{"not_picked":["Backflip","Outmaneuver+1","Prepared"],"picked":"Singing Bowl","floor":46},{"not_picked":["Masterful Stab","After Image","Slice"],"picked":"Singing Bowl","floor":47},{"not_picked":["Leg Sweep","Blur+1","Dagger Spray+1"],"picked":"Singing Bowl","floor":48}],"player_experience":54963,"relics_obtained":[{"floor":6,"key":"Ninja Scroll"},{"floor":8,"key":"Gremlin Horn"},{"floor":9,"key":"Ancient Tea Set"},{"floor":10,"key":"Juzu Bracelet"},{"floor":25,"key":"FossilizedHelix"},{"floor":25,"key":"Pear"},{"floor":26,"key":"Centennial Puzzle"},{"floor":28,"key":"HornCleat"},{"floor":28,"key":"Singing Bowl"},{"floor":43,"key":"Sundial"},{"floor":47,"key":"Mummified Hand"},{"floor":47,"key":"Blood Vial"}],"event_choices":[{"damage_healed":0,"gold_gain":75,"player_choice":"Gather Gold","damage_taken":11,"max_hp_gain":0,"max_hp_loss":0,"event_name":"World of Goop","floor":2,"gold_loss":0},{"damage_healed":0,"gold_gain":0,"player_choice":"Paid Gold","damage_taken":0,"relics_obtained":["MealTicket"],"max_hp_gain":0,"max_hp_loss":0,"event_name":"WeMeetAgain","floor":3,"gold_loss":61},{"damage_healed":0,"gold_gain":0,"player_choice":"Became a Ghost","damage_taken":0,"max_hp_gain":0,"max_hp_loss":35,"event_name":"Ghosts","floor":24,"gold_loss":0,"cards_obtained":["Ghostly","Ghostly","Ghostly","Ghostly","Ghostly"]},{"cards_removed":["Reflex"],"damage_healed":0,"gold_gain":0,"player_choice":"Removed Skill","damage_taken":0,"max_hp_gain":0,"max_hp_loss":0,"event_name":"Falling","floor":37,"gold_loss":0},{"damage_healed":0,"gold_gain":0,"player_choice":"Memory 1","damage_taken":0,"max_hp_gain":0,"max_hp_loss":0,"event_name":"SensoryStone","floor":38,"gold_loss":0}],"is_beta":false,"boss_relics":[{"not_picked":["bronze:MakeshiftBattery","Cursed Key"],"picked":"Black Star"},{"not_picked":["Runic Dome","Velvet Choker"],"picked":"Ring of the Serpent"}],"items_purged_floors":[],"is_endless":false,"potions_floor_spawned":[6,12,14,16,18,25,29,44,47,48],"ascension_level":1}}