{"host":"mo324zvkdr1xwprd","time":1612797588,"event":{"mods":["BaseMod","Better Note","BetterRewards","Hermit","Highlight Path","Hubris","Minty Spire (QoL Compilation)","Quick Restart","Rare Cards Sparkle","Shop Mod","StSLib","The Cursed","The Hierophant"],"gold_per_floor":[116,30,44,60,77,77,152,162,162,162,190,19,34,60,60,165,165,177,192,217,235,255,290,290,308,380,393,408,421,434,467,467,564,564,575,622,622,635,353,384,397,417,465,499,511,511,511,523,523,523,523,523,30,62,62,62],"floor_reached":55,"language":"ENG","playtime":3860,"items_purged":[],"score":1181,"play_id":"97301dc4-d814-469f-b32b-bc5d62a3ea07","local_time":"20210208151948","is_ascension_mode":true,"campfire_choices":[{"floor":6.0,"key":"RECALL"},{"floor":15.0,"key":"REST"},{"floor":24.0,"key":"REST"},{"floor":32.0,"key":"REST"},{"floor":47,"key":"REST"},{"floor":49,"key":"REST"},{"floor":52,"key":"REST"}],"circlet_count":0,"master_deck":["Strike_R+1","Strike_R","Strike_R","Strike_R","Strike_R","Defend_R","Defend_R","Defend_R","Defend_R","Bash","Pommel Strike","Anger","Dramatic Entrance","Metallicize","Thunderclap","Anger","Dark Embrace","hubris:ReadiedAction","Thunderclap","Intimidate","Armaments","Shrug It Off","Iron Wave","Iron Wave+1","Dual Wield","Cleave","Perfected Strike","Sword Boomerang+1","Perfected Strike","Armaments","Seeing Red","Ghostly Armor","Whirlwind","Shockwave+1","Exhume","Infernal Blade+1","Heavy Blade","Limit Break","Blood for Blood","Sever Soul+1","Madness","Madness","Pummel","Flame Barrier","Intimidate","Cleave","Pommel Strike","Rage","Ghostly Armor+1","Battle Trance+1","hubris:DuctTapeCard","Thunderclap+1","Heavy Blade+1","Swift Strike","Carnage","Perfected Strike","Fiend Fire","Headbutt","Reckless Charge","Infernal Blade+1"],"relics":["Burning Blood","Lee\u0027s Waffle","Unceasing Top","Mercury Hourglass","Matryoshka","Sling","hubris:SlimyHat","Fusion Hammer","Red Mask","Bag of Marbles","hubris:SphereOfDissonance","hubris:PeanutButter","hubris:DuctTape","hubris:Stopwatch","Bird Faced Urn","StoneCalendar","hubris:CrystalStatue","Whetstone","The Courier","Strawberry"],"acts_visited":["Exordium","TheCity","TheBeyond","TheEnding"],"potions_floor_usage":[44,50,50,50,54,55,55],"damage_taken":[{"damage":6.0,"enemies":"Cultist","floor":1.0,"turns":3.0},{"damage":4.0,"enemies":"Jaw Worm","floor":3.0,"turns":3.0},{"damage":5.0,"enemies":"Small Slimes","floor":4.0,"turns":2.0},{"damage":13.0,"enemies":"Blue Slaver","floor":5.0,"turns":4.0},{"damage":10.0,"enemies":"3 Louse","floor":8.0,"turns":3.0},{"damage":28.0,"enemies":"Gremlin Nob","floor":11.0,"turns":4.0},{"damage":3.0,"enemies":"Looter","floor":13.0,"turns":2.0},{"damage":17.0,"enemies":"Lagavulin","floor":14.0,"turns":4.0},{"damage":23.0,"enemies":"Slime Boss","floor":16.0,"turns":9.0},{"damage":2.0,"enemies":"Chosen","floor":18.0,"turns":3.0},{"damage":0.0,"enemies":"2 Thieves","floor":19.0,"turns":1.0},{"damage":7.0,"enemies":"Masked Bandits","floor":20.0,"turns":3.0},{"damage":18.0,"enemies":"Chosen and Byrds","floor":21.0,"turns":5.0},{"damage":8.0,"enemies":"Snecko","floor":22.0,"turns":4.0},{"damage":24.0,"enemies":"Gremlin Leader","floor":23.0,"turns":5.0},{"damage":11.0,"enemies":"Centurion and Healer","floor":25.0,"turns":2.0},{"damage":0.0,"enemies":"Cultist and Chosen","floor":27.0,"turns":3.0},{"damage":18.0,"enemies":"Shelled Parasite and Fungi","floor":28.0,"turns":4.0},{"damage":0.0,"enemies":"Snake Plant","floor":29.0,"turns":2.0},{"damage":0.0,"enemies":"Centurion and Healer","floor":30.0,"turns":1.0},{"damage":0.0,"enemies":"Slavers","floor":31.0,"turns":1.0},{"damage":56.0,"enemies":"Collector","floor":33.0,"turns":8.0},{"damage":4.0,"enemies":"3 Shapes","floor":35.0,"turns":1.0},{"damage":13.0,"enemies":"2 Orb Walkers","floor":36.0,"turns":4.0},{"damage":0.0,"enemies":"Orb Walker","floor":38.0,"turns":3.0},{"damage":12.0,"enemies":"Reptomancer","floor":40.0,"turns":4.0},{"damage":0.0,"enemies":"3 Darklings","floor":41.0,"turns":5.0},{"damage":27.0,"enemies":"Transient","floor":42.0,"turns":6.0},{"damage":8,"enemies":"Nemesis","floor":44,"turns":5},{"damage":3,"enemies":"Maw","floor":45,"turns":7},{"damage":7,"enemies":"Jaw Worm Horde","floor":48,"turns":3},{"damage":82,"enemies":"Awakened One","floor":50,"turns":11},{"damage":13,"enemies":"Shield and Spear","floor":54,"turns":3},{"damage":91,"enemies":"The Heart","floor":55,"turns":8}],"seed_played":"1029588210805253201","potions_obtained":[{"floor":4.0,"key":"EssenceOfSteel"},{"floor":8.0,"key":"PowerPotion"},{"floor":11.0,"key":"DistilledChaos"},{"floor":14.0,"key":"SteroidPotion"},{"floor":18.0,"key":"Block Potion"},{"floor":19.0,"key":"LiquidMemories"},{"floor":25.0,"key":"ElixirPotion"},{"floor":28.0,"key":"Swift Potion"},{"floor":29.0,"key":"DistilledChaos"},{"floor":31.0,"key":"SteroidPotion"},{"floor":38.0,"key":"Fire Potion"},{"floor":41.0,"key":"SneckoOil"},{"floor":45,"key":"Fire Potion"},{"floor":46,"key":"DuplicationPotion"},{"floor":46,"key":"LiquidMemories"},{"floor":48,"key":"ColorlessPotion"}],"is_trial":false,"path_per_floor":["M","$","M","M","M","R","?","M","T","T","E","$","M","E","R","B",null,"M","M","?","M","M","E","R","M","T","M","M","M","M","E","R","B",null,"M","?","?","M","$","E","M","M","T","E","M","?","R","M","R","B",null,"R","$","E","B"],"character_chosen":"IRONCLAD","items_purchased":["Lee\u0027s Waffle","Pommel Strike","Anger","Flex","Dramatic Entrance","Metallicize","Anger","Dark Embrace","Sling","Iron Wave","Flame Barrier","Strength Potion","Intimidate","Cleave","Pommel Strike","LiquidMemories","Dexterity Potion","FearPotion","Swift Strike","Carnage","Perfected Strike","Fiend Fire","Headbutt","Reckless Charge"],"campfire_rested":6,"item_purchase_floors":[0,0,0,0,0,0,2,2,12,12,39,39,39,39,39,53,53,53,53,53,53,53,53,53],"current_hp_per_floor":[87,87,87,87,80,80,69,65,65,65,43,43,46,35,61,44,87,87,87,86,74,72,54,80,75,75,81,69,75,81,87,87,37,87,87,80,69,75,75,69,75,56,56,54,57,57,83,82,87,15,87,87,87,87,0,0],"gold":62,"neow_bonus":"","is_daily":false,"chose_seed":false,"campfire_upgraded":0,"win_rate":0.0,"timestamp":1612797588,"path_taken":["M","?","M","M","M","R","?","M","T","?","E","$","M","E","R","BOSS","M","M","?","M","M","E","R","M","T","M","M","M","M","E","R","BOSS","M","?","?","M","$","E","M","M","T","E","M","?","R","M","R","BOSS","R","$","E","BOSS"],"items_purchased_type":["Relic","Card","Card","Card","Card","Card","Card","Card","Relic","Card","Card","Potion","Card","Card","Card","Potion","Potion","Potion","Card","Card","Card","Card","Card","Card"],"build_version":"2020-12-22","purchased_purges":0,"victory":false,"max_hp_per_floor":[87,87,87,87,87,87,87,87,87,87,87,87,87,87,87,87,87,87,87,87,87,87,87,87,87,87,87,87,87,87,87,87,87,87,87,87,87,87,87,87,87,87,87,87,87,87,87,87,87,87,87,87,87,94,94,94],"card_choices":[{"not_picked":["Wild Strike","Twin Strike"],"picked":"Thunderclap","floor":1.0},{"not_picked":["Armaments","Burning Pact"],"picked":"hubris:ReadiedAction","floor":3.0},{"not_picked":["Body Slam","Wild Strike"],"picked":"Thunderclap","floor":4.0},{"not_picked":["Clothesline","Havoc"],"picked":"Intimidate","floor":5.0},{"not_picked":["Thunderclap","Feel No Pain"],"picked":"Armaments","floor":8.0},{"not_picked":["Offering","Second Wind"],"picked":"Shrug It Off","floor":11.0},{"not_picked":["Twin Strike","Heavy Blade"],"picked":"Iron Wave","floor":13.0},{"not_picked":["Sentinel","Searing Blow"],"picked":"Dual Wield","floor":14.0},{"not_picked":["Berserk","Immolate"],"picked":"Limit Break","floor":16.0},{"not_picked":["Flex+1","Havoc"],"picked":"Cleave","floor":18.0},{"not_picked":["Bloodletting","Shrug It Off"],"picked":"Perfected Strike","floor":19.0},{"not_picked":["Headbutt","Wild Strike"],"picked":"Sword Boomerang+1","floor":20.0},{"not_picked":["Thunderclap","True Grit"],"picked":"Perfected Strike","floor":21.0},{"not_picked":["Wild Strike","Reckless Charge"],"picked":"Armaments","floor":22.0},{"not_picked":["Intimidate","hubris:CleavingFinish"],"picked":"Seeing Red","floor":23.0},{"not_picked":["Wild Strike+1","Second Wind"],"picked":"Ghostly Armor","floor":25.0},{"not_picked":["Clothesline","Evolve"],"picked":"Whirlwind","floor":27.0},{"not_picked":["Dropkick","Perfected Strike"],"picked":"Shockwave+1","floor":28.0},{"not_picked":["Clash","Whirlwind"],"picked":"Exhume","floor":29.0},{"not_picked":["Havoc","Feel No Pain"],"picked":"Infernal Blade+1","floor":30.0},{"not_picked":["Flex","hubris:ReadiedAction"],"picked":"Heavy Blade","floor":31.0},{"not_picked":["Berserk","hubris:StunningStrike"],"picked":"Limit Break","floor":33.0},{"not_picked":["Body Slam","hubris:ReadiedAction+1"],"picked":"Blood for Blood","floor":35.0},{"not_picked":["Reckless Charge","Dual Wield"],"picked":"Sever Soul+1","floor":36.0},{"not_picked":["Feel No Pain","Searing Blow"],"picked":"Pummel","floor":38.0},{"not_picked":["Sentinel","Battle Trance"],"picked":"Rage","floor":40.0},{"not_picked":["Rupture+1","Clash+1"],"picked":"Ghostly Armor+1","floor":41.0},{"not_picked":["Warcry","hubris:ReadiedAction"],"picked":"Battle Trance+1","floor":42.0},{"not_picked":["Second Wind","Dark Embrace+1","Battle Trance"],"picked":"SKIP","floor":44},{"not_picked":["Heavy Blade+1","Warcry+1"],"picked":"Thunderclap+1","floor":45},{"not_picked":["Rupture","Rage"],"picked":"Heavy Blade+1","floor":48},{"not_picked":["Exhume","Clash+1"],"picked":"Infernal Blade+1","floor":54}],"player_experience":542220,"relics_obtained":[{"floor":9.0,"key":"Mercury Hourglass"},{"floor":11.0,"key":"Matryoshka"},{"floor":14.0,"key":"hubris:SlimyHat"},{"floor":20.0,"key":"Red Mask"},{"floor":23.0,"key":"Bag of Marbles"},{"floor":26.0,"key":"hubris:SphereOfDissonance"},{"floor":26.0,"key":"hubris:PeanutButter"},{"floor":31.0,"key":"hubris:DuctTape"},{"floor":36.0,"key":"Bird Faced Urn"},{"floor":40.0,"key":"StoneCalendar"},{"floor":43.0,"key":"hubris:CrystalStatue"},{"floor":43.0,"key":"Whetstone"},{"floor":44,"key":"The Courier"},{"floor":54,"key":"Strawberry"}],"event_choices":[{"damage_healed":0.0,"max_hp_gain":0.0,"max_hp_loss":0.0,"gold_gain":75.0,"event_name":"World of Goop","player_choice":"Gather Gold","floor":7.0,"gold_loss":0.0,"damage_taken":11.0},{"damage_healed":0.0,"max_hp_gain":0.0,"max_hp_loss":0.0,"gold_gain":0.0,"event_name":"Masked Bandits","player_choice":"Fought Bandits","floor":20.0,"gold_loss":0.0,"damage_taken":0.0},{"damage_healed":0.0,"max_hp_gain":0.0,"max_hp_loss":0.0,"gold_gain":0.0,"event_name":"Mysterious Sphere","player_choice":"Fight","floor":36.0,"gold_loss":0.0,"damage_taken":0.0},{"damage_healed":0.0,"max_hp_gain":0.0,"max_hp_loss":0.0,"gold_gain":0.0,"event_name":"Winding Halls","player_choice":"Embrace Madness","floor":37.0,"gold_loss":0.0,"damage_taken":11.0,"cards_obtained":["Madness","Madness"]},{"damage_healed":0,"gold_gain":0,"player_choice":"Got Potions","damage_taken":0,"max_hp_gain":0,"max_hp_loss":0,"event_name":"Lab","floor":46,"gold_loss":0}],"is_beta":false,"boss_relics":[{"not_picked":["hubris:RunicObelisk","Snecko Eye"],"picked":"Fusion Hammer"},{"not_picked":["hubris:ScarierMask","hubris:BlackHole"],"picked":"hubris:Stopwatch"}],"items_purged_floors":[],"is_endless":false,"potions_floor_spawned":[4,8,11,14,18,19,25,28,29,31,38,41,45,48],"killed_by":"The Heart","ascension_level":3}}