{"host":"vyjryxuuuxkt43k4","time":1612785338,"event":{"mods":["AchievementEnabler","BaseMod","Colored Map","DeckTracker","Keyboard Shortcuts","Minty Spire (QoL Compilation)","Permanent Neow","Quick Restart","StSLib","SuperFastMode","everything is the same but u backflip on backflip"],"gold_per_floor":[418,428,35,35,35,62,81,81,126,126,141,141,153,188,188,262,262,281,281,206,256,233,233,233,233],"floor_reached":24,"language":"KOR","playtime":1335,"items_purged":["Strike_G"],"score":458,"play_id":"c630aa3a-9433-4cfc-8947-0d0ecd755711","local_time":"20210208205538","is_ascension_mode":true,"campfire_choices":[{"data":"Bouncing Flask","floor":8.0,"key":"SMITH"},{"floor":10.0,"key":"REST"},{"data":"Footwork","floor":12.0,"key":"SMITH"},{"data":"Flechettes","floor":15.0,"key":"SMITH"},{"floor":23,"key":"REST"}],"circlet_count":0,"master_deck":["AscendersBane","Strike_G","Strike_G","Defend_G","Defend_G","Defend_G","Defend_G","Defend_G","Survivor","Neutralize","Dodge and Roll","Bouncing Flask+1","Footwork+1","Flechettes+1","Terror","Leg Sweep","Well Laid Plans","Night Terror","Escape Plan"],"relics":["Ring of the Snake","Old Coin","Pen Nib","Medical Kit","Akabeko","Orichalcum","Dream Catcher","Runic Pyramid"],"acts_visited":["Exordium","TheCity"],"potions_floor_usage":[24],"damage_taken":[{"damage":7.0,"enemies":"Small Slimes","floor":1.0,"turns":6.0},{"damage":20.0,"enemies":"Cultist","floor":2.0,"turns":6.0},{"damage":13.0,"enemies":"Gremlin Nob","floor":6.0,"turns":4.0},{"damage":0.0,"enemies":"Jaw Worm","floor":7.0,"turns":4.0},{"damage":2.0,"enemies":"3 Louse","floor":11.0,"turns":5.0},{"damage":3.0,"enemies":"Blue Slaver","floor":13.0,"turns":3.0},{"damage":0.0,"enemies":"Lagavulin","floor":14.0,"turns":7.0},{"damage":14.0,"enemies":"The Guardian","floor":16.0,"turns":10.0},{"damage":8.0,"enemies":"3 Byrds","floor":18.0,"turns":5.0},{"damage":16,"enemies":"2 Thieves","floor":22,"turns":4},{"damage":34,"enemies":"Slavers","floor":24,"turns":3}],"seed_played":"-2904128161086581758","potions_obtained":[{"floor":2.0,"key":"Poison Potion"},{"floor":13.0,"key":"Explosive Potion"},{"floor":16.0,"key":"Explosive Potion"},{"floor":18.0,"key":"SteroidPotion"},{"floor":22,"key":"SkillPotion"}],"is_trial":false,"path_per_floor":["M","M","$","?","$","E","M","R","T","R","M","R","M","E","R","B",null,"M","?","?","?","M","R","E"],"character_chosen":"THE_SILENT","items_purchased":["Pen Nib","Medical Kit"],"campfire_rested":2,"item_purchase_floors":[3,3],"current_hp_per_floor":[52,32,32,32,32,19,19,19,19,37,35,35,32,32,32,18,50,42,26,26,20,4,23,0,0],"gold":233,"neow_bonus":"ONE_RARE_RELIC","is_daily":false,"chose_seed":false,"campfire_upgraded":3,"win_rate":0.0,"timestamp":1612785338,"path_taken":["M","M","$","?","?","E","M","R","T","R","M","R","?","E","R","BOSS","M","?","?","?","M","R","E"],"items_purchased_type":["Relic","Relic"],"build_version":"2020-12-22","purchased_purges":1,"victory":false,"max_hp_per_floor":[60,60,60,60,60,60,60,60,60,60,60,60,60,60,60,60,60,60,65,65,65,65,65,65,65],"card_choices":[{"not_picked":["Acrobatics","Sucker Punch"],"picked":"Dodge and Roll","floor":1.0},{"not_picked":["Footwork","Prepared"],"picked":"Bouncing Flask","floor":2.0},{"not_picked":["Deflect","Dodge and Roll","Outmaneuver"],"picked":"SKIP","floor":6.0},{"not_picked":["Unload","Acrobatics"],"picked":"Flechettes","floor":7.0},{"not_picked":["Bane","Quick Slash"],"picked":"Terror","floor":11.0},{"not_picked":["Sucker Punch","Endless Agony"],"picked":"Leg Sweep","floor":13.0},{"not_picked":["Concentrate","Setup"],"picked":"Well Laid Plans","floor":14.0},{"not_picked":["Venomology","Bullet Time"],"picked":"Night Terror","floor":16.0},{"not_picked":["Predator","Outmaneuver"],"picked":"Escape Plan","floor":18.0},{"not_picked":["Dash","Flechettes","Dagger Throw"],"picked":"SKIP","floor":22}],"player_experience":843820,"relics_obtained":[{"floor":6.0,"key":"Akabeko"},{"floor":9.0,"key":"Orichalcum"},{"floor":14.0,"key":"Dream Catcher"}],"event_choices":[{"damage_healed":0.0,"max_hp_gain":0.0,"max_hp_loss":0.0,"gold_gain":0.0,"cards_transformed":["Strike_G"],"event_name":"Transmorgrifier","player_choice":"Transformed","floor":4.0,"gold_loss":0.0,"damage_taken":0.0,"cards_obtained":["Footwork"]},{"damage_healed":0.0,"max_hp_gain":5.0,"max_hp_loss":0.0,"gold_gain":0.0,"event_name":"Forgotten Altar","player_choice":"Shed Blood","floor":19.0,"gold_loss":0.0,"damage_taken":21.0},{"cards_removed":["Strike_G"],"damage_healed":0.0,"max_hp_gain":0.0,"max_hp_loss":0.0,"gold_gain":0.0,"event_name":"Beggar","player_choice":"Gave Gold","floor":20.0,"gold_loss":75.0,"damage_taken":0.0},{"damage_healed":0,"gold_gain":50,"player_choice":"Touch","damage_taken":6,"max_hp_gain":0,"max_hp_loss":0,"event_name":"FaceTrader","floor":21,"gold_loss":0}],"is_beta":false,"boss_relics":[{"not_picked":["Calling Bell","SacredBark"],"picked":"Runic Pyramid"}],"items_purged_floors":[3],"is_endless":false,"potions_floor_spawned":[2,13,16,18,22],"killed_by":"Slavers","ascension_level":20}}