{"host":"rolltorest","time":1612827960,"event":{"mods":["BaseMod","Minty Spire (QoL Compilation)","Relic Stats","Slay the Relics Exporter","StSLib"],"gold_per_floor":[117,117,133,146,146,146,160,160,185,216,33,44,56,84,84,84,84],"floor_reached":16,"language":"ENG","playtime":296,"items_purged":[],"score":204,"play_id":"16063156-36fd-4734-806d-7b5133b67ccb","local_time":"20210208154600","is_ascension_mode":true,"campfire_choices":[{"floor":6,"key":"DIG"},{"data":"Dagger Spray","floor":8,"key":"SMITH"},{"floor":15,"key":"DIG"}],"circlet_count":0,"master_deck":["AscendersBane","Strike_G+1","Strike_G","Strike_G","Strike_G","Strike_G","Defend_G","Defend_G","Defend_G","Defend_G","Defend_G","Survivor","Neutralize+1","Dagger Spray+1","Terror","Quick Slash","Leg Sweep","Bullet Time","Poisoned Stab","Poisoned Stab"],"relics":["Ring of the Snake","Shovel","Pen Nib","GremlinMask","Art of War","Ancient Tea Set","MawBank","Whetstone","Odd Mushroom","Toy Ornithopter"],"acts_visited":["Exordium"],"potions_floor_usage":[10,14,14],"damage_taken":[{"damage":0,"enemies":"Cultist","floor":1,"turns":4},{"damage":0,"enemies":"2 Louse","floor":3,"turns":2},{"damage":1,"enemies":"Small Slimes","floor":4,"turns":3},{"damage":2,"enemies":"Looter","floor":7,"turns":4},{"damage":39,"enemies":"Gremlin Nob","floor":10,"turns":4},{"damage":0,"enemies":"3 Louse","floor":12,"turns":2},{"damage":5,"enemies":"2 Fungi Beasts","floor":13,"turns":4},{"damage":4,"enemies":"The Mushroom Lair","floor":14,"turns":4},{"damage":0,"enemies":"Slime Boss","floor":16,"turns":3}],"seed_played":"-8379469260312145058","potions_obtained":[{"floor":1,"key":"SteroidPotion"},{"floor":3,"key":"SkillPotion"},{"floor":10,"key":"ColorlessPotion"}],"is_trial":false,"path_per_floor":["M","?","M","M","?","R","M","R","T","E","$","M","M","?","R","B"],"character_chosen":"THE_SILENT","items_purchased":["Leg Sweep","Whetstone"],"campfire_rested":0,"item_purchase_floors":[11,11],"current_hp_per_floor":[59,54,54,53,53,53,51,51,51,12,12,12,7,3,3,3,3],"gold":84,"neow_bonus":"ONE_RARE_RELIC","is_daily":false,"chose_seed":false,"campfire_upgraded":1,"win_rate":0.0,"timestamp":1612827960,"path_taken":["M","?","M","M","?","R","?","R","T","E","?","?","M","?","R","BOSS"],"items_purchased_type":["Card","Relic"],"build_version":"2020-12-18","purchased_purges":0,"victory":false,"max_hp_per_floor":[60,60,60,60,60,60,60,60,60,60,60,60,60,60,60,60,60],"relic_stats":{"Shovel":2,"counters":[9,30],"Pen Nib":[5],"Art of War":[2],"Whetstone":["Neutralize","Strike_G"],"MawBank":12,"obtain_stats":[{"Shovel":0,"GremlinMask":5,"Pen Nib":2,"Art of War":6,"Whetstone":11,"Odd Mushroom":14,"Ancient Tea Set":9,"MawBank":10,"Toy Ornithopter":15,"Ring of the Snake":0},{"Shovel":0,"GremlinMask":3,"Pen Nib":1,"Art of War":3,"Whetstone":5,"Odd Mushroom":8,"Ancient Tea Set":4,"MawBank":5,"Toy Ornithopter":8,"Ring of the Snake":0},{"Shovel":0,"GremlinMask":9,"Pen Nib":4,"Art of War":9,"Whetstone":17,"Odd Mushroom":27,"Ancient Tea Set":13,"MawBank":17,"Toy Ornithopter":27,"Ring of the Snake":0}],"Toy Ornithopter":0,"Ring of the Snake":[18]},"card_choices":[{"not_picked":["Accuracy","Flying Knee"],"picked":"Dagger Spray","floor":1},{"not_picked":["Prepared","Blur","Outmaneuver"],"picked":"SKIP","floor":3},{"not_picked":["Bane","Blur"],"picked":"Terror","floor":4},{"not_picked":["Dagger Throw","Outmaneuver","All Out Attack"],"picked":"SKIP","floor":7},{"not_picked":["Slice","Expertise"],"picked":"Quick Slash","floor":10},{"not_picked":["Endless Agony","Cloak And Dagger"],"picked":"Bullet Time","floor":12},{"not_picked":["Quick Slash","Caltrops"],"picked":"Poisoned Stab","floor":13},{"not_picked":["Blur","Distraction"],"picked":"Poisoned Stab","floor":14}],"player_experience":1923907,"relics_obtained":[{"floor":6,"key":"Art of War"},{"floor":9,"key":"Ancient Tea Set"},{"floor":10,"key":"MawBank"},{"floor":14,"key":"Odd Mushroom"},{"floor":15,"key":"Toy Ornithopter"}],"event_choices":[{"damage_healed":0,"gold_gain":0,"player_choice":"Success","damage_taken":5,"relics_obtained":["Pen Nib"],"max_hp_gain":0,"max_hp_loss":0,"event_name":"Scrap Ooze","floor":2,"gold_loss":0},{"damage_healed":0,"gold_gain":0,"player_choice":"Trade","damage_taken":0,"relics_obtained":["GremlinMask"],"max_hp_gain":0,"max_hp_loss":0,"event_name":"FaceTrader","floor":5,"gold_loss":0},{"damage_healed":0,"gold_gain":0,"player_choice":"Fought Mushrooms","damage_taken":0,"max_hp_gain":0,"max_hp_loss":0,"event_name":"Mushrooms","floor":14,"gold_loss":0}],"is_beta":true,"boss_relics":[],"items_purged_floors":[],"is_endless":false,"potions_floor_spawned":[1,3,10],"killed_by":"Slime Boss","ascension_level":20}}