{"host":"r4aerl4ckfvw1dw3","time":1612822156,"event":{"mods":["BaseMod","BetterRewards","Minty Spire (QoL Compilation)","Quick Restart","StSLib"],"gold_per_floor":[110,126,126,137,212,240,260,260,308,308,308,323,273,286,286,387,387,401,414,106,117,134,134,159,159,159,159,159],"floor_reached":27,"language":"ENG","playtime":2947,"items_purged":["Strike_G"],"score":353,"play_id":"74e9c09d-5009-4577-bf70-d8efbbd7dee6","local_time":"20210208140916","is_ascension_mode":true,"campfire_choices":[{"floor":8,"key":"REST"},{"data":"Dagger Spray","floor":10,"key":"SMITH"},{"floor":15,"key":"REST"},{"floor":23,"key":"REST"},{"floor":25,"key":"REST"}],"circlet_count":0,"master_deck":["AscendersBane","Strike_G","Strike_G","Strike_G","Defend_G","Defend_G","Defend_G","Defend_G","Defend_G","Survivor","Neutralize","Dodge and Roll","Sucker Punch","PiercingWail","Dagger Spray+1","Dodge and Roll","Corpse Explosion","Dagger Throw","Tools of the Trade","Sucker Punch","Backstab+1","Blur","Blade Dance+1","Bane","Accuracy"],"relics":["Ring of the Snake","Sundial","Vajra","Happy Flower","Cursed Key","Oddly Smooth Stone","Ancient Tea Set"],"acts_visited":["Exordium","TheCity"],"potions_floor_usage":[6,6,16,16,21,22,24,24],"damage_taken":[{"damage":2,"enemies":"Small Slimes","floor":1,"turns":4},{"damage":0,"enemies":"2 Louse","floor":2,"turns":5},{"damage":2,"enemies":"Cultist","floor":4,"turns":4},{"damage":24,"enemies":"Lagavulin","floor":6,"turns":8},{"damage":3,"enemies":"Exordium Wildlife","floor":7,"turns":5},{"damage":1,"enemies":"Large Slime","floor":12,"turns":6},{"damage":0,"enemies":"Looter","floor":14,"turns":3},{"damage":31,"enemies":"Hexaghost","floor":16,"turns":13},{"damage":19,"enemies":"Spheric Guardian","floor":18,"turns":7},{"damage":12,"enemies":"Shell Parasite","floor":19,"turns":7},{"damage":10,"enemies":"Snake Plant","floor":21,"turns":5},{"damage":1,"enemies":"Snecko","floor":22,"turns":5},{"damage":26,"enemies":"Gremlin Leader","floor":24,"turns":8},{"damage":37,"enemies":"Book of Stabbing","floor":27,"turns":5}],"seed_played":"-9215141193237268694","potions_obtained":[{"floor":0,"key":"AttackPotion"},{"floor":0,"key":"SpeedPotion"},{"floor":0,"key":"AttackPotion"},{"floor":6,"key":"Block Potion"},{"floor":7,"key":"Fire Potion"},{"floor":19,"key":"DistilledChaos"},{"floor":21,"key":"GhostInAJar"},{"floor":24,"key":"SmokeBomb"}],"is_trial":false,"path_per_floor":["M","M","?","M","?","E","M","R","T","R","?","M","?","M","R","B",null,"M","M","$","M","M","R","E","R","T","E"],"character_chosen":"THE_SILENT","items_purchased":["Oddly Smooth Stone","Blur","AttackPotion"],"campfire_rested":4,"item_purchase_floors":[20,20,20],"current_hp_per_floor":[61,61,66,64,53,29,26,48,48,48,30,29,29,29,51,20,61,42,30,30,20,19,41,15,37,37,0,0],"gold":159,"neow_bonus":"THREE_SMALL_POTIONS","is_daily":false,"chose_seed":false,"campfire_upgraded":1,"win_rate":0.0,"timestamp":1612822156,"path_taken":["M","M","?","M","?","E","M","R","T","R","?","M","?","M","R","BOSS","M","M","$","M","M","R","E","R","T","E"],"items_purchased_type":["Relic","Card","Potion"],"build_version":"2020-12-22","purchased_purges":1,"victory":false,"max_hp_per_floor":[70,70,75,75,75,75,75,75,75,75,75,75,75,75,75,75,75,75,75,75,75,75,75,75,75,75,75,75],"card_choices":[{"not_picked":["Flechettes","Prepared"],"picked":"Dodge and Roll","floor":1},{"not_picked":["Poisoned Stab","Calculated Gamble"],"picked":"Sucker Punch","floor":2},{"not_picked":["Distraction","Blade Dance"],"picked":"PiercingWail","floor":4},{"not_picked":["Cloak And Dagger","Sucker Punch"],"picked":"Dagger Spray","floor":6},{"not_picked":["Poisoned Stab","Backflip"],"picked":"Dodge and Roll","floor":7},{"not_picked":["PiercingWail","Accuracy"],"picked":"Corpse Explosion","floor":12},{"not_picked":["Poisoned Stab","Terror"],"picked":"Dagger Throw","floor":14},{"not_picked":["Corpse Explosion","Storm of Steel"],"picked":"Tools of the Trade","floor":16},{"not_picked":["Slice","Outmaneuver+1"],"picked":"Sucker Punch","floor":18},{"not_picked":["Caltrops","Sucker Punch"],"picked":"Backstab+1","floor":19},{"not_picked":["Endless Agony","PiercingWail+1"],"picked":"Blade Dance+1","floor":21},{"not_picked":["Bullet Time","Sucker Punch"],"picked":"Bane","floor":22},{"not_picked":["Heel Hook","Flechettes"],"picked":"Accuracy","floor":24}],"player_experience":529321,"relics_obtained":[{"floor":6,"key":"Sundial"},{"floor":9,"key":"Vajra"},{"floor":24,"key":"Ancient Tea Set"}],"event_choices":[{"damage_healed":0,"gold_gain":0,"player_choice":"Donut","damage_taken":0,"max_hp_gain":5,"max_hp_loss":0,"event_name":"Big Fish","floor":3,"gold_loss":0},{"damage_healed":0,"gold_gain":75,"player_choice":"Gather Gold","damage_taken":11,"max_hp_gain":0,"max_hp_loss":0,"event_name":"World of Goop","floor":5,"gold_loss":0},{"damage_healed":0,"gold_gain":0,"player_choice":"Success","damage_taken":18,"relics_obtained":["Happy Flower"],"max_hp_gain":0,"max_hp_loss":0,"event_name":"Scrap Ooze","floor":11,"gold_loss":0},{"cards_removed":["Strike_G"],"damage_healed":0,"gold_gain":0,"player_choice":"Card Removal","damage_taken":0,"max_hp_gain":0,"max_hp_loss":0,"event_name":"The Cleric","floor":13,"gold_loss":50}],"is_beta":false,"boss_relics":[{"not_picked":["Sozu","Coffee Dripper"],"picked":"Cursed Key"}],"items_purged_floors":[20],"is_endless":false,"potions_floor_spawned":[6,7,12,19,21,24],"killed_by":"Book of Stabbing","ascension_level":10}}