{"host":"oehe2dxjvdgux73m","time":1612794250,"event":{"mods":["AchievementEnabler","BaseMod","Colored Map","Colored Powertips","DeckTracker","Keyboard Shortcuts","Minty Spire (QoL Compilation)","Permanent Neow","Quick Restart","StSLib","SuperFastMode"],"gold_per_floor":[216,186,196,216,9,9,27,40,40,40,52,64,75,102,102,179,179,195,208,227,277,28,28,28,28,51,51,51,66,76,76,76,153,153,153,153],"floor_reached":35,"language":"KOR","playtime":720,"items_purged":[],"score":668,"play_id":"2d07479e-a149-4588-9ba4-cc07229af7ab","local_time":"20210208232410","is_ascension_mode":true,"campfire_choices":[{"data":"Whirlwind","floor":6.0,"key":"SMITH"},{"data":"Fire Breathing","floor":10.0,"key":"SMITH"},{"data":"Bloodletting","floor":15.0,"key":"SMITH"},{"floor":23.0,"key":"REST"},{"data":"Dark Embrace","floor":25.0,"key":"SMITH"},{"data":"Offering","floor":27.0,"key":"SMITH"},{"data":"Entrench","floor":32.0,"key":"SMITH"}],"circlet_count":0,"master_deck":["AscendersBane","Strike_R+1","Strike_R+1","Strike_R+1","Strike_R+1","Strike_R+1","Defend_R+1","Defend_R+1","Defend_R+1","Defend_R+1","Bash","Havoc","Sword Boomerang","Whirlwind+1","Feel No Pain","Fire Breathing+1","Flex","Pommel Strike","Bloodletting+1","Dark Embrace+1","Offering+1","Inflame","Second Wind+1","Power Through","Corruption+1","Entrench+1","Reaper"],"relics":["Burning Blood","Brimstone","Paper Frog","PreservedInsect","Runic Pyramid","MealTicket","Ancient Tea Set","Coffee Dripper"],"acts_visited":["Exordium","TheCity","TheBeyond"],"potions_floor_usage":[35],"damage_taken":[{"damage":5.0,"enemies":"2 Louse","floor":1.0,"turns":4.0},{"damage":7.0,"enemies":"Cultist","floor":3.0,"turns":4.0},{"damage":12.0,"enemies":"Small Slimes","floor":4.0,"turns":4.0},{"damage":4.0,"enemies":"Blue Slaver","floor":7.0,"turns":3.0},{"damage":5.0,"enemies":"Looter","floor":8.0,"turns":3.0},{"damage":0.0,"enemies":"Gremlin Gang","floor":11.0,"turns":1.0},{"damage":0.0,"enemies":"2 Fungi Beasts","floor":12.0,"turns":1.0},{"damage":6.0,"enemies":"3 Louse","floor":13.0,"turns":3.0},{"damage":15.0,"enemies":"Gremlin Nob","floor":14.0,"turns":3.0},{"damage":22.0,"enemies":"Slime Boss","floor":16.0,"turns":5.0},{"damage":14.0,"enemies":"Spheric Guardian","floor":18.0,"turns":3.0},{"damage":36.0,"enemies":"Shell Parasite","floor":19.0,"turns":3.0},{"damage":43.0,"enemies":"Snecko","floor":20.0,"turns":4.0},{"damage":17.0,"enemies":"Centurion and Healer","floor":29.0,"turns":7.0},{"damage":13.0,"enemies":"Chosen and Byrds","floor":30.0,"turns":3.0},{"damage":19.0,"enemies":"Automaton","floor":33.0,"turns":8.0},{"damage":64,"enemies":"3 Darklings","floor":35,"turns":2}],"seed_played":"-7197783354507348285","potions_obtained":[{"floor":2.0,"key":"GamblersBrew"},{"floor":2.0,"key":"EntropicBrew"},{"floor":4.0,"key":"PowerPotion"},{"floor":7.0,"key":"SkillPotion"},{"floor":16.0,"key":"BloodPotion"},{"floor":20.0,"key":"Regen Potion"},{"floor":29.0,"key":"AttackPotion"}],"is_trial":false,"path_per_floor":["M","?","M","M","$","R","M","M","T","R","M","M","M","E","R","B",null,"M","M","M","?","$","R","?","R","T","R","$","M","M","?","R","B",null,"M"],"character_chosen":"IRONCLAD","items_purchased":["Feel No Pain","Brimstone","MealTicket","Power Through"],"campfire_rested":1,"item_purchase_floors":[5,5,22,22],"current_hp_per_floor":[69,69,68,62,62,62,64,65,65,65,71,75,75,66,66,50,69,61,31,9,9,9,31,31,31,31,31,46,50,43,43,43,30,64,0,0],"gold":153,"neow_bonus":"HUNDRED_GOLD","is_daily":false,"chose_seed":false,"campfire_upgraded":6,"win_rate":0.0,"timestamp":1612794250,"path_taken":["M","?","M","?","$","R","M","M","T","R","M","M","M","E","R","BOSS","M","M","M","?","$","R","?","R","T","R","$","M","M","?","R","BOSS","M"],"items_purchased_type":["Card","Relic","Relic","Card"],"build_version":"2020-12-22","purchased_purges":0,"victory":false,"max_hp_per_floor":[75,75,75,75,75,75,75,75,75,75,75,75,75,75,75,75,75,75,75,75,75,75,75,75,75,75,75,75,75,75,75,75,75,75,75,75],"card_choices":[{"not_picked":["Iron Wave","Ghostly Armor"],"picked":"Havoc","floor":1.0},{"not_picked":["Perfected Strike","Clash"],"picked":"Sword Boomerang","floor":3.0},{"not_picked":["Clothesline","Pummel"],"picked":"Whirlwind","floor":4.0},{"not_picked":["Reckless Charge","Iron Wave"],"picked":"Fire Breathing","floor":7.0},{"not_picked":["Combust","Fire Breathing","Thunderclap"],"picked":"SKIP","floor":8.0},{"not_picked":["Anger","Thunderclap"],"picked":"Flex","floor":11.0},{"not_picked":["Whirlwind","Twin Strike"],"picked":"Pommel Strike","floor":12.0},{"not_picked":["Clash","Headbutt"],"picked":"Bloodletting","floor":13.0},{"not_picked":["Power Through","Feel No Pain"],"picked":"Dark Embrace","floor":14.0},{"not_picked":["Reaper","Fiend Fire"],"picked":"Offering","floor":16.0},{"not_picked":["Warcry","Perfected Strike"],"picked":"Inflame","floor":18.0},{"not_picked":["Rupture","Havoc"],"picked":"Second Wind+1","floor":19.0},{"not_picked":["Cleave","Reckless Charge","Anger"],"picked":"SKIP","floor":20.0},{"not_picked":["Warcry","Twin Strike"],"picked":"Corruption","floor":29.0},{"not_picked":["Perfected Strike","Inflame"],"picked":"Entrench","floor":30.0},{"not_picked":["Berserk","Exhume"],"picked":"Reaper","floor":33.0}],"player_experience":420255,"relics_obtained":[{"floor":9.0,"key":"Paper Frog"},{"floor":14.0,"key":"PreservedInsect"},{"floor":26.0,"key":"Ancient Tea Set"}],"event_choices":[{"damage_healed":0.0,"max_hp_gain":0.0,"max_hp_loss":0.0,"gold_gain":0.0,"event_name":"The Woman in Blue","player_choice":"Bought 2 Potions","floor":2.0,"gold_loss":0.0,"damage_taken":0.0},{"damage_healed":0.0,"max_hp_gain":0.0,"max_hp_loss":0.0,"gold_gain":50.0,"event_name":"Nest","player_choice":"Stole From Cult","floor":21.0,"gold_loss":0.0,"damage_taken":0.0},{"damage_healed":0.0,"max_hp_gain":0.0,"max_hp_loss":0.0,"gold_gain":0.0,"event_name":"Back to Basics","player_choice":"Simplicity","floor":24.0,"gold_loss":0.0,"damage_taken":0.0,"cards_upgraded":["Strike_R","Strike_R","Strike_R","Strike_R","Strike_R","Defend_R","Defend_R","Defend_R","Defend_R"]},{"damage_healed":0.0,"max_hp_gain":0.0,"max_hp_loss":0.0,"gold_gain":0.0,"event_name":"Accursed Blacksmith","player_choice":"Forge","floor":31.0,"gold_loss":0.0,"damage_taken":0.0,"cards_upgraded":["Corruption"]}],"is_beta":false,"boss_relics":[{"not_picked":["SacredBark","Astrolabe"],"picked":"Runic Pyramid"},{"not_picked":["Empty Cage","Cursed Key"],"picked":"Coffee Dripper"}],"items_purged_floors":[],"is_endless":false,"potions_floor_spawned":[4,7,12,16,20,29,30],"killed_by":"3 Darklings","ascension_level":17}}