{"host":"dvpvhz1t6etneyb3","time":1612808207,"event":{"mods":["AchievementEnabler","BaseMod","Colored Map","Highlight Path","Minty Spire (QoL Compilation)","Permanent Neow","Quick Restart"],"gold_per_floor":[118,118,6,25,38,63,63,97,144,144,161,186,186,186,186,269,269,294,578,61,110,110,152,152,166,166,203,203,128,128,163,163,246,246,273,273,142,168,177,221,233,279,317,349,385,397,38,38,38,38,38,38],"floor_reached":51,"language":"ENG","playtime":2577,"items_purged":["Regret","Strike_G","Strike_G"],"score":1571,"play_id":"8ff075f6-dbfc-44dd-a9b7-26c4116a763b","local_time":"20210208131647","is_ascension_mode":true,"campfire_choices":[{"floor":7.0,"key":"REST"},{"floor":10.0,"key":"REST"},{"data":"Terror","floor":13.0,"key":"SMITH"},{"floor":15.0,"key":"REST"},{"floor":24.0,"key":"REST"},{"data":"Well Laid Plans","floor":28.0,"key":"SMITH"},{"floor":30.0,"key":"REST"},{"data":"After Image","floor":32.0,"key":"SMITH"},{"data":"PiercingWail","floor":41.0,"key":"SMITH"},{"floor":46.0,"key":"RECALL"},{"data":"Footwork","floor":49.0,"key":"SMITH"}],"circlet_count":0,"master_deck":["AscendersBane","Strike_G","Strike_G+1","Defend_G+1","Defend_G","Defend_G","Defend_G","Defend_G","Survivor","Neutralize+1","Endless Agony","Dagger Throw","Dagger Spray+1","Predator","Terror+1","After Image+1","Acrobatics","Well Laid Plans+1","PiercingWail+1","Bullet Time","Blade Dance","Blade Dance+1","Malaise+1","Reflex+1","Predator","Burst+1","Backflip+1","Calculated Gamble+1","Outmaneuver+1","Blade Dance+1","Footwork+1"],"relics":["Ring of the Snake","Tiny Chest","Mercury Hourglass","Vajra","CeramicFish","Sozu","Bird Faced Urn","PreservedInsect","Enchiridion","Bronze Scales","Matryoshka","Ancient Tea Set","Toxic Egg 2","Snecko Eye","Snake Skull","MawBank","MealTicket","Molten Egg 2","Whetstone","ClockworkSouvenir","The Courier"],"acts_visited":["Exordium","TheCity","TheBeyond"],"potions_floor_usage":[],"damage_taken":[{"damage":0.0,"enemies":"Small Slimes","floor":1.0,"turns":5.0},{"damage":3.0,"enemies":"2 Louse","floor":4.0,"turns":3.0},{"damage":1.0,"enemies":"Cultist","floor":5.0,"turns":4.0},{"damage":49.0,"enemies":"Gremlin Nob","floor":6.0,"turns":6.0},{"damage":10.0,"enemies":"3 Sentries","floor":8.0,"turns":6.0},{"damage":2.0,"enemies":"3 Louse","floor":11.0,"turns":3.0},{"damage":11.0,"enemies":"Gremlin Nob","floor":12.0,"turns":3.0},{"damage":4.0,"enemies":"Hexaghost","floor":16.0,"turns":7.0},{"damage":9.0,"enemies":"2 Thieves","floor":18.0,"turns":3.0},{"damage":27.0,"enemies":"Slavers","floor":23.0,"turns":5.0},{"damage":8.0,"enemies":"Shell Parasite","floor":25.0,"turns":5.0},{"damage":8.0,"enemies":"Book of Stabbing","floor":27.0,"turns":4.0},{"damage":0.0,"enemies":"Gremlin Leader","floor":31.0,"turns":4.0},{"damage":42.0,"enemies":"Champ","floor":33.0,"turns":11.0},{"damage":0.0,"enemies":"3 Darklings","floor":35.0,"turns":5.0},{"damage":14.0,"enemies":"Nemesis","floor":40.0,"turns":5.0},{"damage":1.0,"enemies":"Reptomancer","floor":42.0,"turns":2.0},{"damage":0.0,"enemies":"Orb Walker","floor":44.0,"turns":2.0},{"damage":0.0,"enemies":"Sphere and 2 Shapes","floor":45.0,"turns":3.0},{"damage":25,"enemies":"Awakened One","floor":50,"turns":15},{"damage":58,"enemies":"Time Eater","floor":51,"turns":6}],"seed_played":"-4066412994065884728","potions_obtained":[{"floor":1.0,"key":"Block Potion"},{"floor":12.0,"key":"CultistPotion"},{"floor":16.0,"key":"Dexterity Potion"}],"is_trial":false,"path_per_floor":["M","?","$","M","M","E","R","E","T","R","M","E","R","?","R","B",null,"M","?","$","T","?","E","R","M","T","E","R","?","R","E","R","B",null,"M","?","$","T","?","E","R","E","T","M","M","R","$","T","R","B","B"],"character_chosen":"THE_SILENT","items_purchased":["Dagger Throw","Fire Potion","Bird Faced Urn","Well Laid Plans","PiercingWail","Predator","Footwork","ClockworkSouvenir"],"campfire_rested":5,"item_purchase_floors":[3,3,20,20,20,37,47,47],"current_hp_per_floor":[59,64,64,61,60,11,32,22,22,43,41,30,30,9,30,26,60,51,51,51,51,30,9,30,28,28,26,26,26,47,53,53,17,58,64,54,54,54,54,44,44,45,45,51,57,57,71,71,71,49,0,0],"gold":38,"neow_bonus":"RANDOM_COMMON_RELIC","is_daily":false,"chose_seed":false,"campfire_upgraded":5,"win_rate":0.0,"timestamp":1612808207,"path_taken":["M","?","$","M","M","E","R","E","T","R","M","E","R","?","R","BOSS","M","?","$","?","?","E","R","M","T","E","R","?","R","E","R","BOSS","M","?","$","?","?","E","R","E","T","?","?","R","$","?","R","BOSS","BOSS"],"items_purchased_type":["Card","Potion","Relic","Card","Card","Card","Card","Relic"],"build_version":"2020-12-22","purchased_purges":3,"victory":false,"max_hp_per_floor":[66,71,71,71,71,71,71,71,71,71,71,71,71,71,71,71,71,71,71,71,71,71,71,71,71,71,71,71,71,71,71,71,71,71,71,71,71,71,71,71,71,71,71,71,71,71,71,71,71,71,71,71],"card_choices":[{"not_picked":["Acrobatics","Sucker Punch"],"picked":"Endless Agony","floor":1.0},{"not_picked":["Reflex","Outmaneuver","Dagger Throw"],"picked":"SKIP","floor":4.0},{"not_picked":["Quick Slash","Flying Knee"],"picked":"Dagger Spray","floor":5.0},{"not_picked":["Eviscerate","Quick Slash"],"picked":"Predator","floor":6.0},{"not_picked":["Deflect","Tactician"],"picked":"Terror","floor":8.0},{"not_picked":["Flying Knee","Bane","Sucker Punch"],"picked":"SKIP","floor":11.0},{"not_picked":["Predator","Skewer","Dagger Throw"],"picked":"SKIP","floor":12.0},{"not_picked":["Venomology","Doppelganger"],"picked":"After Image","floor":16.0},{"not_picked":["Deadly Poison","Quick Slash"],"picked":"Acrobatics","floor":18.0},{"not_picked":["Dodge and Roll","Die Die Die"],"picked":"Bullet Time","floor":23.0},{"not_picked":["Flying Knee","Deflect","PiercingWail"],"picked":"SKIP","floor":25.0},{"not_picked":["Deflect","Heel Hook"],"picked":"Blade Dance","floor":27.0},{"not_picked":["Blur+1","Acrobatics+1"],"picked":"Blade Dance+1","floor":31.0},{"not_picked":["Storm of Steel+1","Burst+1"],"picked":"Malaise+1","floor":33.0},{"not_picked":["Heel Hook","Slice+1"],"picked":"Reflex+1","floor":35.0},{"not_picked":["Acrobatics+1","Cloak And Dagger+1"],"picked":"Backflip+1","floor":40.0},{"not_picked":["Flying Knee","Choke"],"picked":"Calculated Gamble+1","floor":42.0},{"not_picked":["Bane+1","Prepared+1"],"picked":"Outmaneuver+1","floor":44.0},{"not_picked":["Dagger Throw+1","Blur+1"],"picked":"Blade Dance+1","floor":45.0}],"player_experience":2169860,"relics_obtained":[{"floor":6.0,"key":"Mercury Hourglass"},{"floor":8.0,"key":"Vajra"},{"floor":9.0,"key":"CeramicFish"},{"floor":21.0,"key":"PreservedInsect"},{"floor":22.0,"key":"Enchiridion"},{"floor":23.0,"key":"Bronze Scales"},{"floor":26.0,"key":"Matryoshka"},{"floor":27.0,"key":"Ancient Tea Set"},{"floor":31.0,"key":"Toxic Egg 2"},{"floor":38.0,"key":"Snake Skull"},{"floor":40.0,"key":"MawBank"},{"floor":42.0,"key":"MealTicket"},{"floor":43.0,"key":"Molten Egg 2"},{"floor":43.0,"key":"Whetstone"},{"floor":48.0,"key":"The Courier"}],"event_choices":[{"damage_healed":0.0,"max_hp_gain":5.0,"max_hp_loss":0.0,"gold_gain":0.0,"event_name":"Big Fish","player_choice":"Donut","floor":2.0,"gold_loss":0.0,"damage_taken":0.0},{"damage_healed":0.0,"max_hp_gain":0.0,"max_hp_loss":0.0,"gold_gain":0.0,"event_name":"Shining Light","player_choice":"Entered Light","floor":14.0,"gold_loss":0.0,"damage_taken":21.0,"cards_upgraded":["Defend_G","Neutralize"]},{"damage_healed":0.0,"max_hp_gain":0.0,"max_hp_loss":0.0,"gold_gain":275.0,"event_name":"Golden Shrine","player_choice":"Desecrate","floor":19.0,"gold_loss":0.0,"damage_taken":0.0,"cards_obtained":["Regret"]},{"damage_healed":0.0,"max_hp_gain":0.0,"max_hp_loss":0.0,"gold_gain":0.0,"event_name":"Cursed Tome","player_choice":"Obtained Book","floor":22.0,"gold_loss":0.0,"damage_taken":21.0},{"cards_removed":["Strike_G"],"damage_healed":0.0,"max_hp_gain":0.0,"max_hp_loss":0.0,"gold_gain":0.0,"event_name":"Beggar","player_choice":"Gave Gold","floor":29.0,"gold_loss":75.0,"damage_taken":0.0},{"damage_healed":0.0,"max_hp_gain":0.0,"max_hp_loss":0.0,"gold_gain":0.0,"event_name":"Wheel of Change","player_choice":"Damaged","floor":36.0,"gold_loss":0.0,"damage_taken":10.0},{"damage_healed":0.0,"max_hp_gain":0.0,"max_hp_loss":0.0,"gold_gain":0.0,"event_name":"Match and Keep!","player_choice":"1 cards matched","floor":39.0,"gold_loss":0.0,"damage_taken":0.0,"cards_obtained":["Burst"]},{"damage_healed":0.0,"max_hp_gain":0.0,"max_hp_loss":0.0,"gold_gain":0.0,"event_name":"Match and Keep!","player_choice":"1 cards matched","floor":39.0,"gold_loss":0.0,"damage_taken":0.0,"cards_obtained":["Burst"]}],"is_beta":false,"boss_relics":[{"not_picked":["Ring of the Serpent","Cursed Key"],"picked":"Sozu"},{"not_picked":["SacredBark","HoveringKite"],"picked":"Snecko Eye"}],"items_purged_floors":[20,37,47],"is_endless":false,"potions_floor_spawned":[1,5,12,16,25,31,35,42,45],"killed_by":"Time Eater","ascension_level":20}}