{"host":"97gqqvl04geh4ia8","time":1612796403,"event":{"mods":["BaseMod","Curses Come First","Downfall","Minty Spire (QoL Compilation)","Say the Spire","StSLib","The Servant 0.9.4","UnlockEverythingMod","[IsaacMod]ÒÔÈö¼âËþ","¡¾ÒÅÎï¿¨ÅÆ¡¿REMEMod"],"gold_per_floor":[168,184,184,202,202,202,221,256,280,280,319,319,319,352,352,504,504,538,578,606,81,81,81,130,130,181,241,283,283,21,43,43,187,187,210,256,340,360,58,58,96,96,96,112,112,145,145,180,180,9],"floor_reached":51,"language":"ZHS","playtime":3163,"items_purged":["Strike_S","Strike_S"],"score":1088,"play_id":"90b75157-e5c7-4b0b-beb0-94ee2ca0434c","local_time":"20210208230003","is_ascension_mode":true,"campfire_choices":[{"data":"Manipulate","floor":6,"key":"SMITH"},{"data":"LightFlow","floor":10,"key":"SMITH"},{"data":"BottledTime","floor":12,"key":"SMITH"},{"data":"Exchange","floor":15,"key":"SMITH"},{"data":"FloweringNight","floor":23,"key":"SMITH"},{"floor":29,"key":"REST"},{"data":"Comet","floor":32,"key":"SMITH"},{"data":"REME_Flogging","floor":40,"key":"SMITH"},{"data":"Solidify","floor":42,"key":"SMITH"},{"data":"MurderousAura","floor":45,"key":"SMITH"},{"data":"Ricochet","floor":49,"key":"SMITH"}],"circlet_count":0,"master_deck":["Strike_S+1","Defend_S","Defend_S+1","Defend_S","Defend_S","KidneyShot","Exchange+1","BottledTime+1","Manipulate+1","LightFlow+1","Advance","Desolation","FloweringNight+1","Comet+1","Contraction","MurderousAura+1","Advance","BottledTime+1","Solidify+1","REME_Flogging+1","TheWorld+1","Ricochet+1"],"relics":["HushsDoor","Void","Golden Idol","Bag of Marbles","Happy Flower","Lantern","SlaversCollar","Nilry\u0027s Codex","Orichalcum","MutagenicStrength","Pen Nib","BelialBook","Mummified Hand","bronze:MakeshiftBattery","PocketWatch","HowToJump","TuHaoJin","Calipers","REME_LimitBreaker","Shuriken"],"acts_visited":["Exordium","TheCity","TheBeyond"],"potions_floor_usage":[27],"damage_taken":[{"damage":6,"enemies":"Cultist","floor":1,"turns":4},{"damage":0,"enemies":"Jaw Worm","floor":2,"turns":4},{"damage":0,"enemies":"Small Slimes","floor":4,"turns":2},{"damage":0,"enemies":"Looter","floor":7,"turns":3},{"damage":6,"enemies":"Gremlin Nob","floor":8,"turns":4},{"damage":0,"enemies":"Lagavulin","floor":11,"turns":7},{"damage":14,"enemies":"3 Sentries","floor":14,"turns":3},{"damage":26,"enemies":"Slime Boss","floor":16,"turns":9},{"damage":7,"enemies":"Spheric Guardian","floor":18,"turns":6},{"damage":14,"enemies":"2 Thieves","floor":19,"turns":3},{"damage":0,"enemies":"Gremlin Leader","floor":24,"turns":4},{"damage":0,"enemies":"Sentry and Sphere","floor":27,"turns":6},{"damage":6,"enemies":"Book of Stabbing","floor":28,"turns":4},{"damage":1,"enemies":"Chosen and Byrds","floor":31,"turns":3},{"damage":0,"enemies":"Automaton","floor":33,"turns":4},{"damage":0,"enemies":"Orb Walker","floor":35,"turns":2},{"damage":0,"enemies":"3 Shapes","floor":36,"turns":1},{"damage":0,"enemies":"Mind Bloom Boss Battle","floor":37,"turns":3},{"damage":0,"enemies":"3 Darklings","floor":38,"turns":1},{"damage":0,"enemies":"Reptomancer","floor":41,"turns":1},{"damage":0,"enemies":"Spire Growth","floor":44,"turns":1},{"damage":0,"enemies":"Nemesis","floor":46,"turns":1},{"damage":0,"enemies":"Reptomancer","floor":48,"turns":1},{"damage":0,"enemies":"Donu and Deca","floor":50,"turns":1}],"seed_played":"-2450829731273026666","potions_obtained":[{"floor":0,"key":"bronze:BurnAndBuffPotion"},{"floor":2,"key":"Dexterity Potion"},{"floor":7,"key":"FearPotion"},{"floor":27,"key":"SteroidPotion"}],"is_trial":false,"path_per_floor":["M","M","?","M","?","R","M","E","T","R","E","R","?","E","R","B",null,"M","M","?","$","?","R","E","?","T","M","E","R","$","M","R","B",null,"M","M","?","M","$","R","E","R","T","M","R","E","T","E","R","B",null],"character_chosen":"THE_SERVANT","items_purchased":["Orichalcum","ClockworkSouvenir","Akabeko","Mummified Hand","REME_Flogging","TheWorld","TheBattery","HowToJump"],"campfire_rested":1,"item_purchase_floors":[21,21,21,30,34,34,39,39],"current_hp_per_floor":[64,64,64,64,47,47,47,41,41,41,41,41,41,27,27,1,70,63,49,33,33,33,33,33,33,33,33,27,48,48,47,47,47,57,57,57,57,57,57,57,57,57,57,57,57,57,57,57,57,57],"gold":9,"neow_bonus":"BOSS_RELIC","is_daily":false,"chose_seed":false,"campfire_upgraded":10,"win_rate":0.0,"timestamp":1612796403,"path_taken":["M","?","?","M","?","R","M","E","T","R","E","R","?","E","R","BOSS","M","M","?","$","?","R","E","?","T","M","E","R","$","?","R","BOSS","M","M","?","?","$","R","E","R","T","M","R","E","?","E","R","BOSS"],"items_purchased_type":["Relic","Relic","Relic","Relic","Card","Card","Relic","Relic"],"build_version":"2020-12-22","purchased_purges":2,"victory":true,"max_hp_per_floor":[70,70,70,70,70,70,70,70,70,70,70,70,70,70,70,70,70,70,70,70,70,70,70,70,70,70,70,70,70,70,70,70,70,57,57,57,57,57,57,57,57,57,57,57,57,57,57,57,57,57],"card_choices":[{"not_picked":["DualDimension","Unruled"],"picked":"BottledTime","floor":0},{"not_picked":["TimeWarp","Collapse"],"picked":"Manipulate","floor":1},{"not_picked":["TimeWarp","Starlight"],"picked":"LightFlow","floor":2},{"not_picked":["Revamp","TimeWarp","FanOfKnives"],"picked":"SKIP","floor":4},{"not_picked":["Rewind","Unruled"],"picked":"Advance","floor":7},{"not_picked":["Hightail","Solidify","Ricochet"],"picked":"SKIP","floor":8},{"not_picked":["FastForward","Manipulate"],"picked":"Desolation","floor":11},{"not_picked":["ShatteredReality","Revamp","DoubleEdge"],"picked":"SKIP","floor":14},{"not_picked":["Deny","LightFlow"],"picked":"FloweringNight","floor":16},{"not_picked":["Shuttle","Unruled"],"picked":"Comet","floor":18},{"not_picked":["SilverBlades","Desolation"],"picked":"Contraction","floor":19},{"not_picked":["Sabotage","Potential"],"picked":"MurderousAura","floor":24},{"not_picked":["WasteNot","Potential","Alleviate+1"],"picked":"SKIP","floor":27},{"not_picked":["Rearm","Potential+1"],"picked":"Advance","floor":28},{"not_picked":["Unruled","Revamp"],"picked":"BottledTime+1","floor":31},{"not_picked":["Sunlight","Initiator"],"picked":"Solidify","floor":33},{"not_picked":["TimeWarp+1","MoonPhase+1","Alleviate+1"],"picked":"SKIP","floor":35},{"not_picked":["Gouge+1","Revamp","TimeWarp+1"],"picked":"SKIP","floor":36},{"not_picked":["Alleviate+1","BottledTime"],"picked":"Ricochet","floor":37},{"not_picked":["FanOfKnives+1","StarChef+1","Rearm+1"],"picked":"SKIP","floor":38},{"not_picked":["Alleviate","Advance","SurpressingFire+1"],"picked":"SKIP","floor":41},{"not_picked":["TimeWarp+1","BestPractice","Rewind"],"picked":"SKIP","floor":44},{"not_picked":["SoulSculpture","RealityMarble","Foresight+1"],"picked":"SKIP","floor":46},{"not_picked":["ShiftingGears+1","WasteNot+1","Duplication"],"picked":"SKIP","floor":48}],"player_experience":25062,"relics_obtained":[{"floor":8,"key":"Bag of Marbles"},{"floor":9,"key":"Happy Flower"},{"floor":11,"key":"Lantern"},{"floor":14,"key":"SalivaCoin"},{"floor":20,"key":"Nilry\u0027s Codex"},{"floor":24,"key":"MoneyPower"},{"floor":26,"key":"Pen Nib"},{"floor":28,"key":"BelialBook"},{"floor":37,"key":"PocketWatch"},{"floor":41,"key":"TuHaoJin"},{"floor":43,"key":"War Paint"},{"floor":46,"key":"Calipers"},{"floor":47,"key":"REME_LimitBreaker"},{"floor":48,"key":"Shuriken"}],"event_choices":[{"damage_healed":0,"gold_gain":0,"player_choice":"0 cards matched","damage_taken":0,"max_hp_gain":0,"max_hp_loss":0,"event_name":"Match and Keep!","floor":3,"gold_loss":0,"cards_obtained":[]},{"damage_healed":0,"gold_gain":0,"player_choice":"Take Damage","damage_taken":17,"relics_obtained":["Golden Idol"],"max_hp_gain":0,"max_hp_loss":0,"event_name":"Golden Idol","floor":5,"gold_loss":0},{"cards_removed":["Strike_S"],"damage_healed":0,"gold_gain":0,"player_choice":"Forget","damage_taken":0,"max_hp_gain":0,"max_hp_loss":0,"event_name":"Living Wall","floor":13,"gold_loss":0},{"damage_healed":0,"gold_gain":0,"player_choice":"Obtained Book","damage_taken":16,"max_hp_gain":0,"max_hp_loss":0,"event_name":"Cursed Tome","floor":20,"gold_loss":0},{"damage_healed":0,"gold_gain":0,"player_choice":"Inject Mutagens","damage_taken":0,"relics_obtained":["MutagenicStrength"],"max_hp_gain":0,"max_hp_loss":0,"event_name":"Drug Dealer","floor":22,"gold_loss":0},{"damage_healed":0,"gold_gain":0,"player_choice":"Fight","damage_taken":0,"max_hp_gain":0,"max_hp_loss":0,"event_name":"MindBloom","floor":37,"gold_loss":0}],"is_beta":false,"boss_relics":[{"not_picked":["REME_DuelDisc","REME_LowDesire"],"picked":"SlaversCollar"},{"not_picked":[]},{"not_picked":["Snecko Eye","Velvet Choker"],"picked":"bronze:MakeshiftBattery"},{"not_picked":[]}],"items_purged_floors":[21,34],"is_endless":false,"potions_floor_spawned":[2,7,11,16,27,28,33,36,41,44,48],"ascension_level":1}}