{"host":"1te4apcktyw9778t","time":1612762394,"event":{"mods":["BaseMod","Colored Powertips","Minty Spire (QoL Compilation)","Relic Stats"],"gold_per_floor":[119,138,150,23,23,55,67,94,94,94,94,94,120,133,133,209,209,226,244,244,262,53,85,85,85],"floor_reached":24,"language":"ENG","playtime":3417,"items_purged":["Melter"],"score":437,"play_id":"1afba540-ca15-47bf-9655-ebbd42e34cef","local_time":"20210208003314","is_ascension_mode":true,"campfire_choices":[{"data":"Genetic Algorithm","floor":10.0,"key":"SMITH"},{"data":"Sweeping Beam","floor":12.0,"key":"SMITH"},{"data":"Static Discharge","floor":15.0,"key":"SMITH"}],"circlet_count":0,"master_deck":["AscendersBane","Zap","Dualcast","Static Discharge+1","Tempest","Storm","Echo Form","Double Energy","Reboot","BootSequence","Genetic Algorithm+1","Self Repair","Sweeping Beam+1","Force Field","Conserve Battery","Electrodynamics","Undo","Buffer","Darkness","Defragment","RitualDagger","Capacitor","Turbo","Coolheaded","Cold Snap+1"],"relics":["Pandora\u0027s Box","Strawberry","Potion Belt","Darkstone Periapt","Pocketwatch","Black Star","White Beast Statue","Anchor"],"acts_visited":["Exordium","TheCity"],"potions_floor_usage":[23,24,24],"damage_taken":[{"damage":12.0,"enemies":"Small Slimes","floor":1.0,"turns":3.0},{"damage":12.0,"enemies":"2 Louse","floor":2.0,"turns":3.0},{"damage":6.0,"enemies":"Cultist","floor":3.0,"turns":4.0},{"damage":6.0,"enemies":"Lagavulin","floor":6.0,"turns":5.0},{"damage":4.0,"enemies":"3 Louse","floor":7.0,"turns":4.0},{"damage":22.0,"enemies":"Gremlin Nob","floor":8.0,"turns":4.0},{"damage":11.0,"enemies":"3 Sentries","floor":13.0,"turns":4.0},{"damage":2.0,"enemies":"Looter","floor":14.0,"turns":4.0},{"damage":3.0,"enemies":"The Guardian","floor":16.0,"turns":10.0},{"damage":6.0,"enemies":"3 Byrds","floor":18.0,"turns":1.0},{"damage":11.0,"enemies":"Shell Parasite","floor":19.0,"turns":7.0},{"damage":13.0,"enemies":"Chosen and Byrds","floor":21.0,"turns":5.0},{"damage":58,"enemies":"Slavers","floor":23,"turns":4},{"damage":18,"enemies":"Centurion and Healer","floor":24,"turns":4}],"seed_played":"-1203559667339775813","potions_obtained":[{"floor":2.0,"key":"Fire Potion"},{"floor":3.0,"key":"Fire Potion"},{"floor":7.0,"key":"DuplicationPotion"},{"floor":13.0,"key":"Weak Potion"},{"floor":14.0,"key":"DistilledChaos"},{"floor":19.0,"key":"SkillPotion"}],"is_trial":false,"path_per_floor":["M","M","M","$","?","E","M","E","T","R","?","R","E","M","R","B",null,"M","M","?","M","$","E","M"],"character_chosen":"DEFECT","items_purchased":["Self Repair","EssenceOfSteel","Turbo","Coolheaded","Swift Potion"],"campfire_rested":0,"item_purchase_floors":[4,4,22,22,22],"current_hp_per_floor":[52,40,34,34,34,49,52,37,37,37,78,78,78,78,78,78,78,72,75,69,63,63,12,0,0],"gold":85,"neow_bonus":"BOSS_RELIC","is_daily":false,"chose_seed":false,"campfire_upgraded":3,"win_rate":0.0,"timestamp":1612762394,"path_taken":["M","M","M","$","?","E","M","E","T","R","?","R","E","M","R","BOSS","M","M","?","M","$","E","M"],"items_purchased_type":["Card","Potion","Card","Card","Potion"],"build_version":"2020-12-22","purchased_purges":1,"victory":false,"max_hp_per_floor":[71,71,71,71,71,78,78,78,78,78,78,78,78,78,78,78,78,78,78,78,78,78,78,78,78],"relic_stats":{"Darkstone Periapt":0,"counters":[14,62],"Pandora\u0027s Box":["Static Discharge","Tempest","Storm","Echo Form","Auto Shields","Melter","Double Energy","Reboot"],"Black Star":1,"obtain_stats":[{"Potion Belt":8,"Darkstone Periapt":9,"Anchor":23,"Strawberry":6,"Pandora\u0027s Box":0,"Black Star":17,"Cracked Core":0,"White Beast Statue":23,"Pocketwatch":13},{"Potion Belt":6,"Darkstone Periapt":6,"Anchor":13,"Strawberry":4,"Pandora\u0027s Box":0,"Black Star":9,"Cracked Core":0,"White Beast Statue":13,"Pocketwatch":7},{"Potion Belt":23,"Darkstone Periapt":23,"Anchor":58,"Strawberry":15,"Pandora\u0027s Box":0,"Black Star":41,"Cracked Core":0,"White Beast Statue":58,"Pocketwatch":27}],"Pocketwatch":[39]},"card_choices":[{"not_picked":["Barrage","Hologram"],"picked":"BootSequence","floor":1.0},{"not_picked":["Gash","Beam Cell","Streamline"],"picked":"SKIP","floor":2.0},{"not_picked":["Tempest","Static Discharge"],"picked":"Genetic Algorithm","floor":3.0},{"not_picked":["Rebound","Rip and Tear"],"picked":"Sweeping Beam","floor":6.0},{"not_picked":["Beam Cell","Undo"],"picked":"Force Field","floor":7.0},{"not_picked":["Sweeping Beam","Beam Cell"],"picked":"Conserve Battery","floor":8.0},{"not_picked":["Core Surge","Rip and Tear"],"picked":"Electrodynamics","floor":13.0},{"not_picked":["Streamline","Coolheaded"],"picked":"Undo","floor":14.0},{"not_picked":["Electrodynamics","Echo Form"],"picked":"Buffer","floor":16.0},{"not_picked":["Leap+1","Sweeping Beam+1"],"picked":"Darkness","floor":18.0},{"not_picked":["Stack","Redo"],"picked":"Defragment","floor":19.0},{"not_picked":["Stack","Steam Power"],"picked":"Capacitor","floor":21.0},{"not_picked":["Steam","Rebound+1"],"picked":"Cold Snap+1","floor":23}],"player_experience":1126698,"relics_obtained":[{"floor":6.0,"key":"Strawberry"},{"floor":8.0,"key":"Potion Belt"},{"floor":9.0,"key":"Darkstone Periapt"},{"floor":13.0,"key":"Pocketwatch"},{"floor":23,"key":"White Beast Statue"},{"floor":23,"key":"Anchor"}],"event_choices":[{"damage_healed":0.0,"max_hp_gain":0.0,"max_hp_loss":0.0,"gold_gain":0.0,"event_name":"Liars Game","player_choice":"Ignored","floor":5.0,"gold_loss":0.0,"damage_taken":0.0},{"cards_removed":["Auto Shields"],"damage_healed":41.0,"max_hp_gain":0.0,"max_hp_loss":0.0,"gold_gain":0.0,"event_name":"Bonfire Elementals","player_choice":"Offered Uncommon","floor":11.0,"gold_loss":0.0,"damage_taken":0.0},{"damage_healed":0.0,"max_hp_gain":0.0,"max_hp_loss":0.0,"gold_gain":0.0,"event_name":"Nest","player_choice":"Joined the Cult","floor":20.0,"gold_loss":0.0,"damage_taken":6.0,"cards_obtained":["RitualDagger"]}],"is_beta":false,"boss_relics":[{"not_picked":["Fusion Hammer","Runic Dome"],"picked":"Black Star"}],"items_purged_floors":[22],"is_endless":false,"potions_floor_spawned":[2,3,7,13,14,19],"killed_by":"Centurion and Healer","ascension_level":17}}