{"host":"i73ch23exsqar74a","time":1612782506,"event":{"mods":["AchievementEnabler","Aspiration","Astrologer","Bard","Bartender","BaseMod","Beaked The Cultist","Better Sensory Stone","CCEM2","CapriCore","Challenge The Spire","ChefMod","Chen","Colored Map","Colored Powertips","Conjunction","Conspire","Downfall","Fireblade Mod","FutureSeer","GifTheSpireLib","Glutton Mod","Gremlin Mod","Halation","Hermit","Highlight Path","HololiveMod","Hubris","Infinite Spire","Jedi Mod","Lobotomy","LobotomyExtend","Luminous","Marked Mod","Minty Spire (QoL Compilation)","Prisma Mod","Quarter Circle Forward PUNCH!","Quick Restart","Random Character Button","RatMod","Relic Sorter","Reliquary","Replay The Spire","SOS???????","Shade Mod","Spicy Shops","Spikes Relics","Spire Arcade","StSLib","Stuff the Spire","The Alterego","The Animator","The Bug Knight","The Construct","The Cursed","The Druid","The Exalted","The Immortal","The Judge","The Poker Player","The Sage","The Wild Card","TheHero","TheSwordswoman","TheVacant","TheVelvet","Thieving Mod","Yuri Mod","???Mod??????Boss","???mod?????"],"gold_per_floor":[99,115,115,115,130,158,184,203,229,229,229,255,255,3,19,121,121,121,137,137,148,148,161,161,175,507,507,397,409,409,409,423,423,423,423],"floor_reached":33,"language":"ENG","playtime":1202,"items_purged":[],"score":299,"play_id":"c5f78a2e-922a-4196-9315-5d2d08adf55d","local_time":"20210208150826","is_ascension_mode":true,"campfire_choices":[{"data":"bronze:Branch","floor":1,"key":"SMITH"},{"floor":11,"key":"REST"},{"floor":13,"key":"REST"},{"data":"bronze:Repulsor","floor":18,"key":"SMITH"},{"floor":27,"key":"REST"},{"floor":30,"key":"REST"}],"circlet_count":0,"master_deck":["bronze:Strike","bronze:Strike","bronze:Strike","bronze:Defend","bronze:Defend","bronze:Defend","bronze:Defend","bronze:Replicate","bronze:Goto","bronze:Branch+1","bronze:ForceShield","bronze:ChosenStrike","bronze:ForceShield","bronze:Repulsor+1","bronze:DarkDash+1","expansioncontent:QuickStudy+1","bronze:ChosenStrike+1","bronze:DelayedSlice","bronze:RecursiveStrike+1","bronze:ChildClass+1","bronze:InfiniteBeams","bronze:OilSpill","expansioncontent:PrepareCrush+1","bronze:Flail+1"],"relics":["bronze:BronzeCore","LetterFromLob","halation:OrihimeAndHikoboshiSamaAndTears","CCEMRelics:TeddyBear","Golden Egg","StuffTheSpire:GrapeVine","infinitespire:Cupcake","CCEMRelics:PocketTank","Old Coin","RedMistMask"],"acts_visited":["Exordium","TheCity"],"potions_floor_usage":[16],"damage_taken":[{"damage":1,"enemies":"2 Louse","floor":2,"turns":4},{"damage":0,"enemies":"Cultist","floor":5,"turns":3},{"damage":40,"enemies":"Lagavulin","floor":6,"turns":7},{"damage":7,"enemies":"Small Slimes","floor":8,"turns":3},{"damage":17,"enemies":"3 Sentries","floor":9,"turns":7},{"damage":16,"enemies":"Lagavulin","floor":12,"turns":6},{"damage":5,"enemies":"downfall:FleeingMerchant","floor":14,"turns":4},{"damage":0,"enemies":"3 Louse","floor":15,"turns":2},{"damage":28,"enemies":"DF_ARCHETYPE_STREAMLINE","floor":16,"turns":8},{"damage":0,"enemies":"Chosen","floor":19,"turns":2},{"damage":10,"enemies":"3 Byrds","floor":21,"turns":3},{"damage":0,"enemies":"Snecko","floor":23,"turns":4},{"damage":13,"enemies":"Shelled Parasite and Fungi","floor":25,"turns":5},{"damage":8,"enemies":"conspire:SneckoGhost","floor":26,"turns":5},{"damage":0,"enemies":"downfall:FleeingMerchant","floor":28,"turns":4},{"damage":10,"enemies":"Centurion and Healer","floor":29,"turns":5},{"damage":0,"enemies":"Snecko","floor":32,"turns":2},{"damage":24,"enemies":"IC_MUSHROOM_ARCHETYPE","floor":33,"turns":4}],"seed_played":"5186229110036759138","potions_obtained":[{"floor":8,"key":"bronze:FreeFunctionsPotion"},{"floor":9,"key":"jedi:mysterypotion"},{"floor":15,"key":"Block Potion"},{"floor":16,"key":"FearPotion"}],"is_trial":false,"path_per_floor":["R","M","?","?","M","E","T","M","E","?","R","E","R","$","M","B",null,"R","M","HB","M","?","M","T","M","E","R","$","M","R","?","M","B"],"character_chosen":"THE_AUTOMATON","items_purchased":["expansioncontent:QuickStudy","bronze:ChosenStrike","expansioncontent:PrepareCrush"],"campfire_rested":4,"item_purchase_floors":[14,14,28],"current_hp_per_floor":[70,69,74,74,74,34,34,27,10,10,32,16,38,33,33,5,75,75,75,38,28,23,23,23,10,2,14,14,4,16,24,24,0,0,0],"gold":423,"neow_bonus":"THREE_CARDS","is_daily":false,"chose_seed":false,"campfire_upgraded":2,"win_rate":0.0,"timestamp":1612782506,"path_taken":["R","M","?","?","?","E","T","M","E","?","R","E","R","$","M","BOSS","R","M","HB","M","?","M","T","M","E","R","$","M","R","?","M","BOSS"],"items_purchased_type":["Card","Card","Card"],"build_version":"2020-12-22","purchased_purges":0,"victory":false,"max_hp_per_floor":[70,70,75,75,75,75,75,75,75,75,75,75,75,75,75,75,75,75,75,38,38,43,43,43,43,43,43,43,43,43,43,43,43,43,43],"card_choices":[{"not_picked":["bronze:Invalidate","bronze:Overheat"],"picked":"bronze:Branch","floor":0},{"not_picked":["bronze:Overheat","bronze:MaxOutput","bronze:BugBarrage"],"picked":"SKIP","floor":2},{"not_picked":["bronze:Overheat","bronze:Turbo","bronze:Repulsor"],"picked":"SKIP","floor":5},{"not_picked":["bronze:Allocate","bronze:BuggyMess"],"picked":"bronze:ForceShield","floor":6},{"not_picked":["bronze:Turbo","bronze:Overheat"],"picked":"bronze:ChosenStrike","floor":8},{"not_picked":["bronze:Invalidate","bronze:Branch"],"picked":"bronze:ForceShield","floor":9},{"not_picked":["bronze:BugBarrage","bronze:Shield"],"picked":"bronze:Repulsor","floor":12},{"not_picked":["bronze:Assembly","bronze:BitShift"],"picked":"bronze:DarkDash","floor":14},{"not_picked":["bronze:OilSpill","bronze:Branch"],"picked":"bronze:DelayedSlice","floor":15},{"not_picked":["bronze:BurnOut","bronze:ShipIt"],"picked":"bronze:RecursiveStrike","floor":16},{"not_picked":["bronze:WhirlingStrike","bronze:Separator","bronze:Branch"],"picked":"SKIP","floor":19},{"not_picked":["bronze:Overheat","bronze:Frontload"],"picked":"bronze:ChildClass+1","floor":21},{"not_picked":["bronze:ClassDefault","bronze:WildBeam+1"],"picked":"bronze:InfiniteBeams","floor":23},{"not_picked":["bronze:ForLoop","bronze:Allocate","bronze:Constructor"],"picked":"SKIP","floor":25},{"not_picked":["bronze:Turbo+1","bronze:ForLoop+1"],"picked":"bronze:OilSpill","floor":26},{"not_picked":["bronze:Overheat","bronze:Frontload+1","bronze:Separator"],"picked":"SKIP","floor":28},{"not_picked":["bronze:Format","bronze:Backtrace","bronze:Repulsor"],"picked":"SKIP","floor":29},{"not_picked":["bronze:Shield","bronze:Return"],"picked":"bronze:Flail+1","floor":32}],"player_experience":1419736,"relics_obtained":[{"floor":2,"key":"LetterFromLob"},{"floor":6,"key":"halation:OrihimeAndHikoboshiSamaAndTears"},{"floor":7,"key":"CCEMRelics:TeddyBear"},{"floor":9,"key":"Golden Egg"},{"floor":12,"key":"StuffTheSpire:GrapeVine"},{"floor":24,"key":"CCEMRelics:PocketTank"},{"floor":26,"key":"Old Coin"},{"floor":32,"key":"RedMistMask"}],"event_choices":[{"damage_healed":0,"gold_gain":0,"player_choice":"Donut","damage_taken":0,"max_hp_gain":5,"max_hp_loss":0,"event_name":"Big Fish","floor":3,"gold_loss":0},{"cards_removed":["bronze:Strike"],"damage_healed":0,"gold_gain":0,"player_choice":"Offered Basic","damage_taken":0,"max_hp_gain":0,"max_hp_loss":0,"event_name":"Bonfire Elementals","floor":4,"gold_loss":0},{"damage_healed":0,"gold_gain":0,"player_choice":"Leave","damage_taken":0,"max_hp_gain":0,"max_hp_loss":0,"event_name":"conspire:Investor","floor":10,"gold_loss":0}],"is_beta":false,"boss_relics":[{"not_picked":["halation:LoveArrow","Black Star"],"picked":"infinitespire:Cupcake"}],"items_purged_floors":[],"is_endless":false,"potions_floor_spawned":[8,9,15,16,23,29,32],"killed_by":"IC_MUSHROOM_ARCHETYPE","ascension_level":1}}