{"host":"w4ub8crw9ou4a5am","time":1612813495,"event":{"mods":["2.2 Compatiblity","BaseMod","Downfall","Hermit","Jorbs\u0027s Wanderer Trilogy","Koishi","Marisa????????","Minty Spire (QoL Compilation)","Quick Restart","Remilia??????","StSLib","The Animator","The Bug Knight","The Cursed","The Disciple","The Hierophant","The Marked","The Senshi","The Servant 0.9.4","WarShipGirlsR/????R mod"],"gold_per_floor":[109,123,137,154,154,170,4,23,75,75,93,107,107,122,122,227,227,244,244,228,228,228],"floor_reached":21,"language":"ENG","playtime":1336,"items_purged":["Decay"],"score":177,"play_id":"038a4348-881b-4e2b-8d07-b557878f368a","local_time":"20210208144455","is_ascension_mode":false,"campfire_choices":[{"floor":15,"key":"REST"}],"circlet_count":0,"master_deck":["Koishi:BasicStrike","Koishi:BasicStrike","Koishi:BasicStrike","Koishi:BasicStrike","Koishi:BasicDefend","Koishi:BasicDefend","Koishi:BasicDefend","Koishi:BasicDefend","Koishi:Provoke","Koishi:HauntingSlash","Koishi:ReleaseOfTheId","Koishi:ParalyzingFear","Koishi:SubterraneanRose","Koishi:SubconsciousSweep","Koishi:SubconsciousSweep","Koishi:FreudianInstinct","Koishi:DreadfulBlow","Koishi:PerfectMindControl","Koishi:RuptureMind","Koishi:FleetingPhantom","Koishi:Possession","Koishi:SubterraneanRose","Koishi:FadingMemory","Koishi:UnseenTerror","Pain","Koishi:SpiritedAway+1"],"relics":["Koishi:ImaginaryFriend","Calipers","Koishi:ColorfulDays","WarpedTongs"],"acts_visited":["Exordium","TheCity"],"potions_floor_usage":[3],"damage_taken":[{"damage":0,"enemies":"2 Louse","floor":1,"turns":3},{"damage":0,"enemies":"Cultist","floor":2,"turns":3},{"damage":3,"enemies":"Jaw Worm","floor":3,"turns":2},{"damage":6,"enemies":"Large Slime","floor":4,"turns":7},{"damage":1,"enemies":"Lots of Slimes","floor":6,"turns":3},{"damage":0,"enemies":"3 Louse","floor":8,"turns":3},{"damage":0,"enemies":"Large Slime","floor":11,"turns":4},{"damage":7,"enemies":"Blue Slaver","floor":12,"turns":4},{"damage":16,"enemies":"Red Slaver","floor":14,"turns":4},{"damage":59,"enemies":"The Guardian","floor":16,"turns":15},{"damage":13,"enemies":"Shell Parasite","floor":18,"turns":7},{"damage":15,"enemies":"2 Thieves","floor":20,"turns":4},{"damage":0,"enemies":"Snake Plant","floor":21,"turns":1}],"seed_played":"2188668790658922573","potions_obtained":[{"floor":1,"key":"SkillPotion"},{"floor":3,"key":"Fruit Juice"},{"floor":4,"key":"champ:CounterPotion"},{"floor":11,"key":"Weak Potion"}],"is_trial":false,"path_per_floor":["M","M","M","M","?","M","$","M","T","?","M","M","?","M","R","B",null,"M","?","M","M"],"character_chosen":"KOISHI","items_purchased":["Koishi:FreudianInstinct","Koishi:DreadfulBlow"],"campfire_rested":1,"item_purchase_floors":[7,7],"current_hp_per_floor":[66,66,69,64,64,63,63,64,64,64,64,60,57,42,63,11,71,67,67,54,54,54],"gold":228,"neow_bonus":"TEN_PERCENT_HP_BONUS","is_daily":false,"chose_seed":false,"campfire_upgraded":0,"win_rate":0.0,"timestamp":1612813495,"path_taken":["M","M","M","M","?","M","$","?","T","?","?","M","?","M","R","BOSS","M","?","M","?"],"items_purchased_type":["Card","Card"],"build_version":"2020-12-22","purchased_purges":1,"victory":false,"max_hp_per_floor":[66,66,71,71,71,71,71,71,71,71,71,71,71,71,71,71,71,71,71,71,71,71],"card_choices":[{"not_picked":["Koishi:JumpScare","Koishi:YoukaiPolygraph"],"picked":"Koishi:ReleaseOfTheId","floor":1},{"not_picked":["Koishi:ReflexRadar","Koishi:FleetingPhantom"],"picked":"Koishi:ParalyzingFear","floor":2},{"not_picked":["Koishi:PredatoryInstincts","Koishi:PhantomStrike"],"picked":"Koishi:SubterraneanRose","floor":3},{"not_picked":["Koishi:PhantomStrike","Koishi:PhantomBarrier"],"picked":"Koishi:SubconsciousSweep","floor":4},{"not_picked":["Koishi:FleetingPhantom","Koishi:UnansweredLove"],"picked":"Koishi:SubconsciousSweep","floor":6},{"not_picked":["Koishi:MindNumbingTerror","Koishi:HeartfeltFancy"],"picked":"Koishi:PerfectMindControl","floor":8},{"not_picked":[],"picked":"Koishi:RuptureMind","floor":10},{"not_picked":["Koishi:SpiritedAway","Koishi:DNAsFlaw"],"picked":"Koishi:FleetingPhantom","floor":11},{"not_picked":["Koishi:FleetingPhantom","Koishi:FidgetySnatcher"],"picked":"Koishi:Possession","floor":12},{"not_picked":["Koishi:FreudianInstinct","Koishi:PhantomBarrier"],"picked":"Koishi:SubterraneanRose","floor":14},{"not_picked":["Koishi:Heartbroken","Koishi:SuperEgo"],"picked":"Koishi:FadingMemory","floor":16},{"not_picked":["Koishi:PredatoryInstincts","Koishi:Bloodlust+1"],"picked":"Koishi:UnseenTerror","floor":18},{"not_picked":["Koishi:Prune","Koishi:EmbryosDream"],"picked":"Koishi:SpiritedAway+1","floor":20}],"player_experience":1668272,"relics_obtained":[],"event_choices":[{"damage_healed":0,"gold_gain":0,"player_choice":"Cursed","damage_taken":0,"max_hp_gain":0,"max_hp_loss":0,"event_name":"Wheel of Change","floor":5,"gold_loss":0,"cards_obtained":["Decay"]},{"damage_healed":0,"gold_gain":0,"player_choice":"Success","damage_taken":3,"relics_obtained":["Calipers"],"max_hp_gain":0,"max_hp_loss":0,"event_name":"Scrap Ooze","floor":13,"gold_loss":0},{"damage_healed":0,"gold_gain":0,"player_choice":"Rummage","damage_taken":0,"relics_obtained":["WarpedTongs"],"max_hp_gain":0,"max_hp_loss":0,"event_name":"Accursed Blacksmith","floor":19,"gold_loss":0,"cards_obtained":["Pain"]}],"is_beta":false,"boss_relics":[{"not_picked":["Philosopher\u0027s Stone","Runic Dome"],"picked":"Koishi:ColorfulDays"}],"items_purged_floors":[7],"is_endless":false,"potions_floor_spawned":[1,3,4,11],"killed_by":"Snake Plant","ascension_level":0}}