{"host":"idjwbq71yrpkph1r","time":1612742617,"event":{"mods":["Alarm Clock","BaseMod","Block Reminder","Colored Map","Colored Powertips","Conspire","Curses Come First","Dark Map","Displayed Cursed Tome","Hermit","Hubris","Minty Spire (QoL Compilation)","Monster B Gone","Morshu Shopkeeper","Rare Cards Sparkle","Relic Stats","StS++","StSLib","Swap Starting Deck Mod","The Blue Laboratory","everything is the same but u backflip on backflip"],"gold_per_floor":[112,112,112,287,287,321,333,345,345,359,359,389,404,422,422,523,523,539,559,49,49,49,75,75,90,171,171,171,171,188,207,207,309,309,326,52,67,167,167],"floor_reached":38,"language":"ENG","playtime":2674,"items_purged":["hermit:Defend_Hermit","hermit:Strike_Hermit"],"score":456,"play_id":"14a55b67-11ce-49d0-a906-2e10553259bf","local_time":"20210208010337","is_ascension_mode":false,"campfire_choices":[{"floor":11.0,"key":"REST"},{"floor":15.0,"key":"REST"},{"floor":27,"key":"REST"},{"data":"Trip","floor":29,"key":"SMITH"},{"floor":32,"key":"REST"}],"circlet_count":0,"master_deck":["hermit:Strike_Hermit","hermit:Strike_Hermit+1","hermit:Defend_Hermit","hermit:Defend_Hermit","hermit:Snapshot","hermit:Covet","hermit:Grudge+1","hermit:CursedWeapon","Doubt","hermit:ShadowCloak","hermit:HoleUp","hermit:Virtue","hermit:ShadowCloak","hermit:SprayPray","hermit:GhostlyPresence","hermit:FatalDesire","hermit:Desperado","hermit:Enervate+1","hermit:Virtue","Trip+1","hermit:Reprieve","hermit:SprayPray","hermit:Grudge","hermit:LowProfile+1","hermit:FromBeyond","hermit:LowProfile+1","Apotheosis"],"relics":["hermit:ClaspedLocket","NeowsBlessing","hubris:Icosahedron","InkBottle","FossilizedHelix","Whetstone","conspire:InfiniteJournal","conspire:TopHat","StSpp:TwinEgg","Fusion Hammer"],"acts_visited":["Exordium","TheCity","TheBeyond"],"potions_floor_usage":[31,33],"damage_taken":[{"damage":0.0,"enemies":"Jaw Worm","floor":1.0,"turns":1.0},{"damage":0.0,"enemies":"Gremlin Nob","floor":6.0,"turns":1.0},{"damage":0.0,"enemies":"Small Slimes","floor":7.0,"turns":1.0},{"damage":3.0,"enemies":"2 Louse","floor":8.0,"turns":3.0},{"damage":14.0,"enemies":"Exordium Wildlife","floor":10.0,"turns":4.0},{"damage":66.0,"enemies":"3 Sentries","floor":12.0,"turns":12.0},{"damage":2.0,"enemies":"Exordium Thugs","floor":13.0,"turns":5.0},{"damage":0.0,"enemies":"Blue Slaver","floor":14.0,"turns":3.0},{"damage":7.0,"enemies":"Slime Boss","floor":16.0,"turns":14.0},{"damage":10.0,"enemies":"Shell Parasite","floor":18.0,"turns":7.0},{"damage":28.0,"enemies":"3 Byrds","floor":19.0,"turns":5.0},{"damage":0.0,"enemies":"Slavers","floor":23.0,"turns":1.0},{"damage":15,"enemies":"Centurion and Healer","floor":25,"turns":7},{"damage":8,"enemies":"3 Cultists","floor":30,"turns":5},{"damage":32,"enemies":"Snake Plant","floor":31,"turns":5},{"damage":15,"enemies":"Champ","floor":33,"turns":14},{"damage":2,"enemies":"Orb Walker","floor":35,"turns":3},{"damage":49,"enemies":"3 Darklings","floor":37,"turns":4},{"damage":37,"enemies":"2 Orb Walkers","floor":38,"turns":3}],"seed_played":"1449888475523987977","potions_obtained":[{"floor":1.0,"key":"blueLaboratory:EnragingPotion"},{"floor":10.0,"key":"EntropicBrew"},{"floor":13.0,"key":"DistilledChaos"},{"floor":16.0,"key":"ColorlessPotion"},{"floor":25,"key":"blueLaboratory:ImpenetrablePotion"},{"floor":33,"key":"blueLaboratory:HorrorPotion"},{"floor":35,"key":"blueLaboratory:CorrosionFlask"}],"is_trial":false,"path_per_floor":["M","?","?","?","?","E","M","M","T","M","R","E","M","M","R","B",null,"M","M","$","?","?","E","?","M","T","R","?","R","M","M","R","B",null,"M","$","M","?"],"character_chosen":"HERMIT","items_purchased":["hermit:Virtue","conspire:InfiniteJournal","Trip","Apotheosis"],"campfire_rested":4,"item_purchase_floors":[20,20,20,36],"current_hp_per_floor":[75,75,68,68,68,68,68,65,65,51,73,7,5,5,27,20,75,65,37,37,21,21,21,21,22,22,44,44,44,36,4,26,11,75,73,73,28,0,0],"gold":167,"neow_bonus":"THREE_ENEMY_KILL","is_daily":false,"chose_seed":false,"campfire_upgraded":1,"win_rate":0.0,"timestamp":1612742617,"path_taken":["M","?","?","?","?","E","?","M","T","M","R","E","M","M","R","BOSS","M","M","$","?","?","E","?","M","T","R","?","R","M","?","R","BOSS","M","$","M","?"],"items_purchased_type":["Card","Relic","Card","Card"],"build_version":"2020-12-22","purchased_purges":2,"victory":false,"max_hp_per_floor":[75,75,75,75,75,75,75,75,75,75,75,75,75,75,75,75,75,75,75,75,75,75,75,75,75,75,75,75,75,75,75,75,75,75,75,75,75,75,75],"relic_stats":{"counters":[19,98],"Whetstone":["hermit:Grudge","hermit:Strike_Hermit"],"obtain_stats":[{"hermit:ClaspedLocket":17,"hubris:Icosahedron":5,"NeowsBlessing":0,"Enchiridion":21,"StSpp:TwinEgg":26,"Fusion Hammer":34,"Whetstone":12,"hermit:Momento":0,"InkBottle":6,"FossilizedHelix":9,"conspire:TopHat":23,"conspire:InfiniteJournal":20},{"hermit:ClaspedLocket":9,"hubris:Icosahedron":1,"NeowsBlessing":0,"Enchiridion":11,"StSpp:TwinEgg":13,"Fusion Hammer":16,"Whetstone":6,"hermit:Momento":0,"InkBottle":2,"FossilizedHelix":4,"conspire:TopHat":12,"conspire:InfiniteJournal":11},{"hermit:ClaspedLocket":44,"hubris:Icosahedron":1,"NeowsBlessing":0,"Enchiridion":56,"StSpp:TwinEgg":64,"Fusion Hammer":88,"Whetstone":22,"hermit:Momento":0,"InkBottle":2,"FossilizedHelix":6,"conspire:TopHat":57,"conspire:InfiniteJournal":56}],"InkBottle":[35]},"card_choices":[{"not_picked":["hermit:DeadMansHand","hermit:Snipe"],"picked":"hermit:Grudge","floor":1.0},{"not_picked":["hermit:CursedWeapon","hermit:Horror"],"picked":"hermit:ShadowCloak","floor":6.0},{"not_picked":["hermit:CalledShot","hermit:Roulette","hermit:LoneWolf"],"picked":"SKIP","floor":7.0},{"not_picked":["hermit:BodyArmor","hermit:NoHoldsBarred"],"picked":"hermit:HoleUp","floor":8.0},{"not_picked":["hermit:Quickdraw","hermit:BigShot"],"picked":"hermit:Virtue","floor":10.0},{"not_picked":["hermit:ShadowCloak","hermit:Midnight","hermit:DeadMansHand"],"picked":"SKIP","floor":12.0},{"not_picked":["hermit:Midnight","hermit:DeadMansHand"],"picked":"hermit:ShadowCloak","floor":12.0},{"not_picked":["hermit:Brawl","hermit:Ricochet"],"picked":"hermit:SprayPray","floor":13.0},{"not_picked":["hermit:WideOpen","hermit:Virtue"],"picked":"hermit:GhostlyPresence","floor":14.0},{"not_picked":["hermit:EternalForm","hermit:HeroicBravado"],"picked":"hermit:FatalDesire","floor":16.0},{"not_picked":["hermit:CursedWeapon","hermit:FullyLoaded"],"picked":"hermit:Desperado","floor":18.0},{"not_picked":["hermit:Misfire+1","hermit:TakeCover"],"picked":"hermit:Enervate+1","floor":19.0},{"not_picked":["hermit:Shortfuse+1","hermit:ItchyTrigger+1"],"picked":"hermit:Reprieve","floor":23},{"not_picked":["hermit:Feint","hermit:Maintenance"],"picked":"hermit:SprayPray","floor":25},{"not_picked":["hermit:Shortfuse+1","hermit:GoldenBullet"],"picked":"hermit:Grudge","floor":30},{"not_picked":["hermit:Snipe+1","hermit:ItchyTrigger+1"],"picked":"hermit:LowProfile+1","floor":31},{"not_picked":["hermit:BlackWind","hermit:EternalForm"],"picked":"hermit:FromBeyond","floor":33},{"not_picked":["hermit:TrackingShot","hermit:Glare+1"],"picked":"hermit:LowProfile+1","floor":35},{"not_picked":["hermit:PistolWhip","hermit:Brawl+1","hermit:Maintenance"],"picked":"SKIP","floor":37}],"player_experience":335992,"relics_obtained":[{"floor":6.0,"key":"InkBottle"},{"floor":9.0,"key":"FossilizedHelix"},{"floor":12.0,"key":"Whetstone"},{"floor":23,"key":"conspire:TopHat"},{"floor":26,"key":"StSpp:TwinEgg"}],"event_choices":[{"damage_healed":0.0,"max_hp_gain":0.0,"max_hp_loss":0.0,"gold_gain":0.0,"cards_transformed":["hermit:Strike_Hermit"],"event_name":"Living Wall","player_choice":"Change","floor":2.0,"gold_loss":0.0,"damage_taken":0.0,"cards_obtained":["hermit:CursedWeapon"]},{"cards_removed":["hermit:Defend_Hermit"],"damage_healed":0.0,"max_hp_gain":0.0,"max_hp_loss":0.0,"gold_gain":0.0,"event_name":"Golden Wing","player_choice":"Card Removal","floor":3.0,"gold_loss":0.0,"damage_taken":7.0},{"damage_healed":0.0,"max_hp_gain":0.0,"max_hp_loss":0.0,"gold_gain":175.0,"event_name":"Liars Game","player_choice":"AGREE","floor":4.0,"gold_loss":0.0,"damage_taken":0.0,"cards_obtained":["Doubt"]},{"damage_healed":0.0,"max_hp_gain":0.0,"max_hp_loss":0.0,"gold_gain":0.0,"event_name":"Cursed Tome","player_choice":"Obtained Book","floor":21.0,"gold_loss":0.0,"damage_taken":16.0},{"damage_healed":0.0,"max_hp_gain":0.0,"max_hp_loss":0.0,"gold_gain":0.0,"event_name":"Ghosts","player_choice":"Ignored","floor":22.0,"gold_loss":0.0,"damage_taken":0.0},{"damage_healed":0,"gold_gain":0,"player_choice":"Leave","damage_taken":0,"max_hp_gain":0,"max_hp_loss":0,"event_name":"conspire:Investor","floor":24,"gold_loss":0},{"damage_healed":0,"gold_gain":0,"player_choice":"Ignored","damage_taken":0,"max_hp_gain":0,"max_hp_loss":0,"event_name":"NoteForYourself","floor":28,"gold_loss":0},{"damage_healed":0,"gold_gain":0,"player_choice":"Fight","damage_taken":0,"max_hp_gain":0,"max_hp_loss":0,"event_name":"Mysterious Sphere","floor":38,"gold_loss":0}],"is_beta":false,"boss_relics":[{"not_picked":["hubris:RunicObelisk","Runic Pyramid"],"picked":"hermit:ClaspedLocket"},{"not_picked":["hubris:TerracottaHorce","Runic Dome"],"picked":"Fusion Hammer"}],"items_purged_floors":[20,36],"is_endless":false,"potions_floor_spawned":[1,10,13,16,18,25,33,35],"killed_by":"2 Orb Walkers","ascension_level":0}}