{"host":"92wx9z21c4p52du4","time":1612743354,"event":{"mods":["Act Like it!","Arknights","Bard","BaseMod","Infinite Spire","Lobotomy","Minty Spire (QoL Compilation)","Reliquary","Robot Space Explorer","StSLib","SuperFastMode","The Blue Laboratory","The Disciple","The Jungle","The Runesmith","TheSurvivalist"],"gold_per_floor":[116,116,41,54,73,73,86,5,5,5,5,30,48,82,82,179,179,196,215,215,215,231,256,256,3,26,40,40,71,170,181,181,276,276,288,306,306,306,319,319,338,370,441,441,441,474,29,29,29,128,128,120,126,126,143,151,151,151,151,151,166,148,148,178,211,211,300,350,368,384,461,491,491,491,519,519,572,600,600,637,268,270,270,318,318,323,346,363,363,351,351],"floor_reached":90,"language":"ENG","playtime":6271,"items_purged":["Injury","Runesmith:Defend_RS","Runesmith:Strike_RS","Runesmith:Defend_RS","Runesmith:Defend_RS","Runesmith:Fortify+1","Runesmith:EnergizedChisel","Runesmith:Repurpose+1"],"score":1736,"play_id":"804693a9-b698-4dac-9d8f-1e5b573d8dd8","local_time":"20210207181554","is_ascension_mode":false,"campfire_choices":[{"data":"Runesmith:CraftFirestone","floor":6,"key":"SMITH"},{"data":"Runesmith:ChaoticBlast","floor":11,"key":"SMITH"},{"data":"Runesmith:Fortify","floor":15,"key":"SMITH"},{"data":"infinitespire:Collect","floor":24,"key":"SMITH"},{"data":"Runesmith:Duplicate","floor":32,"key":"SMITH"},{"data":"Runesmith:UnlimitedPower","floor":40,"key":"SMITH"},{"data":"Runesmith:Terraform","floor":45,"key":"SMITH"},{"data":"Deep Breath","floor":49,"key":"SMITH"},{"floor":57,"key":"REST"},{"data":"Runesmith:Firestorm","floor":59,"key":"SMITH"},{"floor":63,"key":"REST"},{"floor":66,"key":"REST"},{"data":"Runesmith:Malloc","floor":74,"key":"SMITH"},{"data":"infinitespire:NeuralNetwork","floor":76,"key":"SMITH"},{"floor":79,"key":"REST"},{"floor":83,"key":"REST"}],"circlet_count":0,"master_deck":["Runesmith:CraftFirestone+1","Runesmith:CraftIncendium","Runesmith:ChiselStab","Runesmith:WhiteBalance","Runesmith:CraftMagma","Runesmith:ChaoticBlast+1","Runesmith:GenerateForcefield+1","Runesmith:LightningRod+1","Runesmith:UnlimitedPower+1","Runesmith:ChaoticBlast","Runesmith:Grindstone+1","Runesmith:LightningRod","infinitespire:Collect+1","Runesmith:Refine","Runesmith:OneForEveryone","Runesmith:RunicBlueprint","Runesmith:PoweredAnvil","Runesmith:Duplicate+1","Runesmith:ReplicatingBarrier","Runesmith:Terraform+1","infinitespire:Fortify+1","Runesmith:LithiumIon+1","Runesmith:Firestorm+1","infinitespire:Collect+1","Deep Breath+1","Runesmith:GrandSlam+1","Runesmith:Discharge","infinitespire:SevenWalls+1","Runesmith:Malloc+1","Runesmith:GoWithTheFlow+1","Runesmith:CraftIndustria","infinitespire:Punishment","Runesmith:LithiumIon+1","Runesmith:CraftMedicinae","infinitespire:NeuralNetwork+1","Runesmith:BackupBattery+1","Runesmith:Firestorm","Runesmith:CraftPrismatica","Runesmith:Grindstone+1"],"relics":["Runic Capacitor","infinitespire:EvilPickle","ats:Snipe","infinitespire:Midas Blood","infinitespire:CursedDice","reliquary:Crutches","reliquary:LoveEmittingDiode","reliquary:PrincelyHelmet","reliquary:Buckler","ats:Berate","theJungle:WildMango","Ginger","Mango","Lee\u0027s Waffle","reliquary:Firecrackers","reliquary:FerryPass","StoneCalendar","infinitespire:Cupcake","infinitespire:Chaos","reliquary:JackalopeAntler","reliquary:PurpleTingedLeaf","Tiny House","Whetstone","Juzu Bracelet","Runesmith:MiniCore","Runic Pyramid","Prayer Wheel"],"acts_visited":["Exordium","TheCity","TheBeyond","Exordium","TheCity","TheBeyond"],"potions_floor_usage":[12,14,29,36,39,42,61,62,62,67,69,75,78,90],"damage_taken":[{"damage":0,"enemies":"Cultist","floor":1,"turns":4},{"damage":0,"enemies":"Jaw Worm","floor":4,"turns":4},{"damage":3,"enemies":"Small Slimes","floor":5,"turns":3},{"damage":7,"enemies":"Exordium Thugs","floor":7,"turns":4},{"damage":0,"enemies":"Gremlin Nob","floor":12,"turns":3},{"damage":0,"enemies":"Exordium Wildlife","floor":13,"turns":3},{"damage":0,"enemies":"Lagavulin","floor":14,"turns":4},{"damage":2,"enemies":"Hexaghost","floor":16,"turns":9},{"damage":0,"enemies":"3 Byrds","floor":18,"turns":3},{"damage":4,"enemies":"Shell Parasite","floor":19,"turns":5},{"damage":0,"enemies":"3 Cultists","floor":22,"turns":3},{"damage":0,"enemies":"Nightmare","floor":23,"turns":8},{"damage":0,"enemies":"Snecko","floor":27,"turns":5},{"damage":0,"enemies":"Slavers","floor":29,"turns":4},{"damage":7,"enemies":"Snake Plant","floor":31,"turns":3},{"damage":12,"enemies":"Collector","floor":33,"turns":7},{"damage":0,"enemies":"3 Shapes","floor":35,"turns":2},{"damage":0,"enemies":"3 Darklings","floor":36,"turns":4},{"damage":12,"enemies":"4 Shapes","floor":39,"turns":4},{"damage":0,"enemies":"Sphere and 2 Shapes","floor":41,"turns":4},{"damage":0,"enemies":"Nightmare","floor":42,"turns":6},{"damage":0,"enemies":"Giant Head","floor":46,"turns":11},{"damage":21,"enemies":"infinitespire:MassOfShapes","floor":50,"turns":4},{"damage":0,"enemies":"Cultist","floor":52,"turns":4},{"damage":0,"enemies":"Small Slimes","floor":53,"turns":1},{"damage":19,"enemies":"2 Louse","floor":55,"turns":3},{"damage":31,"enemies":"Blue Slaver","floor":56,"turns":3},{"damage":16,"enemies":"Exordium Wildlife","floor":61,"turns":3},{"damage":49,"enemies":"Nightmare","floor":62,"turns":8},{"damage":42,"enemies":"Lots of Slimes","floor":65,"turns":2},{"damage":49,"enemies":"The Guardian","floor":67,"turns":7},{"damage":0,"enemies":"3 Byrds","floor":69,"turns":3},{"damage":0,"enemies":"Shell Parasite","floor":70,"turns":4},{"damage":0,"enemies":"3 Cultists","floor":72,"turns":2},{"damage":25,"enemies":"Centurion and Healer","floor":75,"turns":4},{"damage":34,"enemies":"Shelled Parasite and Fungi","floor":78,"turns":4},{"damage":16,"enemies":"Snecko","floor":80,"turns":5},{"damage":26,"enemies":"Champ","floor":84,"turns":9},{"damage":60,"enemies":"3 Darklings","floor":86,"turns":6},{"damage":32,"enemies":"Orb Walker","floor":87,"turns":2},{"damage":19,"enemies":"Mind Bloom Boss Battle","floor":88,"turns":7},{"damage":162,"enemies":"2 Orb Walkers","floor":90,"turns":5}],"seed_played":"1670638331839841276","potions_obtained":[{"floor":1,"key":"PowerPotion"},{"floor":5,"key":"blueLaboratory:SavagePotion"},{"floor":19,"key":"SpeedPotion"},{"floor":23,"key":"blueLaboratory:AbyssPotion"},{"floor":27,"key":"Block Potion"},{"floor":33,"key":"Dexterity Potion"},{"floor":35,"key":"PowerPotion"},{"floor":36,"key":"blueLaboratory:FruitPunch"},{"floor":41,"key":"SkillPotion"},{"floor":50,"key":"Dexterity Potion"},{"floor":56,"key":"blueLaboratory:FrostheartPotion"},{"floor":65,"key":"Energy Potion"},{"floor":68,"key":"SneckoOil"},{"floor":70,"key":"BlessingOfTheForge"},{"floor":75,"key":"PowerPotion"},{"floor":87,"key":"blueLaboratory:LouseDecoction"},{"floor":88,"key":"blueLaboratory:BottleOfRum"}],"is_trial":false,"path_per_floor":["M","?","$","M","M","R","M","$","T","?","R","E","M","E","R","B",null,"M","M","?","AVR","M","NM","R","$","T","M","?","E","?","M","R","B",null,"M","M","?","AVR","M","R","M","NM","T","?","R","E","$","?","R","B",null,"M","M","AVR","M","M","R","?","R","T","M","NM","R","?","M","R","B",null,"M","M","?","M","AVR","R","M","R","T","M","R","M","$","?","R","B",null,"M","M","?","?","?"],"character_chosen":"RUNESMITH_CLASS","items_purchased":["Runesmith:ChaoticBlast","Runesmith:RunicBlueprint","Runesmith:PoweredAnvil","DollysMirror","Secret Weapon","Runesmith:MiniCore","Runesmith:Firestorm"],"campfire_rested":5,"item_purchase_floors":[8,25,25,47,47,81,81],"current_hp_per_floor":[70,70,70,70,67,67,60,60,60,60,60,60,60,60,60,58,70,70,66,66,66,66,66,66,66,66,66,66,66,66,59,59,47,70,70,70,70,70,60,60,60,60,60,60,60,60,60,60,60,39,72,72,72,107,88,57,89,89,89,89,73,24,56,56,14,46,39,112,112,112,101,102,102,102,79,79,79,46,79,63,63,40,75,53,117,59,28,15,127,0,0],"gold":351,"neow_bonus":"ONE_RARE_RELIC","is_daily":false,"chose_seed":false,"campfire_upgraded":11,"win_rate":0.0,"timestamp":1612743354,"path_taken":["M","?","$","M","M","R","M","?","T","?","R","E","?","E","R","BOSS","M","M","?","AVR","M","NM","R","$","T","?","?","E","?","M","R","BOSS","M","M","?","AVR","?","R","M","NM","T","?","R","E","$","?","R","BOSS","M","M","AVR","M","M","R","?","R","T","M","NM","R","?","M","R","BOSS","M","M","?","M","AVR","R","M","R","T","M","R","M","$","?","R","BOSS","M","M","?","?","?"],"items_purchased_type":["Card","Card","Card","Relic","Card","Relic","Card"],"build_version":"2020-12-22","purchased_purges":8,"victory":false,"max_hp_per_floor":[70,70,70,70,70,70,70,70,70,70,70,70,70,70,70,70,70,70,70,70,70,70,70,70,70,70,70,70,70,70,70,70,70,70,70,70,70,70,72,72,72,72,72,72,72,72,72,72,72,72,72,72,72,107,107,107,107,107,107,107,107,107,107,107,107,107,107,112,112,112,112,112,112,112,112,112,112,112,112,112,112,117,117,117,117,117,117,117,127,127,127],"card_choices":[{"not_picked":["Runesmith:UnstableHammer","Runesmith:NegativeSpace"],"picked":"Runesmith:CraftIncendium","floor":1},{"not_picked":["Runesmith:ShiftingStrike","Runesmith:StaticCage"],"picked":"Runesmith:WhiteBalance","floor":4},{"not_picked":["Runesmith:EnergizedChisel","Runesmith:Repurpose"],"picked":"Runesmith:CraftMagma","floor":5},{"not_picked":["Runesmith:Empowerment","Runesmith:Discharge"],"picked":"Runesmith:EnergizedChisel","floor":7},{"not_picked":["Runesmith:OneForEveryone","Runesmith:GoWithTheFlow"],"picked":"Runesmith:GenerateForcefield","floor":12},{"not_picked":["Runesmith:CraftProtectio","Runesmith:HammerTime","Runesmith:MakeshiftArmor"],"picked":"SKIP","floor":13},{"not_picked":["Runesmith:HammerTime","Runesmith:Retool"],"picked":"Runesmith:LightningRod","floor":14},{"not_picked":["Runesmith:LastStand","Runesmith:GenerateForcefield"],"picked":"Runesmith:UnlimitedPower","floor":16},{"not_picked":["Runesmith:BackupBattery","Runesmith:HammerThrow"],"picked":"Runesmith:ChaoticBlast","floor":18},{"not_picked":["Runesmith:Overpower","Runesmith:ShiftingStrike+1"],"picked":"Runesmith:Grindstone+1","floor":19},{"not_picked":["Runesmith:HeatedChisel+1","Runesmith:Repurpose"],"picked":"Runesmith:Refine","floor":22},{"not_picked":["Runesmith:EnergizedChisel","Runesmith:WhiteBalance"],"picked":"Runesmith:OneForEveryone","floor":23},{"not_picked":["Runesmith:Attraction+1","Runesmith:ChiselStab+1"],"picked":"Runesmith:Duplicate","floor":27},{"not_picked":["Runesmith:NanitesCloud+1","Runesmith:LightningRod"],"picked":"Runesmith:Repurpose+1","floor":29},{"not_picked":["Runesmith:Overpower+1","Runesmith:BackupBattery"],"picked":"Runesmith:RuneHurl","floor":31},{"not_picked":["Runesmith:Duplicate","Runesmith:ArcReactor"],"picked":"Runesmith:ReplicatingBarrier","floor":33},{"not_picked":["Runesmith:Malloc","Runesmith:StaticCage"],"picked":"Runesmith:Terraform","floor":35},{"not_picked":["Runesmith:HeatedChisel","Runesmith:Empowerment","Runesmith:EarthShield"],"picked":"SKIP","floor":36},{"not_picked":["Runesmith:HeatedChisel","Runesmith:Empowerment","Runesmith:EarthShield"],"picked":"SKIP","floor":36},{"not_picked":["Runesmith:FrozenChisel","Runesmith:StaticCage","Runesmith:BackupBattery"],"picked":"SKIP","floor":39},{"not_picked":["Runesmith:HeatExchange+1","Runesmith:MakeshiftArmor","Runesmith:HammerTime+1"],"picked":"SKIP","floor":41},{"not_picked":["Runesmith:Reinforce","Runesmith:CreatorForm"],"picked":"Runesmith:LithiumIon","floor":42},{"not_picked":["Runesmith:FieryHammer+1","Runesmith:HeatedChisel"],"picked":"Runesmith:Firestorm","floor":46},{"not_picked":["Mind Blast","Finesse"],"picked":"Deep Breath","floor":48},{"not_picked":["Runesmith:CraftIndustria","Runesmith:Duplicate"],"picked":"Runesmith:GrandSlam","floor":50},{"not_picked":["Runesmith:PerfectChisel","Runesmith:FrozenChisel","Runesmith:Overpower"],"picked":"SKIP","floor":52},{"not_picked":["Runesmith:RuneHurl","Runesmith:BackupBattery"],"picked":"Runesmith:Discharge","floor":53},{"not_picked":["Runesmith:StaticCage","Runesmith:UnstableHammer","Runesmith:BackupBattery"],"picked":"SKIP","floor":55},{"not_picked":["Runesmith:ChiselStab","Runesmith:GoWithTheFlow"],"picked":"Runesmith:Malloc","floor":56},{"not_picked":["Runesmith:UnstableHammer","Runesmith:CraftMagma","Runesmith:ElementalConversion"],"picked":"SKIP","floor":61},{"not_picked":["Runesmith:BackupBattery","Runesmith:HeatedChisel","Runesmith:ReplicatingBarrier"],"picked":"SKIP","floor":62},{"not_picked":["Runesmith:Repurpose","Runesmith:HeatExchange"],"picked":"Runesmith:GoWithTheFlow","floor":65},{"not_picked":["Runesmith:CreatorForm","Runesmith:CraftMedicinae"],"picked":"Runesmith:CraftIndustria","floor":67},{"not_picked":["infinitespire:FinalStrike","infinitespire:Menacing"],"picked":"infinitespire:Punishment","floor":68},{"not_picked":["Runesmith:Empowerment","Runesmith:BackupBattery","Runesmith:EnergizedChisel+1"],"picked":"SKIP","floor":69},{"not_picked":["Runesmith:Grindstone","Runesmith:Accelerate"],"picked":"Runesmith:LithiumIon+1","floor":70},{"not_picked":["Runesmith:MakeshiftArmor","Runesmith:Overpower+1"],"picked":"Runesmith:CraftMedicinae","floor":72},{"not_picked":["Runesmith:CraftMagma","Runesmith:PoweredAnvil","Runesmith:UnstableHammer+1"],"picked":"SKIP","floor":75},{"not_picked":["Runesmith:ShiftingStrike","Runesmith:HammerThrow"],"picked":"Runesmith:BackupBattery+1","floor":78},{"not_picked":["Runesmith:FieryHammer","Runesmith:BackupBattery","Runesmith:Retool"],"picked":"SKIP","floor":80},{"not_picked":["Runesmith:ArcReactor","Runesmith:LastStand"],"picked":"Runesmith:CraftPrismatica","floor":84},{"not_picked":["Runesmith:PoweredAnvil+1","Runesmith:CraftMagma+1","Runesmith:MakeshiftArmor+1"],"picked":"SKIP","floor":86},{"not_picked":["Runesmith:ElementalConversion","Runesmith:CraftReservo+1"],"picked":"Runesmith:Grindstone+1","floor":87}],"player_experience":212906,"relics_obtained":[{"floor":9,"key":"HornCleat"},{"floor":12,"key":"Ornamental Fan"},{"floor":14,"key":"FossilizedHelix"},{"floor":23,"key":"Omamori"},{"floor":26,"key":"Akabeko"},{"floor":29,"key":"reliquary:HotPoker"},{"floor":42,"key":"reliquary:RosewoodLute"},{"floor":43,"key":"Runesmith:Nanobots"},{"floor":46,"key":"CaptainsWheel"},{"floor":60,"key":"reliquary:JackalopeAntler"},{"floor":62,"key":"reliquary:PurpleTingedLeaf"},{"floor":77,"key":"Juzu Bracelet"},{"floor":88,"key":"Prayer Wheel"}],"event_choices":[{"damage_healed":0,"gold_gain":0,"cards_transformed":["Runesmith:Strike_RS"],"player_choice":"Change","damage_taken":0,"max_hp_gain":0,"max_hp_loss":0,"event_name":"Living Wall","floor":2,"gold_loss":0,"cards_obtained":["Runesmith:ChiselStab"]},{"cards_removed":["Runesmith:Strike_RS"],"damage_healed":0,"gold_gain":0,"player_choice":"Card Removal","damage_taken":0,"max_hp_gain":0,"max_hp_loss":0,"event_name":"Wheel of Change","floor":10,"gold_loss":0},{"damage_healed":0,"gold_gain":0,"player_choice":"Copied","damage_taken":0,"max_hp_gain":0,"max_hp_loss":0,"event_name":"Duplicator","floor":20,"gold_loss":0,"cards_obtained":["Runesmith:LightningRod"]},{"damage_healed":0,"gold_gain":0,"player_choice":"Stole Relic","damage_taken":0,"relics_obtained":["Letter Opener"],"max_hp_gain":0,"max_hp_loss":0,"event_name":"Addict","floor":28,"gold_loss":0,"cards_obtained":["Shame"]},{"damage_healed":0,"gold_gain":99,"player_choice":"Stole From Cult","damage_taken":0,"max_hp_gain":0,"max_hp_loss":0,"event_name":"Nest","floor":30,"gold_loss":0},{"damage_healed":0,"gold_gain":0,"player_choice":"Forge","damage_taken":0,"max_hp_gain":0,"max_hp_loss":0,"event_name":"Accursed Blacksmith","floor":37,"gold_loss":0,"cards_upgraded":["Runesmith:GenerateForcefield"]},{"cards_removed":["Runesmith:RuneHurl"],"damage_healed":0,"gold_gain":0,"player_choice":"Removed Attack","damage_taken":0,"max_hp_gain":0,"max_hp_loss":0,"event_name":"Falling","floor":44,"gold_loss":0},{"damage_healed":0,"gold_gain":0,"player_choice":"Memory 1","damage_taken":0,"max_hp_gain":0,"max_hp_loss":0,"event_name":"SensoryStone","floor":48,"gold_loss":0},{"damage_healed":0,"gold_gain":0,"player_choice":"Grow","damage_taken":0,"max_hp_gain":0,"max_hp_loss":0,"event_name":"Living Wall","floor":58,"gold_loss":0,"cards_upgraded":["Runesmith:LithiumIon"]},{"damage_healed":0,"gold_gain":30,"player_choice":"Searched \u00272\u0027 times","damage_taken":0,"max_hp_gain":0,"max_hp_loss":0,"event_name":"Dead Adventurer","floor":64,"gold_loss":0},{"damage_healed":0,"gold_gain":75,"player_choice":"Touch","damage_taken":11,"max_hp_gain":0,"max_hp_loss":0,"event_name":"FaceTrader","floor":71,"gold_loss":0},{"damage_healed":0,"gold_gain":0,"player_choice":"Shed Blood","damage_taken":28,"max_hp_gain":5,"max_hp_loss":0,"event_name":"Forgotten Altar","floor":82,"gold_loss":0},{"damage_healed":0,"gold_gain":0,"player_choice":"Fight","damage_taken":0,"max_hp_gain":0,"max_hp_loss":0,"event_name":"MindBloom","floor":88,"gold_loss":0},{"cards_removed":["Secret Weapon"],"damage_healed":102,"gold_gain":0,"player_choice":"Offered Rare","damage_taken":0,"max_hp_gain":10,"max_hp_loss":0,"event_name":"Bonfire Elementals","floor":89,"gold_loss":0},{"damage_healed":0,"gold_gain":0,"player_choice":"Fight","damage_taken":0,"max_hp_gain":0,"max_hp_loss":0,"event_name":"Mysterious Sphere","floor":90,"gold_loss":0}],"is_beta":false,"boss_relics":[{"not_picked":["Velvet Choker","Runesmith:PocketReactor"],"picked":"infinitespire:Cupcake"},{"not_picked":["reliquary:WritOfMandamus","reliquary:RedPaperclip"],"picked":"Runesmith:CoreCrystal"},{"not_picked":["Sozu","Astrolabe"],"picked":"Empty Cage"},{"not_picked":["reliquary:WritOfMandamus","Philosopher\u0027s Stone"],"picked":"Tiny House"},{"not_picked":["Pandora\u0027s Box","Fusion Hammer"],"picked":"Runic Pyramid"}],"items_purged_floors":[3,21,25,38,47,54,73,81],"is_endless":true,"potions_floor_spawned":[1,5,19,23,27,33,35,36,41,50,55,56,65,70,75,87,88],"killed_by":"2 Orb Walkers","ascension_level":0}}