{"host":"gkm149kh1ihaqy0o","time":1612806431,"event":{"mods":["AchievementEnabler","BaseMod","Colored Powertips","Googly Eyes","Key Reminder","Minty Spire (QoL Compilation)","Permanent Neow","Quick Restart","Random Character Button","Rare Cards Sparkle","Relic Sorter","Relic Stats","SuperFastMode","Unceasing Turn Reminder","everything is the same but u backflip on backflip"],"gold_per_floor":[110,123,48,58,27,52,52,81,108,108,108,138,38,71,71,168,168,186,201,201,218,232,259,259,292,342,353,382,401,401,417,417,516,516,530,541,541,541,553,580,598,627,708,708,708,52,52,68,68,68],"floor_reached":51,"language":"ENG","playtime":2389,"items_purged":["Strike_B","Strike_B","Strike_B"],"score":1206,"play_id":"a9c6122b-8a77-4c1c-ab34-d47f634ae590","local_time":"20210208114711","is_ascension_mode":true,"campfire_choices":[{"floor":7,"key":"REST"},{"data":"Apotheosis","floor":11,"key":"SMITH"},{"data":"Turbo","floor":15,"key":"SMITH"},{"data":"Aggregate","floor":30,"key":"SMITH"},{"data":"Static Discharge","floor":32,"key":"SMITH"},{"data":"Coolheaded","floor":49,"key":"SMITH"}],"circlet_count":0,"master_deck":["Defend_B","Defend_B","Defend_B","Defend_B","Zap","Dualcast","Apotheosis+1","Self Repair","White Noise","Rebound","Sweeping Beam","Aggregate+1","Scrape","Meteor Strike","All For One","Leap+1","Skim","Undo","Genetic Algorithm","Sunder+1","Double Energy","Storm","Melter+1","Biased Cognition","Static Discharge+1","Core Surge+1","Storm","Hello World+1","Rainbow","Scrape+1","Storm","Seek","Machine Learning","Coolheaded+1"],"relics":["FrozenCore","Orichalcum","Strawberry","Oddly Smooth Stone","PreservedInsect","Bottled Tornado","Snecko Eye","Eternal Feather","Molten Egg 2","Bottled Flame","keyreminder:keyreminder","Vajra","Mummified Hand","StrikeDummy","Akabeko","Bottled Lightning","Sundial","Strange Spoon"],"acts_visited":["Exordium","TheCity","TheBeyond"],"potions_floor_usage":[5,12,16,27,27,35,48],"damage_taken":[{"damage":18,"enemies":"Small Slimes","floor":1,"turns":4},{"damage":4,"enemies":"Jaw Worm","floor":2,"turns":3},{"damage":3,"enemies":"Cultist","floor":4,"turns":4},{"damage":15,"enemies":"Exordium Thugs","floor":5,"turns":5},{"damage":22,"enemies":"Gremlin Nob","floor":6,"turns":4},{"damage":24,"enemies":"Lagavulin","floor":8,"turns":6},{"damage":17,"enemies":"Gremlin Nob","floor":12,"turns":5},{"damage":0,"enemies":"Lagavulin","floor":14,"turns":4},{"damage":39,"enemies":"Hexaghost","floor":16,"turns":6},{"damage":18,"enemies":"2 Thieves","floor":18,"turns":3},{"damage":4,"enemies":"Shell Parasite","floor":19,"turns":4},{"damage":0,"enemies":"Centurion and Healer","floor":21,"turns":5},{"damage":18,"enemies":"Snake Plant","floor":22,"turns":2},{"damage":8,"enemies":"Book of Stabbing","floor":23,"turns":4},{"damage":12,"enemies":"Gremlin Leader","floor":25,"turns":4},{"damage":6,"enemies":"Cultist and Chosen","floor":27,"turns":3},{"damage":1,"enemies":"Slavers","floor":28,"turns":3},{"damage":0,"enemies":"Centurion and Healer","floor":29,"turns":4},{"damage":13,"enemies":"Snake Plant","floor":31,"turns":3},{"damage":35,"enemies":"Collector","floor":33,"turns":6},{"damage":8,"enemies":"3 Darklings","floor":35,"turns":4},{"damage":5,"enemies":"Orb Walker","floor":36,"turns":2},{"damage":0,"enemies":"Transient","floor":39,"turns":5},{"damage":0,"enemies":"Giant Head","floor":40,"turns":4},{"damage":12,"enemies":"4 Shapes","floor":41,"turns":2},{"damage":8,"enemies":"Nemesis","floor":42,"turns":5},{"damage":0,"enemies":"Jaw Worm Horde","floor":48,"turns":2},{"damage":58,"enemies":"Time Eater","floor":50,"turns":8}],"seed_played":"-2044451528349924186","potions_obtained":[{"floor":1,"key":"ColorlessPotion"},{"floor":5,"key":"LiquidMemories"},{"floor":6,"key":"EssenceOfSteel"},{"floor":14,"key":"CultistPotion"},{"floor":22,"key":"SpeedPotion"},{"floor":23,"key":"Regen Potion"},{"floor":25,"key":"Fire Potion"},{"floor":27,"key":"Weak Potion"},{"floor":33,"key":"Fire Potion"},{"floor":35,"key":"Energy Potion"},{"floor":39,"key":"SkillPotion"},{"floor":40,"key":"Dexterity Potion"}],"is_trial":false,"path_per_floor":["M","M","$","M","M","E","R","E","T","?","R","E","$","E","R","B",null,"M","M","?","M","M","E","T","E","T","M","E","M","R","M","R","B",null,"M","M","?","?","M","E","M","E","T","?","T","$","?","M","R","B",null],"character_chosen":"DEFECT","items_purchased":["Strange Spoon","Seek","Machine Learning","DistilledChaos"],"campfire_rested":1,"item_purchase_floors":[46,46,46,46],"current_hp_per_floor":[50,56,56,60,55,40,60,53,53,75,75,65,65,75,75,46,68,57,53,53,60,49,48,48,36,36,39,38,38,53,47,62,37,66,65,67,67,67,74,75,70,69,69,69,69,69,69,71,71,13],"gold":68,"neow_bonus":"RANDOM_COLORLESS_2","is_daily":false,"chose_seed":false,"campfire_upgraded":5,"win_rate":0.0,"timestamp":1612806431,"path_taken":["M","M","$","M","M","E","R","E","T","?","R","E","$","E","R","BOSS","M","M","?","M","?","E","?","E","T","M","E","M","R","M","R","BOSS","M","M","?","?","?","E","?","E","T","?","?","$","?","M","R","BOSS"],"items_purchased_type":["Relic","Card","Card","Potion"],"build_version":"2020-12-22","purchased_purges":3,"victory":true,"max_hp_per_floor":[68,68,68,68,68,68,68,75,75,75,75,75,75,75,75,75,75,75,75,75,75,75,75,75,75,75,75,75,75,75,75,75,75,75,75,75,75,75,75,75,75,75,75,75,75,75,71,71,71,71],"relic_stats":{"Strange Spoon":[3],"counters":[28,113],"Mummified Hand":[97],"Sundial":[0],"Snecko Eye":[161,176,191,141],"Eternal Feather":30,"PreservedInsect":338,"Orichalcum":[90],"obtain_stats":[{"Oddly Smooth Stone":9,"Vajra":26,"Eternal Feather":23,"PreservedInsect":12,"Orichalcum":6,"Bottled Tornado":14,"Akabeko":42,"FrozenCore":34,"keyreminder:keyreminder":25,"Strange Spoon":46,"Bottled Flame":25,"Mummified Hand":28,"Sundial":45,"Strawberry":8,"Snecko Eye":17,"Molten Egg 2":24,"Bottled Lightning":43,"Cracked Core":0,"StrikeDummy":40},{"Oddly Smooth Stone":6,"Vajra":15,"Eternal Feather":14,"PreservedInsect":7,"Orichalcum":5,"Bottled Tornado":8,"Akabeko":26,"FrozenCore":20,"keyreminder:keyreminder":15,"Strange Spoon":26,"Bottled Flame":15,"Mummified Hand":17,"Sundial":26,"Strawberry":6,"Snecko Eye":9,"Molten Egg 2":14,"Bottled Lightning":26,"Cracked Core":0,"StrikeDummy":24},{"Oddly Smooth Stone":25,"Vajra":62,"Eternal Feather":58,"PreservedInsect":30,"Orichalcum":20,"Bottled Tornado":34,"Akabeko":103,"FrozenCore":81,"keyreminder:keyreminder":62,"Strange Spoon":103,"Bottled Flame":62,"Mummified Hand":68,"Sundial":103,"Strawberry":25,"Snecko Eye":40,"Molten Egg 2":58,"Bottled Lightning":103,"Cracked Core":0,"StrikeDummy":96}],"FrozenCore":[3]},"card_choices":[{"not_picked":["Master of Strategy","Secret Weapon"],"picked":"Apotheosis","floor":0},{"not_picked":["Lockon","Static Discharge"],"picked":"Self Repair","floor":1},{"not_picked":["Beam Cell","Stack"],"picked":"White Noise","floor":2},{"not_picked":["BootSequence","Steam"],"picked":"Turbo","floor":4},{"not_picked":["Go for the Eyes","Coolheaded"],"picked":"Rebound","floor":5},{"not_picked":["Hologram","Leap"],"picked":"Sweeping Beam","floor":6},{"not_picked":["Turbo","Heatsinks"],"picked":"Aggregate","floor":8},{"not_picked":["Turbo","BootSequence"],"picked":"Scrape","floor":12},{"not_picked":["Chaos","Sunder"],"picked":"Meteor Strike","floor":14},{"not_picked":["Fission","Rainbow"],"picked":"All For One","floor":16},{"not_picked":["Gash","Sweeping Beam"],"picked":"Leap+1","floor":18},{"not_picked":["Barrage","Sweeping Beam"],"picked":"Skim","floor":19},{"not_picked":["Recycle","Chaos"],"picked":"Undo","floor":21},{"not_picked":["Compile Driver","Stack+1"],"picked":"Genetic Algorithm","floor":22},{"not_picked":["Coolheaded","Tempest"],"picked":"Sunder+1","floor":23},{"not_picked":["Capacitor","Force Field"],"picked":"Double Energy","floor":25},{"not_picked":["Go for the Eyes+1","Blizzard+1"],"picked":"Storm","floor":27},{"not_picked":["Reprogram","Blizzard+1"],"picked":"Melter+1","floor":28},{"not_picked":["Aggregate","Coolheaded"],"picked":"Biased Cognition","floor":29},{"not_picked":["Streamline+1","Ball Lightning+1"],"picked":"Static Discharge","floor":31},{"not_picked":["Rainbow","All For One+1"],"picked":"Core Surge+1","floor":33},{"not_picked":["Consume+1","Compile Driver+1"],"picked":"Storm","floor":35},{"not_picked":["Stack","Cold Snap+1"],"picked":"Hello World+1","floor":36},{"not_picked":["Turbo","Steam"],"picked":"Rainbow","floor":39},{"not_picked":["Turbo+1","Rip and Tear+1","Gash+1"],"picked":"SKIP","floor":40},{"not_picked":["Turbo+1","Rip and Tear+1","Gash+1"],"picked":"SKIP","floor":40},{"not_picked":["Streamline+1","Stack"],"picked":"Scrape+1","floor":41},{"not_picked":["Genetic Algorithm","Leap+1"],"picked":"Storm","floor":42},{"not_picked":["Rebound+1","Compile Driver+1"],"picked":"Coolheaded","floor":48}],"player_experience":642014,"relics_obtained":[{"floor":6,"key":"Orichalcum"},{"floor":8,"key":"Strawberry"},{"floor":9,"key":"Oddly Smooth Stone"},{"floor":12,"key":"PreservedInsect"},{"floor":14,"key":"Bottled Tornado"},{"floor":23,"key":"Eternal Feather"},{"floor":24,"key":"Molten Egg 2"},{"floor":25,"key":"Bottled Flame"},{"floor":26,"key":"Vajra"},{"floor":28,"key":"Mummified Hand"},{"floor":40,"key":"StrikeDummy"},{"floor":42,"key":"Akabeko"},{"floor":43,"key":"Bottled Lightning"},{"floor":45,"key":"Sundial"}],"event_choices":[{"damage_healed":25,"gold_gain":0,"player_choice":"Banana","damage_taken":0,"max_hp_gain":0,"max_hp_loss":0,"event_name":"Big Fish","floor":10,"gold_loss":0},{"cards_removed":["Turbo"],"damage_healed":0,"gold_gain":0,"player_choice":"Purged","damage_taken":0,"max_hp_gain":0,"max_hp_loss":0,"event_name":"Purifier","floor":20,"gold_loss":0},{"cards_removed":["Strike_B"],"damage_healed":0,"gold_gain":0,"player_choice":"Removed Attack","damage_taken":0,"max_hp_gain":0,"max_hp_loss":0,"event_name":"Falling","floor":37,"gold_loss":0},{"damage_healed":0,"gold_gain":0,"player_choice":"Ignored","damage_taken":0,"max_hp_gain":0,"max_hp_loss":0,"event_name":"SecretPortal","floor":38,"gold_loss":0},{"damage_healed":0,"gold_gain":0,"player_choice":"Ignored","damage_taken":0,"max_hp_gain":0,"max_hp_loss":0,"event_name":"Tomb of Lord Red Mask","floor":44,"gold_loss":0},{"damage_healed":0,"gold_gain":0,"player_choice":"Max HP","damage_taken":0,"max_hp_gain":0,"max_hp_loss":4,"event_name":"Winding Halls","floor":47,"gold_loss":0}],"is_beta":false,"boss_relics":[{"not_picked":["Nuclear Battery","Philosopher\u0027s Stone"],"picked":"Snecko Eye"},{"not_picked":["Pandora\u0027s Box","Inserter"],"picked":"FrozenCore"}],"items_purged_floors":[3,13,46],"is_endless":false,"potions_floor_spawned":[1,5,6,14,22,23,25,27,33,35,39,40,42],"ascension_level":9}}