{"host":"7368wqr6hq1ej5wt","time":1612793364,"event":{"mods":["BaseMod","Colored Map","Colored Powertips","Minty Spire (QoL Compilation)","Replay The Spire","StSLib"],"gold_per_floor":[115,115,134,145,161,161,161],"floor_reached":6,"language":"ENG","playtime":799,"items_purged":[],"score":38,"play_id":"7f1b31ba-12a9-44c3-95d0-dfb4bb8f588a","local_time":"20210208150924","is_ascension_mode":false,"campfire_choices":[],"circlet_count":0,"master_deck":["Strike_R","Strike_R","Strike_R","Strike_R","Strike_R","Defend_R","Defend_R","Defend_R","Defend_R","Bash","Spot Weakness","Dual Wield","Berserk","Heavy Blade","Uppercut","Thunderclap"],"relics":["Burning Blood"],"acts_visited":["Exordium"],"potions_floor_usage":[5,6],"damage_taken":[{"damage":9,"enemies":"Jaw Worm","floor":1,"turns":4},{"damage":7,"enemies":"Cultist","floor":3,"turns":5},{"damage":0,"enemies":"2 Louse","floor":4,"turns":3},{"damage":25,"enemies":"Exordium Wildlife","floor":5,"turns":6},{"damage":58,"enemies":"Lagavulin","floor":6,"turns":8}],"seed_played":"6343490226162444917","potions_obtained":[{"floor":4,"key":"Reflective Coating"},{"floor":5,"key":"Reflective Coating"}],"is_trial":false,"path_per_floor":["M","?","M","M","M","E"],"character_chosen":"IRONCLAD","items_purchased":[],"campfire_rested":0,"item_purchase_floors":[],"current_hp_per_floor":[85,85,84,88,69,11,11],"gold":161,"neow_bonus":"TEN_PERCENT_HP_BONUS","is_daily":false,"chose_seed":false,"campfire_upgraded":0,"win_rate":0.0,"timestamp":1612793364,"path_taken":["M","?","M","M","M","E"],"items_purchased_type":[],"build_version":"2020-12-22","purchased_purges":0,"victory":false,"max_hp_per_floor":[88,88,88,88,88,88,88],"card_choices":[{"not_picked":["Headbutt","Anger"],"picked":"Spot Weakness","floor":1},{"not_picked":["True Grit","Pummel"],"picked":"Heavy Blade","floor":3},{"not_picked":["Armaments","Anger"],"picked":"Uppercut","floor":4},{"not_picked":["Uppercut","Second Wind"],"picked":"Thunderclap","floor":5}],"player_experience":208446,"relics_obtained":[],"event_choices":[{"damage_healed":0,"gold_gain":0,"player_choice":"2 cards matched","damage_taken":0,"max_hp_gain":0,"max_hp_loss":0,"event_name":"Match and Keep!","floor":2,"gold_loss":0,"cards_obtained":["Dual Wield","Berserk"]},{"damage_healed":0,"gold_gain":0,"player_choice":"2 cards matched","damage_taken":0,"max_hp_gain":0,"max_hp_loss":0,"event_name":"Match and Keep!","floor":2,"gold_loss":0,"cards_obtained":["Dual Wield","Berserk"]}],"is_beta":false,"boss_relics":[],"items_purged_floors":[],"is_endless":false,"potions_floor_spawned":[4,5],"killed_by":"Lagavulin","ascension_level":0}}