{"host":"5dhwd44u3dydylwe","time":1612824217,"event":{"mods":["AchievementEnabler","BaseMod","BetterRewards","Dota2Spire","Downfall","Hubris","Minty Spire (QoL Compilation)","Shop Mod","StSLib","Wandering Minibosses"],"gold_per_floor":[99,116,130,148,148,148,196,221,270,286,286,298,316,216,126,137,237,338,338,338,353,353,353,353,373,607,736,736,736,787,787,687,687,687,701,601,340,374,631,651,750,750,750,767,796,299,318,318,268,268,300,313,340,354,354,45,45,156,156,156,182,35,35,35,35],"floor_reached":66,"language":"ENG","playtime":3805,"items_purged":["Guardian:Strike_Guardian","downfall:Bewildered","Writhe","Guardian:Strike_Guardian","Guardian:Incinerate"],"score":1543,"play_id":"07af05bb-2480-4a0c-a96b-84fa7c601b38","local_time":"20210209064337","is_ascension_mode":true,"campfire_choices":[{"data":"Guardian:FierceBash","floor":1,"key":"SMITH"},{"data":"Guardian:Planning","floor":14,"key":"SMITH"},{"data":"Guardian:TwinSlam","floor":20,"key":"SMITH"},{"data":"Guardian:Emergency","floor":32,"key":"SMITH"},{"floor":34,"key":"RECALL"},{"data":"Guardian:CurlUp","floor":36,"key":"SMITH"},{"data":"Guardian:TimeSifter","floor":43,"key":"SMITH"},{"data":"Guardian:Emergency","floor":63,"key":"SMITH"}],"circlet_count":0,"master_deck":["Guardian:Strike_Guardian","Guardian:Defend_Guardian","Guardian:Defend_Guardian","Guardian:Defend_Guardian","Guardian:CurlUp+1","Guardian:TwinSlam+1","Guardian:FierceBash+1","Guardian:Incinerate","Guardian:ChargeUp","Guardian:Planning+1","Guardian:SentryBeam+1","Necronomicurse","Guardian:Emergency+1","Guardian:Incinerate","Guardian:VentSteam+1","Guardian:TimeSifter+1","Guardian:Emergency+1","expansioncontent:PrepareCrush"],"relics":["Guardian:ModeShifter","hubris:Towel","hubris:PeanutButter","Pen Nib","hubris:Icosahedron","downfall:HeartBlessingGreen","Black Star","Dota2Spire:CrimsonGuard","Necronomicon","sneckomod:BabySnecko","Omamori","downfall:HeartBlessingBlue","Bottled Flame","downfall:HeartBlessingRed","Bag of Preparation","Dota2Spire:AssaultCuirass","Smiling Mask","Busted Crown","wanderingMiniBosses:LockLocket","Medical Kit","CaptainsWheel","hubris:SphereOfDissonance","FossilizedHelix","Vajra","Dota2Spire:ShivaGuard","Akabeko","Dota2Spire:OctarineCore","Dota2Spire:DrumOfEndurance","Dota2Spire:PowerTreads","hubris:EmptyBottle"],"acts_visited":["Exordium","TheCity","TheBeyond","TheEnding"],"potions_floor_usage":[8,27,64,65,65],"damage_taken":[{"damage":1,"enemies":"2 Louse","floor":2,"turns":3},{"damage":1,"enemies":"Jaw Worm","floor":3,"turns":5},{"damage":12,"enemies":"Small Slimes","floor":4,"turns":6},{"damage":13,"enemies":"Large Slime","floor":7,"turns":6},{"damage":6,"enemies":"Gremlin Nob","floor":8,"turns":3},{"damage":7,"enemies":"Exordium Thugs","floor":10,"turns":5},{"damage":0,"enemies":"Blue Slaver","floor":12,"turns":5},{"damage":0,"enemies":"2 Fungi Beasts","floor":13,"turns":5},{"damage":0,"enemies":"downfall:FleeingMerchant","floor":15,"turns":4},{"damage":3,"enemies":"Lots of Slimes","floor":16,"turns":6},{"damage":0,"enemies":"Gremlin Gang","floor":17,"turns":10},{"damage":4,"enemies":"SI_SHIV_ARCHETYPE","floor":18,"turns":7},{"damage":0,"enemies":"Shell Parasite","floor":21,"turns":5},{"damage":0,"enemies":"Spheric Guardian","floor":25,"turns":3},{"damage":1,"enemies":"Snecko","floor":26,"turns":7},{"damage":6,"enemies":"Cultist and Chosen","floor":27,"turns":7},{"damage":0,"enemies":"Centurion and Healer","floor":35,"turns":2},{"damage":0,"enemies":"downfall:FleeingMerchant","floor":37,"turns":4},{"damage":11,"enemies":"Slavers","floor":38,"turns":3},{"damage":2,"enemies":"downfall:FleeingMerchant","floor":39,"turns":1},{"damage":0,"enemies":"Snake Plant","floor":40,"turns":2},{"damage":15,"enemies":"DF_ARCHETYPE_CLAW","floor":41,"turns":4},{"damage":0,"enemies":"Orb Walker","floor":44,"turns":2},{"damage":0,"enemies":"3 Darklings","floor":45,"turns":3},{"damage":0,"enemies":"Sphere and 2 Shapes","floor":47,"turns":3},{"damage":0,"enemies":"Reptomancer","floor":51,"turns":1},{"damage":0,"enemies":"Maw","floor":52,"turns":3},{"damage":0,"enemies":"Giant Head","floor":53,"turns":4},{"damage":0,"enemies":"4 Shapes","floor":54,"turns":3},{"damage":0,"enemies":"Writhing Mass","floor":58,"turns":3},{"damage":0,"enemies":"WA_ARCHETYPE_DIVINITY","floor":59,"turns":4},{"damage":0,"enemies":"downfall:CharBossMerchant","floor":61,"turns":5},{"damage":4,"enemies":"downfall:NeowBoss","floor":64,"turns":7},{"damage":16,"enemies":"downfall:NeowBossFinal","floor":65,"turns":6}],"seed_played":"-9021306826181932761","potions_obtained":[{"floor":2,"key":"Guardian:AcceleratePotion"},{"floor":8,"key":"Swift Potion"},{"floor":12,"key":"DuplicationPotion"},{"floor":18,"key":"DuplicationPotion"},{"floor":26,"key":"Slimebound:ThreeZeroPotion"},{"floor":27,"key":"DistilledChaos"}],"is_trial":false,"path_per_floor":["R","M","M","M","?","?","M","E","T","M","?","M","M","R","$","M","M","B",null,"R","M","?","?","?","M","M","M","?","T","T","?","R","T","R","M","R","$","E","$","M","B",null,"R","M","M","$","M","?","$","T","E","M","E","M","?","$","?","M","B",null,"E","$","R","B","B",null],"character_chosen":"GUARDIAN","items_purchased":["Bag of Preparation","Guardian:Incinerate","Medical Kit","CaptainsWheel","Dota2Spire:OctarineCore","hubris:EmptyBottle"],"campfire_rested":0,"item_purchase_floors":[37,39,46,46,56,62],"current_hp_per_floor":[80,79,78,66,66,66,53,47,47,40,40,40,40,40,40,37,37,33,80,80,80,80,64,64,64,63,57,57,57,57,57,67,67,67,67,67,67,56,54,54,39,90,90,90,90,90,90,90,90,90,90,90,90,90,103,103,103,103,103,103,103,103,103,99,83],"gold":35,"neow_bonus":"ONE_RANDOM_RARE_CARD","is_daily":false,"chose_seed":false,"campfire_upgraded":7,"win_rate":0.0,"timestamp":1612824217,"path_taken":["R","M","M","M","?","?","M","E","T","M","?","M","M","R","?","?","M","BOSS","R","M","?","?","?","M","?","M","?","T","T","?","R","?","R","M","R","$","E","$","M","BOSS","R","M","M","$","M","?","?","T","E","M","E","M","?","$","?","M","BOSS","E","$","R","BOSS","BOSS"],"items_purchased_type":["Relic","Card","Relic","Relic","Relic","Relic"],"build_version":"2020-12-22","purchased_purges":5,"victory":true,"max_hp_per_floor":[80,80,80,80,80,80,80,80,80,80,80,80,80,80,80,80,80,80,80,80,80,80,80,80,80,80,80,80,80,80,80,90,90,90,90,90,90,90,90,90,90,90,90,90,90,90,90,90,90,90,90,90,90,90,103,103,103,103,103,103,103,103,103,103,103],"card_choices":[{"not_picked":["Guardian:DecasProtection","Guardian:TemporalStrike"],"picked":"Guardian:Incinerate","floor":2},{"not_picked":["Guardian:WalkerClaw","Guardian:Gem_Crimson","Guardian:VentSteam"],"picked":"SKIP","floor":3},{"not_picked":["Guardian:CrystalBeam","Guardian:PrismaticBeam"],"picked":"Guardian:ChargeUp","floor":4},{"not_picked":["Guardian:Reroute","Guardian:Recover"],"picked":"Guardian:Planning","floor":7},{"not_picked":["Guardian:VentSteam","Guardian:Planning"],"picked":"Guardian:Gem_Red","floor":8},{"not_picked":["Guardian:Gem_Green","Guardian:Planning"],"picked":"Guardian:Gem_Yellow","floor":10},{"not_picked":["Guardian:Gem_Green","Guardian:WalkerClaw","Guardian:Planning"],"picked":"SKIP","floor":12},{"not_picked":["Guardian:SpikerProtocol","Guardian:ShieldCharger","Guardian:TemporalShield"],"picked":"SKIP","floor":13},{"not_picked":["Guardian:Gem_Blue","Guardian:Gem_Fragmented","Guardian:ChargeCore"],"picked":"SKIP","floor":15},{"not_picked":["Guardian:Harden","Guardian:Repulse"],"picked":"Guardian:Gem_Cyan","floor":16},{"not_picked":["Guardian:ShieldCharger","Guardian:FuturePlans","Guardian:Suspension"],"picked":"SKIP","floor":17},{"not_picked":["Guardian:SphericShield","Guardian:StasisField"],"picked":"Guardian:Gem_Synthetic","floor":18},{"not_picked":["Guardian:PiercingHide+1","Guardian:RollAttack"],"picked":"Guardian:SentryBeam+1","floor":21},{"not_picked":["Guardian:BronzeOrb","Guardian:WalkerClaw","Guardian:PiercingHide"],"picked":"SKIP","floor":25},{"not_picked":["Guardian:Gem_White","Guardian:PrimingBeam"],"picked":"Guardian:Emergency","floor":26},{"not_picked":["Guardian:GemFinder","Guardian:ChargeCore+1","Guardian:PiercingHide"],"picked":"SKIP","floor":27},{"not_picked":["Guardian:Recover+1","Guardian:RollAttack"],"picked":"Guardian:Incinerate","floor":35},{"not_picked":["Guardian:Planning+1","Guardian:Gem_Purple"],"picked":"Guardian:Gem_Yellow","floor":37},{"not_picked":["Guardian:ConstructionForm","Guardian:WalkerClaw+1"],"picked":"Guardian:VentSteam+1","floor":38},{"not_picked":["Guardian:ShieldSpikes","Guardian:Clone","Guardian:WalkerClaw"],"picked":"SKIP","floor":39},{"not_picked":["Guardian:GuardianWhirl","Guardian:DecasProtection","Guardian:TemporalShield"],"picked":"SKIP","floor":40},{"not_picked":["Guardian:ConstructionForm","Guardian:FastForward"],"picked":"Guardian:TimeSifter","floor":41},{"not_picked":["Guardian:Gem_Lightblue"],"picked":"SKIP","floor":44},{"not_picked":["Guardian:RollAttack"],"picked":"SKIP","floor":45},{"not_picked":["Guardian:ChargeCore+1"],"picked":"SKIP","floor":47},{"not_picked":[],"picked":"Guardian:Gem_Fragmented","floor":51},{"not_picked":[],"picked":"Guardian:Emergency","floor":52},{"not_picked":["Guardian:ShieldCharger"],"picked":"SKIP","floor":53},{"not_picked":["Guardian:Gem_Lightblue"],"picked":"SKIP","floor":54},{"not_picked":["expansioncontent:AwakenDeath","expansioncontent:InvincibleStrength"],"picked":"expansioncontent:PrepareCrush","floor":57},{"not_picked":["Guardian:TemporalStrike+1"],"picked":"SKIP","floor":58},{"not_picked":[],"picked":"Guardian:Gem_Fragmented","floor":61}],"player_experience":221671,"relics_obtained":[{"floor":8,"key":"hubris:PeanutButter"},{"floor":9,"key":"Pen Nib"},{"floor":23,"key":"Necronomicon"},{"floor":30,"key":"Omamori"},{"floor":33,"key":"Bottled Flame"},{"floor":38,"key":"Dota2Spire:AssaultCuirass"},{"floor":38,"key":"Smiling Mask"},{"floor":45,"key":"wanderingMiniBosses:LockLocket"},{"floor":50,"key":"hubris:SphereOfDissonance"},{"floor":51,"key":"FossilizedHelix"},{"floor":51,"key":"Vajra"},{"floor":53,"key":"Dota2Spire:ShivaGuard"},{"floor":53,"key":"Akabeko"},{"floor":61,"key":"Dota2Spire:DrumOfEndurance"},{"floor":61,"key":"Dota2Spire:PowerTreads"}],"event_choices":[{"damage_healed":0,"gold_gain":0,"player_choice":"Ignored","damage_taken":0,"max_hp_gain":0,"max_hp_loss":0,"event_name":"Ghosts","floor":28,"gold_loss":0},{"cards_removed":["Guardian:Defend_Guardian"],"damage_healed":0,"gold_gain":0,"player_choice":"Offered Basic","damage_taken":0,"max_hp_gain":0,"max_hp_loss":0,"event_name":"Bonfire Elementals","floor":48,"gold_loss":0}],"is_beta":false,"boss_relics":[{"not_picked":["bronze:MakeshiftBattery","Tiny House"],"picked":"Black Star"},{"not_picked":["hubris:RunicObelisk","hubris:ScarierMask"],"picked":"Busted Crown"}],"items_purged_floors":[15,37,39,46,49],"is_endless":false,"potions_floor_spawned":[2,4,8,12,18,21,26,27,41,44,52,54,58],"ascension_level":1}}