{"host":"qhn6g0owdgjb77rz","time":1612751157,"event":{"mods":["BaseMod","BetterRewards","Colored Map","Downfall","Minty Spire (QoL Compilation)","Relic Sorter","Reliquary","Spire Arcade","StSLib"],"gold_per_floor":[117,130,205,205,219,219,244,244,244,244,267,94,94,94,94,193,193,218,241,241,241,241,241,276,276,276,299,106,124,124,124],"floor_reached":30,"language":"ENG","playtime":914,"items_purged":["Injury"],"score":682,"play_id":"805fc1ac-a46d-455e-8a8a-4b3d661ca26b","local_time":"20210208112557","is_ascension_mode":true,"campfire_choices":[{"data":"Rampage","floor":6,"key":"SMITH"},{"data":"Uppercut","floor":8,"key":"SMITH"},{"data":"Flame Barrier","floor":13,"key":"SMITH"},{"data":"Ghostly Armor","floor":15,"key":"SMITH"},{"data":"Feed","floor":23,"key":"SMITH"},{"data":"Headbutt","floor":25,"key":"SMITH"}],"circlet_count":0,"master_deck":["AscendersBane","Strike_R+1","Strike_R+1","Strike_R+1","Strike_R+1","Defend_R+1","Defend_R+1","Defend_R+1","Defend_R+1","Bash","Iron Wave+1","Rampage+1","Uppercut+1","Flame Barrier+1","Ghostly Armor+1","Feed+1","Headbutt+1","Shockwave"],"relics":["Burning Blood","reliquary:NewFriend","Darkstone Periapt","hexamod:CandleOfCauterizing","Golden Idol","Lee\u0027s Waffle","Coffee Dripper","InkBottle","The Courier","Bag of Marbles"],"acts_visited":["Exordium","TheCity"],"potions_floor_usage":[7,24,30,30],"damage_taken":[{"damage":4,"enemies":"Small Slimes","floor":1,"turns":4},{"damage":4,"enemies":"2 Louse","floor":2,"turns":2},{"damage":9,"enemies":"Jaw Worm","floor":5,"turns":4},{"damage":20,"enemies":"Lagavulin","floor":7,"turns":6},{"damage":2,"enemies":"3 Louse","floor":11,"turns":4},{"damage":29,"enemies":"The Guardian","floor":16,"turns":10},{"damage":11,"enemies":"Spheric Guardian","floor":18,"turns":6},{"damage":7,"enemies":"3 Byrds","floor":19,"turns":5},{"damage":45,"enemies":"Slavers","floor":24,"turns":7},{"damage":4,"enemies":"Snake Plant","floor":27,"turns":3},{"damage":39,"enemies":"Cultist and Chosen","floor":29,"turns":6},{"damage":15,"enemies":"Centurion and Healer","floor":30,"turns":2}],"seed_played":"5482738708700873386","potions_obtained":[{"floor":5,"key":"Weak Potion"},{"floor":11,"key":"SpeedPotion"},{"floor":16,"key":"Strength Potion"},{"floor":19,"key":"Explosive Potion"},{"floor":27,"key":"Slimebound:ThreeZeroPotion"}],"is_trial":false,"path_per_floor":["M","M","?","?","M","R","E","R","T","?","M","$","R","?","R","B",null,"M","M","?","?","?","R","E","R","T","M","$","M","M"],"character_chosen":"IRONCLAD","items_purchased":["reliquary:NewFriend","Lee\u0027s Waffle","Bag of Marbles"],"campfire_rested":0,"item_purchase_floors":[0,12,28],"current_hp_per_floor":[70,72,61,54,51,51,37,37,37,43,47,88,88,62,62,39,76,74,73,73,73,73,73,34,34,34,36,36,7,0,0],"gold":124,"neow_bonus":"","is_daily":false,"chose_seed":false,"campfire_upgraded":6,"win_rate":0.0,"timestamp":1612751157,"path_taken":["M","M","?","?","M","R","E","R","T","?","M","$","R","?","R","BOSS","M","M","?","?","?","R","E","R","T","M","$","M","M"],"items_purchased_type":["Relic","Relic","Relic"],"build_version":"2020-12-22","purchased_purges":1,"victory":false,"max_hp_per_floor":[75,75,75,75,75,75,75,75,75,81,81,88,88,88,88,88,88,91,91,91,91,91,91,91,91,91,91,91,95,95,95],"card_choices":[{"not_picked":["Burning Pact","Infernal Blade"],"picked":"Iron Wave","floor":1},{"not_picked":["Searing Blow","Heavy Blade"],"picked":"Rampage","floor":2},{"not_picked":["Second Wind","Perfected Strike"],"picked":"Uppercut","floor":5},{"not_picked":["Combust","Anger"],"picked":"Flame Barrier","floor":7},{"not_picked":["Anger","Cleave"],"picked":"Ghostly Armor","floor":11},{"not_picked":["Exhume","Barricade"],"picked":"Feed","floor":16},{"not_picked":["Sword Boomerang","Clash","Twin Strike"],"picked":"SKIP","floor":18},{"not_picked":["Thunderclap","Wild Strike"],"picked":"Headbutt","floor":19},{"not_picked":["Reaper","Rage","Spot Weakness"],"picked":"SKIP","floor":24},{"not_picked":["Heavy Blade","Wild Strike"],"picked":"Shockwave","floor":27},{"not_picked":["Sword Boomerang","Pommel Strike","Body Slam"],"picked":"SKIP","floor":29}],"player_experience":675263,"relics_obtained":[{"floor":7,"key":"Darkstone Periapt"},{"floor":9,"key":"hexamod:CandleOfCauterizing"},{"floor":24,"key":"InkBottle"},{"floor":26,"key":"The Courier"}],"event_choices":[{"damage_healed":0,"gold_gain":75,"player_choice":"Gather Gold","damage_taken":11,"max_hp_gain":0,"max_hp_loss":0,"event_name":"World of Goop","floor":3,"gold_loss":0},{"cards_removed":["Strike_R"],"damage_healed":0,"gold_gain":0,"player_choice":"Card Removal","damage_taken":7,"max_hp_gain":0,"max_hp_loss":0,"event_name":"Golden Wing","floor":4,"gold_loss":0},{"damage_healed":0,"gold_gain":0,"player_choice":"Take Wound","damage_taken":0,"relics_obtained":["Golden Idol"],"max_hp_gain":0,"max_hp_loss":0,"event_name":"Golden Idol","floor":10,"gold_loss":0,"cards_obtained":["Injury"]},{"damage_healed":0,"gold_gain":0,"player_choice":"Entered Light","damage_taken":26,"max_hp_gain":0,"max_hp_loss":0,"event_name":"Shining Light","floor":14,"gold_loss":0,"cards_upgraded":["Defend_R","Iron Wave"]},{"damage_healed":0,"gold_gain":0,"player_choice":"Simplicity","damage_taken":0,"max_hp_gain":0,"max_hp_loss":0,"event_name":"Back to Basics","floor":20,"gold_loss":0,"cards_upgraded":["Strike_R","Strike_R","Strike_R","Strike_R","Defend_R","Defend_R","Defend_R"]},{"damage_healed":0,"gold_gain":0,"player_choice":"Ignored","damage_taken":0,"max_hp_gain":0,"max_hp_loss":0,"event_name":"Ghosts","floor":21,"gold_loss":0}],"is_beta":false,"boss_relics":[{"not_picked":["reliquary:Craggleroot","Calling Bell"],"picked":"Coffee Dripper"}],"items_purged_floors":[28],"is_endless":false,"potions_floor_spawned":[5,11,16,19,27],"killed_by":"Centurion and Healer","ascension_level":18}}