{"host":"qwp6882a7gaon7u5","time":1612764074,"event":{"mods":["ATMod(阿瑾Mod)","Act Like it!","BaseMod","BetterRewards","CapriCore","Lobotomy","Minty Spire (QoL Compilation)","Red Circlet Mod","Relic Filter Mod","Replay The Spire","RumiaBox-露米娅的神秘盒子","Spicy Shops","StSLib","【功能Mod】混沌之环修复补丁","【遗物卡牌】REMEMod","篝火指南"],"gold_per_floor":[135,135,135,135,181,181,338,361,361,521,584,628,628,628,628,860,860,923,975,548,548,77,132,132,155,204,408,408,621,660,720,720,1104,1104,1253,1342,1382,1557,1557,1557,1715,1715,1740,1740,1880,1917,1954,2156,2156,2406,2406,2406,1981,2264,2389],"floor_reached":56,"language":"ZHS","playtime":2022,"items_purged":["Defend_G","Overencumbered","Strike_G","Defend_G","Strike_G","Defend_G","Strike_G","Defend_G+1","Defend_G+1","Strike_G+1","ReplayUltimateDefense"],"score":2203,"play_id":"f4b0819e-a683-4dfe-b890-12bb262abfb7","local_time":"20210208140114","is_ascension_mode":true,"campfire_choices":[{"floor":6,"key":"REST"},{"floor":13,"key":"REST"},{"floor":15,"key":"RECALL"},{"floor":24,"key":"REST"},{"floor":28,"key":"REST"},{"floor":32,"key":"REST"},{"floor":40,"key":"REST"},{"data":"ReplayTheSpireMod:From All Sides","floor":42,"key":"SMITH"},{"data":"Poisoned Strike","floor":44,"key":"SMITH"},{"data":"Strike_G+6","floor":49,"key":"SMITH"},{"data":"Strike_G+7","floor":52,"key":"SMITH"}],"circlet_count":0,"master_deck":["Strike_G+8","Survivor+1","Neutralize+1","AT_ChampionStep+1","Replay:Bag of Tricks+1","Footwork+1","ReplayTheSpireMod:Private Reserves+1","Footwork+1","Escape Plan+1","ReplayUltimateDefense+1","Poisoned Strike+1","Noxious Fumes+1","Flash of Steel+1","Deadly Poison+1","Replay:Poison Smokescreen+1","Adrenaline+1","ReplayTheSpireMod:From All Sides+1","Adrenaline+1","Draining Mist+1","AT_EmpoweredMortalDraw","AT_EmpoweredMortalDraw"],"relics":["Ring of the Snake","REME_ComplimentaryCards","AT_ATBox","Happy Flower","Blue Doll","Replay:Rubber Ducky","OrangePellets","ClockworkSouvenir","Bronze Scales","The Specimen","GodSword7","Divine Protection","AT_ForceNature","Lee\u0027s Waffle","ReplayTheSpireMod:CursedCoin","AT_TheCollector","Blood Vial","Pen Nib","Ornamental Fan","Toxic Egg 2","HandDrill","Orichalcum","Basket Of Snakes","FossilizedHelix","Tiny Chest","AT_BellowingDragoncrestRing","Counterbalance","Ancient Tea Set","Guide Book","Membership Card","Ice Cream","Juzu Bracelet","Toy Ornithopter","BargainBundle","ReplayTheSpireMod:Shallot","AT_BladeRuinedKing","TheAbacus","Simple Rune","Medical Kit","MagicDraw4","Gremlin Food","CeramicFish","Replay:Bottled Eggs","Chameleon Ring","Sling","War Paint","AT_MibuBalloonWealth","Bag of Marbles","AT_ChloranthyRing","AT_SunfireAegis","Strange Spoon","Quantum Egg","Replay:Baseball","GodSword1","AT_ArchangelStaff","Chemical X","MagicDraw1","Nunchaku","Strawberry","Replay:Mystery Machine","Vajra","Torii","Frozen Egg 2","AT_TimeSand","Singing Bowl","AT_LudenTempest","Toolbox","AddBug","SecretRecord","SecretRecord","SecretRecord","SecretRecord","SecretRecord"],"acts_visited":["Exordium","TheCity","TheBeyond","TheEnding"],"potions_floor_usage":[],"damage_taken":[{"damage":0,"enemies":"Jaw Worm","floor":1,"turns":1},{"damage":0,"enemies":"Cultist","floor":5,"turns":1},{"damage":0,"enemies":"Replay:BlueRogue","floor":7,"turns":1},{"damage":0,"enemies":"Gremlin Nob","floor":10,"turns":1},{"damage":0,"enemies":"Small Slimes","floor":11,"turns":1},{"damage":0,"enemies":"Looter","floor":12,"turns":1},{"damage":0,"enemies":"Slime Boss","floor":16,"turns":1},{"damage":0,"enemies":"2 Thieves","floor":18,"turns":1},{"damage":0,"enemies":"REME_1_Revenger","floor":23,"turns":1},{"damage":0,"enemies":"Gremlin Leader","floor":27,"turns":1},{"damage":0,"enemies":"Slavers","floor":29,"turns":1},{"damage":0,"enemies":"Shell Parasite","floor":30,"turns":1},{"damage":0,"enemies":"Cultist and Chosen","floor":31,"turns":1},{"damage":0,"enemies":"Pondfish","floor":33,"turns":1},{"damage":0,"enemies":"3 Darklings","floor":35,"turns":1},{"damage":0,"enemies":"3 Shapes","floor":36,"turns":1},{"damage":0,"enemies":"Spire Growth","floor":37,"turns":1},{"damage":0,"enemies":"Mind Bloom Boss Battle","floor":38,"turns":1},{"damage":0,"enemies":"R_Hoarder","floor":41,"turns":1},{"damage":0,"enemies":"3 Darklings","floor":45,"turns":1},{"damage":0,"enemies":"Transient","floor":46,"turns":1},{"damage":0,"enemies":"Maw","floor":47,"turns":1},{"damage":0,"enemies":"Reptomancer","floor":48,"turns":1},{"damage":0,"enemies":"Donu and Deca","floor":50,"turns":1},{"damage":0,"enemies":"Shield and Spear","floor":54,"turns":1},{"damage":0,"enemies":"The Heart","floor":55,"turns":1}],"seed_played":"-5425846578313656963","potions_obtained":[],"is_trial":false,"path_per_floor":["M","?","?","?","M","R","E","T","T","E","M","M","R","?","R","B",null,"M","T","$","?","$","E","R","T","T","E","R","E","M","M","R","B",null,"M","M","M","?","?","R","E","R","T","R","M","M","M","E","R","B",null,"R","$","E","B",null],"character_chosen":"THE_SILENT","items_purchased":["Happy Flower","Blue Doll","Replay:Rubber Ducky","OrangePellets","ClockworkSouvenir","Bronze Scales","Footwork","The Specimen","GodSword7","Divine Protection","AT_ForceNature","Lee\u0027s Waffle","ReplayTheSpireMod:CursedCoin","AT_TheCollector","Blood Vial","Pen Nib","Ornamental Fan","Toxic Egg 2","HandDrill","Orichalcum","Basket Of Snakes","FossilizedHelix","Tiny Chest","AT_BellowingDragoncrestRing","Counterbalance","Ancient Tea Set","Guide Book","ReplayTheSpireMod:Private Reserves+1","Membership Card","Ice Cream","Juzu Bracelet","Toy Ornithopter","BargainBundle","DistilledChaos","Explosive Potion","Death Potion","Footwork+1","ReplayTheSpireMod:Shallot","AT_BladeRuinedKing","TheAbacus","Simple Rune","Medical Kit","MagicDraw4","Gremlin Food","CeramicFish","Replay:Bottled Eggs","Chameleon Ring","Sling","War Paint","AT_MibuBalloonWealth","Bag of Marbles","AT_ChloranthyRing","AT_SunfireAegis","Strange Spoon","Escape Plan+1","ReplayUltimateDefense","Quantum Egg","Replay:Baseball","GodSword1","AT_ArchangelStaff","Chemical X","MagicDraw1","Poisoned Strike","Nunchaku","Noxious Fumes+1","Flash of Steel","Strawberry","Replay:Mystery Machine","Vajra","Torii","Frozen Egg 2","AT_TimeSand","Singing Bowl","AT_LudenTempest","Toolbox","Deadly Poison+1","Potion Belt","Pet Ghost","REME_HourglassOfDeath","Cauldron","REME_CardOfGreed","Molten Egg 2","CaptainsWheel","MealTicket","REME_LimitBreaker","PrismaticShard","Replay:Wax Seal","ReplayTheSpireMod:TigerMarble","InkBottle","ReplayTheSpireMod:ShopPack","DollysMirror","AT_EmpoweredMortalDraw"],"campfire_rested":6,"item_purchase_floors":[0,0,0,0,0,0,0,0,0,0,0,0,0,0,0,0,0,0,0,0,0,0,0,0,0,0,0,0,0,0,0,0,0,0,0,0,0,0,0,0,0,0,0,0,0,0,0,0,0,0,0,0,0,0,0,0,0,0,0,0,0,0,0,0,0,0,0,0,0,0,0,0,0,0,0,0,20,20,20,20,20,22,22,22,22,22,53,53,53,53,53,53],"current_hp_per_floor":[86,91,91,69,71,91,93,93,93,95,97,99,99,99,99,99,99,101,101,101,101,101,103,103,103,103,105,105,105,107,107,107,107,107,107,109,111,113,113,113,115,115,115,115,117,119,121,123,123,123,123,123,123,125,125],"gold":2389,"neow_bonus":"","is_daily":false,"chose_seed":false,"campfire_upgraded":4,"win_rate":0.0,"timestamp":1612764074,"path_taken":["M","?","?","?","M","R","E","?","T","E","M","M","R","?","R","BOSS","M","?","$","?","$","E","R","?","T","E","R","E","M","M","R","BOSS","M","M","M","?","?","R","E","R","T","R","M","M","M","E","R","BOSS","R","$","E","BOSS"],"items_purchased_type":["Relic","Relic","Relic","Relic","Relic","Relic","Card","Relic","Relic","Relic","Relic","Relic","Relic","Relic","Relic","Relic","Relic","Relic","Relic","Relic","Relic","Relic","Relic","Relic","Relic","Relic","Relic","Card","Relic","Relic","Relic","Relic","Relic","Potion","Potion","Potion","Card","Relic","Relic","Relic","Relic","Relic","Relic","Relic","Relic","Relic","Relic","Relic","Relic","Relic","Relic","Relic","Relic","Relic","Card","Card","Relic","Relic","Relic","Relic","Relic","Relic","Card","Relic","Card","Card","Relic","Relic","Relic","Relic","Relic","Relic","Relic","Relic","Relic","Card","Relic","Relic","Relic","Relic","Relic","Relic","Relic","Relic","Relic","Relic","Relic","Relic","Relic","Relic","Relic","Card"],"build_version":"2020-12-22","purchased_purges":11,"victory":true,"max_hp_per_floor":[86,91,91,91,91,91,93,93,93,95,97,99,99,99,99,99,99,101,101,101,101,101,103,103,103,103,105,105,105,107,107,107,107,107,107,109,111,113,113,113,115,115,115,115,117,119,121,123,123,123,123,123,123,125,125],"card_choices":[{"not_picked":["Flying Knee","Flechettes","Deflect+1"],"picked":"Singing Bowl","floor":1},{"not_picked":["Deflect+1","AT_WindFlip"],"picked":"Replay:Poison Smokescreen+1","floor":5},{"not_picked":["Backflip+1","Deflect+1","Backstab"],"picked":"Singing Bowl","floor":7},{"not_picked":["Infinite Blades+1","Deflect+1","ReplayTheSpireMod:Shiv Toss+1"],"picked":"Singing Bowl","floor":10},{"not_picked":["Dagger Throw","ReplayTheSpireMod:Scrap Shanks+1","Dagger Spray"],"picked":"Singing Bowl","floor":11},{"not_picked":["Deflect+1","Setup+1","Backflip+1"],"picked":"Singing Bowl","floor":12},{"not_picked":["Malaise+1","REME_CopyPotion+1"],"picked":"Adrenaline+1","floor":16},{"not_picked":["Well Laid Plans+1","Flying Knee+1","ReplayTheSpireMod:Scrap Shanks+1"],"picked":"Singing Bowl","floor":18},{"not_picked":["REME_GreenPollution+1","REME_ShadowStrike","Toxin Wave+1"],"picked":"Singing Bowl","floor":23},{"not_picked":["Flying Knee+1","Backflip+1","Cloak And Dagger+1"],"picked":"Singing Bowl","floor":27},{"not_picked":["ReplayTheSpireMod:Tripwire+1","Choke"],"picked":"ReplayTheSpireMod:From All Sides","floor":29},{"not_picked":["AT_WindFlip","Expertise+1","PiercingWail+1"],"picked":"Singing Bowl","floor":30},{"not_picked":["Poisoned Stab+1","Slice","Bane+1"],"picked":"SKIP","floor":31},{"not_picked":["Tools of the Trade+1","ReplayTheSpireMod:Necrosis+1"],"picked":"Adrenaline+1","floor":33},{"not_picked":["Hidden Blade+1","Blade Dance+1"],"picked":"Draining Mist+1","floor":35},{"not_picked":["Acrobatics+1","Blur+1","Underhanded Strike+1"],"picked":"Singing Bowl","floor":36},{"not_picked":["Dodge and Roll+1","All Out Attack","AT_WomanClash+1"],"picked":"Singing Bowl","floor":37},{"not_picked":["Bane","ReplayTheSpireMod:Speed Training+1","Underhanded Strike"],"picked":"Singing Bowl","floor":38},{"not_picked":["Fluid Movement+1","Reflex+1","Replay:Poison Smokescreen+1"],"picked":"Singing Bowl","floor":41},{"not_picked":["AT_WindRun+1","Reflex+1","Prepared+1"],"picked":"Singing Bowl","floor":45},{"not_picked":["Blade Dance+1","Prepared+1","Distraction+1"],"picked":"Singing Bowl","floor":46},{"not_picked":["Leg Sweep+1","Replay:Poison Smokescreen+1","Deadly Poison+1"],"picked":"Singing Bowl","floor":47},{"not_picked":["Bane+1","Backflip+1","All Out Attack"],"picked":"Singing Bowl","floor":48},{"not_picked":["Deadly Poison+1","Dagger Spray+1","Blade Dance+1"],"picked":"Singing Bowl","floor":54}],"player_experience":175977,"relics_obtained":[{"floor":1,"key":"AddBug"},{"floor":7,"key":"PreservedInsect"},{"floor":9,"key":"Gremlin Horn"},{"floor":10,"key":"AT_SilvercatRing"},{"floor":12,"key":"SecretRecord"},{"floor":19,"key":"Oddly Smooth Stone"},{"floor":23,"key":"ZombieArmy"},{"floor":25,"key":"Boot"},{"floor":26,"key":"Anchor"},{"floor":27,"key":"SecretRecord"},{"floor":27,"key":"Art of War"},{"floor":29,"key":"Centennial Puzzle"},{"floor":31,"key":"SecretRecord"},{"floor":38,"key":"Replay:Multitool"},{"floor":41,"key":"Bag of Preparation"},{"floor":43,"key":"ReplayTheSpireMod:Lightbulb"},{"floor":46,"key":"SecretRecord"},{"floor":48,"key":"REME_HandOfSuture"},{"floor":54,"key":"Golden Egg"}],"event_choices":[{"damage_healed":0,"gold_gain":0,"player_choice":"Donut","damage_taken":0,"max_hp_gain":5,"max_hp_loss":0,"event_name":"Big Fish","floor":2,"gold_loss":0},{"damage_healed":0,"gold_gain":0,"player_choice":"Forge","damage_taken":0,"max_hp_gain":0,"max_hp_loss":0,"event_name":"Accursed Blacksmith","floor":3,"gold_loss":0,"cards_upgraded":["ReplayUltimateDefense"]},{"damage_healed":0,"gold_gain":0,"player_choice":"Take Damage","damage_taken":22,"relics_obtained":["Golden Idol"],"max_hp_gain":0,"max_hp_loss":0,"event_name":"Golden Idol","floor":4,"gold_loss":0},{"damage_healed":0,"gold_gain":0,"player_choice":"Upgraded","damage_taken":0,"max_hp_gain":0,"max_hp_loss":0,"event_name":"Upgrade Shrine","floor":14,"gold_loss":0,"cards_upgraded":["Neutralize"]},{"damage_healed":0,"gold_gain":0,"player_choice":"Fight","damage_taken":0,"max_hp_gain":0,"max_hp_loss":0,"event_name":"MindBloom","floor":38,"gold_loss":0},{"damage_healed":0,"gold_gain":0,"player_choice":"Ignored","damage_taken":0,"max_hp_gain":0,"max_hp_loss":0,"event_name":"Tomb of Lord Red Mask","floor":39,"gold_loss":0}],"is_beta":false,"boss_relics":[{"not_picked":["Replay:Grab Bag","Sozu"],"picked":"AT_MortalBlade"},{"not_picked":["Runic Dome","Empty Cage"],"picked":"REME_LowDesire"}],"items_purged_floors":[0,0,0,0,0,0,0,0,0,0,0],"is_endless":false,"potions_floor_spawned":[5,10,12,16,29,30,31,35,36,54],"ascension_level":1}}