{"host":"bg8va46pgqgvtzim","time":1612755283,"event":{"mods":["BaseMod","Minty Spire (QoL Compilation)","Quick Restart","StSLib","SuperFastMode"],"gold_per_floor":[118,134,148,166,178,56,56,56,81,134,149,149,184,201,201,101,116,131,142,142,142,246,296,310,310,185,199,215,215,235,235,267,267,267,298,298,298,309,328,363,373,384,299,299,396,396,408,455,470,480,330,347,380,380,380,406,417,417,417,452,467,477,477,477,147,147,159,173,173,173,173,173,173,77,108,108],"floor_reached":77,"language":"ZHS","playtime":4809,"items_purged":["Strike_B","Strike_B","Strike_B","Cold Snap+1","Defend_B"],"score":1778,"play_id":"d1f42aeb-2eb8-4b91-96ef-7c19d79d6d66","local_time":"20210208113443","is_ascension_mode":true,"campfire_choices":[{"data":"Streamline","floor":7.0,"key":"SMITH"},{"data":"Recycle","floor":12.0,"key":"SMITH"},{"data":"Dualcast","floor":20.0,"key":"SMITH"},{"data":"Zap","floor":21.0,"key":"SMITH"},{"data":"Coolheaded","floor":31.0,"key":"SMITH"},{"data":"Deep Breath","floor":33.0,"key":"SMITH"},{"data":"Turbo","floor":37.0,"key":"SMITH"},{"data":"Skim","floor":44.0,"key":"SMITH"},{"data":"Heatsinks","floor":55,"key":"SMITH"},{"data":"Seek","floor":64,"key":"SMITH"},{"floor":69,"key":"RECALL"},{"data":"Gash","floor":70,"key":"SMITH"},{"data":"Biased Cognition","floor":73,"key":"SMITH"}],"circlet_count":0,"master_deck":["Defend_B","Defend_B","Defend_B","Zap+1","Dualcast+1","Deep Breath+1","Streamline+1","Recycle+1","Turbo+1","Coolheaded+1","Ball Lightning+1","Skim+1","Glacier","Echo Form","Hologram","Heatsinks+1","Fusion+1","Biased Cognition+1","Seek+1","Heatsinks","Capacitor","Defragment+1","Coolheaded+1","Skim","Gash+1","Finesse","Panache","Finesse","White Noise"],"relics":["Cracked Core","Gambling Chip","Art of War","Pear","Singing Bowl","Tiny House","Omamori","Bottled Tornado","Whetstone","Toy Ornithopter","Runic Pyramid","CaptainsWheel","Blood Vial","Vajra","Incense Burner","StrikeDummy","Du-Vu Doll","Orrery","Mummified Hand"],"acts_visited":["TheCity","TheBeyond","TheEnding"],"potions_floor_usage":[48,57,76,76,76,76,76],"damage_taken":[{"damage":0.0,"enemies":"Small Slimes","floor":1.0,"turns":3.0},{"damage":3.0,"enemies":"Jaw Worm","floor":2.0,"turns":3.0},{"damage":0.0,"enemies":"2 Louse","floor":3.0,"turns":1.0},{"damage":5.0,"enemies":"Looter","floor":4.0,"turns":2.0},{"damage":1.0,"enemies":"3 Louse","floor":5.0,"turns":4.0},{"damage":10.0,"enemies":"Lagavulin","floor":9.0,"turns":5.0},{"damage":0.0,"enemies":"Blue Slaver","floor":11.0,"turns":3.0},{"damage":22.0,"enemies":"3 Sentries","floor":13.0,"turns":6.0},{"damage":17.0,"enemies":"Exordium Thugs","floor":14.0,"turns":5.0},{"damage":3.0,"enemies":"Red Slaver","floor":17.0,"turns":4.0},{"damage":6.0,"enemies":"Gremlin Gang","floor":18.0,"turns":4.0},{"damage":6.0,"enemies":"Exordium Wildlife","floor":19.0,"turns":3.0},{"damage":6.0,"enemies":"The Guardian","floor":22.0,"turns":11.0},{"damage":0.0,"enemies":"Chosen","floor":24.0,"turns":3.0},{"damage":11.0,"enemies":"2 Thieves","floor":27.0,"turns":4.0},{"damage":7.0,"enemies":"Chosen and Byrds","floor":28.0,"turns":5.0},{"damage":4.0,"enemies":"3 Cultists","floor":30.0,"turns":6.0},{"damage":17.0,"enemies":"Gremlin Leader","floor":32.0,"turns":9.0},{"damage":22.0,"enemies":"Slavers","floor":35.0,"turns":5.0},{"damage":0.0,"enemies":"Cultist and Chosen","floor":38.0,"turns":4.0},{"damage":0.0,"enemies":"Snecko","floor":39.0,"turns":4.0},{"damage":2.0,"enemies":"Book of Stabbing","floor":40.0,"turns":6.0},{"damage":0.0,"enemies":"Centurion and Healer","floor":41.0,"turns":6.0},{"damage":3.0,"enemies":"Snake Plant","floor":42.0,"turns":4.0},{"damage":0.0,"enemies":"Collector","floor":45.0,"turns":5.0},{"damage":1,"enemies":"3 Darklings","floor":47,"turns":5},{"damage":12,"enemies":"2 Orb Walkers","floor":48,"turns":5},{"damage":0,"enemies":"Orb Walker","floor":49,"turns":3},{"damage":7,"enemies":"Maw","floor":50,"turns":4},{"damage":0,"enemies":"Sphere and 2 Shapes","floor":52,"turns":4},{"damage":1,"enemies":"Nemesis","floor":53,"turns":5},{"damage":6,"enemies":"Giant Head","floor":56,"turns":4},{"damage":0,"enemies":"Writhing Mass","floor":57,"turns":4},{"damage":0,"enemies":"Nemesis","floor":60,"turns":5},{"damage":0,"enemies":"Transient","floor":61,"turns":4},{"damage":5,"enemies":"Sphere and 2 Shapes","floor":62,"turns":3},{"damage":0,"enemies":"Writhing Mass","floor":67,"turns":3},{"damage":0,"enemies":"Transient","floor":68,"turns":2},{"damage":0,"enemies":"Time Eater","floor":71,"turns":7},{"damage":0,"enemies":"Shield and Spear","floor":75,"turns":1},{"damage":0,"enemies":"The Heart","floor":76,"turns":4}],"seed_played":"-7422164867278802742","potions_obtained":[{"floor":1.0,"key":"Strength Potion"},{"floor":5.0,"key":"LiquidBronze"},{"floor":9.0,"key":"EntropicBrew"},{"floor":11.0,"key":"FocusPotion"},{"floor":18.0,"key":"Block Potion"},{"floor":39.0,"key":"Ancient Potion"},{"floor":41.0,"key":"SkillPotion"},{"floor":53,"key":"Energy Potion"},{"floor":57,"key":"SpeedPotion"},{"floor":60,"key":"Weak Potion"},{"floor":68,"key":"GamblersBrew"}],"is_trial":false,"path_per_floor":["M","M","M","M","M","$","R","?","E","T","M","R","E","M","T","$","M","M","M","R","R","B",null,"M","?","$","M","M","?","M","R","E","R","?","E","T","R","M","M","E","M","M","?","R","B",null,"M","?","M","M","$","M","E","M","R","E","M","T","T","E","M","M","?","R","$","?","M","M","R","R","B",null,"R","$","E","B",null],"character_chosen":"DEFECT","items_purchased":["Ball Lightning","Orrery","Finesse"],"campfire_rested":0,"item_purchase_floors":[6,65,74],"current_hp_per_floor":[75,72,72,67,66,66,66,59,49,49,49,49,37,20,20,20,19,15,11,11,11,5,96,98,98,98,89,84,63,59,59,44,44,44,24,24,24,24,26,26,28,25,25,25,25,117,118,109,109,104,104,104,105,107,107,103,112,112,112,116,120,117,117,117,123,115,119,123,123,123,125,136,136,136,136,136],"gold":108,"neow_bonus":"RANDOM_COLORLESS","is_daily":false,"chose_seed":false,"campfire_upgraded":12,"win_rate":0.0,"timestamp":1612755283,"path_taken":["M","M","M","M","M","$","R","?","E","T","M","R","E","M","?","?","M","M","M","R","R","BOSS","M","?","$","M","M","?","M","R","E","R","?","E","T","R","M","M","E","M","M","?","R","BOSS","BOSS","M","?","M","M","$","M","E","M","R","E","M","T","T","E","M","M","?","R","$","?","M","?","R","R","BOSS","R","$","E","BOSS"],"items_purchased_type":["Card","Relic","Card"],"build_version":"2020-12-22","purchased_purges":5,"victory":true,"max_hp_per_floor":[75,75,75,75,75,75,75,75,75,75,75,75,85,85,85,85,87,89,91,91,91,91,96,98,98,98,100,102,107,107,107,109,109,109,111,111,111,111,113,115,117,117,117,117,117,117,119,121,121,123,123,123,125,125,125,125,127,127,127,129,131,131,124,124,130,132,134,136,136,136,136,136,136,136,136,136],"card_choices":[{"not_picked":["Finesse","Panacea"],"picked":"Deep Breath","floor":0.0},{"not_picked":["Sweeping Beam","Conserve Battery"],"picked":"Streamline","floor":1.0},{"not_picked":["Rebound","Steam"],"picked":"Cold Snap","floor":2.0},{"not_picked":["Heatsinks","Undo"],"picked":"Recycle","floor":3.0},{"not_picked":["Blizzard","Darkness"],"picked":"Turbo","floor":4.0},{"not_picked":["Undo","Conserve Battery"],"picked":"Coolheaded","floor":5.0},{"not_picked":["Melter","Beam Cell","Blizzard"],"picked":"SKIP","floor":9.0},{"not_picked":["Stack","Static Discharge"],"picked":"Skim","floor":11.0},{"not_picked":["Cold Snap","Redo","Thunder Strike"],"picked":"SKIP","floor":13.0},{"not_picked":["Leap","Sweeping Beam"],"picked":"Glacier","floor":14.0},{"not_picked":["Beam Cell","Conserve Battery","Genetic Algorithm"],"picked":"Singing Bowl","floor":17.0},{"not_picked":["Leap","Stack","Reinforced Body"],"picked":"Singing Bowl","floor":18.0},{"not_picked":["Gash","Compile Driver","Loop"],"picked":"Singing Bowl","floor":19.0},{"not_picked":["Creative AI","Amplify"],"picked":"Echo Form","floor":22.0},{"not_picked":["Sweeping Beam","Go for the Eyes"],"picked":"Hologram","floor":23.0},{"not_picked":["Chill","Beam Cell","Hologram+1"],"picked":"Singing Bowl","floor":24.0},{"not_picked":["Compile Driver","Rebound+1","Turbo+1"],"picked":"Singing Bowl","floor":27.0},{"not_picked":["Turbo","Rebound","Sweeping Beam+1"],"picked":"Singing Bowl","floor":28.0},{"not_picked":["Compile Driver","Barrage+1"],"picked":"Heatsinks","floor":30.0},{"not_picked":["Leap","Ball Lightning","Hello World"],"picked":"Singing Bowl","floor":32.0},{"not_picked":["Rip and Tear","Hyperbeam","Redo"],"picked":"Singing Bowl","floor":35.0},{"not_picked":["Stack","Go for the Eyes"],"picked":"Fusion+1","floor":38.0},{"not_picked":["Redo+1","Rebound","Leap"],"picked":"Singing Bowl","floor":39.0},{"not_picked":["Recycle","Hologram","Gash"],"picked":"Singing Bowl","floor":40.0},{"not_picked":["Ball Lightning+1","Melter","Loop"],"picked":"Singing Bowl","floor":41.0},{"not_picked":["Ball Lightning","Cold Snap"],"picked":"Biased Cognition","floor":42.0},{"not_picked":["Electrodynamics","Meteor Strike"],"picked":"Seek","floor":45.0},{"not_picked":["Fusion","Sunder+1","Stack+1"],"picked":"Singing Bowl","floor":47},{"not_picked":["Redo","Scrape+1","Leap+1"],"picked":"Singing Bowl","floor":48},{"not_picked":["Beam Cell+1","Redo+1"],"picked":"Heatsinks","floor":49},{"not_picked":["Gash+1","Stack","Go for the Eyes+1"],"picked":"Singing Bowl","floor":50},{"not_picked":["Steam Power","Consume"],"picked":"Capacitor","floor":52},{"not_picked":["Rip and Tear","Melter","Machine Learning"],"picked":"Singing Bowl","floor":53},{"not_picked":["Coolheaded","Turbo+1"],"picked":"Defragment+1","floor":56},{"not_picked":["Streamline","Melter+1","Barrage"],"picked":"Singing Bowl","floor":57},{"not_picked":["Cold Snap","Stack+1","Scrape"],"picked":"Singing Bowl","floor":60},{"not_picked":["Go for the Eyes","Undo","Compile Driver+1"],"picked":"Singing Bowl","floor":61},{"not_picked":["Go for the Eyes","Stack"],"picked":"Coolheaded+1","floor":62},{"not_picked":["Double Energy","Reboot"],"picked":"Skim","floor":65},{"not_picked":["Reboot","Sweeping Beam"],"picked":"Gash","floor":65},{"not_picked":["Glacier+1","Darkness","Barrage"],"picked":"Singing Bowl","floor":65},{"not_picked":["Rebound","Leap+1","Force Field"],"picked":"Singing Bowl","floor":65},{"not_picked":["Heatsinks+1","Sweeping Beam+1","Redo+1"],"picked":"Singing Bowl","floor":65},{"not_picked":["Dramatic Entrance","Bandage Up"],"picked":"Finesse","floor":66},{"not_picked":["Metamorphosis","Mind Blast","Dark Shackles"],"picked":"Singing Bowl","floor":66},{"not_picked":["Purity","Magnetism"],"picked":"Panache","floor":66},{"not_picked":["Darkness+1","Leap","Chaos"],"picked":"Singing Bowl","floor":67},{"not_picked":["FTL+1","Lockon+1","Sweeping Beam+1"],"picked":"Singing Bowl","floor":68},{"not_picked":["Turbo","Leap"],"picked":"White Noise","floor":75}],"player_experience":2423748,"relics_obtained":[{"floor":9.0,"key":"Gambling Chip"},{"floor":10.0,"key":"Art of War"},{"floor":13.0,"key":"Pear"},{"floor":15.0,"key":"Singing Bowl"},{"floor":32.0,"key":"Omamori"},{"floor":35.0,"key":"Bottled Tornado"},{"floor":40.0,"key":"Whetstone"},{"floor":48,"key":"CaptainsWheel"},{"floor":53,"key":"Blood Vial"},{"floor":56,"key":"Vajra"},{"floor":58,"key":"Incense Burner"},{"floor":59,"key":"StrikeDummy"},{"floor":60,"key":"Du-Vu Doll"},{"floor":75,"key":"Mummified Hand"}],"event_choices":[{"cards_removed":["Strike_B"],"damage_healed":0.0,"max_hp_gain":0.0,"max_hp_loss":0.0,"gold_gain":0.0,"event_name":"Golden Wing","player_choice":"Card Removal","floor":8.0,"gold_loss":0.0,"damage_taken":7.0},{"damage_healed":0.0,"max_hp_gain":0.0,"max_hp_loss":0.0,"gold_gain":0.0,"event_name":"Cursed Tome","player_choice":"Ignored","floor":25.0,"gold_loss":0.0,"damage_taken":0.0},{"damage_healed":0.0,"max_hp_gain":5.0,"max_hp_loss":0.0,"gold_gain":0.0,"event_name":"Forgotten Altar","player_choice":"Shed Blood","floor":29.0,"gold_loss":0.0,"damage_taken":26.0},{"damage_healed":0.0,"max_hp_gain":0.0,"max_hp_loss":0.0,"gold_gain":0.0,"event_name":"The Mausoleum","player_choice":"Ignored","floor":34.0,"gold_loss":0.0,"damage_taken":0.0},{"damage_healed":0.0,"max_hp_gain":0.0,"max_hp_loss":0.0,"gold_gain":0.0,"event_name":"Addict","player_choice":"Obtained Relic","floor":43.0,"gold_loss":85.0,"damage_taken":0.0,"relics_obtained":["Toy Ornithopter"]},{"damage_healed":0,"gold_gain":0,"player_choice":"Fight","damage_taken":0,"max_hp_gain":0,"max_hp_loss":0,"event_name":"Mysterious Sphere","floor":48,"gold_loss":0},{"damage_healed":0,"gold_gain":0,"player_choice":"Max HP","damage_taken":0,"max_hp_gain":0,"max_hp_loss":7,"event_name":"Winding Halls","floor":63,"gold_loss":0},{"damage_healed":0,"gold_gain":0,"player_choice":"Memory 3","damage_taken":10,"max_hp_gain":0,"max_hp_loss":0,"event_name":"SensoryStone","floor":66,"gold_loss":0}],"is_beta":false,"boss_relics":[{"not_picked":["Sozu","Velvet Choker"],"picked":"Tiny House"},{"not_picked":["Runic Dome","Astrolabe"],"picked":"Runic Pyramid"}],"items_purged_floors":[6,16,26,51,65],"is_endless":false,"potions_floor_spawned":[1,5,9,11,18,19,24,28,39,40,41,45,53,56,57,60,61,62,67,68,75],"ascension_level":1}}