{"host":"vyiqbz5w606ur92t","time":1612811045,"event":{"mods":["BaseMod","Downfall","Minty Spire (QoL Compilation)","StSLib"],"gold_per_floor":[99,111,125,125,141,170,170,189,89,103,122,151,151,185,202,275,275,275,289,302,302,316,341,395,413,413,413,413],"floor_reached":26,"language":"ENG","playtime":1923,"items_purged":[],"score":428,"play_id":"c4002a93-da67-4474-ac3c-05a839c4a0b4","local_time":"20210208190405","is_ascension_mode":true,"campfire_choices":[{"floor":1,"key":"RECALL"},{"data":"Slimebound:Split","floor":9,"key":"SMITH"},{"data":"Slimebound:TagTeam","floor":13,"key":"SMITH"},{"data":"Slimebound:LevelUp","floor":18,"key":"SMITH"}],"circlet_count":0,"master_deck":["AscendersBane","Slimebound:Strike_Slimebound","Slimebound:Strike_Slimebound","Slimebound:Tackle","Slimebound:Defend_Slimebound","Slimebound:Defend_Slimebound","Slimebound:Defend_Slimebound","Slimebound:Defend_Slimebound","Slimebound:Split+1","Slimebound:CorrosiveSpit","Slimebound:LivingWall","Slimebound:SplitLeeching","Slimebound:LeechEnergy","Slimebound:SplitSpecialist","Slimebound:LevelUp+1","Slimebound:TagTeam+1","Slimebound:LeadByExample","Slimebound:GrowthPunch","Slimebound:SplitSpecialist","Slimebound:SelfFormingGoo","Slimebound:SplitMire","Slimebound:SplitSpecialist","Slimebound:HungryTackle","Slimebound:Equalize","Slimebound:LevelUp","Parasite","Slimebound:SamplingLick"],"relics":["Coffee Dripper","Singing Bowl","Ornamental Fan","downfall:HeartBlessingRed","hexamod:BolsterEngine","Ancient Tea Set","Cursed Key","Anchor","Slimebound:StickyStick"],"acts_visited":["Exordium","TheCity"],"potions_floor_usage":[15,15,16,23,26],"damage_taken":[{"damage":1,"enemies":"2 Louse","floor":2,"turns":3},{"damage":0,"enemies":"Small Slimes","floor":3,"turns":3},{"damage":0,"enemies":"Cultist","floor":5,"turns":3},{"damage":11,"enemies":"3 Sentries","floor":6,"turns":8},{"damage":0,"enemies":"Red Slaver","floor":8,"turns":4},{"damage":7,"enemies":"2 Fungi Beasts","floor":10,"turns":3},{"damage":5,"enemies":"3 Louse","floor":11,"turns":3},{"damage":6,"enemies":"Lagavulin","floor":12,"turns":6},{"damage":12,"enemies":"3 Sentries","floor":14,"turns":4},{"damage":0,"enemies":"Large Slime","floor":15,"turns":4},{"damage":11,"enemies":"DF_ARCHETYPE_STREAMLINE","floor":16,"turns":9},{"damage":1,"enemies":"Shell Parasite","floor":19,"turns":3},{"damage":0,"enemies":"Spheric Guardian","floor":20,"turns":3},{"damage":7,"enemies":"Centurion and Healer","floor":22,"turns":6},{"damage":5,"enemies":"Book of Stabbing","floor":23,"turns":4},{"damage":14,"enemies":"Snake Plant","floor":25,"turns":4},{"damage":43,"enemies":"Slavers","floor":26,"turns":4}],"seed_played":"-6997321464792843219","potions_obtained":[{"floor":5,"key":"Strength Potion"},{"floor":8,"key":"SkillPotion"},{"floor":14,"key":"DistilledChaos"},{"floor":15,"key":"Dexterity Potion"},{"floor":19,"key":"champ:CounterPotion"},{"floor":20,"key":"Regen Potion"}],"is_trial":false,"path_per_floor":["R","M","M","?","M","E","T","M","R","M","M","E","R","E","M","B",null,"R","M","M","?","M","E","T","M","E"],"character_chosen":"SLIMEBOUND","items_purchased":[],"campfire_rested":0,"item_purchase_floors":[],"current_hp_per_floor":[53,52,52,52,52,41,41,43,43,36,31,25,25,13,13,2,46,46,45,45,45,38,33,33,19,0,0,0],"gold":413,"neow_bonus":"BOSS_RELIC","is_daily":false,"chose_seed":false,"campfire_upgraded":3,"win_rate":0.0,"timestamp":1612811045,"path_taken":["R","M","M","?","M","E","T","M","R","M","M","E","R","E","M","BOSS","R","M","M","?","M","E","T","M","E"],"items_purchased_type":[],"build_version":"2020-12-22","purchased_purges":0,"victory":false,"max_hp_per_floor":[59,59,59,59,59,59,59,61,61,61,61,61,61,61,61,61,61,61,61,61,61,61,61,61,61,61,61,61],"card_choices":[{"not_picked":["Slimebound:Schlurp","Slimebound:SplitBruiser"],"picked":"Slimebound:LivingWall","floor":2},{"not_picked":["Slimebound:HungryTackle","Slimebound:SplitBruiser"],"picked":"Slimebound:SplitLeeching","floor":3},{"not_picked":["Slimebound:PressTheAttack","Slimebound:BestDefense"],"picked":"Slimebound:LeechEnergy","floor":5},{"not_picked":["Slimebound:ComboTackle","Slimebound:DivideAndConquer"],"picked":"Slimebound:SplitSpecialist","floor":6},{"not_picked":["Slimebound:ItLooksTasty","Slimebound:LeechingTouch","Slimebound:Gluttony"],"picked":"Singing Bowl","floor":8},{"not_picked":["Slimebound:LivingWall","Slimebound:RainOfGoop"],"picked":"Slimebound:LevelUp","floor":10},{"not_picked":["Slimebound:Schlurp","Slimebound:FormOfPuddle"],"picked":"Slimebound:TagTeam","floor":11},{"not_picked":["Slimebound:ServeAndProtect","Slimebound:GoopTackle"],"picked":"Slimebound:LeadByExample","floor":12},{"not_picked":["Slimebound:Nibble","Slimebound:Dissolve"],"picked":"Slimebound:GrowthPunch","floor":14},{"not_picked":["Slimebound:PressTheAttack","Slimebound:ComboTackle"],"picked":"Slimebound:SplitSpecialist","floor":15},{"not_picked":["Slimebound:OozeBath","Slimebound:CheckThePlaybook"],"picked":"Slimebound:SelfFormingGoo","floor":16},{"not_picked":["Slimebound:Chomp","Slimebound:LivingWall"],"picked":"Slimebound:SplitMire","floor":19},{"not_picked":["Slimebound:SplitMire","Slimebound:LeechEnergy"],"picked":"Slimebound:SplitSpecialist","floor":20},{"not_picked":["Slimebound:HauntingLick","Slimebound:LivingWall"],"picked":"Slimebound:Equalize","floor":22},{"not_picked":["Slimebound:Replication","Slimebound:RollThrough"],"picked":"Slimebound:LevelUp","floor":23},{"not_picked":["Slimebound:Recollect","Slimebound:ProtectTheBoss"],"picked":"Slimebound:SamplingLick","floor":25}],"player_experience":1656136,"relics_obtained":[{"floor":6,"key":"Singing Bowl"},{"floor":7,"key":"Ornamental Fan"},{"floor":12,"key":"hexamod:BolsterEngine"},{"floor":14,"key":"Ancient Tea Set"},{"floor":23,"key":"Anchor"},{"floor":24,"key":"Slimebound:StickyStick"}],"event_choices":[],"is_beta":false,"boss_relics":[{"not_picked":["Pandora\u0027s Box","Slimebound:TarBlob"],"picked":"Cursed Key"}],"items_purged_floors":[],"is_endless":false,"potions_floor_spawned":[5,8,12,14,15,19,20],"killed_by":"Slavers","ascension_level":14}}