{"host":"7tvb1em0d2fx72q7","time":1612802420,"event":{"mods":["BaseMod","Challenge The Spire","Minty Spire (QoL Compilation)","StSLib","everything is the same but u backflip on backflip"],"gold_per_floor":[110,127,140,158,158,192,192,212,212,7,39,54,19,51,51,123,123,141,141,153,153,153,153],"floor_reached":22,"language":"ENG","playtime":1398,"items_purged":[],"score":486,"play_id":"29d9923c-85ba-4fc7-83f9-60fcf626deae","local_time":"20210208114020","is_ascension_mode":true,"campfire_choices":[{"data":"Blasphemy","floor":15,"key":"SMITH"}],"circlet_count":0,"master_deck":["AscendersBane","Strike_P","Strike_P","Strike_P","Strike_P","Defend_P","Defend_P","Defend_P","Defend_P","Eruption","Vigilance+1","Blasphemy+1","WheelKick","SignatureMove","Perseverance","EmptyFist+1","Wallop","CutThroughFate","Tantrum","EmptyBody","ReachHeaven","WindmillStrike","SpiritShield","Wallop","DevaForm","Evaluate+1","Tantrum+1"],"relics":["PureWater","Art of War","Mummified Hand","Anchor","Ice Cream","VioletLotus","Tiny Chest"],"acts_visited":["Exordium","TheCity"],"potions_floor_usage":[11,14,20],"damage_taken":[{"damage":4,"enemies":"Small Slimes","floor":1,"turns":3},{"damage":2,"enemies":"Jaw Worm","floor":2,"turns":4},{"damage":0,"enemies":"2 Louse","floor":3,"turns":1},{"damage":7,"enemies":"Gremlin Gang","floor":4,"turns":3},{"damage":0,"enemies":"Lagavulin","floor":6,"turns":4},{"damage":3,"enemies":"Large Slime","floor":8,"turns":3},{"damage":0,"enemies":"3 Sentries","floor":11,"turns":5},{"damage":0,"enemies":"Lots of Slimes","floor":12,"turns":2},{"damage":4,"enemies":"Gremlin Nob","floor":14,"turns":3},{"damage":2,"enemies":"The Guardian","floor":16,"turns":10},{"damage":0,"enemies":"2 Thieves","floor":18,"turns":5},{"damage":48,"enemies":"3 Byrds","floor":20,"turns":6},{"damage":35,"enemies":"Cultist and Chosen","floor":22,"turns":3}],"seed_played":"-1208527583541306382","potions_obtained":[{"floor":4,"key":"Weak Potion"},{"floor":6,"key":"DuplicationPotion"},{"floor":8,"key":"Block Potion"},{"floor":12,"key":"Block Potion"},{"floor":16,"key":"CultistPotion"}],"is_trial":false,"path_per_floor":["M","M","M","M","?","E","?","M","T","$","E","M","?","E","R","B",null,"M","?","M","?","M"],"character_chosen":"WATCHER","items_purchased":["Tantrum","EmptyBody","ReachHeaven"],"campfire_rested":0,"item_purchase_floors":[10,10,10],"current_hp_per_floor":[57,55,55,48,48,48,29,26,26,26,26,26,41,37,37,35,55,55,55,7,7,0,0],"gold":153,"neow_bonus":"THREE_RARE_CARDS","is_daily":false,"chose_seed":false,"campfire_upgraded":1,"win_rate":0.0,"timestamp":1612802420,"path_taken":["M","M","M","M","?","E","?","M","T","$","E","M","?","E","R","BOSS","M","?","?","?","M"],"items_purchased_type":["Card","Card","Card"],"build_version":"2020-12-22","purchased_purges":0,"victory":false,"max_hp_per_floor":[62,62,62,62,62,62,62,62,62,62,62,62,62,62,62,62,62,62,62,62,62,62,62],"card_choices":[{"not_picked":["Judgement","Vault"],"picked":"Blasphemy","floor":0},{"not_picked":["BowlingBash","EmptyFist"],"picked":"WheelKick","floor":1},{"not_picked":["Consecrate","SashWhip"],"picked":"SignatureMove","floor":2},{"not_picked":["Pray","Crescendo"],"picked":"Perseverance","floor":3},{"not_picked":["InnerPeace","Weave"],"picked":"EmptyFist","floor":4},{"not_picked":["Prostrate","WheelKick"],"picked":"Wallop","floor":6},{"not_picked":["Swivel","Prostrate"],"picked":"CutThroughFate","floor":8},{"not_picked":["Prostrate","CrushJoints"],"picked":"WindmillStrike","floor":11},{"not_picked":["SignatureMove","Pray"],"picked":"SpiritShield","floor":12},{"not_picked":["Perseverance","Prostrate"],"picked":"Wallop","floor":14},{"not_picked":["Alpha","MasterReality"],"picked":"DevaForm","floor":16},{"not_picked":["PathToVictory","Crescendo"],"picked":"Evaluate+1","floor":18},{"not_picked":["ReachHeaven","EmptyFist"],"picked":"Tantrum+1","floor":20}],"player_experience":2039712,"relics_obtained":[{"floor":6,"key":"Art of War"},{"floor":9,"key":"Mummified Hand"},{"floor":11,"key":"Anchor"},{"floor":14,"key":"Ice Cream"}],"event_choices":[{"damage_healed":0,"gold_gain":0,"player_choice":"Ignored","damage_taken":0,"max_hp_gain":0,"max_hp_loss":0,"event_name":"Liars Game","floor":5,"gold_loss":0},{"damage_healed":0,"gold_gain":0,"player_choice":"Entered Light","damage_taken":19,"max_hp_gain":0,"max_hp_loss":0,"event_name":"Shining Light","floor":7,"gold_loss":0,"cards_upgraded":["Vigilance","EmptyFist"]},{"damage_healed":15,"gold_gain":0,"player_choice":"Healed","damage_taken":0,"max_hp_gain":0,"max_hp_loss":0,"event_name":"The Cleric","floor":13,"gold_loss":35},{"damage_healed":0,"gold_gain":0,"player_choice":"Ignored","damage_taken":0,"max_hp_gain":0,"max_hp_loss":0,"event_name":"N\u0027loth","floor":19,"gold_loss":0},{"damage_healed":0,"gold_gain":0,"player_choice":"Gave Potion","damage_taken":0,"relics_obtained":["Tiny Chest"],"max_hp_gain":0,"max_hp_loss":0,"event_name":"WeMeetAgain","floor":21,"gold_loss":0}],"is_beta":false,"boss_relics":[{"not_picked":["Philosopher\u0027s Stone","Coffee Dripper"],"picked":"VioletLotus"}],"items_purged_floors":[],"is_endless":false,"potions_floor_spawned":[4,6,8,12,16],"killed_by":"Cultist and Chosen","ascension_level":18}}