{"host":"x8sam8fprezugive","time":1612785976,"event":{"mods":["A Magickal Journey","Bard","BaseMod","Colored Powertips","Downfall","Hero for Fun","Minty Spire (QoL Compilation)","Replay The Spire","StSLib","The Necromancer"],"gold_per_floor":[99,119,139,158,158,143,143,143,143,163,0,19,29,47,62,159,159,159,175,191,191,203,221,221,321,521,540,540,540,540],"floor_reached":28,"language":"ENG","playtime":1947,"items_purged":[],"score":216,"play_id":"faa78459-34b8-46d8-836c-b3a610110bdd","local_time":"20210208130616","is_ascension_mode":false,"campfire_choices":[{"data":"Apotheosis","floor":1,"key":"SMITH"},{"data":"hexamod:SearingWound","floor":18,"key":"SMITH"},{"floor":26,"key":"DIG"}],"circlet_count":0,"master_deck":["hexamod:Strike","hexamod:Strike","hexamod:Strike","hexamod:Defend","hexamod:Defend","hexamod:Defend","hexamod:Defend","hexamod:Sear","hexamod:Float","Apotheosis+1","hexamod:HeatCrush","hexamod:NightmareGuise","hexamod:GhostOfSpirePast","hexamod:GhostOfSpirePast","hexamod:EmpoweredFlame","hexamod:RadiantFlame","hexamod:ChargedBarrage","hexamod:EmpoweredFlame","hexamod:SwordOfDarkness","hexamod:RainOfEmbers","hexamod:SearingWound+1","CurseOfTheBell","hexamod:HeatMetal","hexamod:FirstSeal","hexamod:NightmareStrike","hexamod:SkipABeat+1","hexamod:ThermalTransfer+1"],"relics":["hexamod:SpiritBrand","Blue Candle","Ring of Fangs","Ring of Peace","Replay:Bottled Steam","ReplayTheSpireMod:TigerMarble","Calling Bell","Vajra","ReplayTheSpireMod:Shallot","Shovel","WingedGreaves","downfall:GremlinWheel","Meat on the Bone"],"acts_visited":["Exordium","TheCity"],"potions_floor_usage":[12,13,16,25],"damage_taken":[{"damage":0,"enemies":"Cultist","floor":2,"turns":3},{"damage":0,"enemies":"Small Slimes","floor":3,"turns":3},{"damage":0,"enemies":"2 Louse","floor":4,"turns":3},{"damage":0,"enemies":"downfall:FleeingMerchant","floor":6,"turns":4},{"damage":0,"enemies":"Exordium Wildlife","floor":10,"turns":5},{"damage":0,"enemies":"downfall:FleeingMerchant","floor":11,"turns":4},{"damage":0,"enemies":"2 Fungi Beasts","floor":12,"turns":4},{"damage":0,"enemies":"Red Slaver","floor":13,"turns":5},{"damage":0,"enemies":"Blue Slaver","floor":14,"turns":4},{"damage":0,"enemies":"2 Fungi Beasts","floor":15,"turns":3},{"damage":22,"enemies":"IC_STATUS_ARCHETYPE","floor":16,"turns":6},{"damage":7,"enemies":"Spheric Guardian","floor":19,"turns":6},{"damage":0,"enemies":"Chosen","floor":20,"turns":4},{"damage":4,"enemies":"Snecko","floor":22,"turns":6},{"damage":6,"enemies":"Cultist and Chosen","floor":23,"turns":6},{"damage":25,"enemies":"Cultist and Chosen","floor":25,"turns":6},{"damage":10,"enemies":"Shelled Parasite and Fungi","floor":27,"turns":7},{"damage":36,"enemies":"Centurion and Healer","floor":28,"turns":6}],"seed_played":"-2562812864385791904","potions_obtained":[{"floor":2,"key":"Block Potion"},{"floor":10,"key":"BlessingOfTheForge"},{"floor":12,"key":"Adrenaline Potion"},{"floor":15,"key":"Venom Potion"},{"floor":16,"key":"Flashbang"},{"floor":19,"key":"Flashbang"}],"is_trial":false,"path_per_floor":["R","M","M","M","?","$","T","?","?","M","$","M","M","M","M","B",null,"R","M","M","?","M","M","T","?","R","M","M"],"character_chosen":"THE_SPIRIT","items_purchased":["ReplayTheSpireMod:TigerMarble"],"campfire_rested":0,"item_purchase_floors":[11],"current_hp_per_floor":[63,63,63,63,63,63,63,63,45,45,45,45,45,45,45,23,63,63,56,56,45,48,49,49,31,31,33,0,0,0],"gold":540,"neow_bonus":"RANDOM_COLORLESS_2","is_daily":false,"chose_seed":false,"campfire_upgraded":2,"win_rate":0.0,"timestamp":1612785976,"path_taken":["R","M","?","M","?","$","T","?","?","?","$","M","M","M","M","BOSS","R","M","M","?","M","M","T","?","R","?","M"],"items_purchased_type":["Relic"],"build_version":"2020-12-22","purchased_purges":0,"victory":false,"max_hp_per_floor":[63,63,63,63,63,63,63,63,63,63,63,63,63,63,63,63,63,63,63,63,68,68,68,68,68,68,68,68,68,68],"card_choices":[{"not_picked":["The Bomb","Poisoned Strike"],"picked":"Apotheosis","floor":0},{"not_picked":["hexamod:ThermalTransfer","hexamod:FastForward"],"picked":"hexamod:HeatCrush","floor":2},{"not_picked":["hexamod:BacktrackSmack","hexamod:FourthSeal"],"picked":"hexamod:NightmareGuise","floor":3},{"not_picked":["hexamod:InspiringFlames","hexamod:BacktrackSmack"],"picked":"hexamod:GhostOfSpirePast","floor":4},{"not_picked":["hexamod:Again","hexamod:RecurringNightmare"],"picked":"hexamod:GhostOfSpirePast","floor":6},{"not_picked":["hexamod:AdvancingGuard","hexamod:SpectralAdrenaline"],"picked":"hexamod:EmpoweredFlame","floor":10},{"not_picked":["hexamod:UnlimitedPower","hexamod:GhostLash"],"picked":"hexamod:RadiantFlame","floor":11},{"not_picked":["hexamod:SwordOfDarkness","hexamod:EmpoweredFlame"],"picked":"hexamod:ChargedBarrage","floor":12},{"not_picked":["hexamod:SpectersWail","hexamod:NecessarySacrifice"],"picked":"hexamod:EmpoweredFlame","floor":13},{"not_picked":["hexamod:GhostOfSpirePast","hexamod:InspiringFlames"],"picked":"hexamod:SwordOfDarkness","floor":14},{"not_picked":["hexamod:GhostflameBarrier","hexamod:Firestarter"],"picked":"hexamod:RainOfEmbers","floor":15},{"not_picked":["hexamod:ForkedFlame","hexamod:UnleashSpirits"],"picked":"hexamod:SearingWound","floor":16},{"not_picked":["hexamod:BacktrackSmack","hexamod:FastForward+1"],"picked":"hexamod:HeatMetal","floor":19},{"not_picked":["hexamod:BacktrackSmack","hexamod:SecondSeal"],"picked":"hexamod:FirstSeal","floor":20},{"not_picked":["hexamod:BacktrackSmack","hexamod:GhostLash"],"picked":"hexamod:NightmareStrike","floor":22},{"not_picked":["hexamod:BurningTouch","hexamod:Again"],"picked":"hexamod:SkipABeat+1","floor":23},{"not_picked":["hexamod:GhostLash","hexamod:NightmareGuise"],"picked":"hexamod:ThermalTransfer+1","floor":27}],"player_experience":244493,"relics_obtained":[{"floor":7,"key":"Blue Candle"},{"floor":8,"key":"Ring of Fangs"},{"floor":8,"key":"Ring of Peace"},{"floor":17,"key":"Vajra"},{"floor":17,"key":"ReplayTheSpireMod:Shallot"},{"floor":17,"key":"Shovel"},{"floor":24,"key":"WingedGreaves"},{"floor":25,"key":"downfall:GremlinWheel"},{"floor":26,"key":"Meat on the Bone"}],"event_choices":[{"damage_healed":0,"gold_gain":0,"player_choice":"Success","damage_taken":18,"relics_obtained":["Replay:Bottled Steam"],"max_hp_gain":0,"max_hp_loss":0,"event_name":"Scrap Ooze","floor":9,"gold_loss":0},{"damage_healed":0,"gold_gain":200,"player_choice":"Gold","damage_taken":0,"max_hp_gain":0,"max_hp_loss":0,"event_name":"Wheel of Change","floor":26,"gold_loss":0}],"is_beta":false,"boss_relics":[{"not_picked":["Replay:Wanted Poster","bronze:MakeshiftBattery"],"picked":"Calling Bell"}],"items_purged_floors":[],"is_endless":false,"potions_floor_spawned":[2,10,12,15,16,19,20],"killed_by":"Centurion and Healer","ascension_level":0}}