{"host":"vyiqbz5w606ur92t","time":1612807317,"event":{"mods":["BaseMod","Downfall","Minty Spire (QoL Compilation)","StSLib"],"gold_per_floor":[99,110,124,34,46,74,74,88,88,114,126,143,143,172,183,260,260,260,277,15,26,42,76,76,76,76,76,89,115,25,25,38,114,114,14,27,38,38,38,38,65,81,108,8,36,61,61,91,102,102],"floor_reached":51,"language":"ENG","playtime":4432,"items_purged":["Slimebound:Strike_Slimebound","Slimebound:Strike_Slimebound"],"score":1588,"play_id":"5174ae66-18d3-43b1-af0b-80f67f6c3b4d","local_time":"20210208180157","is_ascension_mode":true,"campfire_choices":[{"data":"Slimebound:Split","floor":1,"key":"SMITH"},{"floor":9,"key":"REST"},{"data":"Slimebound:TagTeam","floor":13,"key":"SMITH"},{"data":"Slimebound:LeadByExample","floor":18,"key":"SMITH"},{"floor":25,"key":"REST"},{"floor":35,"key":"RECALL"},{"data":"Slimebound:Overexert","floor":40,"key":"SMITH"},{"data":"Slimebound:MinionMaster","floor":44,"key":"SMITH"},{"data":"Slimebound:SlimeBarrage","floor":47,"key":"SMITH"}],"circlet_count":0,"master_deck":["AscendersBane","Slimebound:Strike_Slimebound","Slimebound:Tackle","Slimebound:Defend_Slimebound","Slimebound:Defend_Slimebound","Slimebound:Defend_Slimebound","Slimebound:Split+1","Slimebound:CorrosiveSpit+1","Slimebound:LeadByExample+1","Slimebound:Prepare+1","Slimebound:SlimeBarrage+1","Slimebound:GoopSpray","Slimebound:TagTeam+1","Slimebound:MegaLick+1","Slimebound:HauntingLick+1","Slimebound:SplitMire+1","Slimebound:Overexert+1","Slimebound:Recollect+1","Slimebound:Darklings+1","Slimebound:LeechEnergy+1","Slimebound:SplitLeeching+1","Slimebound:Replication+1","Slimebound:SlimeSpikes+1","Slimebound:Replication+1","Slimebound:GoopSpray+1","Slimebound:SplitAcid+1","Apotheosis+1","Slimebound:HauntingLick+1","Slimebound:Teamwork+1","Slimebound:HauntingLick+1","Slimebound:SplitSpecialist+1","expansioncontent:LastStand","expansioncontent:Hexaburn","Slimebound:MinionMaster+1","Slimebound:Replication+1","Slimebound:SpikyOuterGoop+1"],"relics":["Slimebound:AbsorbEndCombat","champ:DeflectingBracers","Toxic Egg 2","Slimebound:SlimedTailRelic","Regal Pillow","Question Card","Runic Pyramid","Bag of Preparation","Toy Ornithopter","hexamod:BolsterEngine","Nilry\u0027s Codex","Lantern","Mummified Hand","bronze:MakeshiftBattery","downfall:HeartBlessingGreen","Potion Belt","downfall:HeartBlessingBlue","Happy Flower","Ginger","War Paint"],"acts_visited":["Exordium","TheCity","TheBeyond"],"potions_floor_usage":[12,16,32],"damage_taken":[{"damage":0,"enemies":"Small Slimes","floor":2,"turns":3},{"damage":1,"enemies":"2 Louse","floor":3,"turns":4},{"damage":3,"enemies":"downfall:FleeingMerchant","floor":4,"turns":4},{"damage":4,"enemies":"Jaw Worm","floor":5,"turns":3},{"damage":39,"enemies":"Gremlin Nob","floor":6,"turns":4},{"damage":0,"enemies":"2 Fungi Beasts","floor":8,"turns":3},{"damage":3,"enemies":"3 Sentries","floor":10,"turns":6},{"damage":4,"enemies":"Blue Slaver","floor":11,"turns":4},{"damage":8,"enemies":"Large Slime","floor":12,"turns":3},{"damage":16,"enemies":"Gremlin Nob","floor":14,"turns":3},{"damage":0,"enemies":"Gremlin Gang","floor":15,"turns":3},{"damage":12,"enemies":"WA_ARCHETYPE_RETAIN","floor":16,"turns":6},{"damage":7,"enemies":"Shell Parasite","floor":19,"turns":4},{"damage":10,"enemies":"downfall:FleeingMerchant","floor":20,"turns":4},{"damage":3,"enemies":"Chosen","floor":21,"turns":3},{"damage":14,"enemies":"Shelled Parasite and Fungi","floor":22,"turns":4},{"damage":34,"enemies":"Book of Stabbing","floor":23,"turns":6},{"damage":0,"enemies":"3 Cultists","floor":28,"turns":3},{"damage":24,"enemies":"Slavers","floor":29,"turns":4},{"damage":0,"enemies":"downfall:FleeingMerchant","floor":30,"turns":3},{"damage":0,"enemies":"Centurion and Healer","floor":32,"turns":2},{"damage":0,"enemies":"DF_ARCHETYPE_CLAW","floor":33,"turns":4},{"damage":0,"enemies":"3 Darklings","floor":36,"turns":3},{"damage":0,"enemies":"3 Shapes","floor":37,"turns":2},{"damage":0,"enemies":"3 Shapes","floor":38,"turns":3},{"damage":0,"enemies":"Jaw Worm Horde","floor":42,"turns":2},{"damage":0,"enemies":"Nemesis","floor":43,"turns":3},{"damage":0,"enemies":"Reptomancer","floor":45,"turns":2},{"damage":0,"enemies":"Reptomancer","floor":46,"turns":2},{"damage":0,"enemies":"Giant Head","floor":48,"turns":4},{"damage":0,"enemies":"3 Darklings","floor":49,"turns":3},{"damage":11,"enemies":"SI_POISON_ARCHETYPE","floor":50,"turns":6}],"seed_played":"4925345333640509101","potions_obtained":[{"floor":6,"key":"sneckomod:MuddlingPotion"},{"floor":11,"key":"hexamod:SoulburnPotion"},{"floor":12,"key":"SteroidPotion"},{"floor":14,"key":"GamblersBrew"},{"floor":23,"key":"Fire Potion"},{"floor":29,"key":"Energy Potion"},{"floor":32,"key":"Dexterity Potion"},{"floor":43,"key":"SpeedPotion"},{"floor":45,"key":"DuplicationPotion"},{"floor":49,"key":"bronze:BurnAndBuffPotion"}],"is_trial":false,"path_per_floor":["R","M","M","$","M","E","T","M","R","E","M","M","R","E","M","B",null,"R","M","$","M","M","E","T","R","?","?","M","E","$","?","M","B",null,"R","M","M","?","?","R","T","M","E","R","E","?","R","E","M","B",null],"character_chosen":"SLIMEBOUND","items_purchased":["Bag of Preparation","Mummified Hand","Apotheosis+1"],"campfire_rested":2,"item_purchase_floors":[20,30,30],"current_hp_per_floor":[59,59,58,56,54,23,23,23,40,43,43,41,41,29,31,27,51,51,50,46,49,41,13,13,45,29,29,35,15,19,19,26,26,51,51,55,57,59,54,54,54,58,59,69,69,69,69,69,69,64],"gold":102,"neow_bonus":"ONE_RARE_RELIC","is_daily":false,"chose_seed":false,"campfire_upgraded":6,"win_rate":0.0,"timestamp":1612807317,"path_taken":["R","M","M","$","M","E","T","M","R","E","M","M","R","E","M","BOSS","R","M","$","M","M","E","T","R","?","?","M","E","?","?","M","BOSS","R","M","M","?","?","R","T","M","E","R","E","?","R","E","M","BOSS"],"items_purchased_type":["Relic","Relic","Card"],"build_version":"2020-12-22","purchased_purges":2,"victory":true,"max_hp_per_floor":[59,59,59,59,59,59,59,59,59,59,59,59,59,59,59,59,59,59,59,59,59,59,59,59,59,59,59,59,59,59,59,59,59,59,59,59,59,59,59,59,59,59,59,69,69,69,69,69,69,69],"card_choices":[{"not_picked":["Slimebound:PressTheAttack","Slimebound:SplitMire"],"picked":"Slimebound:LeadByExample","floor":2},{"not_picked":["Slimebound:MegaLick","Slimebound:SplitAcid"],"picked":"Slimebound:Prepare","floor":3},{"not_picked":["Slimebound:FlameTackle","Slimebound:Chomp"],"picked":"Slimebound:SlimeBarrage","floor":4},{"not_picked":["Slimebound:HauntingLick","Slimebound:SplitAcid"],"picked":"Slimebound:GoopSpray","floor":5},{"not_picked":["Slimebound:SamplingLick+1","Slimebound:SlimeTap+1"],"picked":"Slimebound:TagTeam","floor":6},{"not_picked":["Slimebound:RollThrough","Slimebound:PressTheAttack"],"picked":"Slimebound:MegaLick+1","floor":8},{"not_picked":["Slimebound:DivideAndConquer","Slimebound:TongueLash","Slimebound:FlameTackle"],"picked":"SKIP","floor":10},{"not_picked":["Slimebound:ForwardTackle","Slimebound:SplitBruiser+1"],"picked":"Slimebound:HauntingLick+1","floor":11},{"not_picked":["Slimebound:SlimeSpikes+1","Slimebound:LeechingTouch"],"picked":"Slimebound:SplitMire+1","floor":12},{"not_picked":["Slimebound:DisruptingSlam","Slimebound:SlimeSpikes+1"],"picked":"Slimebound:Overexert","floor":14},{"not_picked":["Slimebound:ComboTackle","Slimebound:LivingWall+1","Slimebound:RollThrough"],"picked":"Slimebound:Recollect+1","floor":15},{"not_picked":["Slimebound:OneTwoCombo","Slimebound:Overexert","Slimebound:Teamwork+1"],"picked":"Slimebound:Darklings+1","floor":16},{"not_picked":["Slimebound:FinishingTackle+1","Slimebound:Prepare+1","Slimebound:ComboTackle"],"picked":"Slimebound:LeechEnergy+1","floor":19},{"not_picked":["Slimebound:SplitAcid+1","Slimebound:SplitMire+1","Slimebound:LeechEnergy"],"picked":"Slimebound:SplitLeeching+1","floor":20},{"not_picked":["Slimebound:Prepare+1","Slimebound:RallyTheTroops","Slimebound:HauntingLick+1"],"picked":"Slimebound:Replication+1","floor":21},{"not_picked":["Slimebound:ComboTackle","Slimebound:TongueLash","Slimebound:ServeAndProtect+1","Slimebound:DivideAndConquer"],"picked":"SKIP","floor":22},{"not_picked":["Slimebound:ComboTackle","Slimebound:LeechingTouch","Slimebound:DivideAndConquer"],"picked":"Slimebound:SlimeSpikes+1","floor":23},{"not_picked":["Slimebound:SamplingLick+1","Slimebound:LeechEnergy","Slimebound:SplitMire+1"],"picked":"Slimebound:Replication+1","floor":28},{"not_picked":["Slimebound:LevelUp","Slimebound:Replication+1","Slimebound:HungryTackle"],"picked":"Slimebound:GoopSpray+1","floor":29},{"not_picked":["Slimebound:CheckThePlaybook+1","Slimebound:SplitBruiser+1","Slimebound:LivingWall+1"],"picked":"Slimebound:SplitAcid+1","floor":30},{"not_picked":["Slimebound:Gluttony","Slimebound:ComboTackle","Slimebound:GoopSpray+1"],"picked":"Slimebound:HauntingLick+1","floor":32},{"not_picked":["Slimebound:DouseInSlime+1","Slimebound:FirmFortitude+1","Slimebound:RallyTheTroops"],"picked":"Slimebound:Teamwork+1","floor":33},{"not_picked":["Slimebound:PressTheAttack","Slimebound:ItLooksTasty","Slimebound:GoopSpray+1"],"picked":"Slimebound:HauntingLick+1","floor":36},{"not_picked":["Slimebound:GoopTackle+1","Slimebound:LeechingTouch","Slimebound:SlimeSpikes+1","Slimebound:GoopSpray+1"],"picked":"SKIP","floor":37},{"not_picked":["Slimebound:ProtectTheBoss","Slimebound:Nibble","Slimebound:ViciousTackle"],"picked":"Slimebound:SplitSpecialist+1","floor":38},{"not_picked":["expansioncontent:HyperBeam","expansioncontent:Hexaburn"],"picked":"expansioncontent:LastStand","floor":39},{"not_picked":["expansioncontent:LastStand","expansioncontent:YouAreMine"],"picked":"expansioncontent:Hexaburn","floor":39},{"not_picked":["Slimebound:SlimeSpikes+1","Slimebound:SlimeSlap","Slimebound:Schlurp+1","Slimebound:LeechingTouch"],"picked":"SKIP","floor":42},{"not_picked":["Slimebound:SlimeBrawl+1","Slimebound:SamplingLick+1","Slimebound:SplitAcid+1"],"picked":"Slimebound:MinionMaster","floor":43},{"not_picked":["Slimebound:ItLooksTasty+1","Slimebound:Chomp+1","Slimebound:PressTheAttack","Slimebound:GoopTackle+1"],"picked":"SKIP","floor":45},{"not_picked":["Slimebound:ComboTackle","Slimebound:GoopSpray+1","Slimebound:LivingWall+1"],"picked":"Slimebound:Replication+1","floor":46},{"not_picked":["Slimebound:CheckThePlaybook+1","Slimebound:SlimeBarrage","Slimebound:LeechEnergy"],"picked":"Slimebound:SpikyOuterGoop+1","floor":48},{"not_picked":["Slimebound:GoopTackle","Slimebound:LivingWall+1","Slimebound:Prepare+1","Slimebound:GoopSpray+1"],"picked":"SKIP","floor":49}],"player_experience":1649967,"relics_obtained":[{"floor":6,"key":"Toxic Egg 2"},{"floor":7,"key":"Slimebound:SlimedTailRelic"},{"floor":10,"key":"Regal Pillow"},{"floor":14,"key":"Question Card"},{"floor":23,"key":"Toy Ornithopter"},{"floor":24,"key":"hexamod:BolsterEngine"},{"floor":26,"key":"Nilry\u0027s Codex"},{"floor":29,"key":"Lantern"},{"floor":43,"key":"Potion Belt"},{"floor":45,"key":"Happy Flower"},{"floor":46,"key":"Ginger"},{"floor":48,"key":"War Paint"}],"event_choices":[],"is_beta":false,"boss_relics":[{"not_picked":["Slimebound:TarBlob","Coffee Dripper"],"picked":"Runic Pyramid"},{"not_picked":["Astrolabe","Slimebound:AbsorbEndCombatUpgraded"],"picked":"bronze:MakeshiftBattery"}],"items_purged_floors":[4,20],"is_endless":false,"potions_floor_spawned":[6,11,12,14,23,29,32,33,38,42,43,45,49],"ascension_level":13}}