{"host":"xp27heuvanyklt0b","time":1612782969,"event":{"mods":["100% Spire Juice","BaseMod","CapriCore","Koishi","Lobotomy","Minty Spire (QoL Compilation)","StSLib","The Immortal"],"gold_per_floor":[113,113,78,153,101,101,6,19,42,42,69,79,94,119,119,214,94,108,119,119,119,138,47,61,72,149,41,41,41,41,52,52,52,52],"floor_reached":33,"language":"KOR","playtime":1402,"items_purged":[],"score":277,"play_id":"e64a8d99-0e8a-4c60-b2fe-2ca3031698f0","local_time":"20210208201609","is_ascension_mode":false,"campfire_choices":[{"data":"Moonworks:MeltingMemories","floor":6,"key":"SMITH"},{"floor":15,"key":"REST"},{"floor":29,"key":"RECALL"},{"floor":32,"key":"REST"}],"circlet_count":0,"master_deck":["Moonworks:Strike","Moonworks:Strike","Moonworks:Strike","Moonworks:Strike","Moonworks:Defend","Moonworks:Defend","Moonworks:Defend","Moonworks:Defend","Moonworks:Ambush","Moonworks:LongDistanceShot","Moonworks:MeltingMemories+1","Moonworks:LulusLuckyEgg","Moonworks:JonathanRush","Moonworks:NicePresent+1","Moonworks:EvilMastermind","Moonworks:IndiscriminateFireSupport","Moonworks:BigBangBell","Moonworks:FullSpeedAlicianrone","Moonworks:StarBlastingFuse","Moonworks:MiracleRedBeanIceCream","Moonworks:NicePresent+1","Moonworks:EvilSpyWorkPreparation","Moonworks:LulusLuckyEgg","Moonworks:MetallicMonocoque","Moonworks:MiracleRedBeanIceCream","Moonworks:CloudOfSeagulls+1"],"relics":["Moonworks:BrokenBomb","Moonworks:Homemark","MealTicket","Lantern","Nunchaku","Centennial Puzzle","CaptainsWheel","Black Star","Bag of Preparation","Potion Belt","InkBottle"],"acts_visited":["Exordium","TheCity"],"potions_floor_usage":[24,25,25,27,33],"damage_taken":[{"damage":7,"enemies":"Small Slimes","floor":1,"turns":5},{"damage":0,"enemies":"2 Louse","floor":8,"turns":1},{"damage":27,"enemies":"3 Sentries","floor":11,"turns":7},{"damage":0,"enemies":"Cultist","floor":12,"turns":3},{"damage":13,"enemies":"Exordium Thugs","floor":13,"turns":2},{"damage":13,"enemies":"Lagavulin","floor":14,"turns":5},{"damage":19,"enemies":"Hexaghost","floor":16,"turns":6},{"damage":4,"enemies":"Spheric Guardian","floor":18,"turns":5},{"damage":9,"enemies":"2 Thieves","floor":19,"turns":4},{"damage":0,"enemies":"3 Cultists","floor":22,"turns":2},{"damage":30,"enemies":"Slavers","floor":23,"turns":4},{"damage":8,"enemies":"Centurion and Healer","floor":24,"turns":7},{"damage":19,"enemies":"Snake Plant","floor":25,"turns":5},{"damage":10,"enemies":"Sentry and Sphere","floor":27,"turns":4},{"damage":22,"enemies":"Snecko","floor":31,"turns":5},{"damage":47,"enemies":"Automaton","floor":33,"turns":6}],"seed_played":"3155003382932748763","potions_obtained":[{"floor":1,"key":"BlessingOfTheForge"},{"floor":11,"key":"Explosive Potion"},{"floor":13,"key":"Dexterity Potion"},{"floor":19,"key":"Strength Potion"},{"floor":23,"key":"FearPotion"},{"floor":24,"key":"DistilledChaos"},{"floor":25,"key":"Regen Potion"}],"is_trial":false,"path_per_floor":["M","?","?","?","$","R","T","M","T","?","E","M","M","E","R","B",null,"M","M","?","?","M","E","M","M","T","M","T","R","?","M","R","B"],"character_chosen":"THE_STARBREAKER","items_purchased":["Moonworks:JonathanRush"],"campfire_rested":2,"item_purchase_floors":[5],"current_hp_per_floor":[53,28,43,32,47,47,47,47,47,47,35,35,22,30,48,29,60,56,52,42,42,47,22,30,18,18,26,26,26,26,14,33,0,0],"gold":52,"neow_bonus":"ONE_RANDOM_RARE_CARD","is_daily":false,"chose_seed":false,"campfire_upgraded":1,"win_rate":0.0,"timestamp":1612782969,"path_taken":["M","?","?","?","$","R","?","M","T","?","E","M","M","E","R","BOSS","M","M","?","?","M","E","?","M","T","M","?","R","?","M","R","BOSS"],"items_purchased_type":["Card"],"build_version":"2020-12-22","purchased_purges":0,"victory":false,"max_hp_per_floor":[60,60,60,60,60,60,60,60,60,60,60,60,60,60,60,60,60,60,60,65,65,65,65,65,65,65,65,65,65,65,65,65,65,65],"card_choices":[{"not_picked":["Moonworks:SealedMemories","Moonworks:BeyondHell"],"picked":"Moonworks:LulusLuckyEgg","floor":1},{"not_picked":["Moonworks:ImOnFire","Moonworks:BigMagnum"],"picked":"Moonworks:NicePresent","floor":8},{"not_picked":["Moonworks:Dinner","Moonworks:Bloodlust"],"picked":"Moonworks:EvilMastermind","floor":11},{"not_picked":["Moonworks:SakisCookie","Moonworks:DeployBits"],"picked":"Moonworks:IndiscriminateFireSupport","floor":12},{"not_picked":["Moonworks:NicePresent","Moonworks:MixPhenomenon"],"picked":"Moonworks:BigBangBell","floor":13},{"not_picked":["Moonworks:ReflectiveShell","Moonworks:JonathanRush"],"picked":"Moonworks:FullSpeedAlicianrone","floor":14},{"not_picked":["Moonworks:Blazing","Moonworks:ReflectiveShell"],"picked":"Moonworks:StarBlastingFuse","floor":16},{"not_picked":["Moonworks:ImOnFire","Moonworks:DeployBits"],"picked":"Moonworks:MiracleRedBeanIceCream","floor":18},{"not_picked":["Moonworks:JonathanRush+1","Moonworks:CookingTime"],"picked":"Moonworks:NicePresent+1","floor":19},{"not_picked":["Moonworks:BigMagnum+1","Moonworks:LulusLuckyEgg"],"picked":"Moonworks:EvilSpyWorkPreparation","floor":22},{"not_picked":["Moonworks:EvilSpyWorkPreparation","Moonworks:Assault"],"picked":"Moonworks:LulusLuckyEgg","floor":23},{"not_picked":["Moonworks:Assault","Moonworks:ImmovableObject"],"picked":"Moonworks:MetallicMonocoque","floor":24},{"not_picked":["Moonworks:LulusLuckyEgg","Moonworks:CloudOfSeagulls","Moonworks:NicePresent"],"picked":"SKIP","floor":25},{"not_picked":["Moonworks:JonathanRush","Moonworks:SakisCookie"],"picked":"Moonworks:MiracleRedBeanIceCream","floor":27},{"not_picked":["Moonworks:DeployBits","Moonworks:ImOnFire"],"picked":"Moonworks:CloudOfSeagulls+1","floor":31}],"player_experience":175813,"relics_obtained":[{"floor":7,"key":"Lantern"},{"floor":9,"key":"Nunchaku"},{"floor":11,"key":"Centennial Puzzle"},{"floor":14,"key":"CaptainsWheel"},{"floor":23,"key":"Bag of Preparation"},{"floor":23,"key":"Potion Belt"},{"floor":28,"key":"InkBottle"}],"event_choices":[{"damage_healed":0,"gold_gain":0,"player_choice":"Success","damage_taken":25,"relics_obtained":["MealTicket"],"max_hp_gain":0,"max_hp_loss":0,"event_name":"Scrap Ooze","floor":2,"gold_loss":0},{"damage_healed":15,"gold_gain":0,"player_choice":"Healed","damage_taken":0,"max_hp_gain":0,"max_hp_loss":0,"event_name":"The Cleric","floor":3,"gold_loss":35},{"damage_healed":0,"gold_gain":75,"player_choice":"Gather Gold","damage_taken":11,"max_hp_gain":0,"max_hp_loss":0,"event_name":"World of Goop","floor":4,"gold_loss":0},{"damage_healed":0,"gold_gain":0,"player_choice":"Grow","damage_taken":0,"max_hp_gain":0,"max_hp_loss":0,"event_name":"Living Wall","floor":10,"gold_loss":0,"cards_upgraded":["Moonworks:NicePresent"]},{"damage_healed":0,"gold_gain":0,"player_choice":"Shed Blood","damage_taken":15,"max_hp_gain":5,"max_hp_loss":0,"event_name":"Forgotten Altar","floor":20,"gold_loss":0},{"damage_healed":0,"gold_gain":0,"player_choice":"Ignored","damage_taken":0,"max_hp_gain":0,"max_hp_loss":0,"event_name":"Purifier","floor":21,"gold_loss":0}],"is_beta":false,"boss_relics":[{"not_picked":["Snecko Eye","Astrolabe"],"picked":"Black Star"}],"items_purged_floors":[],"is_endless":false,"potions_floor_spawned":[1,11,13,16,19,23,24,25],"killed_by":"Automaton","ascension_level":0}}