{"host":"bz6w3lfmpwgz81o3","time":1612794936,"event":{"mods":["BaseMod","Downfall","Hermit","Minty Spire (QoL Compilation)","StSLib"],"gold_per_floor":[99,119,131,147,132,162,238,338,338,349,364,514,514,98,111,210,210,210,210,44,61,80,65,65,100,116,116,116,116],"floor_reached":27,"language":"ENG","playtime":1592,"items_purged":[],"score":233,"play_id":"169ec1dc-4e69-4fb1-b7ab-a9d8fd3a9f1f","local_time":"20210208153536","is_ascension_mode":false,"campfire_choices":[{"data":"The Bomb","floor":1,"key":"SMITH"},{"floor":9,"key":"REST"},{"data":"hexamod:WildfireWeapon","floor":13,"key":"SMITH"},{"data":"hexamod:ForkedFlame","floor":18,"key":"SMITH"}],"circlet_count":0,"master_deck":["hexamod:Strike+1","hexamod:Strike","hexamod:Strike+1","hexamod:Defend","hexamod:Defend","hexamod:Defend","hexamod:Sear","hexamod:Float+1","The Bomb+1","hexamod:PhantomFireball","hexamod:SpectersWail","hexamod:ShieldOfDarkness","hexamod:BacktrackSmack+1","hexamod:SwordOfDarkness","hexamod:SixthSeal","hexamod:ShieldOfDarkness+1","hexamod:BurningTouch","hexamod:SkipABeat","hexamod:WildfireWeapon+1","downfall:Icky","hexamod:FirstSeal","hexamod:GhostShield","hexamod:ForkedFlame","hexamod:NightmareGuise+1","hexamod:ThermalTransfer","hexamod:ForkedFlame+1","CurseOfTheBell","hexamod:ForkedFlame","hexamod:SwordOfDarkness+1","hexamod:GhostOfSpireFuture+1","hexamod:HexaLevel","hexamod:ShieldOfDarkness+1","hexamod:StepThrough+1"],"relics":["hexamod:SpiritBrand","Dream Catcher","Darkstone Periapt","Meat on the Bone","Orrery","Calling Bell","Centennial Puzzle","Pantograph","TungstenRod","Anchor","hexamod:InflammatoryLetter","War Paint"],"acts_visited":["Exordium","TheCity"],"potions_floor_usage":[11,25,25,25],"damage_taken":[{"damage":2,"enemies":"2 Louse","floor":2,"turns":3},{"damage":2,"enemies":"Jaw Worm","floor":3,"turns":4},{"damage":0,"enemies":"Small Slimes","floor":4,"turns":2},{"damage":5,"enemies":"downfall:FleeingMerchant","floor":5,"turns":4},{"damage":4,"enemies":"Lagavulin","floor":6,"turns":6},{"damage":8,"enemies":"downfall:Heads","floor":8,"turns":5},{"damage":7,"enemies":"Blue Slaver","floor":10,"turns":3},{"damage":5,"enemies":"3 Louse","floor":11,"turns":2},{"damage":0,"enemies":"downfall:FleeingMerchant","floor":14,"turns":4},{"damage":0,"enemies":"Large Slime","floor":15,"turns":3},{"damage":15,"enemies":"IC_STATUS_ARCHETYPE","floor":16,"turns":9},{"damage":2,"enemies":"downfall:FleeingMerchant","floor":20,"turns":4},{"damage":5,"enemies":"Shell Parasite","floor":21,"turns":4},{"damage":0,"enemies":"3 Cultists","floor":22,"turns":4},{"damage":4,"enemies":"downfall:FleeingMerchant","floor":23,"turns":4},{"damage":72,"enemies":"Gremlin Leader","floor":25,"turns":8},{"damage":20,"enemies":"Snecko","floor":26,"turns":6},{"damage":16,"enemies":"Shelled Parasite and Fungi","floor":27,"turns":3}],"seed_played":"2046571355864231993","potions_obtained":[{"floor":2,"key":"Dexterity Potion"},{"floor":10,"key":"champ:CounterPotion"},{"floor":11,"key":"hexamod:EctoCoolerPotion"},{"floor":19,"key":"CultistPotion"}],"is_trial":false,"path_per_floor":["R","M","M","M","$","E","T","?","R","M","M","?","R","$","M","B",null,"R","?","$","M","M","$","T","E","M","M"],"character_chosen":"THE_SPIRIT","items_purchased":["Meat on the Bone","Orrery","Anchor"],"campfire_rested":1,"item_purchase_floors":[14,14,20],"current_hp_per_floor":[49,47,45,45,40,36,36,28,49,42,37,43,43,43,43,40,82,82,82,80,82,82,82,82,22,14,0,0,0],"gold":116,"neow_bonus":"RANDOM_COLORLESS_2","is_daily":false,"chose_seed":false,"campfire_upgraded":3,"win_rate":0.0,"timestamp":1612794936,"path_taken":["R","M","M","M","$","E","T","?","R","M","M","?","R","$","M","BOSS","R","?","$","M","M","$","T","E","M","M"],"items_purchased_type":["Relic","Relic","Relic"],"build_version":"2020-12-22","purchased_purges":0,"victory":false,"max_hp_per_floor":[70,70,70,70,70,70,70,70,70,70,70,76,76,76,76,76,82,82,82,82,82,82,82,82,82,82,82,82,82],"card_choices":[{"not_picked":["Master of Strategy","Panache"],"picked":"The Bomb","floor":0},{"not_picked":["hexamod:InspiringFlames","hexamod:FastForward"],"picked":"hexamod:PhantomFireball","floor":2},{"not_picked":["hexamod:Firestarter","hexamod:Hexaguard"],"picked":"hexamod:SpectersWail","floor":3},{"not_picked":["hexamod:GhostLash","hexamod:InspiringFlames"],"picked":"hexamod:ShieldOfDarkness","floor":4},{"not_picked":["hexamod:ShieldOfDarkness","hexamod:NightmareStrike"],"picked":"hexamod:BacktrackSmack","floor":5},{"not_picked":["hexamod:Hexaguard","hexamod:FastForward"],"picked":"hexamod:SwordOfDarkness","floor":6},{"not_picked":["hexamod:FirstSeal","hexamod:SoulSteal"],"picked":"hexamod:ShieldOfDarkness","floor":8},{"not_picked":["hexamod:NightmareStrike","hexamod:HauntingEcho"],"picked":"hexamod:BurningTouch","floor":9},{"not_picked":["hexamod:BacktrackSmack","hexamod:Firestarter"],"picked":"hexamod:SkipABeat","floor":10},{"not_picked":["hexamod:Again","hexamod:GhostShield"],"picked":"hexamod:WildfireWeapon","floor":11},{"not_picked":["hexamod:HeatMetal","hexamod:Incineration"],"picked":"hexamod:FirstSeal","floor":14},{"not_picked":["hexamod:SearingWound","hexamod:Firestarter"],"picked":"hexamod:GhostShield","floor":14},{"not_picked":["hexamod:FastForward","hexamod:InspiringFlames"],"picked":"hexamod:ForkedFlame","floor":14},{"not_picked":["hexamod:ChargedBarrage","hexamod:BacktrackSmack"],"picked":"hexamod:NightmareGuise","floor":14},{"not_picked":["hexamod:EtherealExpedition","hexamod:HeatCrush"],"picked":"hexamod:ThermalTransfer","floor":14},{"not_picked":["hexamod:FirstSeal","hexamod:AdvancingGuard","hexamod:SwordOfDarkness"],"picked":"SKIP","floor":15},{"not_picked":["hexamod:SixthSeal","hexamod:ParanormalForm"],"picked":"hexamod:ForkedFlame","floor":16},{"not_picked":["hexamod:SpectersWail","hexamod:HeatShield+1"],"picked":"hexamod:ForkedFlame","floor":20},{"not_picked":["hexamod:AdvancingGuard","hexamod:SpectersWail"],"picked":"hexamod:SwordOfDarkness+1","floor":21},{"not_picked":["hexamod:NightmareGuise+1","hexamod:BurningTouch+1"],"picked":"hexamod:GhostOfSpireFuture+1","floor":22},{"not_picked":["hexamod:ThermalTransfer","hexamod:NightmareGuise"],"picked":"hexamod:HexaLevel","floor":23},{"not_picked":["hexamod:BacktrackSmack","hexamod:GhostOfSpirePast"],"picked":"hexamod:ShieldOfDarkness+1","floor":25},{"not_picked":["hexamod:DynamicBlow","hexamod:GhostShield"],"picked":"hexamod:StepThrough+1","floor":26}],"player_experience":17217,"relics_obtained":[{"floor":6,"key":"Dream Catcher"},{"floor":7,"key":"Darkstone Periapt"},{"floor":17,"key":"Centennial Puzzle"},{"floor":17,"key":"Pantograph"},{"floor":17,"key":"TungstenRod"},{"floor":24,"key":"hexamod:InflammatoryLetter"},{"floor":25,"key":"War Paint"}],"event_choices":[],"is_beta":false,"boss_relics":[{"not_picked":["Cursed Key","Philosopher\u0027s Stone"],"picked":"Calling Bell"}],"items_purged_floors":[],"is_endless":false,"potions_floor_spawned":[2,10,11,22,26],"killed_by":"Shelled Parasite and Fungi","ascension_level":0}}