{"host":"h0xw20cia6ppa69g","time":1612767564,"event":{"mods":["AchievementEnabler","BaseMod","Colored Map","Filter the Spire","Googly Eyes","Minty Spire (QoL Compilation)","Relic Stats","StSLib","The Awakened One except there are too many feathers","everything is the same but u backflip on backflip"],"gold_per_floor":[119,136,151,165,178,206,206,238,238,201,215,11,45,60,60,160,160,177,177,197,197,215,231,231,231],"floor_reached":24,"language":"ENG","playtime":1317,"items_purged":[],"score":259,"play_id":"16b5c3ea-14f1-4420-b40f-440db5278207","local_time":"20210208005924","is_ascension_mode":true,"campfire_choices":[{"data":"Eruption","floor":7.0,"key":"SMITH"},{"data":"Blasphemy","floor":15.0,"key":"SMITH"}],"circlet_count":0,"master_deck":["Eruption+1","Vigilance","CarveReality","Sanctity","WindmillStrike","Blasphemy+1","WreathOfFlame","Adaptation","Meditate","SashWhip","ThirdEye","EmptyFist","Protect","Wireheading","EmptyMind","ThirdEye","InnerPeace","Judgement","Indignation+1","Brilliance+1","DeusExMachina+1","Halt","FlurryOfBlows","Decay","JustLucky+1","Wish"],"relics":["Pandora\u0027s Box","Bag of Preparation","Smiling Mask","Kunai","Medical Kit","Question Card","Astrolabe"],"acts_visited":["Exordium","TheCity"],"potions_floor_usage":[23,24,24],"damage_taken":[{"damage":0.0,"enemies":"Cultist","floor":1.0,"turns":1.0},{"damage":0.0,"enemies":"Jaw Worm","floor":2.0,"turns":1.0},{"damage":7.0,"enemies":"2 Louse","floor":3.0,"turns":2.0},{"damage":13.0,"enemies":"Red Slaver","floor":4.0,"turns":2.0},{"damage":7.0,"enemies":"Looter","floor":5.0,"turns":3.0},{"damage":18.0,"enemies":"Gremlin Nob","floor":6.0,"turns":3.0},{"damage":0.0,"enemies":"Lagavulin","floor":8.0,"turns":3.0},{"damage":0.0,"enemies":"Exordium Wildlife","floor":11.0,"turns":4.0},{"damage":14.0,"enemies":"3 Sentries","floor":13.0,"turns":11.0},{"damage":0.0,"enemies":"Gremlin Gang","floor":14.0,"turns":2.0},{"damage":4.0,"enemies":"Hexaghost","floor":16.0,"turns":6.0},{"damage":0.0,"enemies":"Shell Parasite","floor":18.0,"turns":2.0},{"damage":20.0,"enemies":"2 Thieves","floor":20.0,"turns":3.0},{"damage":3.0,"enemies":"Snake Plant","floor":22.0,"turns":3.0},{"damage":23,"enemies":"Shelled Parasite and Fungi","floor":23,"turns":6},{"damage":16,"enemies":"Slavers","floor":24,"turns":3}],"seed_played":"-7278192367475429485","potions_obtained":[{"floor":3.0,"key":"Fire Potion"},{"floor":6.0,"key":"SteroidPotion"},{"floor":8.0,"key":"Explosive Potion"},{"floor":14.0,"key":"GamblersBrew"},{"floor":22.0,"key":"Explosive Potion"},{"floor":23,"key":"Block Potion"}],"is_trial":false,"path_per_floor":["M","M","M","M","M","E","R","E","T","$","M","$","E","M","R","B",null,"M","?","M","?","M","M","E"],"character_chosen":"WATCHER","items_purchased":["Wireheading","Medical Kit","ThirdEye"],"campfire_rested":0,"item_purchase_floors":[10,12,12],"current_hp_per_floor":[72,72,65,52,45,27,27,27,27,27,27,27,13,13,13,9,72,72,59,39,39,36,13,0,0],"gold":231,"neow_bonus":"BOSS_RELIC","is_daily":false,"chose_seed":false,"campfire_upgraded":2,"win_rate":0.0,"timestamp":1612767564,"path_taken":["M","?","M","M","M","E","R","E","T","$","M","$","E","M","R","BOSS","M","?","M","?","M","M","E"],"items_purchased_type":["Card","Relic","Card"],"build_version":"2020-12-22","purchased_purges":0,"victory":false,"max_hp_per_floor":[72,72,72,72,72,72,72,72,72,72,72,72,72,72,72,72,72,72,77,77,77,77,77,77,77],"relic_stats":{"counters":[16,55],"Astrolabe":["Indignation","Brilliance","DeusExMachina"],"Pandora\u0027s Box":["CarveReality","CarveReality","Sanctity","WindmillStrike","Blasphemy","FollowUp","WreathOfFlame","Adaptation"],"Bag of Preparation":[20],"Kunai":[13],"Smiling Mask":0,"Medical Kit":[4],"Question Card":6,"obtain_stats":[{"Astrolabe":17,"Pandora\u0027s Box":0,"Bag of Preparation":6,"Kunai":9,"PureWater":0,"Smiling Mask":8,"Medical Kit":12,"Question Card":13},{"Astrolabe":11,"Pandora\u0027s Box":0,"Bag of Preparation":6,"Kunai":7,"PureWater":0,"Smiling Mask":7,"Medical Kit":8,"Question Card":9},{"Astrolabe":38,"Pandora\u0027s Box":0,"Bag of Preparation":12,"Kunai":15,"PureWater":0,"Smiling Mask":15,"Medical Kit":19,"Question Card":30}]},"card_choices":[{"not_picked":["Protect","Wireheading"],"picked":"Meditate","floor":1.0},{"not_picked":["Meditate","Nirvana"],"picked":"SashWhip","floor":2.0},{"not_picked":["PathToVictory","ClearTheMind","SashWhip"],"picked":"SKIP","floor":3.0},{"not_picked":["JustLucky","Blasphemy"],"picked":"Swivel","floor":4.0},{"not_picked":["Crescendo","Pray"],"picked":"ThirdEye","floor":5.0},{"not_picked":["Protect","Sanctity"],"picked":"EmptyFist","floor":6.0},{"not_picked":["Swivel","FlyingSleeves"],"picked":"Protect","floor":8.0},{"not_picked":["FollowUp","PathToVictory"],"picked":"EmptyMind","floor":11.0},{"not_picked":["ClearTheMind","Ragnarok","Prostrate"],"picked":"SKIP","floor":13.0},{"not_picked":["FearNoEvil","Consecrate","Crescendo"],"picked":"InnerPeace","floor":14.0},{"not_picked":["Blasphemy","Scrawl","SpiritShield"],"picked":"Judgement","floor":16.0},{"not_picked":["FlyingSleeves","EmptyBody+1","PathToVictory"],"picked":"Halt","floor":18.0},{"not_picked":["EmptyFist","CrushJoints","ThirdEye"],"picked":"FlurryOfBlows","floor":20.0},{"not_picked":["InnerPeace","Prostrate","Consecrate"],"picked":"JustLucky+1","floor":22.0},{"not_picked":["BowlingBash","Vengeance","Consecrate"],"picked":"Wish","floor":23}],"player_experience":3832866,"relics_obtained":[{"floor":6.0,"key":"Bag of Preparation"},{"floor":8.0,"key":"Smiling Mask"},{"floor":9.0,"key":"Kunai"},{"floor":13.0,"key":"Question Card"}],"event_choices":[{"damage_healed":0.0,"max_hp_gain":5.0,"max_hp_loss":0.0,"gold_gain":0.0,"event_name":"Forgotten Altar","player_choice":"Shed Blood","floor":19.0,"gold_loss":0.0,"damage_taken":18.0},{"damage_healed":0.0,"max_hp_gain":0.0,"max_hp_loss":0.0,"gold_gain":0.0,"event_name":"Wheel of Change","player_choice":"Cursed","floor":21.0,"gold_loss":0.0,"damage_taken":0.0,"cards_obtained":["Decay"]}],"is_beta":false,"boss_relics":[{"not_picked":["Runic Dome","Velvet Choker"],"picked":"Astrolabe"}],"items_purged_floors":[],"is_endless":false,"potions_floor_spawned":[3,6,8,11,13,14,22,23],"killed_by":"Slavers","ascension_level":1}}