{"host":"fc5kl670efuhtomy","time":1612821138,"event":{"mods":["AchievementEnabler","BaseMod","Colored Powertips","Downfall","Marisa（F雨　魔理沙）","Minty Spire (QoL Compilation)","Quick Restart","Rare Cards Sparkle","Relic Stats","Replay The Spire","StSLib","The Bug Knight","The Construct","The Cursed","The Necromancer","The Servant 0.9.4","WarShipGirlsR/战舰少女R mod"],"gold_per_floor":[110,110,35,46,57,92,105,117,142,155,155,168,178,78,78,78,78],"floor_reached":16,"language":"ZHS","playtime":774,"items_purged":["construct:Defend_Gold","construct:Strike_Gold"],"score":106,"play_id":"595fcaf5-6a6e-41b3-91a5-f083b3984a7c","local_time":"20210209055218","is_ascension_mode":false,"campfire_choices":[],"circlet_count":0,"master_deck":["construct:Strike_Gold","construct:Strike_Gold","construct:Strike_Gold","construct:Strike_Gold","construct:Defend_Gold","construct:Defend_Gold","construct:Defend_Gold","construct:Defend_Gold","construct:AttackMode","construct:DefenseMode","construct:Analyze","construct:SweepLaser","construct:FlameCore","construct:FlakBarrage","construct:SuppressiveFire","construct:FlakBarrage","construct:FlakBarrage","Pot Of Greed","Pot Of Greed","construct:Electrocute","construct:Impenetrable","construct:FlameCore"],"relics":["construct:Cogwheel","ReplayTheSpireMod:Lightbulb","Grinning Jar"],"acts_visited":["Exordium"],"potions_floor_usage":[6,6,10,13,16],"damage_taken":[{"damage":0,"enemies":"2 Louse","floor":1,"turns":3},{"damage":1,"enemies":"Cultist","floor":4,"turns":3},{"damage":0,"enemies":"Small Slimes","floor":5,"turns":3},{"damage":15,"enemies":"Lagavulin","floor":6,"turns":5},{"damage":8,"enemies":"Looter","floor":7,"turns":3},{"damage":12,"enemies":"2 Fungi Beasts","floor":8,"turns":4},{"damage":8,"enemies":"Exordium Wildlife","floor":10,"turns":3},{"damage":8,"enemies":"3 Louse","floor":12,"turns":3},{"damage":2,"enemies":"Blue Slaver","floor":13,"turns":2},{"damage":39,"enemies":"Fading Forest","floor":16,"turns":9}],"seed_played":"-8332115357090511193","potions_obtained":[{"floor":1,"key":"ColorlessPotion"},{"floor":4,"key":"AttackPotion"},{"floor":6,"key":"Weak Potion"},{"floor":7,"key":"Strength Potion"},{"floor":12,"key":"SkillPotion"},{"floor":13,"key":"DistilledChaos"}],"is_trial":false,"path_per_floor":["M","?","$","M","M","E","M","M","T","M","?","M","M","$","R","B"],"character_chosen":"THE_CONSTRUCT_MOD","items_purchased":[],"campfire_rested":0,"item_purchase_floors":[],"current_hp_per_floor":[93,93,93,92,92,77,69,57,57,49,49,41,39,39,39,0,0],"gold":78,"neow_bonus":"TEN_PERCENT_HP_BONUS","is_daily":false,"chose_seed":false,"campfire_upgraded":0,"win_rate":0.0,"timestamp":1612821138,"path_taken":["M","?","$","?","M","E","M","M","T","M","?","M","?","$","R","BOSS"],"items_purchased_type":[],"build_version":"2020-12-22","purchased_purges":2,"victory":false,"max_hp_per_floor":[93,93,93,93,93,93,93,93,93,93,93,93,93,93,93,93,93],"relic_stats":{"counters":[10,37],"obtain_stats":[{"construct:Cogwheel":0,"Grinning Jar":11,"ReplayTheSpireMod:Lightbulb":6},{"construct:Cogwheel":0,"Grinning Jar":7,"ReplayTheSpireMod:Lightbulb":4},{"construct:Cogwheel":0,"Grinning Jar":23,"ReplayTheSpireMod:Lightbulb":14}]},"card_choices":[{"not_picked":["construct:Disrupt","construct:ClusterMines"],"picked":"construct:Analyze","floor":1},{"not_picked":["construct:Anticipate","construct:Backup"],"picked":"construct:FlakBarrage","floor":4},{"not_picked":["construct:Tumble","construct:PointDefense"],"picked":"construct:SuppressiveFire","floor":5},{"not_picked":["construct:Anticipate","construct:Forcefield"],"picked":"construct:Boost","floor":6},{"not_picked":["construct:Disrupt","construct:Autoturret"],"picked":"construct:FlakBarrage","floor":7},{"not_picked":["construct:HeavyBolt","construct:PowerUp","construct:Reinforce"],"picked":"SKIP","floor":8},{"not_picked":["construct:FierceBash","construct:Forcefield"],"picked":"construct:FlakBarrage","floor":10},{"not_picked":["construct:Forcefield","construct:Synchronize"],"picked":"construct:Electrocute","floor":12},{"not_picked":["construct:ElectricArmor","construct:Reinforce"],"picked":"construct:Impenetrable","floor":13}],"player_experience":174745,"relics_obtained":[{"floor":6,"key":"ReplayTheSpireMod:Lightbulb"}],"event_choices":[{"damage_healed":0,"gold_gain":0,"player_choice":"2 cards matched","damage_taken":0,"max_hp_gain":0,"max_hp_loss":0,"event_name":"Match and Keep!","floor":2,"gold_loss":0,"cards_obtained":["construct:SweepLaser","construct:FlameCore"]},{"damage_healed":0,"gold_gain":0,"player_choice":"Gave Potion","damage_taken":0,"relics_obtained":["Grinning Jar"],"max_hp_gain":0,"max_hp_loss":0,"event_name":"WeMeetAgain","floor":11,"gold_loss":0}],"is_beta":false,"boss_relics":[],"items_purged_floors":[3,14],"is_endless":false,"potions_floor_spawned":[1,4,6,7,12,13],"killed_by":"Fading Forest","ascension_level":0}}