{"host":"z42sc0n2dozsmk72","time":1612753480,"event":{"mods":["AchievementEnabler","BaseMod","Better Third Choice","Colored Map","Curses Come First","Highlight Path","Minty Spire (QoL Compilation)","Permanent Neow","Quick Restart","Relic Stats","Shop Mod","StSLib","egg","slay the spire mod where everything is the same but ironclad has a cowboy hat"],"gold_per_floor":[109,125,142,158,12,12,12,12,12,32,32,61,74,105,105,209,209,227,245,160,178,178,178,194,229,229,241,241,267,267,277,277,277,277],"floor_reached":33,"language":"ENG","playtime":1361,"items_purged":[],"score":419,"play_id":"75cf677f-6ca0-4b8e-947c-c61fb1f2e3bc","local_time":"20210208160440","is_ascension_mode":true,"campfire_choices":[{"data":"Apotheosis","floor":6.0,"key":"SMITH"},{"data":"Defragment","floor":8.0,"key":"SMITH"},{"data":"Reboot","floor":15.0,"key":"SMITH"},{"data":"Biased Cognition","floor":23.0,"key":"SMITH"},{"data":"Fission","floor":28.0,"key":"SMITH"},{"data":"Loop","floor":30.0,"key":"SMITH"},{"floor":32,"key":"REST"}],"circlet_count":0,"master_deck":["Strike_B","Strike_B","Strike_B","Defend_B","Defend_B","Defend_B","Defend_B","Zap","Dualcast","Apotheosis+1","Storm","Defragment+1","Cold Snap","Reboot+1","Melter","Conserve Battery","Biased Cognition+1","Auto Shields+1","Fission+1","Undo","Loop+1","Loop+1"],"relics":["Cracked Core","ClockworkSouvenir","White Beast Statue","PreservedInsect","Question Card","Velvet Choker","Bronze Scales","Boot","Ancient Tea Set"],"acts_visited":["Exordium","TheCity"],"potions_floor_usage":[33],"damage_taken":[{"damage":0.0,"enemies":"Cultist","floor":1.0,"turns":3.0},{"damage":6.0,"enemies":"2 Louse","floor":2.0,"turns":2.0},{"damage":4.0,"enemies":"Small Slimes","floor":3.0,"turns":3.0},{"damage":6.0,"enemies":"2 Fungi Beasts","floor":4.0,"turns":3.0},{"damage":0.0,"enemies":"Blue Slaver","floor":10.0,"turns":4.0},{"damage":12.0,"enemies":"3 Sentries","floor":12.0,"turns":6.0},{"damage":0.0,"enemies":"Exordium Wildlife","floor":13.0,"turns":3.0},{"damage":4.0,"enemies":"Gremlin Nob","floor":14.0,"turns":3.0},{"damage":0.0,"enemies":"The Guardian","floor":16.0,"turns":10.0},{"damage":0.0,"enemies":"Spheric Guardian","floor":18.0,"turns":1.0},{"damage":6.0,"enemies":"3 Byrds","floor":19.0,"turns":3.0},{"damage":16.0,"enemies":"Snake Plant","floor":21.0,"turns":4.0},{"damage":9.0,"enemies":"Centurion and Healer","floor":24.0,"turns":6.0},{"damage":19.0,"enemies":"Slavers","floor":25.0,"turns":4.0},{"damage":0.0,"enemies":"3 Cultists","floor":27.0,"turns":4.0},{"damage":6.0,"enemies":"Book of Stabbing","floor":29.0,"turns":3.0},{"damage":18,"enemies":"Snake Plant","floor":31,"turns":3},{"damage":48,"enemies":"Champ","floor":33,"turns":6}],"seed_played":"1881915781819227407","potions_obtained":[{"floor":1.0,"key":"BlessingOfTheForge"},{"floor":2.0,"key":"LiquidBronze"},{"floor":4.0,"key":"Explosive Potion"},{"floor":10.0,"key":"Swift Potion"},{"floor":12.0,"key":"Regen Potion"},{"floor":13.0,"key":"Swift Potion"},{"floor":14.0,"key":"Energy Potion"},{"floor":19.0,"key":"PowerPotion"},{"floor":25.0,"key":"Explosive Potion"},{"floor":27.0,"key":"Energy Potion"}],"is_trial":false,"path_per_floor":["M","M","M","M","$","R","$","R","T","M","?","E","M","E","R","B",null,"M","M","?","M","?","R","M","E","T","M","R","E","R","M","R","B"],"character_chosen":"DEFECT","items_purchased":["ClockworkSouvenir"],"campfire_rested":1,"item_purchase_floors":[5],"current_hp_per_floor":[54,48,44,38,38,38,38,38,38,38,38,26,26,22,22,22,75,75,69,69,53,53,53,44,37,37,37,37,31,31,13,35,0,0],"gold":277,"neow_bonus":"RANDOM_COLORLESS_2","is_daily":false,"chose_seed":false,"campfire_upgraded":6,"win_rate":0.0,"timestamp":1612753480,"path_taken":["M","?","M","M","$","R","?","R","T","M","?","E","M","E","R","BOSS","M","M","?","M","?","R","M","E","T","?","R","E","R","M","R","BOSS"],"items_purchased_type":["Relic"],"build_version":"2020-12-22","purchased_purges":0,"victory":false,"max_hp_per_floor":[75,75,75,75,75,75,75,75,75,75,75,75,75,75,75,75,75,75,75,75,75,75,75,75,75,75,75,75,75,75,75,75,75,75],"relic_stats":{"counters":[18,71],"Bronze Scales":[94],"PreservedInsect":100,"Question Card":9,"Boot":[3],"obtain_stats":[{"Bronze Scales":20,"Velvet Choker":17,"PreservedInsect":12,"Cracked Core":0,"Question Card":14,"Boot":25,"Ancient Tea Set":29,"White Beast Statue":9,"ClockworkSouvenir":5},{"Bronze Scales":11,"Velvet Choker":9,"PreservedInsect":6,"Cracked Core":0,"Question Card":8,"Boot":14,"Ancient Tea Set":16,"White Beast Statue":4,"ClockworkSouvenir":4},{"Bronze Scales":41,"Velvet Choker":37,"PreservedInsect":21,"Cracked Core":0,"Question Card":27,"Boot":55,"Ancient Tea Set":62,"White Beast Statue":11,"ClockworkSouvenir":11}]},"card_choices":[{"not_picked":["Magnetism","Mayhem"],"picked":"Apotheosis","floor":0.0},{"not_picked":["Tempest","Go for the Eyes"],"picked":"Storm","floor":1.0},{"not_picked":["Cold Snap","Stack","Gash"],"picked":"SKIP","floor":2.0},{"not_picked":["Sweeping Beam","Stack"],"picked":"Defragment","floor":3.0},{"not_picked":["Ball Lightning","Streamline"],"picked":"Cold Snap","floor":4.0},{"not_picked":["Redo","Darkness","Streamline"],"picked":"SKIP","floor":10.0},{"not_picked":["Steam Power","Ball Lightning"],"picked":"Reboot","floor":12.0},{"not_picked":["Heatsinks","Compile Driver"],"picked":"Melter","floor":13.0},{"not_picked":["Hologram","Loop"],"picked":"Conserve Battery","floor":14.0},{"not_picked":["Fission","Echo Form","Creative AI"],"picked":"Biased Cognition","floor":16.0},{"not_picked":["Streamline","Gash","Hologram"],"picked":"Auto Shields+1","floor":18.0},{"not_picked":["Reprogram+1","Stack+1","Leap+1","Streamline"],"picked":"SKIP","floor":19.0},{"not_picked":["Ball Lightning","Hello World","Barrage","Turbo"],"picked":"SKIP","floor":21.0},{"not_picked":["Sweeping Beam","Aggregate+1","Streamline"],"picked":"Fission","floor":24.0},{"not_picked":["Go for the Eyes+1","White Noise+1","Double Energy"],"picked":"Undo","floor":25.0},{"not_picked":["Redo+1","Reinforced Body+1","Steam Power"],"picked":"Loop","floor":27.0},{"not_picked":["Coolheaded","Compile Driver","Darkness+1"],"picked":"Loop+1","floor":29.0},{"not_picked":["Sweeping Beam","Blizzard","Barrage","Hello World"],"picked":"SKIP","floor":31}],"player_experience":915622,"relics_obtained":[{"floor":9.0,"key":"White Beast Statue"},{"floor":12.0,"key":"PreservedInsect"},{"floor":14.0,"key":"Question Card"},{"floor":25.0,"key":"Boot"},{"floor":29.0,"key":"Ancient Tea Set"}],"event_choices":[{"damage_healed":0.0,"max_hp_gain":0.0,"max_hp_loss":0.0,"gold_gain":0.0,"event_name":"betterThird:BetterScrap","player_choice":"LEAVE","floor":11.0,"gold_loss":0.0,"damage_taken":0.0,"cards_obtained":["Crippling Poison"]},{"damage_healed":0.0,"max_hp_gain":0.0,"max_hp_loss":0.0,"gold_gain":0.0,"event_name":"Addict","player_choice":"Obtained Relic","floor":20.0,"gold_loss":85.0,"damage_taken":0.0,"relics_obtained":["Bronze Scales"]},{"cards_removed":["Strike_B"],"damage_healed":0.0,"max_hp_gain":0.0,"max_hp_loss":0.0,"gold_gain":0.0,"event_name":"Bonfire Elementals","player_choice":"Offered Basic","floor":22.0,"gold_loss":0.0,"damage_taken":0.0}],"is_beta":false,"boss_relics":[{"not_picked":["Calling Bell","Ectoplasm"],"picked":"Velvet Choker"}],"items_purged_floors":[],"is_endless":false,"potions_floor_spawned":[1,2,4,10,12,13,14,16,18,19,21,24,25,27,29,31],"killed_by":"Champ","ascension_level":4}}