{"host":"drjz7zl15rqtgg20","time":1612816983,"event":{"mods":["BaseMod","Colored Map","Downfall","Minty Spire (QoL Compilation)","Permanent Neow","Quick Restart","StSLib"],"gold_per_floor":[0,0,16,30,40,140,140,40,25,45,63,94,94,108,119,215,215,215,235,145,145,145,145],"floor_reached":21,"language":"ENG","playtime":1346,"items_purged":["bronze:Strike"],"score":190,"play_id":"4a65ef11-3558-49a3-a405-a02db3545e05","local_time":"20210208154303","is_ascension_mode":true,"campfire_choices":[{"floor":1,"key":"RECALL"},{"data":"bronze:Frontload","floor":8,"key":"SMITH"},{"data":"bronze:Mutator","floor":13,"key":"SMITH"},{"data":"bronze:Iterate","floor":18,"key":"SMITH"}],"circlet_count":0,"master_deck":["bronze:Strike","bronze:Strike","bronze:Defend","bronze:Defend","bronze:Defend","bronze:Defend","bronze:Replicate","bronze:Goto","bronze:InfiniteBeams","bronze:Frontload+1","bronze:FineTuning","bronze:ForceShield","bronze:Iterate+1","bronze:Mutator+1","bronze:FineTuning","bronze:AlphaBuild","bronze:ForLoop","bronze:TinkerersToolbox","bronze:MaxOutput"],"relics":["bronze:BronzeCore","Guardian:GemstoneGun","Toy Ornithopter","Guardian:PocketSentry","downfall:HeartBlessingRed","PreservedInsect","Black Star"],"acts_visited":["Exordium","TheCity"],"potions_floor_usage":[],"damage_taken":[{"damage":0,"enemies":"Jaw Worm","floor":3,"turns":4},{"damage":0,"enemies":"Cultist","floor":4,"turns":2},{"damage":0,"enemies":"Small Slimes","floor":5,"turns":3},{"damage":17,"enemies":"downfall:LadyInBlue","floor":6,"turns":11},{"damage":0,"enemies":"downfall:FleeingMerchant","floor":9,"turns":4},{"damage":0,"enemies":"2 Fungi Beasts","floor":10,"turns":2},{"damage":4,"enemies":"Blue Slaver","floor":11,"turns":2},{"damage":2,"enemies":"Lagavulin","floor":12,"turns":3},{"damage":7,"enemies":"Gremlin Gang","floor":14,"turns":2},{"damage":4,"enemies":"2 Fungi Beasts","floor":15,"turns":2},{"damage":12,"enemies":"IC_STATUS_ARCHETYPE","floor":16,"turns":8},{"damage":10,"enemies":"3 Byrds","floor":19,"turns":4},{"damage":0,"enemies":"downfall:FleeingMerchant","floor":20,"turns":4},{"damage":63,"enemies":"Shell Parasite","floor":21,"turns":7}],"seed_played":"-8796419885275415101","potions_obtained":[{"floor":5,"key":"hexamod:SoulburnPotion"},{"floor":6,"key":"Energy Potion"},{"floor":6,"key":"Block Potion"},{"floor":11,"key":"BlessingOfTheForge"}],"is_trial":false,"path_per_floor":["R","?","M","M","M","?","T","R","$","M","M","E","R","M","M","B",null,"R","M","$","M"],"character_chosen":"THE_AUTOMATON","items_purchased":[],"campfire_rested":0,"item_purchase_floors":[],"current_hp_per_floor":[70,70,70,70,70,53,53,53,53,53,49,47,47,40,36,24,70,70,60,60,0,0,0],"gold":145,"neow_bonus":"ONE_RARE_RELIC","is_daily":false,"chose_seed":false,"campfire_upgraded":3,"win_rate":0.0,"timestamp":1612816983,"path_taken":["R","?","?","M","?","?","T","R","$","M","M","E","R","?","M","BOSS","R","M","$","?"],"items_purchased_type":[],"build_version":"2020-12-22","purchased_purges":1,"victory":false,"max_hp_per_floor":[70,70,70,70,70,70,70,70,70,70,70,70,70,70,70,70,70,70,70,70,70,70,70],"card_choices":[{"not_picked":["bronze:Invalidate","bronze:FollowUp"],"picked":"bronze:InfiniteBeams","floor":3},{"not_picked":["bronze:CloningBeam","bronze:ChildClass"],"picked":"bronze:Frontload","floor":4},{"not_picked":["bronze:WhirlingStrike","bronze:BronzeArmor"],"picked":"bronze:FineTuning","floor":5},{"not_picked":["bronze:WildBeam","bronze:WhirlingStrike"],"picked":"bronze:ForceShield","floor":6},{"not_picked":["bronze:InfiniteBeams","bronze:CutThrough"],"picked":"bronze:Iterate","floor":9},{"not_picked":["bronze:Shield","bronze:FineTuning"],"picked":"bronze:Mutator","floor":10},{"not_picked":["bronze:WhirlingStrike","bronze:Repulsor"],"picked":"bronze:FineTuning","floor":11},{"not_picked":["bronze:WhirlingStrike","bronze:Terminator"],"picked":"bronze:AlphaBuild","floor":12},{"not_picked":["bronze:Turbo","bronze:CloningBeam"],"picked":"bronze:ForLoop","floor":14},{"not_picked":["bronze:ClassDefault","bronze:BugBarrage","bronze:DelayedGuard"],"picked":"SKIP","floor":15},{"not_picked":["bronze:AlphaBuild","bronze:Assembly"],"picked":"bronze:TinkerersToolbox","floor":16},{"not_picked":["bronze:Shield","bronze:Invalidate+1"],"picked":"bronze:MaxOutput","floor":19},{"not_picked":["bronze:ForLoop","bronze:Separator","bronze:CloningBeam"],"picked":"SKIP","floor":20}],"player_experience":667919,"relics_obtained":[{"floor":6,"key":"Toy Ornithopter"},{"floor":7,"key":"Guardian:PocketSentry"},{"floor":12,"key":"PreservedInsect"}],"event_choices":[{"cards_removed":["bronze:Strike"],"damage_healed":0,"gold_gain":0,"player_choice":"Offered Basic","damage_taken":0,"max_hp_gain":0,"max_hp_loss":0,"event_name":"Bonfire Elementals","floor":2,"gold_loss":0}],"is_beta":false,"boss_relics":[{"not_picked":["SacredBark","SlaversCollar"],"picked":"Black Star"}],"items_purged_floors":[20],"is_endless":false,"potions_floor_spawned":[5,11,12,14,15,16],"killed_by":"Shell Parasite","ascension_level":1}}