{"host":"v3qphhcqhwfpabne","time":1612804049,"event":{"mods":["100% Spire Juice","2.2 Compatiblity","AchievementEnabler","BaseMod","CapriCore","DeckTracker","KinomotoSakuraMod(ÙÊñýÜâ?)","Koishi","Marisa£¨Ùöéë¡¡Øª×âÞÞ£©","Minty Spire (QoL Compilation)","Permanent Neow","Prisma Mod","StSLib","Td1madao Mod","The Bug Knight","The Cursed","The Immortal","The Runesmith","WarShipGirlsR/??á´Ò³R mod"],"gold_per_floor":[111,129,147,162,175,201,201,212,212,61,73,93,106,125,125,224,224,235,24,37,37,37],"floor_reached":21,"language":"KOR","playtime":627,"items_purged":["Strike_R","Strike_R"],"score":208,"play_id":"213402e4-1dc9-44f0-b27d-ea84689e4bb1","local_time":"20210209020729","is_ascension_mode":true,"campfire_choices":[{"data":"Immolate","floor":7,"key":"SMITH"},{"data":"Fire Breathing","floor":15,"key":"SMITH"}],"circlet_count":0,"master_deck":["Strike_R","Strike_R","Strike_R","Defend_R","Defend_R","Defend_R","Defend_R","Bash","Shame","Immolate+1","Dual Wield","Burning Pact","Rampage","Fire Breathing+1","Ghostly Armor","Dark Embrace","Offering","Fire Breathing","Evolve","Sever Soul","Evolve+1"],"relics":["Burning Blood","Blood Vial","Letter Opener","Black Star"],"acts_visited":["Exordium","TheCity"],"potions_floor_usage":[6,16,16,21],"damage_taken":[{"damage":0,"enemies":"Cultist","floor":1,"turns":2},{"damage":12,"enemies":"Jaw Worm","floor":2,"turns":2},{"damage":0,"enemies":"2 Louse","floor":3,"turns":1},{"damage":10,"enemies":"2 Fungi Beasts","floor":4,"turns":3},{"damage":17,"enemies":"Looter","floor":5,"turns":3},{"damage":8,"enemies":"Gremlin Nob","floor":6,"turns":4},{"damage":14,"enemies":"Red Slaver","floor":8,"turns":2},{"damage":1,"enemies":"3 Louse","floor":11,"turns":2},{"damage":9,"enemies":"Blue Slaver","floor":12,"turns":4},{"damage":0,"enemies":"Lots of Slimes","floor":13,"turns":1},{"damage":0,"enemies":"2 Fungi Beasts","floor":14,"turns":1},{"damage":30,"enemies":"Slime Boss","floor":16,"turns":5},{"damage":27,"enemies":"3 Byrds","floor":18,"turns":3},{"damage":56,"enemies":"Shell Parasite","floor":20,"turns":6},{"damage":14,"enemies":"Chosen and Byrds","floor":21,"turns":2}],"seed_played":"2409905366356446229","potions_obtained":[{"floor":3,"key":"Block Potion"},{"floor":4,"key":"LiquidBronze"},{"floor":5,"key":"Block Potion"},{"floor":8,"key":"ColorlessPotion"},{"floor":12,"key":"PowerPotion"},{"floor":20,"key":"SpeedPotion"}],"is_trial":false,"path_per_floor":["M","M","M","M","M","E","R","M","T","$","M","M","M","M","R","B",null,"M","$","M","M"],"character_chosen":"IRONCLAD","items_purchased":["Fire Breathing","Evolve","Sever Soul"],"campfire_rested":0,"item_purchase_floors":[10,19,19],"current_hp_per_floor":[80,74,80,76,65,63,63,57,57,57,64,63,71,79,79,56,80,59,59,11,0,0],"gold":37,"neow_bonus":"THREE_RARE_CARDS","is_daily":false,"chose_seed":false,"campfire_upgraded":2,"win_rate":0.0,"timestamp":1612804049,"path_taken":["M","M","?","M","M","E","R","M","T","$","M","M","M","M","R","BOSS","M","$","M","M"],"items_purchased_type":["Card","Card","Card"],"build_version":"2020-12-22","purchased_purges":2,"victory":false,"max_hp_per_floor":[80,80,80,80,80,80,80,80,80,80,80,80,80,80,80,80,80,80,80,80,80,80],"card_choices":[{"not_picked":["Fiend Fire","Corruption"],"picked":"Immolate","floor":0},{"not_picked":["Iron Wave","Body Slam","Combust"],"picked":"SKIP","floor":1},{"not_picked":["Flex","Havoc"],"picked":"Dual Wield","floor":2},{"not_picked":["Shockwave","Searing Blow","Twin Strike"],"picked":"SKIP","floor":3},{"not_picked":["Heavy Blade","Clash","Brutality"],"picked":"SKIP","floor":4},{"not_picked":["Anger","True Grit","Carnage"],"picked":"SKIP","floor":5},{"not_picked":["Twin Strike","Havoc"],"picked":"Burning Pact","floor":6},{"not_picked":["Dropkick","Exhume"],"picked":"Rampage","floor":8},{"not_picked":["Cleave","Anger"],"picked":"Ghostly Armor","floor":11},{"not_picked":["Body Slam","Burning Pact","Pommel Strike"],"picked":"SKIP","floor":12},{"not_picked":["Metallicize","Iron Wave","Headbutt"],"picked":"SKIP","floor":13},{"not_picked":["Power Through","Armaments"],"picked":"Dark Embrace","floor":14},{"not_picked":["Bludgeon","Corruption"],"picked":"Offering","floor":16},{"not_picked":["Headbutt+1","Searing Blow+1"],"picked":"Fire Breathing","floor":18},{"not_picked":["Sentinel","Bloodletting"],"picked":"Evolve+1","floor":20}],"player_experience":120729,"relics_obtained":[{"floor":6,"key":"Blood Vial"},{"floor":9,"key":"Letter Opener"}],"event_choices":[],"is_beta":false,"boss_relics":[{"not_picked":["Fusion Hammer","Snecko Eye"],"picked":"Black Star"}],"items_purged_floors":[10,19],"is_endless":false,"potions_floor_spawned":[3,4,5,8,12,13,14,20],"killed_by":"Chosen and Byrds","ascension_level":2}}