{"host":"0slg84fqeut6oegf","time":1612787475,"event":{"mods":["BaseMod","Colored Map","Downfall","Minty Spire (QoL Compilation)","StSLib","slay the spire mod where everything is the same but ironclad has a cowboy hat"],"gold_per_floor":[99,118,135,190,202,202,229,249,266,266,277,294,294,279,296,296,296,296],"floor_reached":16,"language":"ENG","playtime":1204,"items_purged":[],"score":96,"play_id":"a8c75ecb-05a8-4c16-a1ed-c2abfe144d47","local_time":"20210208073115","is_ascension_mode":false,"campfire_choices":[{"data":"bronze:Goto","floor":1,"key":"SMITH"},{"data":"bronze:Repulsor","floor":6,"key":"SMITH"},{"data":"bronze:GetLatest","floor":10,"key":"SMITH"}],"circlet_count":0,"master_deck":["bronze:Strike","bronze:Strike","bronze:Strike","bronze:Strike","bronze:Defend","bronze:Defend","bronze:Defend","bronze:Defend","bronze:Replicate","bronze:Goto+1","bronze:GetLatest+1","bronze:Overheat","bronze:Fortify","bronze:Repulsor+1","bronze:Frontload","bronze:FineTuning","bronze:BronzeOrb","bronze:Optimize"],"relics":["bronze:BronzeCore","Calipers","Nunchaku","Tiny Chest"],"acts_visited":["Exordium"],"potions_floor_usage":[8,16],"damage_taken":[{"damage":1,"enemies":"Cultist","floor":2,"turns":4},{"damage":0,"enemies":"Small Slimes","floor":3,"turns":3},{"damage":12,"enemies":"3 Sentries","floor":4,"turns":6},{"damage":1,"enemies":"Jaw Worm","floor":5,"turns":3},{"damage":7,"enemies":"2 Fungi Beasts","floor":8,"turns":4},{"damage":10,"enemies":"Exordium Thugs","floor":9,"turns":5},{"damage":11,"enemies":"Red Slaver","floor":11,"turns":5},{"damage":0,"enemies":"Exordium Wildlife","floor":12,"turns":2},{"damage":0,"enemies":"downfall:FleeingMerchant","floor":14,"turns":4},{"damage":7,"enemies":"Blue Slaver","floor":15,"turns":3},{"damage":48,"enemies":"WA_ARCHETYPE_RETAIN","floor":16,"turns":13}],"seed_played":"6024828917907864169","potions_obtained":[{"floor":4,"key":"Energy Potion"},{"floor":8,"key":"Dexterity Potion"},{"floor":12,"key":"SteroidPotion"}],"is_trial":false,"path_per_floor":["R","M","M","?","M","R","T","M","M","R","M","M","?","$","M","B"],"character_chosen":"THE_AUTOMATON","items_purchased":[],"campfire_rested":0,"item_purchase_floors":[],"current_hp_per_floor":[77,76,76,64,63,63,63,56,46,46,35,35,32,32,25,0,0,0],"gold":296,"neow_bonus":"TEN_PERCENT_HP_BONUS","is_daily":false,"chose_seed":false,"campfire_upgraded":3,"win_rate":0.0,"timestamp":1612787475,"path_taken":["R","M","M","?","M","R","T","M","M","R","M","M","?","?","M","BOSS"],"items_purchased_type":[],"build_version":"2020-12-22","purchased_purges":0,"victory":false,"max_hp_per_floor":[77,77,77,77,77,77,77,77,77,77,77,77,77,77,77,77,77,77],"card_choices":[{"not_picked":["bronze:BitShift","bronze:CloningBeam"],"picked":"bronze:GetLatest","floor":2},{"not_picked":["bronze:WhirlingStrike","bronze:Shield"],"picked":"bronze:Overheat","floor":3},{"not_picked":["bronze:FineTuning","bronze:ForLoop"],"picked":"bronze:Fortify","floor":4},{"not_picked":["bronze:ChosenStrike","bronze:MaxOutput"],"picked":"bronze:Repulsor","floor":5},{"not_picked":["bronze:BuggyMess","bronze:Turbo"],"picked":"bronze:Frontload","floor":8},{"not_picked":["bronze:Overload","bronze:ChildClass"],"picked":"bronze:FineTuning","floor":9},{"not_picked":["bronze:Frontload","bronze:Invalidate"],"picked":"bronze:BronzeOrb","floor":11},{"not_picked":["bronze:Shell","bronze:BugBarrage","bronze:OilSpill"],"picked":"SKIP","floor":12},{"not_picked":["bronze:GetLatest","bronze:DelayedGuard","bronze:WhirlingStrike"],"picked":"SKIP","floor":14},{"not_picked":["bronze:Philosophize","bronze:ItsAFeature"],"picked":"bronze:Optimize","floor":15}],"player_experience":440572,"relics_obtained":[{"floor":4,"key":"Calipers"},{"floor":7,"key":"Nunchaku"}],"event_choices":[{"damage_healed":0,"gold_gain":0,"player_choice":"Success","damage_taken":3,"relics_obtained":["Tiny Chest"],"max_hp_gain":0,"max_hp_loss":0,"event_name":"Scrap Ooze","floor":13,"gold_loss":0}],"is_beta":false,"boss_relics":[],"items_purged_floors":[],"is_endless":false,"potions_floor_spawned":[4,8,12],"killed_by":"WA_ARCHETYPE_RETAIN","ascension_level":0}}