{"host":"kpyoctgc7jne3jiy","time":1612791946,"event":{"mods":["AchievementEnabler","BaseMod","Minty Spire (QoL Compilation)","Relic Stats"],"gold_per_floor":[118,135,155,155,174,209,209,220,272,272,284,299,331,349,349,448,448,461,471,386,406,331,331,331],"floor_reached":23,"language":"ENG","playtime":1124,"items_purged":[],"score":279,"play_id":"ec1fadd9-2130-4faa-92b0-68c56524af1a","local_time":"20210208144546","is_ascension_mode":true,"campfire_choices":[{"floor":7,"key":"REST"},{"data":"Noxious Fumes","floor":10,"key":"SMITH"},{"data":"Poisoned Stab","floor":15,"key":"SMITH"}],"circlet_count":0,"master_deck":["Strike_G","Strike_G","Strike_G","Strike_G","Defend_G","Defend_G","Defend_G","Defend_G","Defend_G","Survivor","Neutralize","Noxious Fumes+1","PiercingWail","Poisoned Stab+1","Masterful Stab","Underhanded Strike","PiercingWail","Blur+1"],"relics":["Busted Crown","Bag of Marbles","Oddly Smooth Stone","Singing Bowl","Runic Pyramid","Toy Ornithopter"],"acts_visited":["Exordium","TheCity"],"potions_floor_usage":[6,16,21,23],"damage_taken":[{"damage":6,"enemies":"Jaw Worm","floor":1,"turns":4},{"damage":0,"enemies":"Cultist","floor":2,"turns":4},{"damage":0,"enemies":"2 Louse","floor":3,"turns":4},{"damage":0,"enemies":"Exordium Wildlife","floor":5,"turns":4},{"damage":20,"enemies":"Gremlin Nob","floor":6,"turns":5},{"damage":0,"enemies":"2 Fungi Beasts","floor":8,"turns":4},{"damage":1,"enemies":"Blue Slaver","floor":11,"turns":4},{"damage":12,"enemies":"Large Slime","floor":12,"turns":7},{"damage":8,"enemies":"Lagavulin","floor":13,"turns":6},{"damage":2,"enemies":"3 Louse","floor":14,"turns":2},{"damage":28,"enemies":"The Guardian","floor":16,"turns":9},{"damage":8,"enemies":"Spheric Guardian","floor":18,"turns":6},{"damage":0,"enemies":"Chosen","floor":19,"turns":4},{"damage":26,"enemies":"3 Cultists","floor":21,"turns":7},{"damage":36,"enemies":"Gremlin Leader","floor":23,"turns":6}],"seed_played":"1728305305397768365","potions_obtained":[{"floor":1,"key":"SteroidPotion"},{"floor":2,"key":"SkillPotion"},{"floor":13,"key":"SkillPotion"},{"floor":14,"key":"FearPotion"},{"floor":16,"key":"SkillPotion"},{"floor":18,"key":"Strength Potion"}],"is_trial":false,"path_per_floor":["M","M","M","?","M","E","R","M","T","R","M","M","E","M","R","B",null,"M","M","?","M","?","E"],"character_chosen":"THE_SILENT","items_purchased":[],"campfire_rested":1,"item_purchase_floors":[],"current_hp_per_floor":[57,57,57,50,50,30,51,51,51,51,50,38,32,30,30,4,57,49,51,51,30,30,0,0],"gold":331,"neow_bonus":"BOSS_RELIC","is_daily":false,"chose_seed":false,"campfire_upgraded":2,"win_rate":0.0,"timestamp":1612791946,"path_taken":["M","M","M","?","?","E","R","M","T","R","M","M","E","M","R","BOSS","M","M","?","M","?","E"],"items_purchased_type":[],"build_version":"2020-12-22","purchased_purges":0,"victory":false,"max_hp_per_floor":[70,70,70,70,70,70,70,70,70,70,70,70,72,72,72,74,74,74,76,76,76,76,76,76],"relic_stats":{"Busted Crown":28,"Singing Bowl":6,"counters":[15,76],"obtain_stats":[{"Busted Crown":0,"Singing Bowl":13,"Oddly Smooth Stone":9,"Bag of Marbles":6,"Toy Ornithopter":20,"Ring of the Snake":0,"Runic Pyramid":17},{"Busted Crown":0,"Singing Bowl":9,"Oddly Smooth Stone":6,"Bag of Marbles":5,"Toy Ornithopter":13,"Ring of the Snake":0,"Runic Pyramid":11},{"Busted Crown":0,"Singing Bowl":42,"Oddly Smooth Stone":25,"Bag of Marbles":21,"Toy Ornithopter":63,"Ring of the Snake":0,"Runic Pyramid":53}],"Toy Ornithopter":10},"card_choices":[{"not_picked":[],"picked":"Noxious Fumes","floor":1},{"not_picked":["Eviscerate"],"picked":"SKIP","floor":2},{"not_picked":[],"picked":"PiercingWail","floor":3},{"not_picked":["Outmaneuver"],"picked":"SKIP","floor":5},{"not_picked":[],"picked":"Poisoned Stab","floor":6},{"not_picked":["Sucker Punch"],"picked":"SKIP","floor":8},{"not_picked":["Dagger Spray"],"picked":"SKIP","floor":11},{"not_picked":[],"picked":"Masterful Stab","floor":12},{"not_picked":["Sucker Punch"],"picked":"Singing Bowl","floor":13},{"not_picked":[],"picked":"Underhanded Strike","floor":14},{"not_picked":["Storm of Steel"],"picked":"Singing Bowl","floor":16},{"not_picked":[],"picked":"PiercingWail","floor":18},{"not_picked":["Poisoned Stab"],"picked":"Singing Bowl","floor":19},{"not_picked":[],"picked":"Blur+1","floor":21}],"player_experience":336919,"relics_obtained":[{"floor":6,"key":"Bag of Marbles"},{"floor":9,"key":"Oddly Smooth Stone"},{"floor":13,"key":"Singing Bowl"}],"event_choices":[{"damage_healed":0,"gold_gain":0,"player_choice":"Damaged","damage_taken":7,"max_hp_gain":0,"max_hp_loss":0,"event_name":"Wheel of Change","floor":4,"gold_loss":0},{"damage_healed":0,"gold_gain":0,"player_choice":"Obtained Relic","damage_taken":0,"relics_obtained":["Toy Ornithopter"],"max_hp_gain":0,"max_hp_loss":0,"event_name":"Addict","floor":20,"gold_loss":85},{"cards_removed":["Strike_G"],"damage_healed":0,"gold_gain":0,"player_choice":"Gave Gold","damage_taken":0,"max_hp_gain":0,"max_hp_loss":0,"event_name":"Beggar","floor":22,"gold_loss":75}],"is_beta":false,"boss_relics":[{"not_picked":["Fusion Hammer","SacredBark"],"picked":"Runic Pyramid"}],"items_purged_floors":[],"is_endless":false,"potions_floor_spawned":[1,2,13,14,16,18],"killed_by":"Gremlin Leader","ascension_level":7}}