{"host":"j0jjxssq479ixm8e","time":1612801911,"event":{"mods":["BaseMod","Better Note","Block Reminder","Minty Spire (QoL Compilation)","Rare Cards Sparkle","Relic Filter Mod","Reliquary","Replay The Spire","StSLib"],"gold_per_floor":[117,117,137,150,150,150,170,170,170,170,15,27,39,39,39,144,144,163,163,180,180,180,196,196,196],"floor_reached":24,"language":"ENG","playtime":1358,"items_purged":[],"score":188,"play_id":"7b032b26-2d57-49db-a9bd-2c962417a7ca","local_time":"20210208113151","is_ascension_mode":false,"campfire_choices":[{"data":"BasicCrystalCard","floor":6,"key":"SMITH"},{"floor":8,"key":"REST"},{"data":"Zap","floor":10,"key":"SMITH"},{"floor":15,"key":"REST"}],"circlet_count":0,"master_deck":["Strike_B","Strike_B","Strike_B","Strike_B+1","Defend_B","Defend_B","Defend_B","Defend_B","Zap+1","Barrage","Gash","BasicCrystalCard+1","Stack","Genetic Algorithm","Double Energy","ReplayTheSpireMod:Omega Cannon","Ball Lightning","Defragment+1","FIFO Queue","Streamline+1"],"relics":["Cracked Core","Replay:WaspNest","reliquary:BrokenClock","reliquary:KinkedSpring"],"acts_visited":["Exordium","TheCity"],"potions_floor_usage":[16,16,23,23],"damage_taken":[{"damage":6,"enemies":"Jaw Worm","floor":1,"turns":4},{"damage":1,"enemies":"Cultist","floor":3,"turns":4},{"damage":5,"enemies":"2 Louse","floor":4,"turns":3},{"damage":13,"enemies":"Large Slime","floor":7,"turns":6},{"damage":12,"enemies":"2 Fungi Beasts","floor":12,"turns":3},{"damage":12,"enemies":"Blue Slaver","floor":13,"turns":3},{"damage":59,"enemies":"Hexaghost","floor":16,"turns":7},{"damage":14,"enemies":"Chosen","floor":18,"turns":4},{"damage":20,"enemies":"Shell Parasite","floor":20,"turns":5},{"damage":28,"enemies":"Shelled Parasite and Fungi","floor":23,"turns":5},{"damage":25,"enemies":"Chosen and Byrds","floor":24,"turns":5}],"seed_played":"-6490202490829481357","potions_obtained":[{"floor":2,"key":"Flashbang"},{"floor":2,"key":"Languid Potion"},{"floor":2,"key":"DuplicationPotion"},{"floor":4,"key":"FearPotion"},{"floor":7,"key":"Regen Potion"},{"floor":16,"key":"BlessingOfTheForge"},{"floor":18,"key":"EssenceOfSteel"},{"floor":20,"key":"Fire Potion"}],"is_trial":false,"path_per_floor":["M","?","M","M","?","R","M","R","T","R","$","M","M","?","R","B",null,"M","?","M","PTL","PTL","M","M"],"character_chosen":"DEFECT","items_purchased":["reliquary:BrokenClock"],"campfire_rested":2,"item_purchase_floors":[11],"current_hp_per_floor":[76,76,75,70,70,70,57,81,81,81,81,69,57,50,74,30,82,68,68,48,48,48,20,0,0],"gold":196,"neow_bonus":"TEN_PERCENT_HP_BONUS","is_daily":false,"chose_seed":false,"campfire_upgraded":2,"win_rate":0.0,"timestamp":1612801911,"path_taken":["M","?","?","?","?","R","M","R","T","R","$","M","M","?","R","BOSS","M","?","M","PTL","PTL","M","M"],"items_purchased_type":["Relic"],"build_version":"2020-12-22","purchased_purges":0,"victory":false,"max_hp_per_floor":[82,82,82,82,82,82,82,82,82,82,82,82,82,82,82,82,82,82,82,82,82,82,82,82,82],"card_choices":[{"not_picked":["Double Energy","Hologram"],"picked":"Barrage","floor":1},{"not_picked":["BasicCrystalCard","Stack"],"picked":"Gash","floor":3},{"not_picked":["Turbo","ReplayTheSpireMod:Repulse"],"picked":"BasicCrystalCard","floor":4},{"not_picked":["ReplayTheSpireMod:Repulse","Reprogram"],"picked":"Stack","floor":7},{"not_picked":["Time Bomb","Streamline"],"picked":"Genetic Algorithm","floor":12},{"not_picked":["Reprogram","Rainbow"],"picked":"Double Energy","floor":13},{"not_picked":["Multi-Cast","Mirror Shield"],"picked":"ReplayTheSpireMod:Omega Cannon","floor":16},{"not_picked":["Panic Button+1","Hologram"],"picked":"Ball Lightning","floor":18},{"not_picked":["BasicCrystalCard","Storm+1"],"picked":"FIFO Queue","floor":20},{"not_picked":["Turbo","Rebound"],"picked":"Streamline+1","floor":23}],"player_experience":254985,"relics_obtained":[{"floor":9,"key":"Replay:WaspNest"}],"event_choices":[{"damage_healed":0,"gold_gain":0,"player_choice":"Got Potions","damage_taken":0,"max_hp_gain":0,"max_hp_loss":0,"event_name":"Lab","floor":2,"gold_loss":0},{"cards_removed":["Dualcast"],"damage_healed":0,"gold_gain":0,"player_choice":"Card Removal","damage_taken":7,"max_hp_gain":0,"max_hp_loss":0,"event_name":"Golden Wing","floor":14,"gold_loss":0},{"cards_removed":["Zap"],"damage_healed":0,"gold_gain":0,"player_choice":"Take \u0026 Give","damage_taken":0,"max_hp_gain":0,"max_hp_loss":0,"event_name":"betterNote:BetterNote","floor":19,"gold_loss":0,"cards_obtained":["Defragment"]}],"is_beta":false,"boss_relics":[{"not_picked":["Empty Cage","Velvet Choker"],"picked":"reliquary:KinkedSpring"}],"items_purged_floors":[],"is_endless":false,"potions_floor_spawned":[4,7,12,16,18,20],"killed_by":"Chosen and Byrds","ascension_level":0}}