{"host":"xm0tf1maiknh0fp9","time":1612759499,"event":{"mods":["BaseMod","Colored Map","Colored Powertips","Googly Eyes","Minty Spire (QoL Compilation)","Replay The Spire","StSLib"],"gold_per_floor":[16,28,28,48,48,80,106,106,133,161,161,195,195,214,214,222,222],"floor_reached":16,"language":"ENG","playtime":451,"items_purged":[],"score":135,"play_id":"f79afc72-5706-4f8d-be2d-a8753126201a","local_time":"20210207234459","is_ascension_mode":true,"campfire_choices":[{"floor":8,"key":"REST"},{"floor":11,"key":"REST"},{"data":"Pot Of Greed","floor":13,"key":"SMITH"},{"data":"Worship","floor":15,"key":"SMITH"}],"circlet_count":0,"master_deck":["Strike_P","Strike_P","Defend_P","Defend_P","Defend_P","Defend_P","Eruption","Vigilance","Wallop+1","FlyingSleeves","Worship+1","Pot Of Greed+1"],"relics":["PureWater","Boot","Replay:Bandana","Grinning Jar"],"acts_visited":["Exordium"],"potions_floor_usage":[6,12],"damage_taken":[{"damage":5,"enemies":"2 Louse","floor":1,"turns":4},{"damage":0,"enemies":"Cultist","floor":2,"turns":3},{"damage":6,"enemies":"Jaw Worm","floor":4,"turns":2},{"damage":46,"enemies":"Lagavulin","floor":6,"turns":5},{"damage":1,"enemies":"Looter","floor":7,"turns":3},{"damage":1,"enemies":"2 Fungi Beasts","floor":10,"turns":3},{"damage":0,"enemies":"Exordium Thugs","floor":12,"turns":3},{"damage":0,"enemies":"Exordium Wildlife","floor":14,"turns":3},{"damage":49,"enemies":"Hexaghost","floor":16,"turns":9}],"seed_played":"-328152371118259252","potions_obtained":[{"floor":1,"key":"Elixir"},{"floor":2,"key":"BottledMiracle"},{"floor":6,"key":"Adrenaline Potion"},{"floor":7,"key":"Elixir"}],"is_trial":false,"path_per_floor":["M","M","?","M","?","E","M","R","T","M","R","M","R","M","R","B"],"character_chosen":"WATCHER","items_purchased":[],"campfire_rested":2,"item_purchase_floors":[],"current_hp_per_floor":[60,60,60,54,54,8,7,28,28,27,48,48,48,48,48,0,0],"gold":222,"neow_bonus":"REMOVE_TWO","is_daily":false,"chose_seed":false,"campfire_upgraded":2,"win_rate":0.0,"timestamp":1612759499,"path_taken":["M","M","?","?","?","E","M","R","T","M","R","M","R","M","R","BOSS"],"items_purchased_type":[],"build_version":"2020-12-22","purchased_purges":0,"victory":false,"max_hp_per_floor":[72,72,72,72,72,72,72,72,72,72,72,72,72,72,72,72,72],"card_choices":[{"not_picked":["Evaluate","EmptyBody"],"picked":"Wallop","floor":1},{"not_picked":["Nirvana","Replay:Cycle"],"picked":"FlyingSleeves","floor":2},{"not_picked":["BowlingBash","Weave","Replay:AtTheReady"],"picked":"SKIP","floor":4},{"not_picked":["FlurryOfBlows","SashWhip","Fasting2"],"picked":"SKIP","floor":6},{"not_picked":["Fasting2","CutThroughFate"],"picked":"Worship","floor":7},{"not_picked":["DeceiveReality","Nirvana","ForeignInfluence"],"picked":"SKIP","floor":10},{"not_picked":["Collect","EmptyBody","Halt"],"picked":"SKIP","floor":12},{"not_picked":["FlyingSleeves","MasterReality","EmptyFist"],"picked":"SKIP","floor":14}],"player_experience":178296,"relics_obtained":[{"floor":6,"key":"Replay:Bandana"},{"floor":9,"key":"Grinning Jar"}],"event_choices":[{"damage_healed":0,"gold_gain":0,"player_choice":"Gave Potion","damage_taken":0,"relics_obtained":["Boot"],"max_hp_gain":0,"max_hp_loss":0,"event_name":"WeMeetAgain","floor":3,"gold_loss":0},{"damage_healed":0,"gold_gain":0,"player_choice":"Grow","damage_taken":0,"max_hp_gain":0,"max_hp_loss":0,"event_name":"Living Wall","floor":5,"gold_loss":0,"cards_upgraded":["Wallop"]}],"is_beta":false,"boss_relics":[],"items_purged_floors":[],"is_endless":false,"potions_floor_spawned":[1,2,6,7],"killed_by":"Hexaghost","ascension_level":6}}