{"host":"kiklx4tvdwn31322","time":1612788363,"event":{"mods":["ATMod(°¢èªMod)","BaseMod","Colored Powertips","Marisa£¨ìFÓê¡¡Ä§ÀíÉ³£©","Marked Mod","Minty Spire (QoL Compilation)","Quick Restart","Reliquary","Replay The Spire","RumiaBox-Â¶Ã×æ«µÄÉñÃØºÐ×Ó","StSLib","¡¾¹¦ÄÜMod¡¿»ìãçÖ®»·ÐÞ¸´²¹¶¡","¡¾ÒÅÎï¿¨ÅÆ¡¿REMEMod"],"gold_per_floor":[58,111,122,122,297,313,313,263,263,290,290,306,336,356,425,425,521,521,536,307,307,320,320,320],"floor_reached":22,"language":"ZHS","playtime":2705,"items_purged":["Doubt"],"score":184,"play_id":"9e4eb802-92ea-46c3-97c1-5a1b5f9a199c","local_time":"20210208204603","is_ascension_mode":false,"campfire_choices":[{"data":"MarkedMod:FirstStrike","floor":6.0,"key":"SMITH"},{"data":"TalkToTheHand","floor":8.0,"key":"SMITH"},{"data":"AT_FamilyPortrait","floor":10.0,"key":"SMITH"},{"floor":15.0,"key":"REST"}],"circlet_count":0,"master_deck":["Strike_P","Strike_P","Strike_P","Defend_P","Defend_P","Defend_P","Defend_P","Eruption+1","Vigilance","AT_EmpoweredMortalDraw","AT_FamilyPortrait+1","MarkedMod:FirstStrike+1","TalkToTheHand+1","MarkedMod:Acupuncture","EmptyBody","DevaForm","PathToVictory","Necronomicurse","AT_ChampionStep"],"relics":["PureWater","AT_ATBox","REME_ComplimentaryCards","NeowsBlessing","SSSystem","Lantern","ZombieArmy","Necronomicon","Calipers"],"acts_visited":["Exordium","TheCity"],"potions_floor_usage":[],"damage_taken":[{"damage":0.0,"enemies":"Small Slimes","floor":1.0,"turns":1.0},{"damage":0.0,"enemies":"Jaw Worm","floor":2.0,"turns":1.0},{"damage":0.0,"enemies":"2 Louse","floor":5.0,"turns":1.0},{"damage":10.0,"enemies":"2 Fungi Beasts","floor":11.0,"turns":2.0},{"damage":21.0,"enemies":"3 Sentries","floor":12.0,"turns":7.0},{"damage":6.0,"enemies":"Exordium Wildlife","floor":13.0,"turns":3.0},{"damage":36.0,"enemies":"The Guardian","floor":16.0,"turns":7.0},{"damage":16,"enemies":"Chosen","floor":18,"turns":5},{"damage":21,"enemies":"3 Byrds","floor":21,"turns":4}],"seed_played":"-9145247251472048327","potions_obtained":[{"floor":2.0,"key":"MarkedMod:BlackLotusJuice"},{"floor":5.0,"key":"Strength Potion"},{"floor":13.0,"key":"SkillPotion"},{"floor":18,"key":"FairyPotion"}],"is_trial":false,"path_per_floor":["M","M","?","?","M","R","?","R","T","R","M","E","M","?","R","B",null,"M","$","?","M","?"],"character_chosen":"WATCHER","items_purchased":["ZombieArmy"],"campfire_rested":1,"item_purchase_floors":[19],"current_hp_per_floor":[77,72,72,72,72,72,72,72,72,72,72,62,41,43,43,64,28,72,56,56,40,19,19,19],"gold":320,"neow_bonus":"THREE_ENEMY_KILL","is_daily":false,"chose_seed":false,"campfire_upgraded":3,"win_rate":0.0,"timestamp":1612788363,"path_taken":["M","M","?","?","M","R","?","R","T","R","M","E","M","?","R","BOSS","M","$","?","M","?"],"items_purchased_type":["Relic"],"build_version":"2020-12-22","purchased_purges":1,"victory":false,"max_hp_per_floor":[77,72,72,72,72,72,72,72,72,72,72,72,72,72,72,72,72,72,72,72,72,72,72,72],"card_choices":[{"not_picked":["FlurryOfBlows","Pray"],"picked":"MarkedMod:FirstStrike","floor":1.0},{"not_picked":["JustLucky","BowlingBash"],"picked":"TalkToTheHand","floor":2.0},{"not_picked":["ThirdEye","Replay:DivineShield","SashWhip"],"picked":"SKIP","floor":5.0},{"not_picked":["FlyingSleeves","CrushJoints","Halt"],"picked":"SKIP","floor":11.0},{"not_picked":["Meditate","Replay:Cycle"],"picked":"MarkedMod:Acupuncture","floor":12.0},{"not_picked":["AT_RealFormLess","BowlingBash"],"picked":"EmptyBody","floor":13.0},{"not_picked":["AT_RealColorLess","Replay:LoomingThreat"],"picked":"DevaForm","floor":16.0},{"not_picked":["SignatureMove","Replay:AtTheReady"],"picked":"PathToVictory","floor":18},{"not_picked":["CrushJoints","Worship"],"picked":"AT_ChampionStep","floor":21}],"player_experience":47874,"relics_obtained":[{"floor":9.0,"key":"SSSystem"},{"floor":12.0,"key":"Lantern"},{"floor":20,"key":"Necronomicon"}],"event_choices":[{"damage_healed":0.0,"max_hp_gain":0.0,"max_hp_loss":0.0,"gold_gain":0.0,"event_name":"Living Wall","player_choice":"Grow","floor":3.0,"gold_loss":0.0,"damage_taken":0.0,"cards_upgraded":["Eruption"]},{"damage_healed":0.0,"max_hp_gain":0.0,"max_hp_loss":0.0,"gold_gain":175.0,"event_name":"Liars Game","player_choice":"AGREE","floor":4.0,"gold_loss":0.0,"damage_taken":0.0,"cards_obtained":["Doubt"]},{"cards_removed":["Strike_P"],"damage_healed":0.0,"max_hp_gain":0.0,"max_hp_loss":0.0,"gold_gain":0.0,"event_name":"The Cleric","player_choice":"Card Removal","floor":7.0,"gold_loss":50.0,"damage_taken":0.0},{"damage_healed":0.0,"max_hp_gain":0.0,"max_hp_loss":0.0,"gold_gain":69.0,"event_name":"Golden Wing","player_choice":"Gained Gold","floor":14.0,"gold_loss":0.0,"damage_taken":0.0},{"damage_healed":0,"gold_gain":0,"player_choice":"Obtained Book","damage_taken":16,"max_hp_gain":0,"max_hp_loss":0,"event_name":"Cursed Tome","floor":20,"gold_loss":0},{"damage_healed":0,"gold_gain":0,"player_choice":"Opened","damage_taken":0,"relics_obtained":["Calipers"],"max_hp_gain":0,"max_hp_loss":0,"event_name":"The Mausoleum","floor":22,"gold_loss":0}],"is_beta":false,"boss_relics":[{"not_picked":["Velvet Choker","Ectoplasm","Snecko Eye"]}],"items_purged_floors":[19],"is_endless":false,"potions_floor_spawned":[2,5,13,18],"ascension_level":0}}