{"host":"0awa854l6bexpjrv","time":1612748726,"event":{"mods":["BaseMod","Block Reminder","Colored Map","Colored Powertips","Downfall","Highlight Path","Minty Spire (QoL Compilation)","Quick Restart","Rare Cards Sparkle","StSLib","SuperFastMode"],"gold_per_floor":[99,112,112,127,127,127,127,127,141,141,11,11,27,50,63,158,158,158,173,189,189,204,204,204,204,216,228,228,238,238,238,238,238],"floor_reached":31,"language":"ENG","playtime":1560,"items_purged":["sneckomod:Strike"],"score":227,"play_id":"bb7375a3-5af4-4cf1-8a6a-14e508c0ddd4","local_time":"20210207174526","is_ascension_mode":false,"campfire_choices":[{"floor":1.0,"key":"REST"},{"data":"sneckomod:TailWhip","floor":6.0,"key":"SMITH"},{"data":"sneckomod:WideSting","floor":12,"key":"SMITH"},{"floor":28,"key":"REST"}],"circlet_count":0,"master_deck":["sneckomod:TailWhip+1","sneckomod:SnekBite","sneckomod:Unknown","sneckomod:UnknownRareAttack+1","sneckomod:IronFang","Guardian:StasisStrike","sneckomod:UnknownDraw","sneckomod:WideSting+1","sneckomod:UnknownUncommonPower+1","sneckomod:UnknownBlock","sneckomod:SnakeSap","Bash","sneckomod:UnknownWeak+1","sneckomod:SoulDraw+1","sneckomod:UnknownCommonSkill","sneckomod:UnknownWeak","sneckomod:Unknown3Cost","sneckomod:UnknownCommonSkill+1","expansioncontent:YouAreMine","Shame","Bludgeon","sneckomod:UnknownStrength+1","sneckomod:Mudshield+1","sneckomod:Memorize"],"relics":["sneckomod:SneckoSoul","Frozen Egg 2","Smiling Mask","Cursed Key","Ice Cream"],"acts_visited":["Exordium","TheCity"],"potions_floor_usage":[16,16,16],"damage_taken":[{"damage":5.0,"enemies":"Small Slimes","floor":2.0,"turns":3.0},{"damage":1.0,"enemies":"Jaw Worm","floor":4.0,"turns":3.0},{"damage":0,"enemies":"Cultist","floor":9,"turns":2},{"damage":0,"enemies":"downfall:FleeingMerchant","floor":11,"turns":4},{"damage":5,"enemies":"2 Fungi Beasts","floor":13,"turns":3},{"damage":14,"enemies":"Exordium Wildlife","floor":15,"turns":5},{"damage":68,"enemies":"DF_ARCHETYPE_STREAMLINE","floor":16,"turns":10},{"damage":7,"enemies":"3 Byrds","floor":19,"turns":4},{"damage":5,"enemies":"Shell Parasite","floor":20,"turns":5},{"damage":15,"enemies":"Snake Plant","floor":22,"turns":4},{"damage":26,"enemies":"Shelled Parasite and Fungi","floor":26,"turns":4},{"damage":4,"enemies":"Centurion and Healer","floor":27,"turns":3},{"damage":42,"enemies":"Cultist and Chosen","floor":29,"turns":7},{"damage":0,"enemies":"3 Cultists","floor":31,"turns":1}],"seed_played":"-8444108553219030929","potions_obtained":[{"floor":2.0,"key":"Fire Potion"},{"floor":13,"key":"Fruit Juice"},{"floor":15,"key":"DuplicationPotion"},{"floor":20,"key":"SteroidPotion"},{"floor":26,"key":"Explosive Potion"}],"is_trial":false,"path_per_floor":["R","M","?","M","?","R","T","R","M","?","$","R","M","T","M","B",null,"R","M","M","?","M","R","T","R","M","M","R","M","?","M"],"character_chosen":"THE_SNECKO","items_purchased":["sneckomod:UnknownUncommonPower+1"],"campfire_rested":2,"item_purchase_floors":[11],"current_hp_per_floor":[90,85,85,84,84,84,84,84,84,89,89,89,89,89,75,12,100,100,93,88,88,75,75,75,75,49,45,75,33,33,33,33,33],"gold":238,"neow_bonus":"THREE_RARE_CARDS","is_daily":false,"chose_seed":false,"campfire_upgraded":2,"win_rate":0.0,"timestamp":1612748726,"path_taken":["R","M","?","M","?","R","T","R","?","?","$","R","M","?","M","BOSS","R","M","M","?","M","R","T","R","M","M","R","M","?","M"],"items_purchased_type":["Card"],"build_version":"2020-12-22","purchased_purges":1,"victory":false,"max_hp_per_floor":[90,90,90,90,90,90,90,90,90,95,95,95,95,95,95,100,100,100,100,100,100,100,100,100,100,100,100,100,100,100,100,100,100],"card_choices":[{"not_picked":["sneckomod:Restock","sneckomod:MorePower"],"picked":"sneckomod:UnknownRareAttack","floor":0.0},{"not_picked":["sneckomod:Unknown1Cost","sneckomod:Nope"],"picked":"sneckomod:IronFang","floor":2.0},{"not_picked":["sneckomod:SlitherStrike","sneckomod:UnknownDexterity"],"picked":"sneckomod:UnknownVulnerable","floor":4.0},{"not_picked":["sneckomod:Unknown1Cost","sneckomod:UnknownExhaust"],"picked":"sneckomod:UnknownDraw","floor":9},{"not_picked":["sneckomod:UnknownExhaust","sneckomod:DiceCrush"],"picked":"sneckomod:WideSting","floor":11},{"not_picked":["sneckomod:UnknownClassTHE_CHAMP_GRAY","sneckomod:Nope"],"picked":"sneckomod:UnknownBlock","floor":13},{"not_picked":["sneckomod:UnknownCommonAttack","sneckomod:DiceBoulder"],"picked":"sneckomod:SnakeSap","floor":15},{"not_picked":["sneckomod:UnlimitedRolls+1","sneckomod:MorePower+1"],"picked":"sneckomod:UnknownBoss","floor":16},{"not_picked":["sneckomod:UnknownExhaust","sneckomod:SoulDraw"],"picked":"sneckomod:UnknownWeak+1","floor":19},{"not_picked":["sneckomod:UnknownVulnerable","sneckomod:UnknownStrike"],"picked":"sneckomod:SoulDraw+1","floor":20},{"not_picked":["sneckomod:UnknownClassRED","sneckomod:UnknownClassGUARDIAN"],"picked":"sneckomod:UnknownCommonSkill+1","floor":22},{"not_picked":["sneckomod:SnakeSap","sneckomod:UnknownUncommonPower+1"],"picked":"sneckomod:UnknownStrength+1","floor":26},{"not_picked":["sneckomod:SnekBeam","sneckomod:WideSting"],"picked":"sneckomod:Mudshield+1","floor":27},{"not_picked":["sneckomod:SlitherStrike","sneckomod:Unknown1Cost"],"picked":"sneckomod:Memorize","floor":29}],"player_experience":737053,"relics_obtained":[{"floor":7.0,"key":"Frozen Egg 2"},{"floor":14,"key":"Smiling Mask"},{"floor":24,"key":"Ice Cream"}],"event_choices":[{"cards_removed":["sneckomod:Strike"],"damage_healed":0.0,"max_hp_gain":0.0,"max_hp_loss":0.0,"gold_gain":0.0,"event_name":"The Cleric","player_choice":"Card Removal","floor":3.0,"gold_loss":0.0,"damage_taken":0.0},{"damage_healed":0,"gold_gain":0,"player_choice":"Donut","damage_taken":0,"max_hp_gain":5,"max_hp_loss":0,"event_name":"Big Fish","floor":10,"gold_loss":0}],"is_beta":false,"boss_relics":[{"not_picked":["SlaversCollar","Pandora\u0027s Box"],"picked":"Cursed Key"}],"items_purged_floors":[11],"is_endless":false,"potions_floor_spawned":[2,13,15,20,26],"killed_by":"3 Cultists","ascension_level":0}}