{"host":"tml1x4ylw9tadh99","time":1612800000,"event":{"mods":["AchievementEnabler","Act Like it!","BaseMod","Bestiary","Colored Map","Colored Powertips","DeckTracker","Friendly Minions","GifTheSpireLib","Minty Spire (QoL Compilation)","Quick Restart","Random Character Button","Random Character Mod","Relic Stats","StSLib","Synergy Search"],"gold_per_floor":[116,116,141,165,179,179,179],"floor_reached":6,"language":"ENG","playtime":155,"items_purged":[],"score":36,"play_id":"09402cd3-66d1-4241-908e-6c9d6b3ecb86","local_time":"20210208170000","is_ascension_mode":false,"campfire_choices":[],"circlet_count":0,"master_deck":["Strike_G","Strike_G","Strike_G","Strike_G","Strike_G","Defend_G","Defend_G","Defend_G","Defend_G","Defend_G","Survivor","Neutralize","Flying Knee"],"relics":["Ring of the Snake","NeowsBlessing","Golden Idol","Orichalcum"],"acts_visited":["Exordium"],"potions_floor_usage":[],"damage_taken":[{"damage":0,"enemies":"2 Louse","floor":1,"turns":1},{"damage":0,"enemies":"Jaw Worm","floor":3,"turns":1},{"damage":0,"enemies":"Cultist","floor":5,"turns":1},{"damage":0,"enemies":"3 Sentries","floor":6,"turns":1}],"seed_played":"-2109564373627930892","potions_obtained":[{"floor":1,"key":"LiquidMemories"}],"is_trial":false,"path_per_floor":["M","?","M","T","M","E"],"character_chosen":"THE_SILENT","items_purchased":[],"campfire_rested":0,"item_purchase_floors":[],"current_hp_per_floor":[70,53,53,53,53,53,53],"gold":179,"neow_bonus":"THREE_ENEMY_KILL","is_daily":false,"chose_seed":false,"campfire_upgraded":0,"win_rate":0.0,"timestamp":1612800000,"path_taken":["M","?","M","?","?","E"],"items_purchased_type":[],"build_version":"2020-12-22","purchased_purges":0,"victory":false,"max_hp_per_floor":[70,70,70,70,70,70,70],"relic_stats":{"counters":[4,3],"Golden Idol":8,"Orichalcum":[0],"obtain_stats":[{"NeowsBlessing":0,"Golden Idol":2,"Orichalcum":4,"Ring of the Snake":0},{"NeowsBlessing":0,"Golden Idol":1,"Orichalcum":2,"Ring of the Snake":0},{"NeowsBlessing":0,"Golden Idol":1,"Orichalcum":2,"Ring of the Snake":0}],"Ring of the Snake":[6]},"card_choices":[{"not_picked":["Riddle With Holes","Dagger Spray"],"picked":"Flying Knee","floor":1},{"not_picked":["Sucker Punch","Deadly Poison","Backflip"],"picked":"SKIP","floor":3},{"not_picked":["Underhanded Strike","Burst","Backflip"],"picked":"SKIP","floor":5}],"player_experience":15779,"relics_obtained":[{"floor":4,"key":"Orichalcum"}],"event_choices":[{"damage_healed":0,"gold_gain":0,"player_choice":"Take Damage","damage_taken":17,"relics_obtained":["Golden Idol"],"max_hp_gain":0,"max_hp_loss":0,"event_name":"Golden Idol","floor":2,"gold_loss":0}],"is_beta":false,"boss_relics":[],"items_purged_floors":[],"is_endless":false,"potions_floor_spawned":[1],"killed_by":"3 Sentries","ascension_level":0}}