{"host":"kn32u0f2pym5bozc","time":1612777240,"event":{"mods":["2.2 Compatiblity","BaseMod","Minty Spire (QoL Compilation)","Permanent Neow","Relic Stats","StSLib","The Animator"],"gold_per_floor":[115,132,78,78,91,91,131,148,148,167,167,204,204,42,42,118,118,148,148,170,12,30,30,30,30],"floor_reached":24,"language":"ENG","playtime":1035,"items_purged":["animator:Strike"],"score":372,"play_id":"5b148ea8-e7f6-40a6-aafa-d89947e463ce","local_time":"20210208044040","is_ascension_mode":true,"campfire_choices":[{"data":"animator:Raven","floor":6.0,"key":"SMITH"},{"data":"animator:Ara","floor":11.0,"key":"SMITH"},{"data":"animator:Archer","floor":13.0,"key":"SMITH"},{"data":"animator:Viivi","floor":15.0,"key":"SMITH"},{"floor":23,"key":"REST"}],"circlet_count":0,"master_deck":["AscendersBane","animator:Strike_TenSura","animator:Strike","animator:Defend","animator:Defend","animator:Defend","animator:Benimaru","animator:Shuna","animator:Archer+1","animator:Raven+1","animator:Ara+1","animator:Souei","animator:Assassin","animator:Viivi+1","animator:SwordMaiden","animator:Sebas","animator:Tyuule","animator:GuildGirl","animator:Rena"],"relics":["animator:LivingPicture","animator:PurgingStone","White Beast Statue","Bottled Lightning","Boot","Philosopher\u0027s Stone","Nloth\u0027s Gift"],"acts_visited":["Exordium","TheCity"],"potions_floor_usage":[24,24],"damage_taken":[{"damage":0.0,"enemies":"Cultist","floor":1.0,"turns":4.0},{"damage":0.0,"enemies":"2 Louse","floor":2.0,"turns":3.0},{"damage":6.0,"enemies":"Small Slimes","floor":5.0,"turns":4.0},{"damage":23.0,"enemies":"Gremlin Nob","floor":7.0,"turns":4.0},{"damage":0.0,"enemies":"2 Fungi Beasts","floor":8.0,"turns":4.0},{"damage":2.0,"enemies":"Red Slaver","floor":10.0,"turns":3.0},{"damage":20.0,"enemies":"Hexaghost","floor":16.0,"turns":8.0},{"damage":22.0,"enemies":"3 Byrds","floor":18.0,"turns":3.0},{"damage":6,"enemies":"Chosen","floor":20,"turns":4},{"damage":1,"enemies":"Centurion and Healer","floor":22,"turns":5},{"damage":39,"enemies":"Slavers","floor":24,"turns":2}],"seed_played":"1745475345467376717","potions_obtained":[{"floor":1.0,"key":"ColorlessPotion"},{"floor":8.0,"key":"SteroidPotion"},{"floor":10.0,"key":"Strength Potion"},{"floor":18.0,"key":"PowerPotion"}],"is_trial":false,"path_per_floor":["M","M","$","?","M","R","E","M","T","M","R","?","R","$","R","B",null,"M","?","M","$","M","R","E"],"character_chosen":"THE_ANIMATOR","items_purchased":["Explosive Potion","Boot","animator:GuildGirl"],"campfire_rested":1,"item_purchase_floors":[3,14,21],"current_hp_per_floor":[54,54,54,60,54,54,31,31,31,29,29,29,29,29,29,9,47,25,25,19,19,18,36,0,0],"gold":30,"neow_bonus":"TRANSFORM_CARD","is_daily":false,"chose_seed":false,"campfire_upgraded":4,"win_rate":0.0,"timestamp":1612777240,"path_taken":["M","M","?","?","M","R","E","?","T","M","R","?","R","$","R","BOSS","M","?","M","$","?","R","E"],"items_purchased_type":["Potion","Relic","Card"],"build_version":"2020-12-22","purchased_purges":1,"victory":false,"max_hp_per_floor":[60,60,60,60,60,60,60,60,60,60,60,60,60,60,60,60,60,60,60,60,60,60,60,60,60],"relic_stats":{"counters":[11,44],"Nloth\u0027s Gift":0,"Boot":[86],"obtain_stats":[{"animator:PurgingStone":0,"animator:TheMissingPiece":0,"Philosopher\u0027s Stone":17,"animator:LivingPicture":0,"Nloth\u0027s Gift":19,"Bottled Lightning":9,"Boot":14,"White Beast Statue":7},{"animator:PurgingStone":0,"animator:TheMissingPiece":0,"Philosopher\u0027s Stone":7,"animator:LivingPicture":0,"Nloth\u0027s Gift":8,"Bottled Lightning":5,"Boot":6,"White Beast Statue":4},{"animator:PurgingStone":0,"animator:TheMissingPiece":0,"Philosopher\u0027s Stone":30,"animator:LivingPicture":0,"Nloth\u0027s Gift":33,"Bottled Lightning":19,"Boot":22,"White Beast Statue":15}]},"card_choices":[{"not_picked":["animator:Spearman","animator:YunYun"],"picked":"animator:Raven","floor":1.0},{"not_picked":["animator:Sebas","animator:Berserker"],"picked":"animator:RoyMustang","floor":2.0},{"not_picked":["animator:Sonic","animator:Priestess"],"picked":"animator:Ara","floor":5.0},{"not_picked":["animator:Hakurou","animator:Benimaru"],"picked":"animator:Souei","floor":7.0},{"not_picked":["animator:DwarfShaman","animator:SuzuneAmano"],"picked":"animator:Assassin","floor":8.0},{"not_picked":["animator:Alexander","animator:Vanir"],"picked":"animator:Viivi","floor":10.0},{"not_picked":["animator:PinaCoLada","animator:Sora"],"picked":"animator:SwordMaiden","floor":16.0},{"not_picked":["animator:Demiurge","animator:Tet"],"picked":"animator:Sebas","floor":18.0},{"not_picked":["animator:Konayuki+1","animator:ElricEdward"],"picked":"animator:Tyuule","floor":20},{"not_picked":["animator:Azekura","animator:GuildGirl"],"picked":"animator:Rena","floor":22}],"player_experience":924212,"relics_obtained":[{"floor":7.0,"key":"White Beast Statue"},{"floor":9.0,"key":"Bottled Lightning"}],"event_choices":[{"cards_removed":["animator:RoyMustang"],"damage_healed":6.0,"max_hp_gain":0.0,"max_hp_loss":0.0,"gold_gain":0.0,"event_name":"Bonfire Elementals","player_choice":"Offered Uncommon","floor":4.0,"gold_loss":0.0,"damage_taken":0.0},{"damage_healed":0.0,"max_hp_gain":0.0,"max_hp_loss":0.0,"gold_gain":0.0,"event_name":"N\u0027loth","player_choice":"Traded Relic","floor":19.0,"relics_lost":["animator:TheMissingPiece"],"gold_loss":0.0,"damage_taken":0.0,"relics_obtained":["Nloth\u0027s Gift"]}],"is_beta":false,"boss_relics":[{"not_picked":["animator:HolyGrailRelic","SlaversCollar"],"picked":"Philosopher\u0027s Stone"}],"items_purged_floors":[21],"is_endless":false,"potions_floor_spawned":[1,8,10,16,18,20,22],"killed_by":"Slavers","ascension_level":18}}