{"host":"zsf7u5n6ehqeseos","time":1612800076,"event":{"mods":["AchievementEnabler","BaseMod","Colored Map","Colored Powertips","Googly Eyes","Minty Spire (QoL Compilation)"],"gold_per_floor":[113,125,139,109,124,124,137,137,163,189,201,6,6,26,26,122,122,141,0,0,0,11,11,27,27,27],"floor_reached":25,"language":"ENG","playtime":1129,"items_purged":[],"score":308,"play_id":"6782d438-a075-4f55-80f9-c434f2fc4709","local_time":"20210208170116","is_ascension_mode":true,"campfire_choices":[{"floor":6.0,"key":"REST"},{"floor":8.0,"key":"REST"},{"floor":15.0,"key":"REST"},{"floor":23,"key":"REST"}],"circlet_count":0,"master_deck":["AscendersBane","Strike_B+1","Strike_B+1","Strike_B+1","Defend_B+1","Defend_B+1","Defend_B+1","Zap","Dualcast","Melter","Ball Lightning","Rebound","Recycle","Meteor Strike","Compile Driver","Conserve Battery","Conserve Battery","Chaos","Creative AI","Cold Snap+1","Defragment","Defragment"],"relics":["Cracked Core","Anchor","Regal Pillow","Frozen Eye","Darkstone Periapt","Fusion Hammer","Enchiridion"],"acts_visited":["Exordium","TheCity"],"potions_floor_usage":[],"damage_taken":[{"damage":0.0,"enemies":"Cultist","floor":1.0,"turns":4.0},{"damage":2.0,"enemies":"2 Louse","floor":2.0,"turns":2.0},{"damage":12.0,"enemies":"Jaw Worm","floor":3.0,"turns":2.0},{"damage":9.0,"enemies":"3 Louse","floor":5.0,"turns":3.0},{"damage":13.0,"enemies":"Blue Slaver","floor":7.0,"turns":2.0},{"damage":20.0,"enemies":"3 Sentries","floor":10.0,"turns":6.0},{"damage":0.0,"enemies":"Large Slime","floor":11.0,"turns":4.0},{"damage":0.0,"enemies":"Lots of Slimes","floor":14.0,"turns":2.0},{"damage":74.0,"enemies":"Hexaghost","floor":16.0,"turns":10.0},{"damage":8.0,"enemies":"Shell Parasite","floor":18.0,"turns":7.0},{"damage":48,"enemies":"3 Byrds","floor":22,"turns":6},{"damage":32,"enemies":"Cultist and Chosen","floor":24,"turns":8},{"damage":13,"enemies":"Gremlin Leader","floor":25,"turns":2}],"seed_played":"-8468917257577977159","potions_obtained":[{"floor":2.0,"key":"Energy Potion"},{"floor":4.0,"key":"FairyPotion"},{"floor":4.0,"key":"Weak Potion"},{"floor":11.0,"key":"Explosive Potion"}],"is_trial":false,"path_per_floor":["M","M","M","?","M","R","M","R","T","E","M","$","T","M","R","B",null,"M","?","?","?","M","R","M","E"],"character_chosen":"DEFECT","items_purchased":["Frozen Eye","Conserve Battery"],"campfire_rested":4,"item_purchase_floors":[12,12],"current_hp_per_floor":[50,48,36,36,27,49,36,58,58,38,38,38,38,38,75,1,57,49,49,33,33,7,44,12,0,0],"gold":27,"neow_bonus":"REMOVE_TWO","is_daily":false,"chose_seed":false,"campfire_upgraded":0,"win_rate":0.0,"timestamp":1612800076,"path_taken":["M","M","?","?","?","R","M","R","T","E","M","$","?","M","R","BOSS","M","?","?","?","M","R","M","E"],"items_purchased_type":["Relic","Card"],"build_version":"2020-12-22","purchased_purges":0,"victory":false,"max_hp_per_floor":[75,75,75,75,75,75,75,75,75,75,75,75,75,75,75,75,75,75,75,75,75,75,75,75,75,75],"card_choices":[{"not_picked":["Compile Driver","Coolheaded"],"picked":"Melter","floor":1.0},{"not_picked":["Streamline","Beam Cell"],"picked":"Ball Lightning","floor":2.0},{"not_picked":["Hello World","Coolheaded"],"picked":"Rebound","floor":3.0},{"not_picked":["Streamline","Stack"],"picked":"Recycle","floor":5.0},{"not_picked":["Recycle","Compile Driver"],"picked":"Meteor Strike","floor":7.0},{"not_picked":["Gash","Leap"],"picked":"Compile Driver","floor":10.0},{"not_picked":["Beam Cell","Force Field"],"picked":"Conserve Battery","floor":11.0},{"not_picked":["Streamline","Leap"],"picked":"Chaos","floor":14.0},{"not_picked":["Buffer","Biased Cognition"],"picked":"Creative AI","floor":16.0},{"not_picked":["Leap","Fusion"],"picked":"Cold Snap+1","floor":18.0},{"not_picked":["Steam+1","Force Field+1"],"picked":"Defragment","floor":22},{"not_picked":["Leap","Darkness"],"picked":"Defragment","floor":24}],"player_experience":220727,"relics_obtained":[{"floor":9.0,"key":"Anchor"},{"floor":10.0,"key":"Regal Pillow"},{"floor":13.0,"key":"Darkstone Periapt"},{"floor":20,"key":"Enchiridion"}],"event_choices":[{"damage_healed":0.0,"max_hp_gain":0.0,"max_hp_loss":0.0,"gold_gain":0.0,"event_name":"The Woman in Blue","player_choice":"Bought 2 Potions","floor":4.0,"gold_loss":0.0,"damage_taken":0.0},{"damage_healed":0,"gold_gain":0,"player_choice":"Paid Fearfully","damage_taken":0,"max_hp_gain":0,"max_hp_loss":0,"event_name":"Masked Bandits","floor":19,"gold_loss":141},{"damage_healed":0,"gold_gain":0,"player_choice":"Obtained Book","damage_taken":16,"max_hp_gain":0,"max_hp_loss":0,"event_name":"Cursed Tome","floor":20,"gold_loss":0},{"damage_healed":0,"gold_gain":0,"player_choice":"Simplicity","damage_taken":0,"max_hp_gain":0,"max_hp_loss":0,"event_name":"Back to Basics","floor":21,"gold_loss":0,"cards_upgraded":["Strike_B","Strike_B","Strike_B","Defend_B","Defend_B","Defend_B"]}],"is_beta":false,"boss_relics":[{"not_picked":["Philosopher\u0027s Stone","Tiny House"],"picked":"Fusion Hammer"}],"items_purged_floors":[],"is_endless":false,"potions_floor_spawned":[2,5,11],"killed_by":"Gremlin Leader","ascension_level":10}}