{"host":"Snek","time":1612796881,"event":{"mods":["AchievementEnabler","BaseMod","Block Reminder","Highlight Path","Minty Spire (QoL Compilation)","Relic Stats","StSLib"],"gold_per_floor":[118,138,156,101,121,156,169,169,169],"floor_reached":8,"language":"ENG","playtime":362,"items_purged":[],"score":96,"play_id":"d59ac853-f08f-4bf8-a47e-aa298488d5ce","local_time":"20210208160801","is_ascension_mode":true,"campfire_choices":[],"circlet_count":0,"master_deck":["AscendersBane","Strike_G","Strike_G","Strike_G","Strike_G","Strike_G","Defend_G","Defend_G","Defend_G","Defend_G","Defend_G","Survivor","Neutralize","Die Die Die","Acrobatics","Poisoned Stab","Sucker Punch","Distraction","Terror","Leg Sweep"],"relics":["Ring of the Snake","Happy Flower","Boot"],"acts_visited":["Exordium"],"potions_floor_usage":[6,7],"damage_taken":[{"damage":0,"enemies":"Small Slimes","floor":1,"turns":3},{"damage":0,"enemies":"Cultist","floor":2,"turns":4},{"damage":1,"enemies":"Jaw Worm","floor":3,"turns":4},{"damage":9,"enemies":"Looter","floor":5,"turns":3},{"damage":43,"enemies":"Lagavulin","floor":6,"turns":7},{"damage":5,"enemies":"Blue Slaver","floor":7,"turns":4},{"damage":11,"enemies":"3 Sentries","floor":8,"turns":5}],"seed_played":"-8283558227515973663","potions_obtained":[{"floor":3,"key":"Weak Potion"},{"floor":5,"key":"Swift Potion"}],"is_trial":false,"path_per_floor":["M","M","M","?","M","E","M","E"],"character_chosen":"THE_SILENT","items_purchased":[],"campfire_rested":0,"item_purchase_floors":[],"current_hp_per_floor":[63,63,62,62,53,10,5,0,0],"gold":169,"neow_bonus":"ONE_RANDOM_RARE_CARD","is_daily":false,"chose_seed":false,"campfire_upgraded":0,"win_rate":0.0,"timestamp":1612796881,"path_taken":["M","M","M","?","M","E","?","E"],"items_purchased_type":[],"build_version":"2020-12-18","purchased_purges":0,"victory":false,"max_hp_per_floor":[70,70,70,70,70,70,70,70,70],"relic_stats":{"Happy Flower":[6],"counters":[7,30],"Boot":[6],"obtain_stats":[{"Happy Flower":4,"Boot":6,"Ring of the Snake":0},{"Happy Flower":3,"Boot":5,"Ring of the Snake":0},{"Happy Flower":11,"Boot":21,"Ring of the Snake":0}],"Ring of the Snake":[14]},"card_choices":[{"not_picked":["Sucker Punch","Prepared"],"picked":"Acrobatics","floor":1},{"not_picked":["Flying Knee","Blade Dance"],"picked":"Poisoned Stab","floor":2},{"not_picked":["Dagger Throw","All Out Attack"],"picked":"Sucker Punch","floor":3},{"not_picked":["Dagger Spray","Slice"],"picked":"Distraction","floor":5},{"not_picked":["Setup","Sucker Punch"],"picked":"Terror","floor":6},{"not_picked":["Blade Dance","Deadly Poison"],"picked":"Leg Sweep","floor":7}],"player_experience":502394,"relics_obtained":[{"floor":6,"key":"Boot"}],"event_choices":[{"damage_healed":0,"gold_gain":0,"player_choice":"Paid Gold","damage_taken":0,"relics_obtained":["Happy Flower"],"max_hp_gain":0,"max_hp_loss":0,"event_name":"WeMeetAgain","floor":4,"gold_loss":55}],"is_beta":true,"boss_relics":[],"items_purged_floors":[],"is_endless":false,"potions_floor_spawned":[3,5],"killed_by":"3 Sentries","ascension_level":12}}