{"host":"6wwaj9ewa504t2wd","time":1612754578,"event":{"mods":["BaseMod","Downfall","Lobotomy","LobotomyExtend","Minty Spire (QoL Compilation)","MostiFishMod","StSLib","Yakumo Yukari mod"],"gold_per_floor":[110,127,137,137,154,154,168,168,168,168,168,187,213,213,213,310,310,330,245,261,273,13,27,41,57,57,57,57,57,67,71,71,172,172,3,3],"floor_reached":35,"language":"ZHS","playtime":2439,"items_purged":["PunishingBird"],"score":532,"play_id":"708a0581-48d3-4445-94aa-1dcfb45af21f","local_time":"20210208112258","is_ascension_mode":true,"campfire_choices":[],"circlet_count":0,"master_deck":["BigBird","SpecialBullet","SpecialBullet","SpecialBullet","SpecialBullet","SpecialBullet","SpecialBullet","SpecialBullet","ControlCode","InformationCode","WelfareCode","Ecstasy","Wellcheers","BloodyDesire","Yin","CENSORED_ego","FourthMatchFlame","DisciplinaryCode","Lamp+2","LaLuna","Beak","ParadiseLost","TT2Protocol","MHz","GoldRush","FieryBird","Penitence","UniverseFragment","RedEyes","Mimicry","MostiFishMod:PerfectForm","SummonCall","BodiesMountain","Freischutz","Beak","Laetitia","FourthMatchFlame","TrainingCode","Beak","CENSORED","CENSORED_ego+1","CentralCode","Pinks+1"],"relics":["CogitoBucket","DaveBox","SynthV:TestCard","LetterFromLob","ChiXiaoBlade","Question Card","Theresia","Bottled Tornado","RhineSuit","ImprovedEquipment","LuminousBracelet","Lamp_r","PreservedInsect","Toxic Egg 2","Peace Pipe","Busted Crown"],"acts_visited":["Exordium","TheCity","TheBeyond"],"potions_floor_usage":[12,16,25,31,33,33,35],"damage_taken":[{"damage":12,"enemies":"Jaw Worm","floor":1,"turns":2},{"damage":6,"enemies":"Cultist","floor":2,"turns":3},{"damage":20,"enemies":"Small Slimes","floor":3,"turns":3},{"damage":22,"enemies":"Looter","floor":5,"turns":3},{"damage":6,"enemies":"Large Slime","floor":7,"turns":3},{"damage":84,"enemies":"2 Fungi Beasts","floor":12,"turns":8},{"damage":23,"enemies":"3 Sentries","floor":13,"turns":4},{"damage":30,"enemies":"Hexaghost","floor":16,"turns":5},{"damage":12,"enemies":"3 Byrds","floor":18,"turns":2},{"damage":0,"enemies":"Spheric Guardian","floor":20,"turns":2},{"damage":11,"enemies":"Snake Plant","floor":21,"turns":3},{"damage":12,"enemies":"3 Cultists","floor":23,"turns":3},{"damage":0,"enemies":"Snecko","floor":24,"turns":4},{"damage":18,"enemies":"Snake Plant","floor":25,"turns":2},{"damage":60,"enemies":"Chosen and Byrds","floor":30,"turns":5},{"damage":8,"enemies":"Slavers","floor":31,"turns":4},{"damage":20,"enemies":"Automaton","floor":33,"turns":4},{"damage":233,"enemies":"3 Shapes","floor":35,"turns":4}],"seed_played":"-1016142597075373355","potions_obtained":[{"floor":3,"key":"Block Potion"},{"floor":13,"key":"Swift Potion"},{"floor":16,"key":"Explosive Potion"},{"floor":18,"key":"EssenceOfSteel"},{"floor":25,"key":"Dexterity Potion"},{"floor":30,"key":"Block Potion"},{"floor":33,"key":"AttackPotion"}],"is_trial":false,"path_per_floor":["M","M","M","?","M","R","M","R","T","R","?","M","E","?","R","B",null,"M","?","M","M","$","M","M","M","T","R","?","R","M","E","R","B",null,"M"],"character_chosen":"Angela","items_purchased":["MostiFishMod:PerfectForm"],"campfire_rested":0,"item_purchase_floors":[22],"current_hp_per_floor":[58,52,50,50,46,46,55,55,55,55,55,26,27,39,39,16,78,70,70,74,85,85,78,84,70,70,70,70,70,32,31,31,27,121,0,0],"gold":3,"neow_bonus":"THREE_CARDS","is_daily":false,"chose_seed":false,"campfire_upgraded":0,"win_rate":0.0,"timestamp":1612754578,"path_taken":["M","M","M","?","M","R","?","R","T","R","?","?","E","?","R","BOSS","M","?","M","M","$","M","M","M","T","R","?","R","M","E","R","BOSS","M"],"items_purchased_type":["Card"],"build_version":"2020-12-22","purchased_purges":1,"victory":false,"max_hp_per_floor":[70,70,70,70,70,70,70,70,70,70,70,74,74,74,74,78,78,82,82,86,105,105,109,113,117,117,117,117,117,117,121,121,121,121,121,121],"card_choices":[{"not_picked":["WristCuter","RapturousDream"],"picked":"Ecstasy","floor":0},{"not_picked":["FairyFestival","PunishingBird"],"picked":"Wellcheers","floor":1},{"not_picked":["RapturousDream"],"picked":"BloodyDesire","floor":1},{"not_picked":["FairyFestival","WallGazer"],"picked":"DreamingCurrent","floor":2},{"not_picked":["MagicBullet","FrostShard","Hornet"],"picked":"Horn","floor":2},{"not_picked":["OSAHOGD","BigBadWolf"],"picked":"Yin","floor":3},{"not_picked":["RedEyes","Spore","WristCuter"],"picked":"CENSORED_ego","floor":3},{"not_picked":["CherryBlossom","Discord","SwordSharpenedByTears"],"picked":"FourthMatchFlame","floor":5},{"not_picked":["UniverseFragment","VoidDream"],"picked":"BigBird","floor":7},{"not_picked":["Horn","RedEyes","Christmas"],"picked":"Lamp","floor":7},{"not_picked":["ShyLook","CherryBlossoms"],"picked":"LaLuna","floor":12},{"not_picked":["Loneliness","CUTE","SomewhereSpear","Soda"],"picked":"Beak","floor":12},{"not_picked":["Regret_ego","RedEyes","Laetitia_ego","WristCuter"],"picked":"ParadiseLost","floor":13},{"not_picked":["Bloodbath","OldLady"],"picked":"MHz","floor":16},{"not_picked":["Mimicry","CENSORED_ego","Twilight","ParadiseLost"],"picked":"GoldRush","floor":16},{"not_picked":["BeautyBeast","WhitesApple"],"picked":"FieryBird","floor":18},{"not_picked":["Noise","Hornet","Wingbeat","RapturousDream"],"picked":"Penitence","floor":18},{"not_picked":["DespairKnight","FairyFestival"],"picked":"UniverseFragment","floor":20},{"not_picked":["Spore","CherryBlossom","Wingbeat","Harvest"],"picked":"RedEyes","floor":20},{"not_picked":["MeatLantern","FairyFestival"],"picked":"PunishingBird","floor":21},{"not_picked":["CUTE+1","Heaven","Noise+1","Loneliness"],"picked":"Mimicry","floor":21},{"not_picked":["Scorched","GalaxyChild"],"picked":"BodiesMountain","floor":23},{"not_picked":["Discord","ScreamingWedge","Harmony","TodaysExpression","RedEyes"],"picked":"SKIP","floor":23},{"not_picked":["Woodsman","PunishingBird"],"picked":"Freischutz","floor":24},{"not_picked":["CUTE","Galaxy","RedEyes+1","Horn+1"],"picked":"Beak","floor":24},{"not_picked":["FairyFestival","Scarecrow"],"picked":"Laetitia","floor":25},{"not_picked":["Wingbeat+1","Adoration","Ecstasy","SomewhereSpear+1"],"picked":"FourthMatchFlame","floor":25},{"not_picked":["Galaxy+1","Noise+1","Regret_ego","WristCuter"],"picked":"Beak","floor":30},{"not_picked":["BeautyBeast","DespairKnight"],"picked":"CENSORED","floor":31},{"not_picked":["RedEyes+1","Soda","Wingbeat+1","Diffraction+1"],"picked":"CENSORED_ego+1","floor":31},{"not_picked":["CENSORED_ego+1","Adoration+1","TheSmile+1","SoundOfStar+1"],"picked":"Pinks+1","floor":33}],"player_experience":259599,"relics_obtained":[{"floor":1,"key":"SynthV:TestCard"},{"floor":1,"key":"LetterFromLob"},{"floor":9,"key":"Question Card"},{"floor":13,"key":"Bottled Tornado"},{"floor":26,"key":"PreservedInsect"},{"floor":31,"key":"Peace Pipe"}],"event_choices":[{"cards_removed":["Horn"],"damage_healed":0,"gold_gain":0,"player_choice":"Purged","damage_taken":0,"max_hp_gain":0,"max_hp_loss":0,"event_name":"Purifier","floor":4,"gold_loss":0},{"cards_removed":["SpecialBullet"],"damage_healed":0,"gold_gain":0,"player_choice":"Card Removal","damage_taken":0,"max_hp_gain":0,"max_hp_loss":0,"event_name":"Wheel of Change","floor":11,"gold_loss":0},{"damage_healed":0,"gold_gain":0,"player_choice":"Obtained Relic","damage_taken":0,"relics_obtained":["ImprovedEquipment"],"max_hp_gain":0,"max_hp_loss":0,"event_name":"Addict","floor":19,"gold_loss":85},{"damage_healed":0,"gold_gain":0,"player_choice":"Opened","damage_taken":0,"relics_obtained":["Toxic Egg 2"],"max_hp_gain":0,"max_hp_loss":0,"event_name":"The Mausoleum","floor":28,"gold_loss":0}],"is_beta":false,"boss_relics":[{"not_picked":["Sozu","FeatherPendant"],"picked":"RhineSuit"},{"not_picked":["Coffee Dripper","Black Star"],"picked":"Busted Crown"}],"items_purged_floors":[22],"is_endless":false,"potions_floor_spawned":[3,13,16,18,25,30,33],"killed_by":"3 Shapes","ascension_level":4}}