{"host":"kk6i5v7sjcm8i50x","time":1612825792,"event":{"mods":["BaseMod","Bestiary","Colored Map","Downfall","Minty Spire (QoL Compilation)","StSLib","The Saiyan"],"gold_per_floor":[99,115,190,190,240,275,275,298,323,323,361,379,392,0,0,0,0,19,40,59,59,84,84,123,123,123,123,141,0,0,14,14,142,142,155,168,168,443,443,443],"floor_reached":39,"language":"ENG","playtime":2204,"items_purged":["Defend_P"],"score":436,"play_id":"5fd04276-668c-4459-a680-6966726ef84d","local_time":"20210208180952","is_ascension_mode":false,"campfire_choices":[{"floor":7,"key":"REST"},{"floor":10,"key":"REST"},{"floor":15,"key":"REST"},{"floor":23,"key":"REST"},{"floor":25,"key":"REST"},{"data":"DevaForm","floor":27,"key":"SMITH"},{"floor":32,"key":"REST"}],"circlet_count":0,"master_deck":["Strike_P+1","Strike_P+1","Eruption+1","Vigilance","LessonLearned","Prostrate","Prostrate+1","Prostrate","ThirdEye","ClearTheMind","Crescendo","FlurryOfBlows","Wireheading","FlurryOfBlows","FollowUp","Ghostly","Ghostly","Ghostly","Ghostly","Ghostly","FlurryOfBlows","DevaForm+1","TalkToTheHand+1","SandsOfTime","Nirvana+1","SignatureMove","Vault","Fasting2+1","Ragnarok","Study+1","Consecrate"],"relics":["PureWater","Golden Idol","Bag of Marbles","HornCleat","Omamori","Potion Belt","Strange Spoon","Calling Bell","Nunchaku","Pear","Lizard Tail","Boot","Frozen Egg 2","Empty Cage"],"acts_visited":["Exordium","TheCity","TheBeyond"],"potions_floor_usage":[6,11,16,16,16,22,36],"damage_taken":[{"damage":10,"enemies":"Cultist","floor":1,"turns":4},{"damage":7,"enemies":"Small Slimes","floor":2,"turns":4},{"damage":36,"enemies":"Lagavulin","floor":6,"turns":8},{"damage":0,"enemies":"Jaw Worm","floor":8,"turns":1},{"damage":29,"enemies":"Gremlin Nob","floor":11,"turns":4},{"damage":16,"enemies":"Exordium Wildlife","floor":12,"turns":4},{"damage":0,"enemies":"Blue Slaver","floor":13,"turns":5},{"damage":19,"enemies":"The Guardian","floor":16,"turns":14},{"damage":12,"enemies":"Chosen","floor":18,"turns":4},{"damage":9,"enemies":"2 Thieves","floor":19,"turns":4},{"damage":35,"enemies":"Centurion and Healer","floor":20,"turns":5},{"damage":24,"enemies":"Shelled Parasite and Fungi","floor":22,"turns":9},{"damage":20,"enemies":"Book of Stabbing","floor":24,"turns":6},{"damage":3,"enemies":"Cultist and Chosen","floor":28,"turns":8},{"damage":2,"enemies":"Snecko","floor":31,"turns":3},{"damage":2,"enemies":"Automaton","floor":33,"turns":9},{"damage":11,"enemies":"3 Shapes","floor":35,"turns":6},{"damage":17,"enemies":"3 Darklings","floor":36,"turns":7},{"damage":22,"enemies":"4 Shapes","floor":39,"turns":3}],"seed_played":"-9202285737925488373","potions_obtained":[{"floor":2,"key":"Ancient Potion"},{"floor":6,"key":"Weak Potion"},{"floor":8,"key":"Dexterity Potion"},{"floor":13,"key":"BottledMiracle"},{"floor":19,"key":"champ:CounterPotion"},{"floor":31,"key":"SmokeBomb"},{"floor":35,"key":"PowerPotion"}],"is_trial":false,"path_per_floor":["M","M","?","?","T","E","R","M","T","R","E","M","M","$","R","B",null,"M","M","M","?","M","R","E","R","T","R","M","$","?","M","R","B",null,"M","M","?","?","M"],"character_chosen":"WATCHER","items_purchased":["FlurryOfBlows","Strange Spoon","Wireheading","Block Potion","SandsOfTime","Nirvana+1"],"campfire_rested":6,"item_purchase_floors":[14,14,14,14,29,29],"current_hp_per_floor":[62,55,44,44,44,8,28,28,28,48,19,3,3,3,23,4,77,65,56,21,21,19,30,10,21,21,21,18,18,18,16,27,25,38,27,10,10,10,0,0],"gold":443,"neow_bonus":"ONE_RANDOM_RARE_CARD","is_daily":false,"chose_seed":false,"campfire_upgraded":1,"win_rate":0.0,"timestamp":1612825792,"path_taken":["M","M","?","?","?","E","R","M","T","R","E","M","M","$","R","BOSS","M","M","M","?","M","R","E","R","T","R","M","$","?","M","R","BOSS","M","M","?","?","?"],"items_purchased_type":["Card","Relic","Card","Potion","Card","Card"],"build_version":"2020-12-22","purchased_purges":1,"victory":false,"max_hp_per_floor":[72,72,72,67,67,67,67,67,67,67,67,67,67,67,67,67,77,77,77,77,38,38,38,38,38,38,38,38,38,38,38,38,38,38,38,38,38,38,38,38],"card_choices":[{"not_picked":["Protect","PathToVictory","Adaptation"],"picked":"SKIP","floor":1},{"not_picked":["CutThroughFate","EmptyFist"],"picked":"Prostrate","floor":2},{"not_picked":["WaveOfTheHand","JustLucky"],"picked":"Prostrate","floor":6},{"not_picked":["EmptyMind","WreathOfFlame"],"picked":"Prostrate","floor":8},{"not_picked":["JustLucky","Nirvana"],"picked":"ThirdEye","floor":11},{"not_picked":["Prostrate","BowlingBash"],"picked":"ClearTheMind","floor":12},{"not_picked":["BowlingBash","EmptyBody"],"picked":"Crescendo","floor":13},{"not_picked":["BowlingBash+1","Collect","Vengeance"],"picked":"SKIP","floor":18},{"not_picked":["ThirdEye","Sanctity"],"picked":"FlurryOfBlows","floor":19},{"not_picked":["Halt","ClearTheMind"],"picked":"FollowUp","floor":20},{"not_picked":["ClearTheMind","InnerPeace"],"picked":"FlurryOfBlows","floor":22},{"not_picked":["Establishment","FollowUp+1"],"picked":"DevaForm","floor":24},{"not_picked":["ThirdEye","Halt"],"picked":"TalkToTheHand+1","floor":28},{"not_picked":["PathToVictory","BowlingBash"],"picked":"Fasting2+1","floor":31},{"not_picked":["Vault","Establishment+1"],"picked":"Ragnarok","floor":33},{"not_picked":["Halt+1","Crescendo"],"picked":"Study+1","floor":35},{"not_picked":["FlurryOfBlows","Sanctity"],"picked":"Consecrate","floor":36}],"player_experience":160661,"relics_obtained":[{"floor":5,"key":"Bag of Marbles"},{"floor":6,"key":"HornCleat"},{"floor":9,"key":"Omamori"},{"floor":11,"key":"Potion Belt"},{"floor":17,"key":"Nunchaku"},{"floor":17,"key":"Pear"},{"floor":17,"key":"Lizard Tail"},{"floor":24,"key":"Boot"},{"floor":26,"key":"Frozen Egg 2"}],"event_choices":[{"damage_healed":0,"gold_gain":75,"player_choice":"Gather Gold","damage_taken":11,"max_hp_gain":0,"max_hp_loss":0,"event_name":"World of Goop","floor":3,"gold_loss":0},{"damage_healed":0,"gold_gain":0,"player_choice":"Lose Max HP","damage_taken":0,"relics_obtained":["Golden Idol"],"max_hp_gain":0,"max_hp_loss":5,"event_name":"Golden Idol","floor":4,"gold_loss":0},{"damage_healed":0,"gold_gain":0,"player_choice":"Became a Ghost","damage_taken":0,"max_hp_gain":0,"max_hp_loss":39,"event_name":"Ghosts","floor":21,"gold_loss":0,"cards_obtained":["Ghostly","Ghostly","Ghostly","Ghostly","Ghostly"]},{"damage_healed":0,"gold_gain":0,"cards_transformed":["Defend_P","Defend_P"],"player_choice":"Became Test Subject","damage_taken":0,"max_hp_gain":0,"max_hp_loss":0,"event_name":"Drug Dealer","floor":30,"gold_loss":0,"cards_obtained":["SignatureMove","Vault"]},{"cards_removed":["Strike_P"],"damage_healed":0,"gold_gain":0,"player_choice":"Removed Attack","damage_taken":0,"max_hp_gain":0,"max_hp_loss":0,"event_name":"Falling","floor":37,"gold_loss":0},{"damage_healed":0,"gold_gain":275,"player_choice":"Desecrate","damage_taken":0,"max_hp_gain":0,"max_hp_loss":0,"event_name":"Golden Shrine","floor":38,"gold_loss":0,"cards_obtained":["Regret"]}],"is_beta":false,"boss_relics":[{"not_picked":["bronze:MakeshiftBattery","Philosopher\u0027s Stone"],"picked":"Calling Bell"},{"not_picked":["Runic Pyramid","Velvet Choker"],"picked":"Empty Cage"}],"items_purged_floors":[14],"is_endless":false,"potions_floor_spawned":[2,6,8,13,19,28,31,35],"killed_by":"4 Shapes","ascension_level":0}}