{"host":"y0i0tbisecj7yjyn","time":1612748582,"event":{"mods":["A Penny For Your Troubles","AlwaysNeverKeys","BaseMod","BetterRewards","Colored Map","Colored Powertips","Curses Come First","Displayed Cursed Tome","Keyboard Shortcuts","Minty Spire (QoL Compilation)","Random Character Button","Rare Cards Sparkle","Relic Sorter","StSLib","SuperFastMode","Transform Curses","Weighted Paths"],"gold_per_floor":[114,74,74,74,74,74,74,108,108,108,140,140,170,188,188,286,286,300,300,319,319,319,319,319],"floor_reached":23,"language":"ENG","playtime":685,"items_purged":[],"score":278,"play_id":"603293f6-be70-41d7-b438-8a8fe7174aa3","local_time":"20210207194302","is_ascension_mode":true,"campfire_choices":[{"data":"Bash","floor":6,"key":"SMITH"},{"data":"Perfected Strike","floor":12,"key":"SMITH"},{"data":"Strike_R","floor":15,"key":"SMITH"}],"circlet_count":0,"master_deck":["Strike_R","Strike_R","Strike_R","Strike_R","Strike_R+1","Defend_R","Defend_R","Defend_R","Defend_R","Bash+1","Anger+1","Perfected Strike+1","CurseOfTheBell","Flex","Decay"],"relics":["Burning Blood","NeowsBlessing","Mercury Hourglass","White Beast Statue","Sundial","Blue Candle","Pen Nib","Unceasing Top","Calling Bell","Smiling Mask","Eternal Feather","Dead Branch","MutagenicStrength","Enchiridion"],"acts_visited":["Exordium","TheCity"],"potions_floor_usage":[13,16,16,16,20,23],"damage_taken":[{"damage":0,"enemies":"Small Slimes","floor":1,"turns":1},{"damage":0,"enemies":"3 Sentries","floor":8,"turns":1},{"damage":0,"enemies":"Gremlin Nob","floor":11,"turns":1},{"damage":9,"enemies":"3 Sentries","floor":13,"turns":4},{"damage":0,"enemies":"Cultist","floor":14,"turns":2},{"damage":43,"enemies":"Hexaghost","floor":16,"turns":7},{"damage":28,"enemies":"Spheric Guardian","floor":18,"turns":4},{"damage":12,"enemies":"3 Byrds","floor":20,"turns":4},{"damage":41,"enemies":"Gremlin Leader","floor":23,"turns":5}],"seed_played":"-8909242434122244034","potions_obtained":[{"floor":2,"key":"SteroidPotion"},{"floor":2,"key":"SneckoOil"},{"floor":2,"key":"Ancient Potion"},{"floor":8,"key":"Block Potion"},{"floor":11,"key":"SteroidPotion"},{"floor":13,"key":"Energy Potion"},{"floor":16,"key":"Energy Potion"},{"floor":18,"key":"FearPotion"},{"floor":20,"key":"SmokeBomb"}],"is_trial":false,"path_per_floor":["M","?","$","?","T","R","?","E","T","$","E","R","E","M","R","B",null,"M","?","M","?","?","E"],"character_chosen":"IRONCLAD","items_purchased":[],"campfire_rested":0,"item_purchase_floors":[],"current_hp_per_floor":[80,80,80,80,80,80,68,74,74,74,80,80,77,80,80,43,80,58,58,52,52,36,0,0],"gold":319,"neow_bonus":"THREE_ENEMY_KILL","is_daily":false,"chose_seed":false,"campfire_upgraded":3,"win_rate":0.0,"timestamp":1612748582,"path_taken":["M","?","?","?","?","R","?","E","T","$","E","R","E","?","R","BOSS","M","?","M","?","?","E"],"items_purchased_type":[],"build_version":"2020-12-22","purchased_purges":0,"victory":false,"max_hp_per_floor":[80,80,80,80,80,80,80,80,80,80,80,80,80,80,80,80,80,80,80,80,80,80,80,80],"card_choices":[{"not_picked":["Headbutt","Havoc"],"picked":"Anger","floor":1},{"not_picked":["Bloodletting","Headbutt"],"picked":"Perfected Strike","floor":8},{"not_picked":["Wild Strike","Heavy Blade","Twin Strike"],"picked":"SKIP","floor":11},{"not_picked":["Reckless Charge","True Grit","Havoc"],"picked":"SKIP","floor":13},{"not_picked":["Armaments","Rampage","Reaper"],"picked":"SKIP","floor":14},{"not_picked":["Cleave","Shrug It Off","Iron Wave"],"picked":"SKIP","floor":18},{"not_picked":["Cleave","Body Slam+1"],"picked":"Flex","floor":20}],"player_experience":391235,"relics_obtained":[{"floor":5,"key":"Mercury Hourglass"},{"floor":8,"key":"Sundial"},{"floor":9,"key":"Blue Candle"},{"floor":11,"key":"Pen Nib"},{"floor":13,"key":"Unceasing Top"},{"floor":17,"key":"Smiling Mask"},{"floor":17,"key":"Eternal Feather"},{"floor":17,"key":"Dead Branch"}],"event_choices":[{"damage_healed":0,"gold_gain":0,"player_choice":"Bought 3 Potions","damage_taken":0,"max_hp_gain":0,"max_hp_loss":0,"event_name":"The Woman in Blue","floor":2,"gold_loss":0},{"damage_healed":0,"gold_gain":0,"player_choice":"Grow","damage_taken":0,"max_hp_gain":0,"max_hp_loss":0,"event_name":"Living Wall","floor":4,"gold_loss":0,"cards_upgraded":["Anger"]},{"damage_healed":0,"gold_gain":0,"player_choice":"Success","damage_taken":12,"relics_obtained":["White Beast Statue"],"max_hp_gain":0,"max_hp_loss":0,"event_name":"Scrap Ooze","floor":7,"gold_loss":0},{"damage_healed":0,"gold_gain":0,"player_choice":"Inject Mutagens","damage_taken":0,"relics_obtained":["MutagenicStrength"],"max_hp_gain":0,"max_hp_loss":0,"event_name":"Drug Dealer","floor":19,"gold_loss":0},{"damage_healed":0,"gold_gain":0,"player_choice":"Smashed Altar","damage_taken":0,"max_hp_gain":0,"max_hp_loss":0,"event_name":"Forgotten Altar","floor":21,"gold_loss":0,"cards_obtained":["Decay"]},{"damage_healed":0,"gold_gain":0,"player_choice":"Obtained Book","damage_taken":16,"max_hp_gain":0,"max_hp_loss":0,"event_name":"Cursed Tome","floor":22,"gold_loss":0}],"is_beta":false,"boss_relics":[{"not_picked":["Pandora\u0027s Box","Cursed Key"],"picked":"Calling Bell"}],"items_purged_floors":[],"is_endless":false,"potions_floor_spawned":[8,11,13,14,16,18,20],"killed_by":"Gremlin Leader","ascension_level":2}}