{"host":"gaqyve1328ta0etl","time":1612776733,"event":{"mods":["BaseMod","Colored Map","Colored Powertips","Duelist Mod","Googly Eyes","Hero for Fun","Minty Spire (QoL Compilation)","Shop Mod","StSLib","SuperFastMode","The Hierophant","The Runesmith"],"gold_per_floor":[109,34,49,66,81,81,81,81,81,96,129,129,29,43,43,43,43],"floor_reached":16,"language":"ENG","playtime":282,"items_purged":["Strike_R","Strike_R"],"score":163,"play_id":"48a1feb8-11ef-4d53-b0a7-e427a34a6ca9","local_time":"20210208013213","is_ascension_mode":true,"campfire_choices":[{"data":"Searing Blow","floor":6,"key":"SMITH"},{"data":"Searing Blow+1","floor":8,"key":"SMITH"},{"floor":15,"key":"REST"}],"circlet_count":0,"master_deck":["AscendersBane","Strike_R","Strike_R+1","Strike_R","Defend_R","Defend_R","Defend_R","Defend_R","Bash","Pommel Strike","Searing Blow+2","Shrug It Off+1"],"relics":["Burning Blood","NeowsBlessing","Shuriken","Pocketwatch"],"acts_visited":["Exordium"],"potions_floor_usage":[10,11,16],"damage_taken":[{"damage":0,"enemies":"Cultist","floor":1,"turns":1},{"damage":0,"enemies":"Jaw Worm","floor":3,"turns":1},{"damage":0,"enemies":"Small Slimes","floor":4,"turns":1},{"damage":28,"enemies":"Exordium Thugs","floor":5,"turns":7},{"damage":0,"enemies":"Exordium Wildlife","floor":10,"turns":3},{"damage":17,"enemies":"Gremlin Nob","floor":11,"turns":4},{"damage":1,"enemies":"Looter","floor":14,"turns":3},{"damage":69,"enemies":"Hexaghost","floor":16,"turns":9}],"seed_played":"2607970886762517732","potions_obtained":[{"floor":5,"key":"LiquidMemories"},{"floor":10,"key":"PowerPotion"},{"floor":11,"key":"SteroidPotion"},{"floor":14,"key":"GamblersBrew"}],"is_trial":false,"path_per_floor":["M","$","M","M","M","R","$","R","T","M","E","?","$","M","R","B"],"character_chosen":"IRONCLAD","items_purchased":[],"campfire_rested":1,"item_purchase_floors":[],"current_hp_per_floor":[78,78,80,80,58,58,58,58,58,64,53,37,37,42,66,0,0],"gold":43,"neow_bonus":"THREE_ENEMY_KILL","is_daily":false,"chose_seed":false,"campfire_upgraded":2,"win_rate":0.0,"timestamp":1612776733,"path_taken":["M","$","M","?","M","R","?","R","T","?","E","?","$","M","R","BOSS"],"items_purchased_type":[],"build_version":"2020-12-22","purchased_purges":2,"victory":false,"max_hp_per_floor":[80,80,80,80,80,80,80,80,80,80,80,80,80,80,80,80,80],"card_choices":[{"not_picked":["Perfected Strike","Sever Soul"],"picked":"Pommel Strike","floor":1},{"not_picked":["True Grit","Warcry"],"picked":"Searing Blow","floor":3},{"not_picked":["Power Through","Perfected Strike"],"picked":"Shrug It Off","floor":4},{"not_picked":["Metallicize","Warcry","Pommel Strike"],"picked":"SKIP","floor":5},{"not_picked":["Flame Barrier","Metallicize","Sword Boomerang"],"picked":"SKIP","floor":10},{"not_picked":["Blood for Blood","Immolate","Heavy Blade"],"picked":"SKIP","floor":11},{"not_picked":["Cleave","Rampage","Twin Strike"],"picked":"SKIP","floor":14}],"player_experience":2105799,"relics_obtained":[{"floor":9,"key":"Shuriken"},{"floor":11,"key":"Pocketwatch"}],"event_choices":[{"damage_healed":0,"gold_gain":0,"player_choice":"Entered Light","damage_taken":16,"max_hp_gain":0,"max_hp_loss":0,"event_name":"Shining Light","floor":12,"gold_loss":0,"cards_upgraded":["Shrug It Off","Strike_R"]}],"is_beta":false,"boss_relics":[],"items_purged_floors":[2,13],"is_endless":false,"potions_floor_spawned":[5,10,11,14],"killed_by":"Hexaghost","ascension_level":12}}