{"host":"coat6gkfrd6s61c3","time":1612783469,"event":{"mods":["100% Spire Juice","2.2 Compatiblity","AchievementEnabler","Act Like it!","Aspiration","Bard","BaseMod","Beaked The Cultist","Better Third Choice","Bossed Relics","Colored Powertips","Conspire","Friendly Minions","Gremlin Mod","Halation","Hermit","Hubris","Hunter ??","Infinite Spire","Mad Scientist","Marisa????????","Marked Mod","Melee Mod","Minty Spire (QoL Compilation)","Pikachu Mod","Relic Stats","Reliquary","Replay The Spire","Robot Space Explorer","Shade Mod","Shop Mod","Smile Girya","SpireExporter+","StS++","StSLib","The Blackbeard","The Blue Laboratory","The Bug Knight","The Construct","The Cursed","The Disciple","The Hayseed","The Marked","The Mystic","The Sage","The Saiyan","The Servant 0.9.4","The Wild Card","The Witch","Yuri Mod","everything is the same but u backflip on backflip","slay the spire mod where everything is the same but ironclad has a cowboy hat","thorton"],"gold_per_floor":[112,123,123,136,211,211,34,51,99,119,147,14,48,58,58,157,157,177,195,395,4,27,27,42,42,69,86,86,86,86,105,105,206,206,221,246,246,263,263,293,303,328,328,347,68,115,0,50,51,52],"floor_reached":51,"language":"ENG","playtime":3508,"items_purged":[],"score":860,"play_id":"155cb008-6bab-4ba7-8fed-55e2b32908a1","local_time":"20210208215429","is_ascension_mode":false,"campfire_choices":[{"data":"Gremlin:Pinprick","floor":6,"key":"SMITH"},{"data":"Gremlin:GremlinDance","floor":15,"key":"SMITH"},{"data":"Gremlin:TagTeam","floor":23,"key":"SMITH"},{"data":"Gremlin:CounterStrike","floor":25,"key":"SMITH"},{"floor":28,"key":"REST"},{"floor":30,"key":"REST"},{"data":"Gremlin:Polish","floor":32,"key":"SMITH"}],"circlet_count":0,"master_deck":["Gremlin:Strike","Gremlin:Strike","Gremlin:Strike","Gremlin:Defend","Gremlin:Defend","Gremlin:Defend","Gremlin:Defend","Gremlin:TagTeam+1","Gremlin:GremlinDance+1","Gremlin:Pinprick+1","Gremlin:Pickpocket","Gremlin:Pretaliation","Gremlin:CounterStrike+1","Gremlin:Changeo","Gremlin:ToeStub","Gremlin:GlitterGuard","Gremlin:Patsy","Gremlin:Changeo+1","Gremlin:Presto","Deep Breath+1","Gremlin:Stupend","Gremlin:Tadah+1","Gremlin:TargetWeakness","Gremlin:Patsy+1","Gremlin:GremlinArms+1","Trip+1","Gremlin:Presto","Gremlin:DaggerDance","Gremlin:Polish+1","Gremlin:SecondVolley","Gremlin:Irritability+1","ReplayTheSpireMod:Private Reserves+1","Gremlin:GremlinArms+1","Gremlin:GremlinMeal+1","Pot Of Greed+1","Pot Of Greed+1","Pot Of Greed+1","Gremlin:PourSalt+1","Gremlin:Tadah+1","Pot Of Greed+1","Gremlin:Whiz+1"],"relics":["Gremlin:GremlinKnob","PreservedInsect","Toxic Egg 2","Replay:Rubber Ducky","Busted Crown","Incense Burner","reliquary:PorcupineQuills","MealTicket","hubris:ScarierMask","Happy Flower","Blue Candle","infinitespire:Satchel","Grinning Jar","thethorton:BankDeed","Letter Opener","CatCart","Red Mask","Mango"],"acts_visited":["Exordium","TheCity","TheBeyond"],"potions_floor_usage":[10,11,16,16,33,40,46,46,50],"damage_taken":[{"damage":3,"enemies":"Small Slimes","floor":1,"turns":3},{"damage":0,"enemies":"Cultist","floor":2,"turns":4},{"damage":2,"enemies":"Jaw Worm","floor":4,"turns":5},{"damage":0,"enemies":"Lots of Slimes","floor":8,"turns":2},{"damage":4,"enemies":"Red Slaver","floor":10,"turns":2},{"damage":1,"enemies":"Gremlin Nob","floor":11,"turns":3},{"damage":0,"enemies":"3 Sentries","floor":13,"turns":4},{"damage":4,"enemies":"2 Fungi Beasts","floor":14,"turns":3},{"damage":12,"enemies":"Slime Boss","floor":16,"turns":8},{"damage":0,"enemies":"3 Byrds","floor":18,"turns":4},{"damage":10,"enemies":"Shell Parasite","floor":19,"turns":5},{"damage":30,"enemies":"Snecko","floor":24,"turns":6},{"damage":4,"enemies":"Snake Plant","floor":27,"turns":5},{"damage":0,"enemies":"Centurion and Healer","floor":31,"turns":5},{"damage":14,"enemies":"Collector","floor":33,"turns":14},{"damage":17,"enemies":"Orb Walker","floor":35,"turns":4},{"damage":0,"enemies":"3 Darklings","floor":38,"turns":4},{"damage":0,"enemies":"Nemesis","floor":40,"turns":9},{"damage":10,"enemies":"Jaw Worm Horde","floor":41,"turns":3},{"damage":0,"enemies":"Sphere and 2 Shapes","floor":44,"turns":3},{"damage":16,"enemies":"Orin","floor":46,"turns":5},{"damage":0,"enemies":"Mind Bloom Boss Battle","floor":48,"turns":5},{"damage":82,"enemies":"Time Eater","floor":50,"turns":8}],"seed_played":"1905591969314633696","potions_obtained":[{"floor":4,"key":"FearPotion"},{"floor":8,"key":"ColorlessPotion"},{"floor":10,"key":"LiquidMemories"},{"floor":13,"key":"Death Potion"},{"floor":16,"key":"blueLaboratory:StoneskinPotion"},{"floor":18,"key":"Elixir"},{"floor":24,"key":"blueLaboratory:PyrophylliteBrew"},{"floor":35,"key":"blueLaboratory:FrostheartPotion"},{"floor":41,"key":"blueLaboratory:SavagePotion"},{"floor":46,"key":"Reflective Coating"}],"is_trial":false,"path_per_floor":["M","M","?","M","?","R","$","M","T","M","E","$","E","M","R","B",null,"M","M","?","$","T","R","M","R","T","M","R","?","R","M","R","B",null,"M","T","?","M","?","E","M","T","T","M","$","?","?","?","R","B",null],"character_chosen":"GREMLIN","items_purchased":["Gremlin:CounterStrike","Gremlin:Changeo","Gremlin:ToeStub","Gremlin:Presto","Deep Breath+1","Trip+1","Incense Burner","Letter Opener","Gremlin:Tadah+1"],"campfire_rested":2,"item_purchase_floors":[7,7,7,12,12,21,21,45,45],"current_hp_per_floor":[21,21,21,21,19,19,19,17,17,13,20,20,19,20,20,8,21,21,21,21,21,21,21,12,12,12,5,11,11,17,21,21,14,21,4,4,3,20,20,20,20,20,20,3,18,20,20,21,21,19],"gold":53,"neow_bonus":"TEN_PERCENT_HP_BONUS","is_daily":false,"chose_seed":false,"campfire_upgraded":5,"win_rate":0.0,"timestamp":1612783469,"path_taken":["M","M","?","?","?","R","$","?","T","M","E","?","E","M","R","BOSS","M","M","?","$","?","R","?","R","T","M","R","?","R","M","R","BOSS","M","?","?","?","?","E","?","?","T","M","$","?","?","?","R","BOSS"],"items_purchased_type":["Card","Card","Card","Card","Card","Card","Relic","Relic","Card"],"build_version":"2020-12-22","purchased_purges":0,"victory":true,"max_hp_per_floor":[21,21,21,21,21,21,21,21,21,21,21,21,21,21,21,21,21,21,21,21,21,21,21,21,21,21,21,21,21,21,21,21,21,21,21,21,21,21,21,21,21,21,21,21,21,21,21,24,23,23],"relic_stats":{"Busted Crown":42,"Happy Flower":[12],"counters":[23,114],"Blue Candle":[0],"MealTicket":15,"PreservedInsect":116,"Letter Opener":[121],"obtain_stats":[{"Happy Flower":36,"Blue Candle":39,"Mango":48,"PreservedInsect":9,"Incense Burner":21,"Letter Opener":45,"Replay:Rubber Ducky":13,"Busted Crown":17,"reliquary:PorcupineQuills":22,"Gremlin:GremlinKnob":0,"hubris:ScarierMask":34,"infinitespire:Satchel":40,"MealTicket":26,"Red Mask":47,"Toxic Egg 2":11,"Grinning Jar":42,"thethorton:BankDeed":43,"CatCart":46},{"Happy Flower":16,"Blue Candle":17,"Mango":22,"PreservedInsect":4,"Incense Burner":11,"Letter Opener":20,"Replay:Rubber Ducky":7,"Busted Crown":9,"reliquary:PorcupineQuills":11,"Gremlin:GremlinKnob":0,"hubris:ScarierMask":15,"infinitespire:Satchel":18,"MealTicket":12,"Red Mask":21,"Toxic Egg 2":6,"Grinning Jar":19,"thethorton:BankDeed":19,"CatCart":21},{"Happy Flower":77,"Blue Candle":81,"Mango":106,"PreservedInsect":14,"Incense Burner":43,"Letter Opener":96,"Replay:Rubber Ducky":23,"Busted Crown":34,"reliquary:PorcupineQuills":43,"Gremlin:GremlinKnob":0,"hubris:ScarierMask":73,"infinitespire:Satchel":90,"MealTicket":49,"Red Mask":101,"Toxic Egg 2":19,"Grinning Jar":93,"thethorton:BankDeed":93,"CatCart":101}]},"card_choices":[{"not_picked":["Gremlin:Irritability","Gremlin:Stupend"],"picked":"Gremlin:Pinprick","floor":1},{"not_picked":["Gremlin:RageBreak","Gremlin:Irritability"],"picked":"Gremlin:Pickpocket","floor":2},{"not_picked":["Gremlin:Tadah","Gremlin:DaggerDance"],"picked":"Gremlin:Pretaliation","floor":4},{"not_picked":["Gremlin:Enthusiasm","Gremlin:Patsy"],"picked":"Gremlin:GlitterGuard","floor":8},{"not_picked":["Gremlin:CatScratch","Gremlin:CounterStrike"],"picked":"Gremlin:Patsy","floor":10},{"not_picked":["Gremlin:TargetWeakness","Gremlin:Irritability+1"],"picked":"Gremlin:Changeo+1","floor":11},{"not_picked":["Gremlin:ArmsTheft+1","Gremlin:FanOfKnives"],"picked":"Gremlin:Stupend","floor":13},{"not_picked":["Gremlin:Flurry","Gremlin:Patsy+1"],"picked":"Gremlin:Tadah+1","floor":14},{"not_picked":["Gremlin:Fury","Gremlin:Unforgiving"],"picked":"Gremlin:TargetWeakness","floor":16},{"not_picked":[],"picked":"Gremlin:Patsy+1","floor":18},{"not_picked":[],"picked":"Gremlin:GremlinArms+1","floor":19},{"not_picked":[],"picked":"Gremlin:Presto","floor":24},{"not_picked":[],"picked":"Gremlin:DaggerDance","floor":27},{"not_picked":["Gremlin:CounterStrike"],"picked":"SKIP","floor":31},{"not_picked":[],"picked":"Gremlin:SecondVolley","floor":33},{"not_picked":[],"picked":"Gremlin:Irritability+1","floor":35},{"not_picked":[],"picked":"ReplayTheSpireMod:Private Reserves+1","floor":37},{"not_picked":["Gremlin:ToeStub"],"picked":"SKIP","floor":38},{"not_picked":[],"picked":"Gremlin:GremlinArms+1","floor":40},{"not_picked":[],"picked":"Gremlin:GremlinMeal+1","floor":41},{"not_picked":[],"picked":"Gremlin:PourSalt+1","floor":44},{"not_picked":[],"picked":"Gremlin:Whiz+1","floor":46}],"player_experience":813479,"relics_obtained":[{"floor":9,"key":"PreservedInsect"},{"floor":11,"key":"Toxic Egg 2"},{"floor":13,"key":"Replay:Rubber Ducky"},{"floor":22,"key":"reliquary:PorcupineQuills"},{"floor":26,"key":"MealTicket"},{"floor":36,"key":"Happy Flower"},{"floor":40,"key":"infinitespire:Satchel"},{"floor":42,"key":"Grinning Jar"},{"floor":43,"key":"thethorton:BankDeed"},{"floor":46,"key":"CatCart"},{"floor":48,"key":"Mango"}],"event_choices":[{"cards_removed":["Gremlin:Strike"],"damage_healed":0,"gold_gain":0,"player_choice":"Card Removal","damage_taken":0,"max_hp_gain":0,"max_hp_loss":0,"event_name":"Wheel of Change","floor":3,"gold_loss":0},{"damage_healed":0,"gold_gain":75,"player_choice":"Touch","damage_taken":2,"max_hp_gain":0,"max_hp_loss":0,"event_name":"FaceTrader","floor":5,"gold_loss":0},{"damage_healed":0,"gold_gain":200,"player_choice":"Gold","damage_taken":0,"max_hp_gain":0,"max_hp_loss":0,"event_name":"Wheel of Change","floor":20,"gold_loss":0},{"damage_healed":0,"gold_gain":0,"player_choice":"Read","damage_taken":0,"max_hp_gain":0,"max_hp_loss":0,"event_name":"The Library","floor":29,"gold_loss":0,"cards_obtained":["Gremlin:Polish"]},{"damage_healed":0,"gold_gain":0,"player_choice":"Memory 2","damage_taken":5,"max_hp_gain":0,"max_hp_loss":0,"event_name":"SensoryStone","floor":37,"gold_loss":0},{"damage_healed":0,"gold_gain":0,"player_choice":"Gave Potion","damage_taken":0,"relics_obtained":["Blue Candle"],"max_hp_gain":0,"max_hp_loss":0,"event_name":"WeMeetAgain","floor":39,"gold_loss":0},{"damage_healed":0,"gold_gain":0,"player_choice":"Fight","damage_taken":0,"max_hp_gain":0,"max_hp_loss":0,"event_name":"OrinTheCat","floor":46,"gold_loss":0},{"damage_healed":0,"gold_gain":0,"player_choice":"Paid","damage_taken":0,"relics_obtained":["Red Mask"],"max_hp_gain":0,"max_hp_loss":0,"event_name":"Tomb of Lord Red Mask","floor":47,"gold_loss":117},{"damage_healed":0,"gold_gain":0,"player_choice":"Fight","damage_taken":0,"max_hp_gain":0,"max_hp_loss":0,"event_name":"MindBloom","floor":48,"gold_loss":0}],"is_beta":false,"boss_relics":[{"not_picked":["Replay:Ancient Bell","infinitespire:Cupcake"],"picked":"Busted Crown"},{"not_picked":["aspiration:BardSkillbook","Tiny House"],"picked":"hubris:ScarierMask"}],"items_purged_floors":[],"is_endless":false,"potions_floor_spawned":[4,8,10,13,16,18,24,35,41,46],"ascension_level":0}}