{"host":"m7jrdcbl89w2s34c","time":1612825674,"event":{"mods":["AchievementEnabler","BaseMod","Bestiary","Block Reminder","Colored Map","Colored Powertips","Minty Spire (QoL Compilation)","Permanent Neow","Relic Stats","StSLib"],"gold_per_floor":[119,136,136,159,30,30,30,68,91,116,141,175,175,227,227,331,331,359,116,149,158,58,58,102,135,162,162,195,195,1,41,41,140,140,168,177,477,33,58,106,106,115,115,142,177,211,239,289,289,289],"floor_reached":51,"language":"ENG","playtime":3699,"items_purged":["Injury","Pain","Strike_B"],"score":1578,"play_id":"4565f6c0-f94f-45cf-957a-5dfccfa5184a","local_time":"20210209000754","is_ascension_mode":true,"campfire_choices":[{"data":"Defragment","floor":6.0,"key":"SMITH"},{"floor":13.0,"key":"REST"},{"data":"Coolheaded","floor":15.0,"key":"SMITH"},{"data":"Biased Cognition","floor":23.0,"key":"SMITH"},{"data":"Loop","floor":27.0,"key":"SMITH"},{"data":"Defragment","floor":32.0,"key":"SMITH"},{"data":"Capacitor","floor":41,"key":"SMITH"},{"data":"Loop","floor":49,"key":"SMITH"}],"circlet_count":0,"master_deck":["AscendersBane","Strike_B","Strike_B","Defend_B","Defend_B","Defend_B","Defend_B","Zap+1","Dualcast","Hologram","Compile Driver","Reinforced Body","Defragment+1","Ball Lightning","Coolheaded+1","Turbo","Conserve Battery","Conserve Battery","Auto Shields","Biased Cognition+1","Cold Snap","Loop+1","Steam","Self Repair","Defragment+1","White Noise+1","Glacier","Defragment+1","Capacitor+1","Creative AI","Compile Driver","Loop+1","Beam Cell+1","Chill","Defragment+1","Recycle+1","Compile Driver+1","Sweeping Beam","Reinforced Body"],"relics":["Cracked Core","Golden Idol","Orichalcum","CeramicFish","Art of War","Runic Pyramid","DataDisk","WarpedTongs","Anchor","Tiny Chest","Strawberry","Meat on the Bone","Philosopher\u0027s Stone","Old Coin","Medical Kit","Blood Vial","Darkstone Periapt","Sundial","Mercury Hourglass","Incense Burner"],"acts_visited":["Exordium","TheCity","TheBeyond"],"potions_floor_usage":[44,48,50,50],"damage_taken":[{"damage":2.0,"enemies":"Jaw Worm","floor":1.0,"turns":6.0},{"damage":11.0,"enemies":"Small Slimes","floor":2.0,"turns":4.0},{"damage":4.0,"enemies":"2 Louse","floor":4.0,"turns":3.0},{"damage":30.0,"enemies":"3 Sentries","floor":8.0,"turns":7.0},{"damage":5.0,"enemies":"Red Slaver","floor":10.0,"turns":3.0},{"damage":0.0,"enemies":"2 Fungi Beasts","floor":11.0,"turns":3.0},{"damage":0.0,"enemies":"Exordium Thugs","floor":12.0,"turns":4.0},{"damage":10.0,"enemies":"Lagavulin","floor":14.0,"turns":6.0},{"damage":0.0,"enemies":"Hexaghost","floor":16.0,"turns":9.0},{"damage":11.0,"enemies":"Spheric Guardian","floor":18.0,"turns":4.0},{"damage":2.0,"enemies":"Chosen","floor":20.0,"turns":5.0},{"damage":17.0,"enemies":"Book of Stabbing","floor":24.0,"turns":7.0},{"damage":2.0,"enemies":"Snecko","floor":25.0,"turns":4.0},{"damage":6.0,"enemies":"Snake Plant","floor":28.0,"turns":3.0},{"damage":7.0,"enemies":"Gremlin Leader","floor":31.0,"turns":9.0},{"damage":3.0,"enemies":"Collector","floor":33.0,"turns":10.0},{"damage":0.0,"enemies":"3 Shapes","floor":35.0,"turns":6.0},{"damage":0,"enemies":"3 Darklings","floor":39,"turns":2},{"damage":5,"enemies":"Nemesis","floor":40,"turns":9},{"damage":11,"enemies":"Transient","floor":44,"turns":5},{"damage":0,"enemies":"Giant Head","floor":45,"turns":10},{"damage":0,"enemies":"Jaw Worm Horde","floor":46,"turns":7},{"damage":0,"enemies":"Maw","floor":47,"turns":6},{"damage":2,"enemies":"Reptomancer","floor":48,"turns":6},{"damage":5,"enemies":"Donu and Deca","floor":50,"turns":9}],"seed_played":"-4611888142972541900","potions_obtained":[{"floor":2.0,"key":"Energy Potion"},{"floor":10.0,"key":"Energy Potion"},{"floor":12.0,"key":"FocusPotion"},{"floor":14.0,"key":"LiquidBronze"},{"floor":18.0,"key":"DistilledChaos"},{"floor":25.0,"key":"CultistPotion"},{"floor":39,"key":"Swift Potion"},{"floor":44,"key":"SkillPotion"},{"floor":47,"key":"PotionOfCapacity"},{"floor":48,"key":"EssenceOfDarkness"}],"is_trial":false,"path_per_floor":["M","M","?","M","$","R","?","E","T","M","M","M","R","E","R","B",null,"M","$","M","?","$","R","E","M","T","R","M","?","$","E","R","B",null,"M","?","T","$","M","E","R","?","T","M","E","M","M","E","R","B",null],"character_chosen":"DEFECT","items_purchased":["Ball Lightning","DataDisk","Loop","Steam","Defragment","Strawberry","Medical Kit","Blood Vial"],"campfire_rested":1,"item_purchase_floors":[5,19,19,19,30,30,38,38],"current_hp_per_floor":[62,51,51,47,47,47,47,17,17,12,12,12,33,23,23,23,59,48,48,46,46,46,46,36,41,41,41,42,42,49,49,49,53,72,78,78,78,78,78,78,78,78,78,74,78,78,78,78,78,78],"gold":289,"neow_bonus":"THREE_CARDS","is_daily":false,"chose_seed":false,"campfire_upgraded":7,"win_rate":0.0,"timestamp":1612825674,"path_taken":["M","M","?","M","$","R","?","E","T","M","M","M","R","E","R","BOSS","M","$","M","?","$","R","E","M","T","R","?","?","$","E","R","BOSS","M","?","?","$","M","E","R","?","T","M","E","?","M","E","R","BOSS"],"items_purchased_type":["Card","Relic","Card","Card","Card","Relic","Relic","Relic"],"build_version":"2020-12-22","purchased_purges":3,"victory":true,"max_hp_per_floor":[71,71,71,71,71,71,71,71,71,71,71,71,71,71,71,71,71,71,71,71,71,71,71,71,71,71,71,71,71,78,78,78,78,78,78,78,78,78,78,78,78,78,78,78,78,78,78,78,78,78],"relic_stats":{"Darkstone Periapt":0,"counters":[25,145],"Golden Idol":165,"CeramicFish":225,"Orichalcum":[114],"Medical Kit":[1],"WarpedTongs":[91],"Mercury Hourglass":[90],"Blood Vial":2,"Sundial":[0],"Tiny Chest":1,"Art of War":[29],"obtain_stats":[{"Darkstone Periapt":40,"Golden Idol":3,"CeramicFish":9,"Incense Burner":48,"Orichalcum":8,"Medical Kit":38,"WarpedTongs":21,"Old Coin":37,"Mercury Hourglass":45,"Blood Vial":38,"DataDisk":19,"Anchor":24,"Sundial":43,"Strawberry":30,"Tiny Chest":26,"Philosopher\u0027s Stone":34,"Art of War":14,"Cracked Core":0,"Runic Pyramid":17,"Meat on the Bone":31},{"Darkstone Periapt":19,"Golden Idol":2,"CeramicFish":4,"Incense Burner":24,"Orichalcum":4,"Medical Kit":17,"WarpedTongs":11,"Old Coin":17,"Mercury Hourglass":21,"Blood Vial":17,"DataDisk":10,"Anchor":12,"Sundial":19,"Strawberry":14,"Tiny Chest":13,"Philosopher\u0027s Stone":16,"Art of War":8,"Cracked Core":0,"Runic Pyramid":9,"Meat on the Bone":15},{"Darkstone Periapt":104,"Golden Idol":10,"CeramicFish":20,"Incense Burner":136,"Orichalcum":20,"Medical Kit":93,"WarpedTongs":54,"Old Coin":93,"Mercury Hourglass":118,"Blood Vial":93,"DataDisk":49,"Anchor":61,"Sundial":104,"Strawberry":68,"Tiny Chest":65,"Philosopher\u0027s Stone":87,"Art of War":36,"Cracked Core":0,"Runic Pyramid":45,"Meat on the Bone":77}],"Meat on the Bone":0},"card_choices":[{"not_picked":["Aggregate","Barrage"],"picked":"Hologram","floor":0.0},{"not_picked":["Beam Cell","Steam"],"picked":"Compile Driver","floor":1.0},{"not_picked":["Hologram","Sweeping Beam"],"picked":"Reinforced Body","floor":2.0},{"not_picked":["Streamline","Gash"],"picked":"Defragment","floor":4.0},{"not_picked":["Go for the Eyes","Stack"],"picked":"Coolheaded","floor":8.0},{"not_picked":["Doom and Gloom","Ball Lightning"],"picked":"Turbo","floor":10.0},{"not_picked":["Amplify","Steam Power"],"picked":"Conserve Battery","floor":11.0},{"not_picked":["Recycle","Stack"],"picked":"Conserve Battery","floor":12.0},{"not_picked":["Fusion","Steam"],"picked":"Auto Shields","floor":14.0},{"not_picked":["Buffer","Meteor Strike"],"picked":"Biased Cognition","floor":16.0},{"not_picked":["Rebound","Redo"],"picked":"Cold Snap","floor":18.0},{"not_picked":["Streamline+1","Rebound"],"picked":"Self Repair","floor":20.0},{"not_picked":["Sweeping Beam","Fusion"],"picked":"Defragment+1","floor":24.0},{"not_picked":["Hologram","Undo"],"picked":"White Noise+1","floor":25.0},{"not_picked":["Coolheaded","Steam"],"picked":"Glacier","floor":28.0},{"not_picked":["Force Field+1","Ball Lightning"],"picked":"Capacitor","floor":31.0},{"not_picked":["Fission","Biased Cognition"],"picked":"Creative AI","floor":33.0},{"not_picked":["Ball Lightning","Rebound"],"picked":"Compile Driver","floor":35.0},{"not_picked":["Gash","Coolheaded"],"picked":"Beam Cell+1","floor":39},{"not_picked":["Sunder","Turbo"],"picked":"Chill","floor":40},{"not_picked":["Turbo","Beam Cell"],"picked":"Recycle+1","floor":44},{"not_picked":["Machine Learning","Tempest","Scrape"],"picked":"SKIP","floor":45},{"not_picked":["Conserve Battery","Redo+1"],"picked":"Compile Driver+1","floor":46},{"not_picked":["Gash+1","Ball Lightning+1"],"picked":"Sweeping Beam","floor":47},{"not_picked":["Heatsinks","Cold Snap"],"picked":"Reinforced Body","floor":48}],"player_experience":264478,"relics_obtained":[{"floor":8.0,"key":"Orichalcum"},{"floor":9.0,"key":"CeramicFish"},{"floor":14.0,"key":"Art of War"},{"floor":24.0,"key":"Anchor"},{"floor":26.0,"key":"Tiny Chest"},{"floor":31.0,"key":"Meat on the Bone"},{"floor":37.0,"key":"Old Coin"},{"floor":40,"key":"Darkstone Periapt"},{"floor":43,"key":"Sundial"},{"floor":45,"key":"Mercury Hourglass"},{"floor":48,"key":"Incense Burner"}],"event_choices":[{"damage_healed":0.0,"max_hp_gain":0.0,"max_hp_loss":0.0,"gold_gain":0.0,"event_name":"Golden Idol","player_choice":"Take Wound","floor":3.0,"gold_loss":0.0,"damage_taken":0.0,"relics_obtained":["Golden Idol"],"cards_obtained":["Injury"]},{"damage_healed":0.0,"max_hp_gain":0.0,"max_hp_loss":0.0,"gold_gain":0.0,"event_name":"Living Wall","player_choice":"Grow","floor":7.0,"gold_loss":0.0,"damage_taken":0.0,"cards_upgraded":["Zap"]},{"damage_healed":0.0,"max_hp_gain":0.0,"max_hp_loss":0.0,"gold_gain":0.0,"event_name":"Accursed Blacksmith","player_choice":"Rummage","floor":21.0,"gold_loss":0.0,"damage_taken":0.0,"relics_obtained":["WarpedTongs"],"cards_obtained":["Pain"]},{"cards_removed":["Strike_B"],"damage_healed":0.0,"max_hp_gain":0.0,"max_hp_loss":0.0,"gold_gain":0.0,"event_name":"Purifier","player_choice":"Purged","floor":29.0,"gold_loss":0.0,"damage_taken":0.0},{"damage_healed":0.0,"max_hp_gain":0.0,"max_hp_loss":0.0,"gold_gain":0.0,"event_name":"Match and Keep!","player_choice":"1 cards matched","floor":36.0,"gold_loss":0.0,"damage_taken":0.0,"cards_obtained":["Loop"]},{"damage_healed":0,"gold_gain":0,"player_choice":"Copied","damage_taken":0,"max_hp_gain":0,"max_hp_loss":0,"event_name":"Duplicator","floor":42,"gold_loss":0,"cards_obtained":["Defragment"]}],"is_beta":false,"boss_relics":[{"not_picked":["SacredBark","Astrolabe"],"picked":"Runic Pyramid"},{"not_picked":["Snecko Eye","Pandora\u0027s Box"],"picked":"Philosopher\u0027s Stone"}],"items_purged_floors":[5,22,38],"is_endless":false,"potions_floor_spawned":[2,10,12,14,18,25,39,44,46,47,48],"ascension_level":16}}