{"host":"qgrlfjrqk9z96gfi","time":1612753857,"event":{"mods":["BaseMod","Block Reminder","Colored Map","Custom Start","DeckTracker","Minty Spire (QoL Compilation)"],"gold_per_floor":[111,386,398,418,418,418,451,469,547,201,201,201,201,213,213,292,292,314,18,18,18],"floor_reached":20,"language":"ENG","playtime":483,"items_purged":["Strike_G"],"score":344,"play_id":"0832dd52-466e-47c0-a5fb-fc486a681001","local_time":"20210207171057","is_ascension_mode":true,"campfire_choices":[{"data":"Footwork","floor":6.0,"key":"SMITH"},{"floor":12.0,"key":"REST"},{"floor":15.0,"key":"REST"}],"circlet_count":0,"master_deck":["AscendersBane","Strike_G","Strike_G","Strike_G","Strike_G","Defend_G","Defend_G","Defend_G","Defend_G","Defend_G","Survivor","Neutralize","Poisoned Stab","Underhanded Strike","Footwork+1","Dash","Terror","Apotheosis+1","Backflip+1","Acrobatics+1","Outmaneuver+1","Tools of the Trade","CurseOfTheBell","Dagger Spray","Terror+1"],"relics":["Ring of the Snake","NeowsBlessing","Ginger","Toxic Egg 2","Bottled Tornado","Torii","Calling Bell","CeramicFish","Mummified Hand","TungstenRod","Eternal Feather"],"acts_visited":["Exordium","TheCity"],"potions_floor_usage":[16,16],"damage_taken":[{"damage":0.0,"enemies":"Jaw Worm","floor":1.0,"turns":1.0},{"damage":0.0,"enemies":"Cultist","floor":3.0,"turns":1.0},{"damage":0.0,"enemies":"2 Louse","floor":4.0,"turns":1.0},{"damage":52.0,"enemies":"Gremlin Nob","floor":7.0,"turns":6.0},{"damage":14.0,"enemies":"Red Slaver","floor":8.0,"turns":4.0},{"damage":0.0,"enemies":"Exordium Wildlife","floor":14.0,"turns":5.0},{"damage":2,"enemies":"The Guardian","floor":16,"turns":9},{"damage":29,"enemies":"3 Byrds","floor":18,"turns":7},{"damage":36,"enemies":"Masked Bandits","floor":20,"turns":3}],"seed_played":"1054487975343558783","potions_obtained":[{"floor":3.0,"key":"Regen Potion"},{"floor":8.0,"key":"Energy Potion"},{"floor":14.0,"key":"SteroidPotion"},{"floor":18,"key":"CultistPotion"}],"is_trial":false,"path_per_floor":["M","?","M","M","?","R","E","M","T","$","T","R","T","M","R","B",null,"M","$","?"],"character_chosen":"THE_SILENT","items_purchased":["Apotheosis+1","Backflip+1","Acrobatics+1","Eternal Feather","Terror+1"],"campfire_rested":2,"item_purchase_floors":[10,10,10,19,19],"current_hp_per_floor":[59,59,59,59,59,59,19,5,5,5,5,24,24,24,43,41,60,31,31,0,0],"gold":18,"neow_bonus":"THREE_ENEMY_KILL","is_daily":false,"chose_seed":false,"campfire_upgraded":1,"win_rate":0.0,"timestamp":1612753857,"path_taken":["M","?","?","M","?","R","E","M","T","$","?","R","?","M","R","BOSS","M","$","?"],"items_purchased_type":["Card","Card","Card","Relic","Card"],"build_version":"2020-12-22","purchased_purges":1,"victory":false,"max_hp_per_floor":[66,66,66,66,66,66,66,66,66,66,66,66,66,66,66,66,66,66,66,66,66],"card_choices":[{"not_picked":["Slice","Deflect"],"picked":"Poisoned Stab","floor":1.0},{"not_picked":["Deflect","Dodge and Roll"],"picked":"Underhanded Strike","floor":3.0},{"not_picked":["Flying Knee","Tactician"],"picked":"Footwork","floor":4.0},{"not_picked":["Cloak And Dagger","PiercingWail"],"picked":"Dash","floor":7.0},{"not_picked":["Expertise","Prepared"],"picked":"Terror","floor":8.0},{"not_picked":["Prepared+1","Bane"],"picked":"Outmaneuver+1","floor":14.0},{"not_picked":["Malaise+1","Night Terror+1"],"picked":"Tools of the Trade","floor":16},{"not_picked":["Flying Knee","Sucker Punch"],"picked":"Dagger Spray","floor":18}],"player_experience":1122386,"relics_obtained":[{"floor":7.0,"key":"Ginger"},{"floor":9.0,"key":"Toxic Egg 2"},{"floor":11.0,"key":"Bottled Tornado"},{"floor":13.0,"key":"Torii"},{"floor":17,"key":"CeramicFish"},{"floor":17,"key":"Mummified Hand"},{"floor":17,"key":"TungstenRod"}],"event_choices":[{"damage_healed":0.0,"max_hp_gain":0.0,"max_hp_loss":0.0,"gold_gain":275.0,"event_name":"Golden Shrine","player_choice":"Desecrate","floor":2.0,"gold_loss":0.0,"damage_taken":0.0,"cards_obtained":["Regret"]},{"cards_removed":["Regret"],"damage_healed":0.0,"max_hp_gain":0.0,"max_hp_loss":0.0,"gold_gain":0.0,"event_name":"Fountain of Cleansing","player_choice":"Removed Curses","floor":5.0,"gold_loss":0.0,"damage_taken":0.0},{"damage_healed":0,"gold_gain":0,"player_choice":"Fought Bandits","damage_taken":0,"max_hp_gain":0,"max_hp_loss":0,"event_name":"Masked Bandits","floor":20,"gold_loss":0}],"is_beta":false,"boss_relics":[{"not_picked":["Empty Cage","Busted Crown"],"picked":"Calling Bell"}],"items_purged_floors":[10],"is_endless":false,"potions_floor_spawned":[3,8,14,18],"killed_by":"Masked Bandits","ascension_level":20}}