{"host":"4h8o09gisu0rxdvb","time":1612748595,"event":{"mods":["BaseMod","Better Third Choice","Downfall","Hermit","Minty Spire (QoL Compilation)","Reliquary","StSLib","The Construct","The Death Knight","The Hierophant","The Runesmith"],"gold_per_floor":[99,111,141,141,141,66,91,111,131,160,176,191,29,14,30,134,134,134,148,175,34,49,49,49,62,62,91,91,101,127,138,148,251,251,251,284,284,312,327,327,377,411,438,480,509,550,362,374,398,410,422,459,32,32,32,32],"floor_reached":57,"language":"ENG","playtime":8679,"items_purged":[],"score":1193,"play_id":"401352ea-18b4-4545-8d16-681ea73b6ab4","local_time":"20210207204315","is_ascension_mode":true,"campfire_choices":[{"floor":1.0,"key":"RECALL"},{"floor":6.0,"key":"REST"},{"data":"expansioncontent:QuickStudy","floor":18.0,"key":"SMITH"},{"floor":23.0,"key":"REST"},{"data":"Slimebound:MassFeed","floor":26.0,"key":"SMITH"},{"data":"Slimebound:Split","floor":35.0,"key":"SMITH"},{"data":"Slimebound:WasteNot","floor":37.0,"key":"SMITH"},{"floor":47,"key":"REST"},{"floor":54,"key":"REST"}],"circlet_count":0,"master_deck":["Slimebound:Split+1","Slimebound:CorrosiveSpit+1","Slimebound:SlimeBarrage+1","Slimebound:PressTheAttack+1","Slimebound:GoopTackle+1","Slimebound:GrowthPunch+1","Slimebound:LeechEnergy+1","Slimebound:MassFeed+1","Slimebound:Schlurp+1","expansioncontent:QuickStudy+1","Slimebound:HauntingLick+1","Slimebound:OozeBath+1","Slimebound:RejuvenatingLick+1","Slimebound:FinishingTackle+1","Slimebound:Nibble+1","Slimebound:SplitMire+1","Slimebound:MinionMaster+1","Slimebound:SpikyOuterGoop+1","Slimebound:WasteNot+1","Slimebound:SplitMire+1","Slimebound:DivideAndConquer+1","Slimebound:Nibble+1","Slimebound:RejuvenatingLick+1","Slimebound:FirmFortitude+1","Slimebound:TongueLash+1","Slimebound:ProtectTheBoss+1","Slimebound:SamplingLick+1","Slimebound:CheckThePlaybook+1","Slimebound:LevelUp+1","Slimebound:MassFeed+1","Slimebound:SpikyOuterGoop+1","Slimebound:SplitLeeching+1","Slimebound:SplitAcid+1","Slimebound:SamplingLick+1","Slimebound:Gluttony"],"relics":["Slimebound:AbsorbEndCombatUpgraded","Orichalcum","The Courier","Smiling Mask","Centennial Puzzle","Nunchaku","Pandora\u0027s Box","Juzu Bracelet","PreservedInsect","TungstenRod","Lizard Tail","Red Mask","Ancient Tea Set","Sundial","MawBank","CaptainsWheel","Peace Pipe","Incense Burner","Toolbox","Lantern","Pen Nib"],"acts_visited":["TheEnding"],"potions_floor_usage":[52,55,56],"damage_taken":[{"damage":13.0,"enemies":"Small Slimes","floor":2.0,"turns":5.0},{"damage":36.0,"enemies":"Gremlin Nob","floor":3.0,"turns":5.0},{"damage":5.0,"enemies":"Jaw Worm","floor":8.0,"turns":3.0},{"damage":10.0,"enemies":"Cultist","floor":9.0,"turns":2.0},{"damage":24.0,"enemies":"Lagavulin","floor":10.0,"turns":6.0},{"damage":15.0,"enemies":"2 Fungi Beasts","floor":11.0,"turns":3.0},{"damage":7.0,"enemies":"Red Slaver","floor":12.0,"turns":3.0},{"damage":10.0,"enemies":"downfall:FleeingMerchant","floor":13.0,"turns":4.0},{"damage":16.0,"enemies":"downfall:FleeingMerchant","floor":14.0,"turns":4.0},{"damage":12.0,"enemies":"Blue Slaver","floor":15.0,"turns":4.0},{"damage":75.0,"enemies":"downfall:CharBossIronclad","floor":16.0,"turns":7.0},{"damage":23.0,"enemies":"Shell Parasite","floor":19.0,"turns":5.0},{"damage":35.0,"enemies":"Book of Stabbing","floor":20.0,"turns":5.0},{"damage":37.0,"enemies":"downfall:FleeingMerchant","floor":21.0,"turns":4.0},{"damage":27.0,"enemies":"Centurion and Healer","floor":22.0,"turns":5.0},{"damage":18.0,"enemies":"Snake Plant","floor":25.0,"turns":3.0},{"damage":24.0,"enemies":"Slavers","floor":27.0,"turns":3.0},{"damage":17.0,"enemies":"Shelled Parasite and Fungi","floor":29.0,"turns":3.0},{"damage":20.0,"enemies":"Masked Bandits","floor":30.0,"turns":3.0},{"damage":17.0,"enemies":"Sentry and Sphere","floor":31.0,"turns":4.0},{"damage":25.0,"enemies":"Centurion and Healer","floor":32.0,"turns":4.0},{"damage":74.0,"enemies":"downfall:CharBossSilent","floor":33.0,"turns":8.0},{"damage":41.0,"enemies":"Giant Head","floor":36.0,"turns":6.0},{"damage":43.0,"enemies":"Nemesis","floor":38.0,"turns":7.0},{"damage":10.0,"enemies":"3 Shapes","floor":39.0,"turns":2.0},{"damage":43.0,"enemies":"Giant Head","floor":42.0,"turns":7.0},{"damage":13.0,"enemies":"Orb Walker","floor":43.0,"turns":4.0},{"damage":44.0,"enemies":"Reptomancer","floor":44.0,"turns":8.0},{"damage":46.0,"enemies":"Jaw Worm Horde","floor":45.0,"turns":5.0},{"damage":38,"enemies":"Nemesis","floor":46,"turns":5},{"damage":2,"enemies":"3 Darklings","floor":49,"turns":2},{"damage":0,"enemies":"downfall:CharBossWatcher","floor":50,"turns":1},{"damage":114,"enemies":"downfall:CharBossMerchant","floor":52,"turns":7},{"damage":35,"enemies":"downfall:NeowBoss","floor":55,"turns":9},{"damage":61,"enemies":"downfall:NeowBossFinal","floor":56,"turns":9}],"seed_played":"4214606492326351240","potions_obtained":[{"floor":8.0,"key":"Fire Potion"},{"floor":9.0,"key":"Strength Potion"},{"floor":11.0,"key":"SmokeBomb"},{"floor":12.0,"key":"Strength Potion"},{"floor":16.0,"key":"EssenceOfSteel"},{"floor":19.0,"key":"ColorlessPotion"},{"floor":22.0,"key":"BlessingOfTheForge"},{"floor":29.0,"key":"Strength Potion"},{"floor":31.0,"key":"Fruit Juice"},{"floor":36.0,"key":"Flashbang"},{"floor":38.0,"key":"PowerPotion"},{"floor":45,"key":"ColorlessPotion"}],"is_trial":false,"path_per_floor":["R","M","E","?","?","R","T","M","M","E","M","M","$","$","M","B",null,"R","M","E","$","M","R","T","M","R","E","?","M","?","M","M","B",null,"R","E","R","E","M","?","T","E","M","E","M","E","R","?","M","B",null,"E","$","R","B","B",null],"character_chosen":"SLIMEBOUND","items_purchased":["expansioncontent:QuickStudy","PreservedInsect","Toolbox","Lantern","Pen Nib","Slimebound:Gluttony","Fire Potion"],"campfire_rested":4,"item_purchase_floors":[13,21,53,53,53,53,53],"current_hp_per_floor":[60,53,23,23,23,41,41,42,40,36,29,35,39,41,42,16,66,66,55,46,35,39,59,59,60,60,60,60,73,89,89,79,41,96,96,83,83,96,96,96,96,78,105,105,89,60,104,104,105,105,105,1,1,32,27,52],"gold":32,"neow_bonus":"RANDOM_COMMON_RELIC","is_daily":false,"chose_seed":false,"campfire_upgraded":4,"win_rate":0.0,"timestamp":1612748595,"path_taken":["R","M","E","?","?","R","T","M","M","E","M","M","?","$","M","BOSS","R","M","E","$","M","R","T","M","R","E","?","M","?","M","M","BOSS","R","E","R","E","M","?","T","E","M","E","M","E","R","?","M","BOSS","E","$","R","BOSS","BOSS"],"items_purchased_type":["Card","Relic","Relic","Relic","Relic","Card","Potion"],"build_version":"2020-12-22","purchased_purges":0,"victory":true,"max_hp_per_floor":[60,60,60,60,60,60,60,60,60,60,60,63,63,63,66,66,66,66,66,66,66,69,69,69,72,72,80,80,84,92,92,92,96,96,96,96,96,96,96,96,96,101,105,105,105,105,115,105,105,105,105,105,105,105,105,105],"card_choices":[{"not_picked":["Slimebound:ServeAndProtect","Slimebound:ViciousTackle"],"picked":"Slimebound:SlimeBarrage","floor":2.0},{"not_picked":["Slimebound:DivideAndConquer","Slimebound:FinishingTackle"],"picked":"Slimebound:PressTheAttack","floor":3.0},{"not_picked":["Slimebound:ViciousTackle","Slimebound:PressTheAttack"],"picked":"Slimebound:GoopTackle","floor":8.0},{"not_picked":["Slimebound:SpikyOuterGoop","Slimebound:SlimeBrawl"],"picked":"Slimebound:GrowthPunch","floor":9.0},{"not_picked":["Slimebound:LeadByExample","Slimebound:Chomp"],"picked":"Slimebound:LeechEnergy","floor":10.0},{"not_picked":["Slimebound:LeadByExample","Slimebound:RainOfGoop"],"picked":"Slimebound:MassFeed","floor":11.0},{"not_picked":["Slimebound:ComboTackle","Slimebound:LeadByExample"],"picked":"Slimebound:Schlurp","floor":12.0},{"not_picked":["Slimebound:Prepare","Slimebound:SamplingLick"],"picked":"Slimebound:HauntingLick","floor":15.0},{"not_picked":["Slimebound:SlimeSlap","Slimebound:RallyTheTroops"],"picked":"Slimebound:OozeBath","floor":16.0},{"not_picked":["Slimebound:GrowthPunch","Slimebound:Chomp"],"picked":"Slimebound:SplitMire+1","floor":19.0},{"not_picked":["Slimebound:SlimeBarrage","Slimebound:SplitMire"],"picked":"Slimebound:DivideAndConquer+1","floor":20.0},{"not_picked":["Slimebound:LeechEnergy","Slimebound:SplitBruiser+1","Slimebound:GrowthPunch"],"picked":"SKIP","floor":22.0},{"not_picked":["Slimebound:SlimeSpikes","Slimebound:Schlurp"],"picked":"Slimebound:Nibble+1","floor":25.0},{"not_picked":["Slimebound:SplitLeeching","Slimebound:WasteNot"],"picked":"Slimebound:RejuvenatingLick","floor":27.0},{"not_picked":["Slimebound:ServeAndProtect","Slimebound:SplitBruiser","Slimebound:RollThrough"],"picked":"SKIP","floor":29.0},{"not_picked":["Slimebound:SplitBruiser","Slimebound:ComboTackle+1"],"picked":"Slimebound:TongueLash","floor":30.0},{"not_picked":["Slimebound:ForwardTackle","Slimebound:FirmFortitude+1"],"picked":"Slimebound:ProtectTheBoss","floor":31.0},{"not_picked":["Slimebound:MegaLick","Slimebound:ForwardTackle"],"picked":"Slimebound:SamplingLick","floor":32.0},{"not_picked":["Slimebound:MassFeed","Slimebound:PrepareCrush"],"picked":"Slimebound:CheckThePlaybook","floor":33.0},{"not_picked":["Slimebound:ComboTackle+1","Slimebound:FlameTackle","Slimebound:WasteNot"],"picked":"SKIP","floor":36.0},{"not_picked":["Slimebound:SplitBruiser","Slimebound:DisruptingSlam+1"],"picked":"Slimebound:LevelUp","floor":38.0},{"not_picked":["Slimebound:FlameTackle","Slimebound:SlimeSpikes+1","Slimebound:Prepare"],"picked":"SKIP","floor":39.0},{"not_picked":["Slimebound:MassFeed","Slimebound:Nibble"],"picked":"Slimebound:SpikyOuterGoop+1","floor":42.0},{"not_picked":["Slimebound:GrowthPunch+1","Slimebound:FirmFortitude+1"],"picked":"Slimebound:SplitLeeching+1","floor":43.0},{"not_picked":["Slimebound:Prepare","Slimebound:Schlurp+1","Slimebound:LeechEnergy"],"picked":"SKIP","floor":44.0},{"not_picked":["Slimebound:LivingWall","Slimebound:GrowthPunch"],"picked":"Slimebound:SplitAcid+1","floor":45},{"not_picked":["Slimebound:SlimeSpikes","Slimebound:SlimeSlap","Slimebound:PressTheAttack+1"],"picked":"SKIP","floor":46},{"not_picked":["Slimebound:SlimeSpikes","Slimebound:RejuvenatingLick","Slimebound:RollThrough+1"],"picked":"SKIP","floor":49},{"not_picked":["Slimebound:GoopSpray+1","Slimebound:SlimeSpikes"],"picked":"Slimebound:SamplingLick+1","floor":52}],"player_experience":505362,"relics_obtained":[{"floor":3.0,"key":"The Courier"},{"floor":7.0,"key":"Centennial Puzzle"},{"floor":10.0,"key":"Nunchaku"},{"floor":20.0,"key":"Juzu Bracelet"},{"floor":24.0,"key":"TungstenRod"},{"floor":27.0,"key":"Lizard Tail"},{"floor":30.0,"key":"Red Mask"},{"floor":36.0,"key":"Ancient Tea Set"},{"floor":38.0,"key":"Sundial"},{"floor":42.0,"key":"MawBank"},{"floor":44.0,"key":"CaptainsWheel"},{"floor":46,"key":"Peace Pipe"},{"floor":52,"key":"Incense Burner"}],"event_choices":[{"damage_healed":0.0,"max_hp_gain":0.0,"max_hp_loss":0.0,"gold_gain":0.0,"event_name":"The Library","player_choice":"Read","floor":28.0,"gold_loss":0.0,"damage_taken":0.0,"cards_obtained":["Slimebound:FirmFortitude"]},{"damage_healed":0.0,"max_hp_gain":0.0,"max_hp_loss":0.0,"gold_gain":0.0,"event_name":"Masked Bandits","player_choice":"Fought Bandits","floor":30.0,"gold_loss":0.0,"damage_taken":0.0},{"damage_healed":0.0,"max_hp_gain":0.0,"max_hp_loss":0.0,"gold_gain":0.0,"cards_transformed":["Slimebound:Tackle"],"event_name":"Transmorgrifier","player_choice":"Transformed","floor":40.0,"gold_loss":0.0,"damage_taken":0.0,"cards_obtained":["Slimebound:MassFeed"]}],"is_beta":false,"boss_relics":[{"not_picked":["Velvet Choker","Cursed Key"],"picked":"Pandora\u0027s Box"},{"not_picked":["SacredBark","Snecko Eye"],"picked":"Slimebound:AbsorbEndCombatUpgraded"}],"items_purged_floors":[],"is_endless":false,"potions_floor_spawned":[8,9,11,12,16,19,22,29,31,36,38,39,45],"ascension_level":1}}