{"host":"mdotyfw4go168df7","time":1612798438,"event":{"mods":["BaseMod","Better Sensory Stone","Block Reminder","Hermit","Jorbs\u0027s Wanderer Trilogy","Minty Spire (QoL Compilation)","Rare Cards Sparkle","Relic Stats","StSLib","The Animator","The Cursed","The Hierophant","The Servant 0.9.4"],"gold_per_floor":[116,135,150,167,167,167,167],"floor_reached":6,"language":"ENG","playtime":859,"items_purged":[],"score":38,"play_id":"19788e54-05c4-4d88-bfaa-076ec29301ed","local_time":"20210208083358","is_ascension_mode":false,"campfire_choices":[],"circlet_count":0,"master_deck":["TheCursedMod:Strike_TheCursed","TheCursedMod:Strike_TheCursed","TheCursedMod:Strike_TheCursed","TheCursedMod:Strike_TheCursed","TheCursedMod:Defend_TheCursed","TheCursedMod:Defend_TheCursed","TheCursedMod:Defend_TheCursed","TheCursedMod:Defend_TheCursed","TheCursedMod:CursedWand","TheCursedMod:CleanUpWorkshop","TheCursedMod:Dregs","TheCursedMod:CursedAmulet","TheCursedMod:FleshFromBone","TheCursedMod:CursedBlade","TheCursedMod:CursedSpellbook"],"relics":["TheCursedMod:BlackMagic101","Bag of Marbles","Juzu Bracelet"],"acts_visited":["Exordium"],"potions_floor_usage":[6],"damage_taken":[{"damage":1,"enemies":"Jaw Worm","floor":1,"turns":4},{"damage":0,"enemies":"Cultist","floor":2,"turns":4},{"damage":0,"enemies":"2 Louse","floor":3,"turns":4},{"damage":7,"enemies":"Exordium Wildlife","floor":4,"turns":6},{"damage":54,"enemies":"Lagavulin","floor":6,"turns":27}],"seed_played":"-7327140315139065668","potions_obtained":[{"floor":2,"key":"BlessingOfTheForge"}],"is_trial":false,"path_per_floor":["M","M","M","M","?","E"],"character_chosen":"THE_CURSED","items_purchased":[],"campfire_rested":0,"item_purchase_floors":[],"current_hp_per_floor":[74,74,74,67,55,1,1],"gold":167,"neow_bonus":"RANDOM_COMMON_RELIC","is_daily":false,"chose_seed":false,"campfire_upgraded":0,"win_rate":0.0,"timestamp":1612798438,"path_taken":["M","M","M","M","?","E"],"items_purchased_type":[],"build_version":"2020-12-22","purchased_purges":0,"victory":false,"max_hp_per_floor":[75,75,75,75,75,75,75],"relic_stats":{"counters":[5,45],"Juzu Bracelet":0,"obtain_stats":[{"TheCursedMod:BlackMagic101":0,"Bag of Marbles":0,"Juzu Bracelet":5},{"TheCursedMod:BlackMagic101":0,"Bag of Marbles":0,"Juzu Bracelet":4},{"TheCursedMod:BlackMagic101":0,"Bag of Marbles":0,"Juzu Bracelet":18}]},"card_choices":[{"not_picked":["TheCursedMod:AshesToAshes","TheCursedMod:CursedShiv"],"picked":"TheCursedMod:CursedAmulet","floor":1},{"not_picked":["TheCursedMod:Evocation","TheCursedMod:HellfireBreathing"],"picked":"TheCursedMod:FleshFromBone","floor":2},{"not_picked":["TheCursedMod:CursedSpellbook","TheCursedMod:RavingStaff"],"picked":"TheCursedMod:CursedBlade","floor":3},{"not_picked":["TheCursedMod:AshesToAshes","TheCursedMod:VitalStrike"],"picked":"TheCursedMod:CursedSpellbook","floor":4}],"player_experience":316705,"relics_obtained":[],"event_choices":[{"damage_healed":0,"gold_gain":0,"player_choice":"Success","damage_taken":12,"relics_obtained":["Juzu Bracelet"],"max_hp_gain":0,"max_hp_loss":0,"event_name":"Scrap Ooze","floor":5,"gold_loss":0}],"is_beta":false,"boss_relics":[],"items_purged_floors":[],"is_endless":false,"potions_floor_spawned":[2],"killed_by":"Lagavulin","ascension_level":0}}