{"host":"hfzvamuw5emcoacy","time":1612781330,"event":{"mods":["Act Like it!","BaseMod","Hallownest","HololiveMod","Minty Spire (QoL Compilation)","StSLib","SuperFastMode","The Poker Player"],"gold_per_floor":[109,126,138,154,165,165,192,212,212,162,162,196,213,231,231,336,336,346,116,135,234,234,268,183,196,244,260,293,306,319,349,349,450,450,470,159,174,190,208,239,239,239,266,301,330,348,361,391,403,415,415,415],"floor_reached":50,"language":"ZHS","playtime":3505,"items_purged":["PokerPlayerMod:Club1"],"score":915,"play_id":"ac4d64e1-e107-42cb-9627-b31093c80d8e","local_time":"20210208184850","is_ascension_mode":false,"metric_token":534,"campfire_choices":[{"data":"PokerPlayerMod:Diamond1","floor":6.0,"key":"SMITH"},{"data":"PokerPlayerMod:JackOfSpades","floor":15.0,"key":"SMITH"},{"data":"PokerPlayerMod:Promotion","floor":32.0,"key":"SMITH"},{"data":"PokerPlayerMod:Mulligan","floor":41.0,"key":"SMITH"},{"data":"PokerPlayerMod:ItsShowtime","floor":49.0,"key":"SMITH"}],"circlet_count":0,"master_deck":["PokerPlayerMod:Diamond2","PokerPlayerMod:Diamond2","PokerPlayerMod:Diamond3","PokerPlayerMod:Diamond4","PokerPlayerMod:Spade2","PokerPlayerMod:Spade3","PokerPlayerMod:Spade4","PokerPlayerMod:Club2","PokerPlayerMod:Heart2","PokerPlayerMod:TrumpStrike","PokerPlayerMod:BadJoker","PokerPlayerMod:Mulligan+1","PokerPlayerMod:Raise","PokerPlayerMod:CloakAndDiamond","PokerPlayerMod:Diamond4","PokerPlayerMod:MagicTrick","PokerPlayerMod:SpadeStrike","PokerPlayerMod:Diamond3","PokerPlayerMod:JackOfSpades+1","PokerPlayerMod:Diamond9","PokerPlayerMod:DiamondStrike","PokerPlayerMod:Diamond4","PokerPlayerMod:Heart9","PokerPlayerMod:ClubDance+1","PokerPlayerMod:ClubDance","PokerPlayerMod:SecondChance","PokerPlayerMod:Spade4","PokerPlayerMod:ThinkingTime","PokerPlayerMod:Promotion+1","PokerPlayerMod:Diamond4","PokerPlayerMod:Club2","PokerPlayerMod:RiskyBet+1","PokerPlayerMod:Club9","PokerPlayerMod:ClubsClub","PokerPlayerMod:CardBurn","PokerPlayerMod:Raise+1","PokerPlayerMod:ItsShowtime+1"],"relics":["PokerPlayerMod:DeckCase","Eternal Feather","Mercury Hourglass","PokerPlayerMod:BottledPoker","Black Star","Sundial","PokerPlayerMod:CoolBox","Vajra","Regal Pillow","Happy Flower","MealTicket","Hololive_LightStick","WingedGreaves","Hololive_Finger","PokerPlayerMod:PendantOfEscape","Potion Belt","Bag of Marbles","PokerPlayerMod:Splitter","PreservedInsect","Pantograph","Anchor","Peace Pipe","Frozen Egg 2","PokerPlayerMod:ClubPass","MawBank"],"acts_visited":["Exordium","TheCity","TheBeyond"],"potions_floor_usage":[50],"damage_taken":[{"damage":6.0,"enemies":"Small Slimes","floor":1.0,"turns":3.0},{"damage":5.0,"enemies":"Jaw Worm","floor":2.0,"turns":4.0},{"damage":0.0,"enemies":"2 Louse","floor":3.0,"turns":1.0},{"damage":0.0,"enemies":"2 Fungi Beasts","floor":4.0,"turns":2.0},{"damage":0.0,"enemies":"Blue Slaver","floor":5.0,"turns":3.0},{"damage":0.0,"enemies":"Gremlin Nob","floor":7.0,"turns":3.0},{"damage":0.0,"enemies":"Exordium Wildlife","floor":8.0,"turns":2.0},{"damage":0.0,"enemies":"3 Sentries","floor":12.0,"turns":3.0},{"damage":0.0,"enemies":"3 Louse","floor":13.0,"turns":1.0},{"damage":0.0,"enemies":"Looter","floor":14.0,"turns":1.0},{"damage":11.0,"enemies":"Hexaghost","floor":16.0,"turns":7.0},{"damage":0.0,"enemies":"3 Byrds","floor":18.0,"turns":3.0},{"damage":7.0,"enemies":"2 Thieves","floor":20.0,"turns":3.0},{"damage":6.0,"enemies":"Gremlin Leader","floor":23.0,"turns":4.0},{"damage":2.0,"enemies":"Centurion and Healer","floor":25.0,"turns":4.0},{"damage":0.0,"enemies":"3 Cultists","floor":27.0,"turns":3.0},{"damage":11.0,"enemies":"Book of Stabbing","floor":28.0,"turns":4.0},{"damage":0.0,"enemies":"Snecko","floor":29.0,"turns":3.0},{"damage":0.0,"enemies":"Centurion and Healer","floor":30.0,"turns":3.0},{"damage":21.0,"enemies":"Gremlin Leader","floor":31.0,"turns":5.0},{"damage":34.0,"enemies":"Collector","floor":33.0,"turns":7.0},{"damage":0.0,"enemies":"Orb Walker","floor":35.0,"turns":2.0},{"damage":0.0,"enemies":"3 Shapes","floor":37.0,"turns":1.0},{"damage":0.0,"enemies":"Maw","floor":38.0,"turns":6.0},{"damage":2.0,"enemies":"Jaw Worm Horde","floor":39.0,"turns":3.0},{"damage":0.0,"enemies":"Giant Head","floor":40.0,"turns":7.0},{"damage":0.0,"enemies":"Nemesis","floor":44.0,"turns":3.0},{"damage":0.0,"enemies":"Reptomancer","floor":45.0,"turns":3.0},{"damage":0.0,"enemies":"Sphere and 2 Shapes","floor":46.0,"turns":3.0},{"damage":0.0,"enemies":"Transient","floor":47.0,"turns":5.0},{"damage":13.0,"enemies":"Giant Head","floor":48.0,"turns":6.0},{"damage":83,"enemies":"Time Eater","floor":50,"turns":8}],"seed_played":"-7785938579961926351","potions_obtained":[{"floor":3.0,"key":"BlessingOfTheForge"},{"floor":4.0,"key":"Strength Potion"},{"floor":5.0,"key":"Energy Potion"},{"floor":12.0,"key":"SmokeBomb"},{"floor":13.0,"key":"Block Potion"},{"floor":23.0,"key":"GamblersBrew"},{"floor":33.0,"key":"GamblersBrew"},{"floor":37.0,"key":"SteroidPotion"},{"floor":39.0,"key":"ColorlessPotion"},{"floor":45.0,"key":"CultistPotion"},{"floor":46.0,"key":"AttackPotion"}],"is_trial":false,"path_per_floor":["M","M","M","M","M","R","E","M","T","?","?","E","M","M","R","B",null,"M","$","M","?","?","E","?","M","T","M","E","M","M","E","R","B",null,"M","$","M","M","M","E","R","?","T","E","E","M","M","E","R","B"],"character_chosen":"THE_POKER_PLAYER","items_purchased":["PokerPlayerMod:ClubDance","PokerPlayerMod:SecondChance","PokerPlayerMod:PendantOfEscape","Potion Belt"],"campfire_rested":0,"item_purchase_floors":[19,19,36,36],"current_hp_per_floor":[51,49,53,57,57,57,57,57,57,57,57,57,57,57,57,46,57,57,57,54,54,54,57,57,55,55,55,57,57,57,39,57,28,57,57,57,57,57,57,57,57,54,54,54,54,54,54,41,54,0,0,0],"gold":415,"neow_bonus":"TEN_PERCENT_HP_BONUS","is_daily":false,"chose_seed":false,"campfire_upgraded":5,"win_rate":0.0,"timestamp":1612781330,"path_taken":["M","M","M","M","M","R","E","M","T","?","?","E","?","M","R","BOSS","M","$","M","?","?","E","?","M","T","M","E","M","M","E","R","BOSS","M","$","M","M","M","E","R","?","T","E","E","M","M","E","R","BOSS"],"items_purchased_type":["Card","Card","Relic","Relic"],"build_version":"2020-12-22","purchased_purges":1,"victory":false,"max_hp_per_floor":[57,57,57,57,57,57,57,57,57,57,57,57,57,57,57,57,57,57,57,57,57,57,57,57,57,57,57,57,57,57,57,57,57,57,57,57,57,57,57,57,57,54,54,54,54,54,54,54,54,54,54,54],"card_choices":[{"not_picked":["PokerPlayerMod:Spade2","PokerPlayerMod:Diamond3"],"picked":"PokerPlayerMod:Raise","floor":1.0},{"not_picked":["PokerPlayerMod:Spade5","PokerPlayerMod:CardPrinter"],"picked":"PokerPlayerMod:CloakAndDiamond","floor":2.0},{"not_picked":["PokerPlayerMod:Spade3","PokerPlayerMod:Diamond5"],"picked":"PokerPlayerMod:Diamond4","floor":3.0},{"not_picked":["PokerPlayerMod:Sharpen","PokerPlayerMod:Spade6"],"picked":"PokerPlayerMod:MagicTrick","floor":4.0},{"not_picked":["PokerPlayerMod:Heart1","PokerPlayerMod:Fold"],"picked":"PokerPlayerMod:SpadeStrike","floor":5.0},{"not_picked":["PokerPlayerMod:JackOfSpades","PokerPlayerMod:Spade8"],"picked":"PokerPlayerMod:Diamond3","floor":7.0},{"not_picked":["PokerPlayerMod:Diamond1","PokerPlayerMod:Heart1"],"picked":"PokerPlayerMod:JackOfSpades","floor":8.0},{"not_picked":["PokerPlayerMod:Spade7","PokerPlayerMod:Club2"],"picked":"PokerPlayerMod:Diamond9","floor":12.0},{"not_picked":["PokerPlayerMod:Club5","PokerPlayerMod:DartThrow"],"picked":"PokerPlayerMod:DiamondStrike","floor":13.0},{"not_picked":["PokerPlayerMod:Manipulation","PokerPlayerMod:Club9"],"picked":"PokerPlayerMod:Diamond4","floor":14.0},{"not_picked":["PokerPlayerMod:GamblerForm","PokerPlayerMod:Heart7"],"picked":"PokerPlayerMod:Heart9","floor":16.0},{"not_picked":["PokerPlayerMod:Diamond8","PokerPlayerMod:Diamond3"],"picked":"PokerPlayerMod:ClubDance+1","floor":18.0},{"not_picked":["PokerPlayerMod:Fold+1","PokerPlayerMod:Spade3"],"picked":"PokerPlayerMod:Spade4","floor":20.0},{"not_picked":["PokerPlayerMod:DartThrow","PokerPlayerMod:Club2"],"picked":"PokerPlayerMod:Promotion","floor":23.0},{"not_picked":["PokerPlayerMod:Club1","PokerPlayerMod:Fold","PokerPlayerMod:Trickery+1"],"picked":"SKIP","floor":25.0},{"not_picked":["PokerPlayerMod:Diamond2","PokerPlayerMod:JackOfSpades"],"picked":"PokerPlayerMod:Diamond4","floor":27.0},{"not_picked":["PokerPlayerMod:DamnStraight+1","PokerPlayerMod:Diamond2"],"picked":"PokerPlayerMod:Club2","floor":28.0},{"not_picked":["PokerPlayerMod:Club2","PokerPlayerMod:DartThrow"],"picked":"PokerPlayerMod:RiskyBet+1","floor":29.0},{"not_picked":["PokerPlayerMod:ClubStrike","PokerPlayerMod:Spade3","PokerPlayerMod:Trickery"],"picked":"SKIP","floor":30.0},{"not_picked":["PokerPlayerMod:Spade2","PokerPlayerMod:Club7","PokerPlayerMod:Diamond3"],"picked":"SKIP","floor":31.0},{"not_picked":["PokerPlayerMod:Spade9","PokerPlayerMod:Spade8"],"picked":"PokerPlayerMod:Club9","floor":33.0},{"not_picked":["PokerPlayerMod:Diamond3","PokerPlayerMod:Trickery+1","PokerPlayerMod:Harden"],"picked":"SKIP","floor":35.0},{"not_picked":["PokerPlayerMod:CardBurn+1","PokerPlayerMod:Spade8"],"picked":"PokerPlayerMod:ClubsClub","floor":37.0},{"not_picked":["PokerPlayerMod:Diamond4","PokerPlayerMod:Diamond3"],"picked":"PokerPlayerMod:CardBurn","floor":38.0},{"not_picked":["PokerPlayerMod:SpadeStrike","PokerPlayerMod:DiamondStrike","PokerPlayerMod:Diamond9"],"picked":"SKIP","floor":39.0},{"not_picked":["PokerPlayerMod:MagicTrick+1","PokerPlayerMod:Trickery"],"picked":"PokerPlayerMod:Raise+1","floor":40.0},{"not_picked":["PokerPlayerMod:Trickery","PokerPlayerMod:SpadeStrike","PokerPlayerMod:ClubsClub"],"picked":"SKIP","floor":44.0},{"not_picked":["PokerPlayerMod:Overdeal+1","PokerPlayerMod:Spade5","PokerPlayerMod:Diamond5"],"picked":"SKIP","floor":45.0},{"not_picked":["PokerPlayerMod:Overdeal","PokerPlayerMod:Diamond3","PokerPlayerMod:ClubStrike"],"picked":"SKIP","floor":46.0},{"not_picked":["PokerPlayerMod:Diamond4","PokerPlayerMod:Diamond3"],"picked":"PokerPlayerMod:ItsShowtime","floor":47.0},{"not_picked":["PokerPlayerMod:Diamond10+","PokerPlayerMod:Fold+1","PokerPlayerMod:Spade6"],"picked":"SKIP","floor":48.0}],"player_experience":10348,"relics_obtained":[{"floor":7.0,"key":"Eternal Feather"},{"floor":9.0,"key":"Mercury Hourglass"},{"floor":12.0,"key":"PokerPlayerMod:BottledPoker"},{"floor":23.0,"key":"Sundial"},{"floor":23.0,"key":"PokerPlayerMod:CoolBox"},{"floor":26.0,"key":"Regal Pillow"},{"floor":28.0,"key":"Happy Flower"},{"floor":28.0,"key":"MealTicket"},{"floor":31.0,"key":"Hololive_LightStick"},{"floor":31.0,"key":"WingedGreaves"},{"floor":40.0,"key":"Bag of Marbles"},{"floor":40.0,"key":"PokerPlayerMod:Splitter"},{"floor":43.0,"key":"PreservedInsect"},{"floor":44.0,"key":"Pantograph"},{"floor":44.0,"key":"Anchor"},{"floor":45.0,"key":"Peace Pipe"},{"floor":45.0,"key":"Frozen Egg 2"},{"floor":48.0,"key":"PokerPlayerMod:ClubPass"},{"floor":48.0,"key":"MawBank"}],"event_choices":[{"cards_removed":["PokerPlayerMod:Spade1"],"damage_healed":0.0,"max_hp_gain":0.0,"max_hp_loss":0.0,"gold_gain":0.0,"event_name":"The Cleric","player_choice":"Card Removal","floor":10.0,"gold_loss":50.0,"damage_taken":0.0},{"cards_removed":["PokerPlayerMod:Diamond5"],"damage_healed":0.0,"max_hp_gain":0.0,"max_hp_loss":0.0,"gold_gain":0.0,"event_name":"Living Wall","player_choice":"Forget","floor":11.0,"gold_loss":0.0,"damage_taken":0.0},{"damage_healed":0.0,"max_hp_gain":0.0,"max_hp_loss":0.0,"gold_gain":99.0,"event_name":"Nest","player_choice":"Stole From Cult","floor":21.0,"gold_loss":0.0,"damage_taken":0.0},{"damage_healed":0.0,"max_hp_gain":0.0,"max_hp_loss":0.0,"gold_gain":0.0,"event_name":"PokerPlayerMod:Vampires","player_choice":"Think Hard","floor":22.0,"gold_loss":0.0,"damage_taken":0.0,"cards_obtained":["PokerPlayerMod:ThinkingTime"]},{"damage_healed":0.0,"max_hp_gain":0.0,"max_hp_loss":0.0,"gold_gain":0.0,"event_name":"Addict","player_choice":"Obtained Relic","floor":24.0,"gold_loss":85.0,"damage_taken":0.0,"relics_obtained":["Vajra"]},{"damage_healed":0.0,"max_hp_gain":0.0,"max_hp_loss":3.0,"gold_gain":0.0,"event_name":"Winding Halls","player_choice":"Max HP","floor":42.0,"gold_loss":0.0,"damage_taken":0.0}],"is_beta":false,"boss_relics":[{"not_picked":["SlaversCollar","Sozu"],"picked":"Black Star"},{"not_picked":["Hololive_TopUpMoneyS","Velvet Choker"],"picked":"Hololive_Finger"}],"items_purged_floors":[19],"is_endless":false,"potions_floor_spawned":[3,4,5,12,13,23,27,28,30,31,33,37,39,45,46],"killed_by":"Time Eater","ascension_level":0}}