{"host":"vflj39ie5n27t074","time":1612759949,"event":{"mods":["BaseMod","BetterRewards","Bossed Relics","Colored Map","Colored Powertips","Downfall","Hero for Fun","Hubris","Infinite Spire","Marisa????????","Minty Spire (QoL Compilation)","Replay The Spire","SIMod","StSLib","The Jungle","The Mystic","The Poker Player","The Servant 0.9.4"],"gold_per_floor":[117,117,128,146,2,27,46,46,46,62,112,112,112,126,126,224,224,242,242,242,242,254,254,254],"floor_reached":23,"language":"ENG","playtime":1602,"items_purged":["Pain","Shame","Strike_P"],"score":265,"play_id":"ff588ae7-8650-40d9-b510-837a00d98c84","local_time":"20210207225229","is_ascension_mode":true,"campfire_choices":[{"data":"Crescendo","floor":8,"key":"SMITH"},{"floor":13,"key":"REST"},{"floor":15,"key":"REST"}],"circlet_count":0,"master_deck":["Strike_P","Strike_P+1","Strike_P","Defend_P","Defend_P+1","Defend_P","Eruption","Vigilance","ReachHeaven","Crescendo","FlurryOfBlows","Crescendo+1","Adaptation","ClearTheMind","CarveReality","MasterReality","FlurryOfBlows+1"],"relics":["PureWater","WarpedTongs","Replay:Mystery Machine","hubris:Teleporter","ReplayTheSpireMod:CursedCoin","hubris:Backtick","Lantern","MarkOfWind","Simple Rune"],"acts_visited":["Exordium","TheCity"],"potions_floor_usage":[6,23],"damage_taken":[{"damage":0,"enemies":"Small Slimes","floor":1,"turns":3},{"damage":2,"enemies":"Cultist","floor":3,"turns":2},{"damage":5,"enemies":"Jaw Worm","floor":4,"turns":2},{"damage":36,"enemies":"Lagavulin","floor":6,"turns":3},{"damage":0,"enemies":"Blue Slaver","floor":7,"turns":2},{"damage":14,"enemies":"Red Slaver","floor":10,"turns":2},{"damage":27,"enemies":"2 Fungi Beasts","floor":14,"turns":3},{"damage":0,"enemies":"Fading Forest","floor":16,"turns":11},{"damage":19,"enemies":"3 Byrds","floor":18,"turns":4},{"damage":13,"enemies":"Shell Parasite","floor":22,"turns":3},{"damage":44,"enemies":"Book of Stabbing","floor":23,"turns":4}],"seed_played":"-4691664019856611855","potions_obtained":[{"floor":3,"key":"FearPotion"},{"floor":10,"key":"Swift Potion"},{"floor":16,"key":"SpeedPotion"}],"is_trial":false,"path_per_floor":["M","?","M","M","$","E","M","R","T","M","$","?","R","M","R","B",null,"M","$","?","AVR","M","E"],"character_chosen":"WATCHER","items_purchased":["ReachHeaven","Adaptation","ReplayTheSpireMod:CursedCoin"],"campfire_rested":2,"item_purchase_floors":[0,5,11],"current_hp_per_floor":[72,72,70,65,65,29,29,29,29,15,15,15,36,9,30,40,72,53,53,53,53,40,0,0],"gold":254,"neow_bonus":"","is_daily":false,"chose_seed":false,"campfire_upgraded":1,"win_rate":0.0,"timestamp":1612759949,"path_taken":["M","?","M","?","?","E","M","R","T","M","$","?","R","M","R","BOSS","M","$","?","AVR","M","E"],"items_purchased_type":["Card","Card","Relic"],"build_version":"2020-12-22","purchased_purges":3,"victory":false,"max_hp_per_floor":[72,72,72,72,72,72,72,72,72,72,72,72,72,72,72,72,72,72,72,72,72,72,72,72],"card_choices":[{"not_picked":["Replay:BluntJabs","PathToVictory"],"picked":"Crescendo","floor":1},{"not_picked":["PathToVictory","Replay:DivineShield"],"picked":"FlurryOfBlows","floor":3},{"not_picked":["Prostrate","FlyingSleeves"],"picked":"Crescendo","floor":4},{"not_picked":["EmptyBody","WheelKick"],"picked":"ClearTheMind","floor":6},{"not_picked":["JustLucky","EmptyBody","SashWhip"],"picked":"SKIP","floor":7},{"not_picked":["Prostrate","Replay:Anticipation","Replay:BluntJabs"],"picked":"SKIP","floor":10},{"not_picked":["CutThroughFate","Replay:BluntJabs","Crescendo"],"picked":"SKIP","floor":14},{"not_picked":["Establishment","DevaForm"],"picked":"MasterReality","floor":16},{"not_picked":["Protect","SashWhip+1","Consecrate"],"picked":"SKIP","floor":18},{"not_picked":["Prostrate","CarveReality"],"picked":"FlurryOfBlows+1","floor":22}],"player_experience":92585,"relics_obtained":[{"floor":6,"key":"Replay:Mystery Machine"},{"floor":9,"key":"hubris:Teleporter"}],"event_choices":[{"damage_healed":0,"gold_gain":0,"player_choice":"Rummage","damage_taken":0,"relics_obtained":["WarpedTongs"],"max_hp_gain":0,"max_hp_loss":0,"event_name":"Accursed Blacksmith","floor":2,"gold_loss":0,"cards_obtained":["Pain"]},{"damage_healed":0,"gold_gain":0,"cards_transformed":["Defend_P"],"player_choice":"Transformed","damage_taken":0,"max_hp_gain":0,"max_hp_loss":0,"event_name":"Transmorgrifier","floor":12,"gold_loss":0,"cards_obtained":["CarveReality"]}],"is_beta":false,"boss_relics":[{"not_picked":["Snecko Eye","Replay:Grab Bag"],"picked":"hubris:Backtick"}],"items_purged_floors":[5,11,21],"is_endless":false,"potions_floor_spawned":[3,10,16],"killed_by":"Book of Stabbing","ascension_level":2}}