{"host":"aelxjre69umlx7r4","time":1612767405,"event":{"mods":["AchievementEnabler","BaseMod","DeckTracker","Highlight Path","Keyboard Shortcuts","Minty Spire (QoL Compilation)","Permanent Neow","SuperFastMode"],"gold_per_floor":[110,123,137,137,137,180,196,236,236,254,280,295,308,369,369,492,492,510,529,454,479,498,498,529,529,553,553,593,618,636,670,670,798,798,811,830,580,580,580,580,580,580],"floor_reached":41,"language":"KOR","playtime":1910,"items_purged":["Strike_R","Bash"],"score":488,"play_id":"7c8f1dde-cd53-4c0e-9939-d6d605f4203e","local_time":"20210208155645","is_ascension_mode":true,"campfire_choices":[{"floor":15.0,"key":"REST"},{"data":"Armaments","floor":23.0,"key":"SMITH"},{"floor":32.0,"key":"REST"},{"floor":40,"key":"RECALL"}],"circlet_count":0,"master_deck":["Defend_R","Defend_R","Defend_R","Defend_R","Pummel","Spot Weakness","Heavy Blade","Flex","Armaments+1","Reaper","Carnage","Intimidate","Impervious","Metallicize","Double Tap","Sword Boomerang+1","Warcry","Headbutt","Limit Break","Sword Boomerang+1","Evolve","Offering","True Grit+1"],"relics":["Burning Blood","Dream Catcher","Golden Idol","Mercury Hourglass","Bottled Lightning","Kunai","Odd Mushroom","Centennial Puzzle","Empty Cage","HornCleat","Bronze Scales","Letter Opener","Strawberry","Runic Pyramid","Whetstone"],"acts_visited":["Exordium","TheCity","TheBeyond"],"potions_floor_usage":[],"damage_taken":[{"damage":0.0,"enemies":"2 Louse","floor":1.0,"turns":3.0},{"damage":2.0,"enemies":"Small Slimes","floor":2.0,"turns":4.0},{"damage":1.0,"enemies":"Jaw Worm","floor":3.0,"turns":4.0},{"damage":29.0,"enemies":"Lagavulin","floor":6.0,"turns":5.0},{"damage":5.0,"enemies":"Looter","floor":7.0,"turns":2.0},{"damage":28.0,"enemies":"Gremlin Nob","floor":8.0,"turns":4.0},{"damage":4.0,"enemies":"Blue Slaver","floor":10.0,"turns":5.0},{"damage":16.0,"enemies":"The Mushroom Lair","floor":11.0,"turns":4.0},{"damage":14.0,"enemies":"3 Louse","floor":12.0,"turns":3.0},{"damage":6.0,"enemies":"Exordium Thugs","floor":13.0,"turns":4.0},{"damage":25.0,"enemies":"Gremlin Nob","floor":14.0,"turns":4.0},{"damage":39.0,"enemies":"The Guardian","floor":16.0,"turns":10.0},{"damage":42.0,"enemies":"3 Byrds","floor":18.0,"turns":5.0},{"damage":5.0,"enemies":"Chosen","floor":19.0,"turns":3.0},{"damage":33.0,"enemies":"Centurion and Healer","floor":21.0,"turns":8.0},{"damage":36.0,"enemies":"3 Cultists","floor":22.0,"turns":5.0},{"damage":49.0,"enemies":"Book of Stabbing","floor":24.0,"turns":6.0},{"damage":11.0,"enemies":"Slavers","floor":28.0,"turns":5.0},{"damage":1.0,"enemies":"Snake Plant","floor":29.0,"turns":5.0},{"damage":10.0,"enemies":"Centurion and Healer","floor":30.0,"turns":7.0},{"damage":41.0,"enemies":"Book of Stabbing","floor":31.0,"turns":6.0},{"damage":45.0,"enemies":"Collector","floor":33.0,"turns":10.0},{"damage":7,"enemies":"Orb Walker","floor":35,"turns":3},{"damage":4,"enemies":"3 Shapes","floor":36,"turns":2},{"damage":6,"enemies":"Maw","floor":41,"turns":3}],"seed_played":"-4720977764708195529","potions_obtained":[{"floor":2.0,"key":"Swift Potion"},{"floor":3.0,"key":"Dexterity Potion"},{"floor":8.0,"key":"GamblersBrew"},{"floor":10.0,"key":"BlessingOfTheForge"},{"floor":14.0,"key":"ElixirPotion"},{"floor":19.0,"key":"Regen Potion"},{"floor":21.0,"key":"SpeedPotion"},{"floor":22.0,"key":"SpeedPotion"},{"floor":24.0,"key":"Strength Potion"},{"floor":31.0,"key":"Weak Potion"},{"floor":36,"key":"ElixirPotion"}],"is_trial":false,"path_per_floor":["M","M","M","?","?","E","M","E","T","M","?","M","M","?","R","B",null,"M","M","$","M","M","R","E","?","T","?","E","M","M","E","R","B",null,"M","M","$","?","?","R","M"],"character_chosen":"IRONCLAD","items_purchased":["Whetstone"],"campfire_rested":2,"item_purchase_floors":[37],"current_hp_per_floor":[80,80,80,77,57,34,35,13,13,18,20,33,33,18,42,22,80,52,53,53,34,65,65,22,22,22,22,32,37,49,34,60,21,87,86,87,87,83,83,83,77,77],"gold":580,"neow_bonus":"REMOVE_CARD","is_daily":false,"chose_seed":false,"campfire_upgraded":1,"win_rate":0.0,"timestamp":1612767405,"path_taken":["M","M","M","?","?","E","M","E","T","M","?","M","?","?","R","BOSS","M","M","$","M","M","R","E","?","T","?","E","M","M","E","R","BOSS","M","M","$","?","?","R","M"],"items_purchased_type":["Relic"],"build_version":"2020-12-22","purchased_purges":2,"victory":false,"max_hp_per_floor":[80,80,80,80,80,80,80,80,80,80,80,80,80,80,80,80,80,80,80,80,80,80,80,80,80,80,80,80,80,80,87,87,87,87,87,87,87,83,83,83,83,83],"card_choices":[{"not_picked":["Perfected Strike","Warcry"],"picked":"Pummel","floor":1.0},{"not_picked":["Headbutt","Iron Wave"],"picked":"Spot Weakness","floor":2.0},{"not_picked":["Sentinel","Havoc"],"picked":"Heavy Blade","floor":3.0},{"not_picked":["Combust","Metallicize"],"picked":"Flex","floor":6.0},{"not_picked":["Entrench","Blood for Blood"],"picked":"Armaments","floor":7.0},{"not_picked":["Inflame","Infernal Blade"],"picked":"Reaper","floor":8.0},{"not_picked":["Cleave","Twin Strike"],"picked":"Carnage","floor":10.0},{"not_picked":["Clash","Pommel Strike"],"picked":"Intimidate","floor":11.0},{"not_picked":["Thunderclap","Anger"],"picked":"Impervious","floor":12.0},{"not_picked":["Infernal Blade","Perfected Strike"],"picked":"Metallicize","floor":13.0},{"not_picked":["Impervious","Exhume"],"picked":"Double Tap","floor":16.0},{"not_picked":["Intimidate","Cleave","Uppercut"],"picked":"SKIP","floor":18.0},{"not_picked":["Rampage+1","Infernal Blade"],"picked":"Sword Boomerang","floor":19.0},{"not_picked":["Havoc","Anger"],"picked":"Warcry","floor":21.0},{"not_picked":["Warcry","Thunderclap"],"picked":"Headbutt","floor":22.0},{"not_picked":["Sentinel","Shockwave+1"],"picked":"Limit Break","floor":24.0},{"not_picked":["Blood for Blood","Twin Strike"],"picked":"Sword Boomerang","floor":28.0},{"not_picked":["Headbutt","Rage"],"picked":"Evolve","floor":29.0},{"not_picked":["Second Wind","Perfected Strike","Body Slam"],"picked":"SKIP","floor":30.0},{"not_picked":["Brutality","Clash","Burning Pact"],"picked":"SKIP","floor":31.0},{"not_picked":["Fiend Fire","Immolate"],"picked":"Offering","floor":33.0},{"not_picked":["Infernal Blade","Feel No Pain"],"picked":"True Grit+1","floor":35},{"not_picked":["Thunderclap","Twin Strike","Pommel Strike"],"picked":"SKIP","floor":36}],"player_experience":394374,"relics_obtained":[{"floor":6.0,"key":"Mercury Hourglass"},{"floor":8.0,"key":"Bottled Lightning"},{"floor":9.0,"key":"Kunai"},{"floor":11.0,"key":"Odd Mushroom"},{"floor":14.0,"key":"Centennial Puzzle"},{"floor":24.0,"key":"HornCleat"},{"floor":26.0,"key":"Bronze Scales"},{"floor":28.0,"key":"Letter Opener"},{"floor":31.0,"key":"Strawberry"}],"event_choices":[{"damage_healed":0.0,"max_hp_gain":0.0,"max_hp_loss":0.0,"gold_gain":0.0,"event_name":"Scrap Ooze","player_choice":"Success","floor":4.0,"gold_loss":0.0,"damage_taken":3.0,"relics_obtained":["Dream Catcher"]},{"damage_healed":0.0,"max_hp_gain":0.0,"max_hp_loss":0.0,"gold_gain":0.0,"event_name":"Golden Idol","player_choice":"Take Damage","floor":5.0,"gold_loss":0.0,"damage_taken":20.0,"relics_obtained":["Golden Idol"]},{"damage_healed":0.0,"max_hp_gain":0.0,"max_hp_loss":0.0,"gold_gain":0.0,"event_name":"Mushrooms","player_choice":"Fought Mushrooms","floor":11.0,"gold_loss":0.0,"damage_taken":0.0},{"damage_healed":0.0,"max_hp_gain":0.0,"max_hp_loss":0.0,"gold_gain":30.0,"event_name":"Dead Adventurer","player_choice":"Searched \u00272\u0027 times","floor":14.0,"gold_loss":0.0,"damage_taken":0.0},{"damage_healed":0.0,"max_hp_gain":0.0,"max_hp_loss":0.0,"gold_gain":0.0,"event_name":"Vampires","player_choice":"Ignored","floor":25.0,"gold_loss":0.0,"damage_taken":0.0},{"cards_removed":["Strike_R"],"damage_healed":0.0,"max_hp_gain":0.0,"max_hp_loss":0.0,"gold_gain":0.0,"event_name":"Wheel of Change","player_choice":"Card Removal","floor":27.0,"gold_loss":0.0,"damage_taken":0.0},{"damage_healed":0,"gold_gain":0,"player_choice":"Max HP","damage_taken":0,"max_hp_gain":0,"max_hp_loss":4,"event_name":"Winding Halls","floor":38,"gold_loss":0},{"damage_healed":0,"gold_gain":0,"player_choice":"Ignored","damage_taken":0,"max_hp_gain":0,"max_hp_loss":0,"event_name":"SecretPortal","floor":39,"gold_loss":0}],"is_beta":false,"boss_relics":[{"not_picked":["Snecko Eye","Ectoplasm"],"picked":"Empty Cage"},{"not_picked":["Pandora\u0027s Box","Fusion Hammer"],"picked":"Runic Pyramid"}],"items_purged_floors":[20,37],"is_endless":false,"potions_floor_spawned":[2,3,8,10,14,19,21,22,24,31,36],"killed_by":"Maw","ascension_level":1}}