{"host":"lehbxtjrpalkmwwj","time":1612793795,"event":{"mods":["Aspiration","BaseMod","Colored Map","Colored Powertips","Conspire","GungeonMod","KomeijiMod","Lobotomy","Minty Spire (QoL Compilation)","Quick Restart","Replay The Spire","Shop Mod","StSLib","The Cursed","The Poker Player","[IsaacMod]ÒÔÈö¼âËþ"],"gold_per_floor":[212,231,116,116,116,147,147,178,178,219,142,170,256,340,416,512,512,524,543,543,543,559,585,585,639,639,683,699,699,732,779,779,881,881,895,805,805,838,876,905,915,597,1123,1123,1143,1169,1189,1217,1217,1217,1217,1217,578,603,603],"floor_reached":56,"language":"ZHS","playtime":1572,"items_purged":["Shame","Clumsy"],"score":1584,"play_id":"3a913d2f-e36a-4894-be9e-43673db15e90","local_time":"20210208221635","is_ascension_mode":true,"campfire_choices":[{"floor":7.0,"key":"RECALL"},{"floor":24.0,"key":"REST"},{"data":"Apotheosis","floor":29.0,"key":"SMITH"},{"data":"Limit Break","floor":32.0,"key":"SMITH"},{"floor":44.0,"key":"REST"},{"floor":49,"key":"DIG"},{"data":"Hallucinations","floor":52,"key":"PURGE"}],"circlet_count":0,"master_deck":["Strike_R","Strike_R","Strike_R","Strike_R","Strike_R+1","Defend_R","Defend_R","Defend_R","Defend_R","Bash","EpicFetus","Thunderclap","Heavy Blade","Reaper","BettingIsNotGood","Inflame","Bash+1","Twin Strike","Offering","DemoMod:BlackBlade","DemoMod:WhiteBlade","Double Tap","Demon Form","Apotheosis+1","Pummel+1","Uppercut","Metallicize","conspire:ExplosiveBarrier+1","Limit Break+1","Twin Strike","Blood for Blood+1","Limit Break","Metallicize+1","ReplayTheSpireMod:Muscle Training","Rampage+1","Clash+1","Double Tap","Thunderclap+1","Anger+1","Ghostly Armor","Twin Strike+1","Twin Strike","Midas Touch","Replay:Parry","Iron Wave+1"],"relics":["Burning Blood","HushsDoor","SteamSale","DemoMod:GnawedKey","aspiration:SeaSaltIceCream","Bag of Preparation","DemoMod:SerJunkan","YumHeart","DemoMod:Junk","DemoMod:MonsterBlood","Cursed Key","GuppysHead","Replay:Bottled Snecko","Fusion Hammer","Fusion Hammer","Replay:Ringing Soul","Toy Ornithopter","aspiration:Nostalgia","ThirstyCrossSpe","DemoMod:GoldJunk","BlankCard","Replay:Multitool","FossilizedHelix","Ice Cream","conspire:GlowingRock","TheBattery","ReplayTheSpireMod:TigerMarble"],"acts_visited":["Exordium","TheCity","TheBeyond","TheEnding"],"potions_floor_usage":[47,54,55,55],"damage_taken":[{"damage":12.0,"enemies":"Jaw Worm","floor":1.0,"turns":3.0},{"damage":0.0,"enemies":"Cultist","floor":2.0,"turns":4.0},{"damage":19.0,"enemies":"3 Sentries","floor":6.0,"turns":5.0},{"damage":20.0,"enemies":"Gremlin Nob","floor":8.0,"turns":4.0},{"damage":37.0,"enemies":"3 Sentries","floor":10.0,"turns":5.0},{"damage":6.0,"enemies":"Small Slimes","floor":12.0,"turns":2.0},{"damage":23.0,"enemies":"Slime Boss","floor":16.0,"turns":9.0},{"damage":2.0,"enemies":"3 Byrds","floor":18.0,"turns":3.0},{"damage":24.0,"enemies":"Shell Parasite","floor":19.0,"turns":3.0},{"damage":33.0,"enemies":"Snake Plant","floor":22.0,"turns":3.0},{"damage":39.0,"enemies":"conspire:SneckoGhost","floor":23.0,"turns":5.0},{"damage":39.0,"enemies":"Slavers","floor":25.0,"turns":4.0},{"damage":40.0,"enemies":"Book of Stabbing","floor":27.0,"turns":6.0},{"damage":7.0,"enemies":"Centurion and Healer","floor":28.0,"turns":3.0},{"damage":6.0,"enemies":"Gremlin Leader","floor":30.0,"turns":5.0},{"damage":8.0,"enemies":"conspire:MysteriousRune","floor":33.0,"turns":4.0},{"damage":14.0,"enemies":"3 Shapes","floor":35.0,"turns":3.0},{"damage":6.0,"enemies":"Orb Walker","floor":38.0,"turns":3.0},{"damage":17.0,"enemies":"3 Darklings","floor":39.0,"turns":2.0},{"damage":34.0,"enemies":"Nemesis","floor":40.0,"turns":5.0},{"damage":7.0,"enemies":"Jaw Worm Horde","floor":41.0,"turns":3.0},{"damage":0.0,"enemies":"Spire Growth","floor":45.0,"turns":2.0},{"damage":11.0,"enemies":"Giant Head","floor":46.0,"turns":4.0},{"damage":0,"enemies":"3 Darklings","floor":47,"turns":2},{"damage":52,"enemies":"Nemesis","floor":48,"turns":3},{"damage":8,"enemies":"Donu and Deca","floor":50,"turns":4},{"damage":55,"enemies":"Shield and Spear","floor":54,"turns":4},{"damage":77,"enemies":"The Heart","floor":55,"turns":5}],"seed_played":"5056238050276015778","potions_obtained":[{"floor":1.0,"key":"Block Potion"},{"floor":8.0,"key":"SpeedPotion"},{"floor":10.0,"key":"Dexterity Potion"},{"floor":12.0,"key":"LiquidBronze"},{"floor":23.0,"key":"Elixir"},{"floor":27.0,"key":"Swift Potion"},{"floor":30.0,"key":"SkillPotion"},{"floor":33.0,"key":"Milkshake"},{"floor":38.0,"key":"Fruit Juice"},{"floor":41.0,"key":"Energy Potion"},{"floor":45.0,"key":"Regen Potion"}],"is_trial":false,"path_per_floor":["M","M","$","?","?","E","R","E","T","E","$","M","?","?","R_BF","B",null,"M","M","?","?","M","E","R","E","T","E","M","R","E","T","R","B",null,"M","?","T","M","M","E","M","$","T","R","M","E","M","E","R_BF","B",null,"R","$","E","B",null],"character_chosen":"IRONCLAD","items_purchased":["DemoMod:GnawedKey","DemoMod:MonsterBlood","GuppysHead","Apotheosis","Replay:Ringing Soul","Toy Ornithopter","aspiration:Nostalgia","Ice Cream","conspire:GlowingRock","TheBattery","Twin Strike","Midas Touch","Replay:Parry","DemoMod:LeadSkinPotion","PowerPotion"],"campfire_rested":2,"item_purchase_floors":[3,11,17,17,42,42,42,53,53,53,53,53,53,53,53],"current_hp_per_floor":[74,80,80,80,80,72,72,63,63,57,64,64,49,34,34,26,72,72,54,54,54,52,20,41,44,44,20,56,56,56,56,56,54,72,64,64,64,69,72,77,77,77,80,80,83,82,89,46,46,57,92,92,95,50,62],"gold":603,"neow_bonus":"HUNDRED_GOLD","is_daily":false,"chose_seed":false,"campfire_upgraded":2,"win_rate":0.0,"timestamp":1612793795,"path_taken":["M","M","$","?","?","E","R","E","T","E","?","?","?","?","R_BF","BOSS","M","M","?","?","M","E","R","E","T","E","?","R","E","?","R","BOSS","M","?","?","M","M","E","M","$","T","R","M","E","M","E","R_BF","BOSS","R","$","E","BOSS"],"items_purchased_type":["Relic","Relic","Relic","Card","Relic","Relic","Relic","Relic","Relic","Relic","Card","Card","Card","Undefined","Potion"],"build_version":"2020-12-22","purchased_purges":2,"victory":true,"max_hp_per_floor":[80,80,80,80,80,80,80,80,80,80,87,87,87,87,87,87,72,72,72,72,72,72,72,72,72,72,72,72,72,72,72,72,72,72,72,72,72,77,77,77,77,77,80,80,83,86,89,92,92,92,92,92,95,98,98],"card_choices":[{"not_picked":[],"picked":"EpicFetus","floor":0.0},{"not_picked":["Flame Barrier","Wild Strike"],"picked":"Thunderclap","floor":1.0},{"not_picked":["Replay:Undeath\u0027s Touch","Abandon"],"picked":"Heavy Blade","floor":2.0},{"not_picked":["Impervious","Blood for Blood"],"picked":"Twin Strike","floor":6.0},{"not_picked":["Inflame","ReplayTheSpireMod:Strike From Hell"],"picked":"Offering","floor":8.0},{"not_picked":["Headbutt","Hemogenesis"],"picked":"DemoMod:WhiteBlade","floor":10.0},{"not_picked":["Run Through","Iron Wave"],"picked":"Double Tap","floor":12.0},{"not_picked":["Juggernaut","Replay:Many Hands"],"picked":"Demon Form","floor":16.0},{"not_picked":["Shrug It Off","Run Through"],"picked":"Pummel+1","floor":18.0},{"not_picked":["Replay:Undeath\u0027s Touch","Cleave"],"picked":"Uppercut","floor":19.0},{"not_picked":["True Grit+1","ReplayTheSpireMod:Strike From Hell+1","Run Through"],"picked":"SKIP","floor":22.0},{"not_picked":["Shrug It Off+1","Warcry"],"picked":"conspire:ExplosiveBarrier+1","floor":23.0},{"not_picked":["Defy Death+1","conspire:Charge+1"],"picked":"Limit Break","floor":25.0},{"not_picked":["Battle Trance","Power Through+1"],"picked":"Twin Strike","floor":27.0},{"not_picked":["Twin Strike","Blood for Blood","Heavy Blade"],"picked":"SKIP","floor":28.0},{"not_picked":["Fire Breathing","Shrug It Off"],"picked":"Blood for Blood+1","floor":30.0},{"not_picked":["Double Tap","conspire:Purge"],"picked":"Limit Break","floor":33.0},{"not_picked":["Havoc","Run Through"],"picked":"Metallicize+1","floor":35.0},{"not_picked":["ReplayTheSpireMod:Strike From Hell","Pommel Strike"],"picked":"ReplayTheSpireMod:Muscle Training","floor":38.0},{"not_picked":["Shrug It Off","Second Wind"],"picked":"Rampage+1","floor":39.0},{"not_picked":["Shrug It Off+1","Massacre"],"picked":"Clash+1","floor":40.0},{"not_picked":["Pommel Strike","Headbutt"],"picked":"Double Tap","floor":41.0},{"not_picked":["Sword Boomerang","DemoMod:WhiteBlade"],"picked":"Thunderclap+1","floor":45.0},{"not_picked":["Sword Boomerang+1","Cleave"],"picked":"Anger+1","floor":46},{"not_picked":["Power Through","Entrench"],"picked":"Ghostly Armor","floor":47},{"not_picked":["Sword Boomerang","ReplayTheSpireMod:Limb From Limb"],"picked":"Twin Strike+1","floor":48},{"not_picked":["Wild Strike","Cleave"],"picked":"Iron Wave+1","floor":54}],"player_experience":139748,"relics_obtained":[{"floor":6.0,"key":"aspiration:SeaSaltIceCream"},{"floor":8.0,"key":"DemoMod:SerJunkan"},{"floor":9.0,"key":"YumHeart"},{"floor":10.0,"key":"DemoMod:Junk"},{"floor":23.0,"key":"DemoMod:Junk"},{"floor":25.0,"key":"DemoMod:Junk"},{"floor":26.0,"key":"Replay:Bottled Snecko"},{"floor":27.0,"key":"DemoMod:Junk"},{"floor":30.0,"key":"DemoMod:Junk"},{"floor":37.0,"key":"Diplopia"},{"floor":40.0,"key":"DemoMod:Junk"},{"floor":43.0,"key":"DemoMod:Junk"},{"floor":46,"key":"BlankCard"},{"floor":48,"key":"Replay:Multitool"},{"floor":49,"key":"FossilizedHelix"},{"floor":54,"key":"ReplayTheSpireMod:TigerMarble"}],"event_choices":[{"damage_healed":0.0,"max_hp_gain":0.0,"max_hp_loss":0.0,"gold_gain":0.0,"event_name":"Match and Keep!","player_choice":"4 cards matched","floor":4.0,"gold_loss":0.0,"damage_taken":0.0,"cards_obtained":["Reaper","BettingIsNotGood","Inflame","Bash"]},{"damage_healed":0.0,"max_hp_gain":0.0,"max_hp_loss":0.0,"gold_gain":0.0,"event_name":"The Woman in Blue","player_choice":"Bought 0 Potions","floor":20.0,"gold_loss":0.0,"damage_taken":0.0},{"damage_healed":0.0,"max_hp_gain":0.0,"max_hp_loss":0.0,"gold_gain":0.0,"event_name":"The Library","player_choice":"Read","floor":21.0,"gold_loss":0.0,"damage_taken":0.0,"cards_obtained":["Metallicize"]},{"cards_removed":["conspire:NecroticWound"],"damage_healed":0.0,"max_hp_gain":0.0,"max_hp_loss":0.0,"gold_gain":0.0,"event_name":"Designer","player_choice":"Upgrade and Remove","floor":36.0,"gold_loss":90.0,"damage_taken":0.0,"cards_upgraded":["Strike_R"]}],"is_beta":false,"boss_relics":[{"not_picked":["Replay:Bronze Core","aspiration:SilentSkillbook"],"picked":"Cursed Key"},{"not_picked":[]},{"not_picked":["Astrolabe","conspire:SlowCooker"],"picked":"Fusion Hammer"},{"not_picked":[]}],"items_purged_floors":[42,53],"is_endless":false,"potions_floor_spawned":[1,8,10,12,23,27,30,33,38,41,45,46],"ascension_level":2}}