{"host":"37ccm3d17clopct7","time":1612764638,"event":{"mods":["BaseMod","GungeonMod","Hermit","Lobotomy","Minty Spire (QoL Compilation)","StSLib","The Bug Knight","The Cursed","The Hierophant","The Jungle","The Runesmith"],"gold_per_floor":[109,119,219,29,48,48,81,81,134,134,153,2,21,49,61,177,189,214,226,238,266,278,325,355,379,391,403,429,459,491,527,554,566,578,590,590],"floor_reached":35,"language":"KOR","playtime":2415,"items_purged":["DemoMod:Strike_Huntress"],"score":318,"play_id":"de3ad4f6-f0b2-4dab-8a16-f425a6cf4efc","local_time":"20210208151038","is_ascension_mode":false,"campfire_choices":[{"data":"DemoMod:TeaPot","floor":6,"key":"SMITH"},{"data":"DemoMod:ManualReload","floor":10,"key":"SMITH"},{"floor":15,"key":"REST"},{"data":"DemoMod:Roll","floor":27,"key":"SMITH"},{"floor":33,"key":"REST"}],"circlet_count":0,"master_deck":["DemoMod:Strike_Huntress","DemoMod:Strike_Huntress","DemoMod:Defend_Huntress","DemoMod:Defend_Huntress","DemoMod:Defend_Huntress","DemoMod:Defend_Huntress","DemoMod:Roll+1","DemoMod:ManualReload+1","DemoMod:CrossBow","Discovery","DemoMod:TeaPot+1","DemoMod:BoxingGlove","DemoMod:BattleInHaste","DemoMod:MachoBrace","DemoMod:Ejector+1","DemoMod:TableSutra+1","DemoMod:TripleGun+1"],"relics":["DemoMod:Dog","HollowMod:StagPassRelic","Vajra","HornCleat","HollowMod:PaleOreRelic","DemoMod:RedGuonStone","MawBank","DemoMod:Wolf","Potion Belt","Thread and Needle"],"acts_visited":["Exordium","theJungle:Jungle","DemoMod:Maze"],"potions_floor_usage":[23,23,35],"damage_taken":[{"damage":8,"enemies":"Jaw Worm","floor":1,"turns":4},{"damage":0,"enemies":"Cultist","floor":2,"turns":3},{"damage":0,"enemies":"2 Louse","floor":5,"turns":2},{"damage":0,"enemies":"HollowMod:MossKnight","floor":7,"turns":3},{"damage":0,"enemies":"Lots of Slimes","floor":11,"turns":3},{"damage":6,"enemies":"Red Slaver","floor":13,"turns":4},{"damage":4,"enemies":"3 Sentries","floor":14,"turns":5},{"damage":33,"enemies":"The Guardian","floor":16,"turns":9},{"damage":6,"enemies":"theJungle:GiantWrat","floor":18,"turns":4},{"damage":0,"enemies":"Shell Parasite","floor":21,"turns":4},{"damage":33,"enemies":"theJungle:2_Phrogs","floor":23,"turns":5},{"damage":0,"enemies":"Snake Plant","floor":24,"turns":3},{"damage":16,"enemies":"theJungle:SlimyTreeVines","floor":25,"turns":7},{"damage":0,"enemies":"DemoMod:Veteran_shot_gun_kin_and_bullet_kin","floor":28,"turns":2},{"damage":18,"enemies":"DemoMod:Red_and_blue_shotgun_kin","floor":29,"turns":3},{"damage":10,"enemies":"DemoMod:Veteran_shot_gun_kin_and_blue_shotgun_kin","floor":30,"turns":3},{"damage":12,"enemies":"DemoMod:Veteran_shot_gun_kin_and_blue_shotgun_kin_with_gunsinger","floor":31,"turns":3},{"damage":10,"enemies":"DemoMod:2_Mousers","floor":32,"turns":3},{"damage":29,"enemies":"DemoMod:ResourcefulRat","floor":35,"turns":4}],"seed_played":"-1356578671469663977","potions_obtained":[{"floor":1,"key":"Swift Potion"},{"floor":2,"key":"Regen Potion"},{"floor":13,"key":"DemoMod:BlankPotion"},{"floor":18,"key":"PowerPotion"},{"floor":31,"key":"AttackPotion"},{"floor":32,"key":"Weak Potion"}],"is_trial":false,"path_per_floor":["M","M","?","$","M","R","E","T","T","R","M","$","M","E","R","B",null,"M","?","?","M","?","E","M","M","T","R","M","M","M","M","M","R","B","B"],"character_chosen":"HUNTRESS","items_purchased":["DemoMod:GnawedKey","DemoMod:RedGuonStone"],"campfire_rested":2,"item_purchase_floors":[4,12],"current_hp_per_floor":[62,62,62,62,62,62,62,62,62,62,62,62,56,52,70,37,70,64,66,66,66,66,33,33,23,70,70,70,52,42,30,20,41,27,0,0],"gold":590,"neow_bonus":"RANDOM_COLORLESS","is_daily":false,"chose_seed":false,"campfire_upgraded":3,"win_rate":0.0,"timestamp":1612764638,"path_taken":["M","M","?","?","?","R","E","?","T","R","M","$","M","E","R","BOSS","M","?","?","M","?","E","M","M","T","R","M","M","M","M","M","R","BOSS","BOSS"],"items_purchased_type":["Relic","Relic"],"build_version":"2020-12-22","purchased_purges":1,"victory":false,"max_hp_per_floor":[70,70,70,70,70,70,70,70,70,70,70,70,70,70,70,70,70,70,70,70,70,70,70,70,70,70,70,70,70,70,70,70,70,70,70,70],"card_choices":[{"not_picked":["PanicButton","Mind Blast"],"picked":"Discovery","floor":0},{"not_picked":["DemoMod:HuntsMan","DemoMod:FastSwitch"],"picked":"DemoMod:TeaPot","floor":1},{"not_picked":["DemoMod:AWP","DemoMod:DirectionalPad"],"picked":"DemoMod:BoxingGlove","floor":2},{"not_picked":["DemoMod:ShadowBullets","DemoMod:ConditionalReflex"],"picked":"DemoMod:BattleInHaste","floor":5},{"not_picked":["DemoMod:CombinedRifle","DemoMod:LifeOrb"],"picked":"DemoMod:MachoBrace","floor":7},{"not_picked":["DemoMod:JK47","DemoMod:BattleInHaste","DemoMod:Unmoved"],"picked":"SKIP","floor":11},{"not_picked":["DemoMod:GunstockTap","DemoMod:FastSwitch","DemoMod:Unmoved"],"picked":"SKIP","floor":13},{"not_picked":["DemoMod:MegaHand","DemoMod:ChanceBullets","DemoMod:DoubleSwitch"],"picked":"SKIP","floor":14},{"not_picked":["DemoMod:ConditionalReflex","DemoMod:HuntsMan","DemoMod:FortunesFavor"],"picked":"SKIP","floor":18},{"not_picked":["DemoMod:Polaris","DemoMod:ZorGun","DemoMod:LifeOrb"],"picked":"SKIP","floor":21},{"not_picked":["DemoMod:GunShield","DemoMod:ProbeStrike","DemoMod:EasyReloadBullets"],"picked":"SKIP","floor":23},{"not_picked":["DemoMod:AWP","DemoMod:SAA"],"picked":"DemoMod:Ejector+1","floor":24},{"not_picked":["DemoMod:BattleInHaste","DemoMod:PracticeMakesPerfect+1","DemoMod:SAA"],"picked":"SKIP","floor":25},{"not_picked":["DemoMod:ProbeStrike","DemoMod:GunstockTap+1","DemoMod:FightSabre"],"picked":"SKIP","floor":28},{"not_picked":["DemoMod:CombinedRifle+1","DemoMod:DirectionalPad+1"],"picked":"DemoMod:TableSutra+1","floor":29},{"not_picked":["DemoMod:GunstockTap","DemoMod:Unmoved+1","DemoMod:AC15"],"picked":"SKIP","floor":30},{"not_picked":["DemoMod:JK47","DemoMod:TeaPot"],"picked":"DemoMod:TripleGun+1","floor":31},{"not_picked":["DemoMod:Ejector","DemoMod:PotionOfGunFriendShip","DemoMod:SniperShot+1"],"picked":"SKIP","floor":32}],"player_experience":141553,"relics_obtained":[{"floor":5,"key":"HollowMod:StagPassRelic"},{"floor":7,"key":"Vajra"},{"floor":8,"key":"HornCleat"},{"floor":9,"key":"HollowMod:PaleOreRelic"},{"floor":14,"key":"MawBank"},{"floor":23,"key":"Thread and Needle"}],"event_choices":[{"damage_healed":0,"gold_gain":100,"player_choice":"Pray","damage_taken":0,"max_hp_gain":0,"max_hp_loss":0,"event_name":"Golden Shrine","floor":3,"gold_loss":0},{"damage_healed":0,"gold_gain":0,"player_choice":"Gave Potion","damage_taken":0,"relics_obtained":["Potion Belt"],"max_hp_gain":0,"max_hp_loss":0,"event_name":"WeMeetAgain","floor":22,"gold_loss":0}],"is_beta":false,"boss_relics":[{"not_picked":["Fusion Hammer","Black Star"],"picked":"DemoMod:Wolf"}],"items_purged_floors":[4],"is_endless":false,"potions_floor_spawned":[1,2,13,18,21,31,32],"killed_by":"DemoMod:ResourcefulRat","ascension_level":0}}