{"host":"362zhnvmfmhc3u7b","time":1612762101,"event":{"mods":["BaseMod","Colored Powertips","Minty Spire (QoL Compilation)","Quick Restart","Rare Cards Sparkle","StSLib"],"gold_per_floor":[139,154,154,154,229,229,4,4,4,4,53,102,151,200,200,325,325,404,423,93,112,161,161,199,199,249,249,298,298,213,228,228,228,228],"floor_reached":33,"language":"ENG","playtime":2271,"items_purged":["Injury"],"score":309,"play_id":"72a0409b-13ef-427f-9cfb-fa14745d134f","local_time":"20210208002821","daily_mods":["Shiny","Green Cards","Terminal"],"is_ascension_mode":false,"campfire_choices":[{"data":"LessonLearned","floor":6,"key":"SMITH"},{"data":"Wish","floor":8,"key":"SMITH"},{"floor":15,"key":"REST"},{"floor":23,"key":"REST"},{"floor":25,"key":"REST"},{"floor":27,"key":"REST"},{"floor":32,"key":"REST"}],"circlet_count":0,"master_deck":["Venomology+1","Corpse Explosion","Malaise","Phantasmal Killer","Die Die Die","Adrenaline","Envenom","Doppelganger","Burst","Wraith Form v2","Tools of the Trade","Night Terror","Unload","After Image","Bullet Time","Storm of Steel","Glass Knife","A Thousand Cuts","Grand Finale+1","Judgement+1","ConjureBlade","MasterReality","Brilliance","Devotion","Blasphemy","Ragnarok","LessonLearned+1","Scrawl","Vault","Alpha","Wish+1","Omniscience","Establishment","SpiritShield","DevaForm","DeusExMachina","ReachHeaven","Reflex","Well Laid Plans","Burst","Collect","Protect","Fasting2","Prostrate","Noxious Fumes+1","Shame","Evaluate","Setup"],"relics":["PureWater","Darkstone Periapt","Bloody Idol","OrangePellets","Ancient Tea Set","Cursed Key","Shuriken","Pen Nib","Oddly Smooth Stone","Calipers"],"acts_visited":["Exordium","TheCity"],"potions_floor_usage":[11,22,24,28,33,33],"damage_taken":[{"damage":3,"enemies":"Small Slimes","floor":1,"turns":4},{"damage":0,"enemies":"2 Louse","floor":2,"turns":1},{"damage":2,"enemies":"Jaw Worm","floor":11,"turns":4},{"damage":20,"enemies":"Gremlin Gang","floor":12,"turns":4},{"damage":11,"enemies":"Large Slime","floor":13,"turns":6},{"damage":7,"enemies":"Blue Slaver","floor":14,"turns":2},{"damage":17,"enemies":"Hexaghost","floor":16,"turns":6},{"damage":11,"enemies":"Chosen","floor":18,"turns":5},{"damage":0,"enemies":"3 Byrds","floor":19,"turns":3},{"damage":20,"enemies":"Centurion and Healer","floor":21,"turns":3},{"damage":16,"enemies":"Snake Plant","floor":22,"turns":5},{"damage":31,"enemies":"Slavers","floor":24,"turns":3},{"damage":0,"enemies":"Snecko","floor":28,"turns":8},{"damage":21,"enemies":"Shelled Parasite and Fungi","floor":31,"turns":6},{"damage":100002,"enemies":"Champ","floor":33,"turns":2}],"seed_played":"-2425098010432476902","potions_obtained":[{"floor":1,"key":"ColorlessPotion"},{"floor":16,"key":"Dexterity Potion"},{"floor":19,"key":"Block Potion"},{"floor":22,"key":"LiquidBronze"},{"floor":24,"key":"Ancient Potion"}],"is_trial":false,"path_per_floor":["M","M","?","?","?","R","$","R","T","?","M","M","M","M","R","B",null,"M","M","$","M","M","R","E","R","T","R","M","?","?","M","R","B"],"character_chosen":"WATCHER","items_purchased":["OrangePellets","Shuriken","Fasting2"],"campfire_rested":5,"item_purchase_floors":[7,20,20],"current_hp_per_floor":[68,68,61,67,56,56,56,56,56,61,59,39,28,21,41,24,65,54,54,54,34,18,36,5,22,28,46,46,46,46,30,47,0,0],"gold":228,"neow_bonus":"","is_daily":true,"chose_seed":false,"campfire_upgraded":2,"win_rate":0.0,"timestamp":1612762101,"path_taken":["M","M","?","?","?","R","$","R","T","?","M","M","?","M","R","BOSS","M","M","$","M","M","R","E","R","T","R","?","?","?","M","R","BOSS"],"items_purchased_type":["Relic","Relic","Card"],"build_version":"2020-12-22","purchased_purges":1,"victory":false,"max_hp_per_floor":[70,69,68,73,72,71,70,69,68,72,71,70,69,68,67,66,65,64,63,62,61,60,59,58,57,62,61,60,59,58,57,56,56,56],"card_choices":[{"not_picked":["Caltrops","FlyingSleeves","Endless Agony"],"picked":"SKIP","floor":1},{"not_picked":["Cloak And Dagger","LikeWater","PathToVictory"],"picked":"SKIP","floor":2},{"not_picked":["FollowUp","Distraction"],"picked":"ReachHeaven","floor":11},{"not_picked":["Halt","Prepared"],"picked":"Reflex","floor":12},{"not_picked":["Halt","Outmaneuver"],"picked":"Well Laid Plans","floor":13},{"not_picked":["PathToVictory","Study","Riddle With Holes"],"picked":"SKIP","floor":14},{"not_picked":["Storm of Steel","Night Terror"],"picked":"Burst","floor":16},{"not_picked":["Outmaneuver","Crippling Poison"],"picked":"Collect","floor":18},{"not_picked":["Prepared","FollowUp+1"],"picked":"Protect","floor":19},{"not_picked":["Burst","FlurryOfBlows"],"picked":"Prostrate","floor":21},{"not_picked":["Vengeance","Expertise","SashWhip"],"picked":"SKIP","floor":22},{"not_picked":["Sanctity","Vengeance+1"],"picked":"Noxious Fumes+1","floor":24},{"not_picked":["FlurryOfBlows","CutThroughFate"],"picked":"Evaluate","floor":28},{"not_picked":["Protect","FearNoEvil"],"picked":"Setup","floor":31}],"player_experience":1587113,"relics_obtained":[{"floor":9,"key":"Ancient Tea Set"},{"floor":24,"key":"Pen Nib"},{"floor":26,"key":"Oddly Smooth Stone"}],"event_choices":[{"damage_healed":0,"gold_gain":0,"player_choice":"Success","damage_taken":7,"relics_obtained":["Darkstone Periapt"],"max_hp_gain":0,"max_hp_loss":0,"event_name":"Scrap Ooze","floor":3,"gold_loss":0},{"damage_healed":0,"gold_gain":0,"player_choice":"Take Wound","damage_taken":0,"relics_obtained":["Golden Idol"],"max_hp_gain":0,"max_hp_loss":0,"event_name":"Golden Idol","floor":4,"gold_loss":0,"cards_obtained":["Injury"]},{"damage_healed":0,"gold_gain":75,"player_choice":"Gather Gold","damage_taken":11,"max_hp_gain":0,"max_hp_loss":0,"event_name":"World of Goop","floor":5,"gold_loss":0},{"damage_healed":0,"gold_gain":0,"player_choice":"Donut","damage_taken":0,"max_hp_gain":5,"max_hp_loss":0,"event_name":"Big Fish","floor":10,"gold_loss":0},{"damage_healed":0,"gold_gain":0,"player_choice":"Gave Idol","damage_taken":0,"relics_obtained":["Bloody Idol"],"max_hp_gain":0,"max_hp_loss":0,"event_name":"Forgotten Altar","floor":29,"relics_lost":["Golden Idol"],"gold_loss":0},{"damage_healed":0,"gold_gain":0,"player_choice":"Obtained Relic","damage_taken":0,"relics_obtained":["Calipers"],"max_hp_gain":0,"max_hp_loss":0,"event_name":"Addict","floor":30,"gold_loss":85}],"is_beta":false,"boss_relics":[{"not_picked":["Ectoplasm","Black Star"],"picked":"Cursed Key"}],"items_purged_floors":[7],"is_endless":false,"potions_floor_spawned":[1,16,19,22,24,28,31],"killed_by":"Champ","ascension_level":0}}