{"host":"78azdv0oxplymbah","time":1612754681,"event":{"mods":["Aspiration","BaseMod","Better Third Choice","BetterRewards","Challenge The Spire","Conspire","Highlight Path","Mimic Mod","Minty Spire (QoL Compilation)","MostiFishMod","Quick Restart","Relic Stats","Remove Card Discount Mod","Replay The Spire","RumiaBox-露米娅的神秘盒子","Spicy Shops","StSLib","TestMod","The Administrix","The Servant 0.9.4","UnlockEverythingMod","Waifu the Spire","【功能Mod】混沌之环修复补丁","【遗物卡牌】REMEMod"],"gold_per_floor":[112,129,129,148,158,187,187,197,197,214,234,38,38,74,74,175,175,188,207,207,223,223,258,276,309,347,359,359,395,407,20,20,119,119,137,137,158,108,87,119,135,73,73,110,132,0,0,11,11,15,15,15,9,41,46],"floor_reached":56,"language":"ZHS","playtime":2918,"items_purged":["Strike_S","Defend_S","Defend_S","Strike_S","Strike_S","Defend_S","Strike_S","Defend_S","Exchange","Shame","Writhe","Pride","Foresight","DoubleEdge","Ricochet","Gouge","Injury","Ricochet","Rearm","InstantArmor","MostiFishMod:ReprogramOld+1"],"score":1668,"play_id":"a7c48742-a63c-4616-8870-f29ce4387e2e","local_time":"20210208112441","is_ascension_mode":true,"campfire_choices":[{"floor":7,"key":"RECALL"},{"data":"SilverBlades","floor":13,"key":"SMITH"},{"data":"MostiFishMod:KingOfFree","floor":15,"key":"SMITH"},{"data":"Embodiment","floor":28,"key":"SMITH"},{"data":"BottledTime","floor":32,"key":"SMITH"},{"data":"Storm","floor":47,"key":"SMITH"},{"data":"ReplayTheSpireMod:Dual Polarity","floor":49,"key":"SMITH"},{"data":"TheWorld","floor":52,"key":"SMITH"}],"circlet_count":0,"master_deck":["KidneyShot","Defy","TheWorld+1","FanOfKnives","BottledTime","SilverBlades+1","MostiFishMod:KingOfFree+1","ForgedInTime","FIFO Queue","Embodiment+1","BottledTime+1","ReplayTheSpireMod:Dual Polarity+1","Foresight+1","Genetic Algorithm","Mirror Shield","BasicCrystalCard+1","ReplayTheSpireMod:Dual Polarity+1","Storm+1","Buffer","Defragment+1","MostiFishMod:ReadyAimFire"],"relics":["Uniform","DaveBox","REME_ComplimentaryCards","testmod-TestBox","testmod-Brilliant","RhineSuit","SynthV:TestCard","Baka2","FaceOfCleric","Blood Vial","Matryoshka","aspiration:DefectSkillbook","Kunai","Replay:Rubber Ducky","testmod-HeartOfStrike","Letter Opener","Vajra","aspiration:AnachronicSnailShell","Bottled Flame","Pear","ThornShield","GodSword5","Ancient Tea Set","Membership Card","RhineFirstAidKit","aspiration:AnachronicSnailShell","Garlic","testmod-FatalChain","Blood Vial","Replay:Baseball","Red Mask","aspiration:FetidBarrel"],"acts_visited":["Exordium","TheCity","TheBeyond","TheEnding"],"potions_floor_usage":[33,38,55,55,55],"damage_taken":[{"damage":0,"enemies":"Cultist","floor":1,"turns":2},{"damage":0,"enemies":"Small Slimes","floor":2,"turns":1},{"damage":2,"enemies":"Jaw Worm","floor":4,"turns":1},{"damage":0,"enemies":"Large Slime","floor":5,"turns":1},{"damage":8,"enemies":"Replay:BlueRogue","floor":6,"turns":3},{"damage":0,"enemies":"Blue Slaver","floor":8,"turns":2},{"damage":0,"enemies":"Exordium Wildlife","floor":10,"turns":1},{"damage":0,"enemies":"3 Louse","floor":11,"turns":1},{"damage":0,"enemies":"3 Sentries","floor":14,"turns":1},{"damage":0,"enemies":"Slime Boss","floor":16,"turns":2},{"damage":1,"enemies":"Chosen","floor":18,"turns":3},{"damage":0,"enemies":"conspire:FuzzyDice","floor":19,"turns":2},{"damage":0,"enemies":"Centurion and Healer","floor":21,"turns":1},{"damage":0,"enemies":"conspire:Head Lice","floor":23,"turns":2},{"damage":0,"enemies":"Snake Plant","floor":24,"turns":2},{"damage":25,"enemies":"Gremlin Leader","floor":25,"turns":4},{"damage":0,"enemies":"Snake Plant","floor":26,"turns":2},{"damage":0,"enemies":"Snake Plant","floor":27,"turns":1},{"damage":1,"enemies":"Slavers","floor":29,"turns":2},{"damage":0,"enemies":"Chosen and Byrds","floor":30,"turns":1},{"damage":0,"enemies":"Collector","floor":33,"turns":3},{"damage":6,"enemies":"3 Darklings","floor":35,"turns":2},{"damage":2,"enemies":"Orb Walker","floor":37,"turns":2},{"damage":0,"enemies":"Transient","floor":38,"turns":5},{"damage":10,"enemies":"Spire Growth","floor":39,"turns":4},{"damage":4,"enemies":"Nemesis","floor":40,"turns":5},{"damage":0,"enemies":"4 Shapes","floor":41,"turns":1},{"damage":20,"enemies":"R_Hoarder","floor":44,"turns":8},{"damage":0,"enemies":"Maw","floor":45,"turns":6},{"damage":0,"enemies":"Spire Growth","floor":48,"turns":3},{"damage":0,"enemies":"Time Eater","floor":50,"turns":6},{"damage":5,"enemies":"Shield and Spear","floor":54,"turns":3},{"damage":9,"enemies":"The Heart","floor":55,"turns":8}],"seed_played":"-7925267613132757369","potions_obtained":[{"floor":4,"key":"Strength Potion"},{"floor":5,"key":"Explosive Potion"},{"floor":6,"key":"EssenceOfSteel"},{"floor":16,"key":"BlessingOfTheForge"},{"floor":29,"key":"PowerPotion"},{"floor":33,"key":"Fruit Juice"},{"floor":35,"key":"Strength Potion"},{"floor":38,"key":"REME_GoldPotion"},{"floor":39,"key":"Swift Potion"},{"floor":54,"key":"testmod-TestPotion"}],"is_trial":false,"path_per_floor":["M","M","?","M","M","E","R","M","T","M","M","$","R","E","R","B",null,"M","M","?","M","?","E","MIM","E","MIM","M","R","E","M","$","R","B",null,"M","?","M","M","M","E","M","$","T","E","M","?","R","M","R","B",null,"R","$","E","B",null],"character_chosen":"THE_SERVANT","items_purchased":["MostiFishMod:KingOfFree","GodSword5","Ancient Tea Set","Membership Card","testmod-FatalChain"],"campfire_rested":0,"item_purchase_floors":[12,31,31,31,42],"current_hp_per_floor":[71,71,71,70,73,66,66,69,69,72,75,75,75,78,78,79,79,79,81,81,82,82,83,84,62,76,80,80,85,89,89,89,105,108,109,99,101,111,107,113,114,114,114,97,106,106,106,111,111,118,118,118,118,114,115],"gold":46,"neow_bonus":"TEN_PERCENT_HP_BONUS","is_daily":false,"chose_seed":false,"campfire_upgraded":7,"win_rate":0.0,"timestamp":1612754681,"path_taken":["M","M","?","?","M","E","R","M","T","M","M","$","R","E","R","BOSS","M","?","?","M","?","E","?","E","MIM","M","R","E","M","$","R","BOSS","M","?","M","?","?","E","M","?","T","E","M","?","R","M","R","BOSS","R","$","E","BOSS"],"items_purchased_type":["Card","Relic","Relic","Relic","Relic"],"build_version":"2020-12-22","purchased_purges":21,"victory":true,"max_hp_per_floor":[71,71,71,72,73,74,74,75,75,76,77,77,77,78,78,79,79,80,81,81,82,82,83,84,85,96,97,97,98,99,99,99,108,108,109,109,110,111,112,113,114,114,114,115,116,116,116,117,117,118,118,118,118,119,120],"relic_stats":{"Blood Vial":41,"FaceOfCleric":31,"counters":[33,90],"Kunai":[7],"Letter Opener":[234],"obtain_stats":[{"testmod-HeartOfStrike":23,"DaveBox":0,"Vajra":24,"RhineSuit":0,"Uniform":0,"Ancient Tea Set":31,"Replay:Rubber Ducky":22,"Blood Vial":6,"testmod-Brilliant":0,"Baka2":2,"Matryoshka":9,"RhineFirstAidKit":34,"FaceOfCleric":3,"aspiration:DefectSkillbook":17,"aspiration:AnachronicSnailShell":25,"Red Mask":46,"Kunai":20,"testmod-TestBox":0,"Pear":26,"aspiration:FetidBarrel":54,"testmod-FatalChain":42,"Baka":1,"Letter Opener":24,"ThornShield":29,"Bottled Flame":26,"Replay:Baseball":44,"SynthV:TestCard":1,"Garlic":40,"GodSword5":31,"Membership Card":31,"REME_ComplimentaryCards":0},{"testmod-HeartOfStrike":14,"DaveBox":0,"Vajra":15,"RhineSuit":0,"Uniform":0,"Ancient Tea Set":20,"Replay:Rubber Ducky":13,"Blood Vial":5,"testmod-Brilliant":0,"Baka2":2,"Matryoshka":6,"RhineFirstAidKit":21,"FaceOfCleric":2,"aspiration:DefectSkillbook":10,"aspiration:AnachronicSnailShell":16,"Red Mask":29,"Kunai":12,"testmod-TestBox":0,"Pear":17,"aspiration:FetidBarrel":32,"testmod-FatalChain":27,"Baka":1,"Letter Opener":15,"ThornShield":19,"Bottled Flame":17,"Replay:Baseball":28,"SynthV:TestCard":1,"Garlic":26,"GodSword5":20,"Membership Card":20,"REME_ComplimentaryCards":0},{"testmod-HeartOfStrike":23,"DaveBox":0,"Vajra":25,"RhineSuit":0,"Uniform":0,"Ancient Tea Set":34,"Replay:Rubber Ducky":21,"Blood Vial":8,"testmod-Brilliant":0,"Baka2":3,"Matryoshka":10,"RhineFirstAidKit":37,"FaceOfCleric":3,"aspiration:DefectSkillbook":15,"aspiration:AnachronicSnailShell":28,"Red Mask":70,"Kunai":20,"testmod-TestBox":0,"Pear":30,"aspiration:FetidBarrel":82,"testmod-FatalChain":56,"Baka":2,"Letter Opener":25,"ThornShield":33,"Bottled Flame":30,"Replay:Baseball":64,"SynthV:TestCard":2,"Garlic":55,"GodSword5":34,"Membership Card":34,"REME_ComplimentaryCards":0}]},"card_choices":[{"not_picked":["Potential","Replace"],"picked":"DoubleEdge","floor":1},{"not_picked":["Misdirection","WasteNot","Advance","Alleviate"],"picked":"Defy","floor":2},{"not_picked":["Misdirection","Potential","Spin","Alleviate"],"picked":"Ricochet","floor":4},{"not_picked":["Alleviate","BottledTime","ShiftingGears","Barrier"],"picked":"TheWorld","floor":5},{"not_picked":["ShatteredReality","Defy","FastForward","Moonlight"],"picked":"Ricochet","floor":6},{"not_picked":["Defy","FastForward","Gouge","Revamp"],"picked":"FanOfKnives","floor":8},{"not_picked":["TimeWarp","Comet","Replace","ShatteredReality"],"picked":"BottledTime","floor":8},{"not_picked":["BottledTime","Unruled","KillingDoll","Alleviate"],"picked":"Gouge","floor":8},{"not_picked":["Rewind","SpecialFormula","Alleviate","Gouge","Moondial"],"picked":"SKIP","floor":8},{"not_picked":["Unruled","FastForward","TimeWarp","Spin"],"picked":"InstantArmor","floor":10},{"not_picked":["Ricochet","TimeWarp","FanOfKnives","Defy"],"picked":"SilverBlades","floor":11},{"not_picked":["Revamp","Starlight","TimeWarp","Rewind","Snipe"],"picked":"SKIP","floor":14},{"not_picked":["SoulSculpture","Solidify","Duplication","FlawlessForm"],"picked":"ForgedInTime","floor":16},{"not_picked":["Spin","ReplayTheSpireMod:Repulse+1","Static Discharge","TimeWarp+1","Go for the Eyes","Ball Lightning"],"picked":"SKIP","floor":18},{"not_picked":["Consume+1","Replace","Go for the Eyes+1","Conserve Battery+1","FIFO Queue+1","MostiFishMod:FluxCapactior"],"picked":"SKIP","floor":19},{"not_picked":["ReplaySolidLightProjector+1","DoubleEdge","Static Discharge+1","Potential+1","Steam Power"],"picked":"FIFO Queue","floor":21},{"not_picked":["MostiFishMod:GatherIntelligence+1","Barrier+1","Moondial","Snipe","DualDimension+1"],"picked":"Embodiment","floor":23},{"not_picked":["InstantArmor","ReplaySolidLightProjector+1","Ricochet","Unruled","Advance"],"picked":"BottledTime","floor":24},{"not_picked":["Spin","MoonPhase","BottledTime+1","SpecialFormula+1","Leap"],"picked":"Foresight","floor":25},{"not_picked":["MostiFishMod:PushDownKick","Defy+1","Compile Driver+1","Read","DoubleEdge","ReturningBlade"],"picked":"SKIP","floor":27},{"not_picked":["MostiFishMod:FluxCapactior+1","Chill","Sabotage","Ball Lightning","BasicCrystalCard"],"picked":"ReplayTheSpireMod:Dual Polarity+1","floor":29},{"not_picked":["Hightail","Melter","Unruled+1","Reset","Steam"],"picked":"Genetic Algorithm","floor":30},{"not_picked":["FlawlessForm","TheWorld","PendulumOfEternity","All For One","MostiFishMod:Exploitation"],"picked":"Mirror Shield","floor":33},{"not_picked":["Ball Lightning+1","FanOfKnives","REME_DataAnalysis","Coolheaded+1","Scrape"],"picked":"Rearm","floor":35},{"not_picked":["Turbo","Compile Driver","Ball Lightning+1","Defy+1","Potential+1"],"picked":"BasicCrystalCard+1","floor":37},{"not_picked":["Hello World","Reprogram","ReplaySort","Meteor Strike","REME_Whirling+1"],"picked":"ReplayTheSpireMod:Dual Polarity","floor":38},{"not_picked":["BestPractice","Compile Driver","REME_Whirling","Reinforced Body","Desolation"],"picked":"MostiFishMod:ReprogramOld+1","floor":39},{"not_picked":["ReplayTheSpireMod:Repulse","FlawlessForm","Rearm","BasicCrystalCard","ShatteredReality+1","Go for the Eyes"],"picked":"SKIP","floor":40},{"not_picked":["ReplayTheSpireMod:Calculation Training","Steam+1","Spin","Streamline","ReplayTheSpireMod:System Scan+1"],"picked":"Storm","floor":41},{"not_picked":["TimeWarp","MostiFishMod:InterfaceCompatibility","Streamline+1","Cold Snap+1","Coolheaded+1","Defy+1"],"picked":"Buffer","floor":44},{"not_picked":["Hologram+1","REME_Whirling+1","StarChef+1","Undo+1","Leap"],"picked":"Defragment+1","floor":45},{"not_picked":["Unruled","Sweeping Beam+1","Spin+1","Glacier+1","GearUp","Panic Button+1"],"picked":"SKIP","floor":48},{"not_picked":["BottledTime+1","WasteNot+1","Scrape+1","Comet","Compile Driver"],"picked":"MostiFishMod:ReadyAimFire","floor":54}],"player_experience":51131,"relics_obtained":[{"floor":1,"key":"SynthV:TestCard"},{"floor":1,"key":"Baka"},{"floor":2,"key":"Baka2"},{"floor":6,"key":"Blood Vial"},{"floor":9,"key":"Matryoshka"},{"floor":23,"key":"testmod-HeartOfStrike"},{"floor":24,"key":"Letter Opener"},{"floor":24,"key":"Vajra"},{"floor":25,"key":"aspiration:AnachronicSnailShell"},{"floor":26,"key":"Bottled Flame"},{"floor":26,"key":"Pear"},{"floor":29,"key":"ThornShield"},{"floor":37,"key":"aspiration:AnachronicSnailShell"},{"floor":40,"key":"Garlic"},{"floor":44,"key":"Blood Vial"},{"floor":44,"key":"Replay:Baseball"},{"floor":54,"key":"aspiration:FetidBarrel"}],"event_choices":[{"damage_healed":0,"gold_gain":0,"player_choice":"Trade","damage_taken":0,"relics_obtained":["FaceOfCleric"],"max_hp_gain":0,"max_hp_loss":0,"event_name":"FaceTrader","floor":3,"gold_loss":0},{"damage_healed":0,"gold_gain":0,"player_choice":"Stole Relic","damage_taken":0,"relics_obtained":["Kunai"],"max_hp_gain":0,"max_hp_loss":0,"event_name":"Addict","floor":20,"gold_loss":0,"cards_obtained":["Shame"]},{"damage_healed":0,"gold_gain":0,"player_choice":"Opened","damage_taken":0,"relics_obtained":["Replay:Rubber Ducky"],"max_hp_gain":0,"max_hp_loss":0,"event_name":"The Mausoleum","floor":22,"gold_loss":0,"cards_obtained":["Writhe"]},{"damage_healed":0,"gold_gain":0,"player_choice":"Damaged","damage_taken":10,"max_hp_gain":0,"max_hp_loss":0,"event_name":"Wheel of Change","floor":36,"gold_loss":0},{"damage_healed":0,"gold_gain":0,"player_choice":"Paid","damage_taken":0,"relics_obtained":["Red Mask"],"max_hp_gain":0,"max_hp_loss":0,"event_name":"Tomb of Lord Red Mask","floor":46,"gold_loss":132}],"is_beta":false,"boss_relics":[{"not_picked":["Snecko Eye","Astrolabe"],"picked":"aspiration:DefectSkillbook"},{"not_picked":["AddBug","conspire:RoyalGoblet"],"picked":"RhineFirstAidKit"}],"items_purged_floors":[12,12,12,12,12,12,12,12,12,31,31,31,31,31,31,31,42,42,53,53,53],"is_endless":false,"potions_floor_spawned":[4,5,6,14,16,21,23,27,29,33,35,38,39,54],"ascension_level":1}}