{"host":"zsnmfqgcm92hlreo","time":1612823647,"event":{"mods":["AchievementEnabler","BaseMod","Bestiary","Block Reminder","Colored Map","Colored Powertips","Minty Spire (QoL Compilation)","Permanent Neow","Quick Restart","Relic Stats","StSLib","Weighted Paths"],"gold_per_floor":[125,148,180,192,204,216,228,266,278,290,302,314,326,326],"floor_reached":13,"language":"ENG","playtime":335,"items_purged":[],"score":212,"play_id":"d0762339-ddea-48f0-a1cb-238983acf70c","local_time":"20210208163407","is_ascension_mode":true,"campfire_choices":[{"data":"Bash","floor":6.0,"key":"SMITH"},{"data":"Body Slam","floor":10.0,"key":"SMITH"},{"data":"Armaments","floor":12,"key":"SMITH"}],"circlet_count":0,"master_deck":["AscendersBane","Strike_R","Strike_R","Strike_R","Strike_R","Strike_R","Defend_R","Defend_R","Defend_R","Defend_R","Bash+1","CurseOfTheBell","Armaments+1","Body Slam+1","Power Through","Shrug It Off"],"relics":["Calling Bell","MawBank","Sundial","Dead Branch","Gremlin Horn","Tiny Chest","Frozen Egg 2"],"acts_visited":["Exordium"],"potions_floor_usage":[],"damage_taken":[{"damage":11.0,"enemies":"Small Slimes","floor":1.0,"turns":4.0},{"damage":11.0,"enemies":"2 Louse","floor":2.0,"turns":3.0},{"damage":1.0,"enemies":"Cultist","floor":3.0,"turns":4.0},{"damage":2.0,"enemies":"Lagavulin","floor":8.0,"turns":7.0},{"damage":59,"enemies":"Gremlin Nob","floor":13,"turns":4}],"seed_played":"1240035750350646196","potions_obtained":[{"floor":1.0,"key":"EntropicBrew"}],"is_trial":false,"path_per_floor":["M","M","M","?","?","R","?","E","T","R","?","R","E"],"character_chosen":"IRONCLAD","items_purchased":[],"campfire_rested":0,"item_purchase_floors":[],"current_hp_per_floor":[57,46,45,70,70,70,59,57,57,57,57,57,0,0],"gold":326,"neow_bonus":"BOSS_RELIC","is_daily":false,"chose_seed":false,"campfire_upgraded":3,"win_rate":0.0,"timestamp":1612823647,"path_taken":["M","M","M","?","?","R","?","E","T","R","?","R","E"],"items_purchased_type":[],"build_version":"2020-12-22","purchased_purges":0,"victory":false,"max_hp_per_floor":[75,75,75,75,75,75,75,75,75,75,75,75,75,75],"relic_stats":{"Gremlin Horn":[0,0],"counters":[5,22],"Sundial":[4],"Dead Branch":[10],"Tiny Chest":0,"MawBank":156,"obtain_stats":[{"Calling Bell":0,"Gremlin Horn":7,"Sundial":0,"Dead Branch":0,"Tiny Chest":8,"Frozen Egg 2":9,"MawBank":0,"Burning Blood":0},{"Calling Bell":0,"Gremlin Horn":3,"Sundial":0,"Dead Branch":0,"Tiny Chest":4,"Frozen Egg 2":4,"MawBank":0,"Burning Blood":0},{"Calling Bell":0,"Gremlin Horn":11,"Sundial":0,"Dead Branch":0,"Tiny Chest":18,"Frozen Egg 2":18,"MawBank":0,"Burning Blood":0}]},"card_choices":[{"not_picked":["Entrench","Heavy Blade"],"picked":"Armaments","floor":1.0},{"not_picked":["Thunderclap","Havoc"],"picked":"Body Slam","floor":2.0},{"not_picked":["Body Slam","Anger"],"picked":"Power Through","floor":3.0},{"not_picked":["Sword Boomerang","Evolve"],"picked":"Shrug It Off","floor":8.0}],"player_experience":1050717,"relics_obtained":[{"floor":0.0,"key":"MawBank"},{"floor":0.0,"key":"Sundial"},{"floor":0.0,"key":"Dead Branch"},{"floor":8.0,"key":"Tiny Chest"},{"floor":9.0,"key":"Frozen Egg 2"}],"event_choices":[{"damage_healed":25.0,"max_hp_gain":0.0,"max_hp_loss":0.0,"gold_gain":0.0,"event_name":"Big Fish","player_choice":"Banana","floor":4.0,"gold_loss":0.0,"damage_taken":0.0},{"damage_healed":0.0,"max_hp_gain":0.0,"max_hp_loss":0.0,"gold_gain":0.0,"event_name":"The Cleric","player_choice":"Leave","floor":5.0,"gold_loss":0.0,"damage_taken":0.0},{"damage_healed":0.0,"max_hp_gain":0.0,"max_hp_loss":0.0,"gold_gain":0.0,"event_name":"Scrap Ooze","player_choice":"Success","floor":7.0,"gold_loss":0.0,"damage_taken":11.0,"relics_obtained":["Gremlin Horn"]},{"damage_healed":0,"gold_gain":0,"player_choice":"Ignored","damage_taken":0,"max_hp_gain":0,"max_hp_loss":0,"event_name":"Shining Light","floor":11,"gold_loss":0}],"is_beta":false,"boss_relics":[],"items_purged_floors":[],"is_endless":false,"potions_floor_spawned":[1,3],"killed_by":"Gremlin Nob","ascension_level":20}}