{"host":"a464imauj9yqom7y","time":1612750970,"event":{"mods":["AchievementEnabler","BaseMod","Better Altar","Better Match","Better Note","Better Sensory Stone","Better Skull","BetterRewards","ChefMod","Colored Map","Colored Powertips","Hermit","Minty Spire (QoL Compilation)","Rare Cards Sparkle","Robot Space Explorer","Somnambulant","StSLib","The Marked","The Runesmith","TheBandit"],"gold_per_floor":[110,110,127,127,143,143,156,156,211,239,254,281,281,281,281,382,382,398,398,408,252,271,271,290,303,303,303,303,303,315,330,330,428,428,441,45,45,65,76,76,106,106,106,106,124,124,124,136,136,136],"floor_reached":51,"language":"ENG","playtime":2840,"items_purged":[],"score":839,"play_id":"4aca520e-ec4f-49b1-be3d-fff8c0f526ca","local_time":"20210207202250","is_ascension_mode":false,"campfire_choices":[{"data":"Blur","floor":6,"key":"SMITH"},{"data":"Dodge and Roll","floor":8,"key":"SMITH"},{"data":"Quick Slash","floor":13,"key":"SMITH"},{"floor":15,"key":"REST"},{"data":"Catalyst","floor":23,"key":"SMITH"},{"floor":27,"key":"REST"},{"data":"Bullet Time","floor":29,"key":"SMITH"},{"floor":32,"key":"REST"},{"floor":40,"key":"REST"},{"data":"Burst","floor":42,"key":"SMITH"},{"data":"Noxious Fumes","floor":44,"key":"SMITH"},{"data":"Catalyst","floor":47,"key":"SMITH"},{"floor":49,"key":"REST"}],"circlet_count":0,"master_deck":["Strike_G","Strike_G","Strike_G","Defend_G","Defend_G+1","Defend_G","Survivor","Neutralize","Skewer+1","Leg Sweep+1","Blur+1","Prepared+1","Acrobatics","Dodge and Roll+1","Quick Slash+1","Dagger Throw+1","Reflex","Burst+1","Blur","Leg Sweep+1","Catalyst+1","Noxious Fumes","Deadly Poison","Bullet Time+1","Noxious Fumes+1","Dagger Throw","Flying Knee","Slice","Night Terror","Deadly Poison+1","Wraith Form v2","Dodge and Roll+1","Catalyst+1","Noxious Fumes","Noxious Fumes+1"],"relics":["Astrolabe","HornCleat","War Paint","Bronze Scales","Runesmith:Nanobots","Snecko Eye","Ninja Scroll","WristBlade","TwistedFunnel","Bottled Tornado","MealTicket","Centennial Puzzle"],"acts_visited":["Exordium","TheCity","TheBeyond"],"potions_floor_usage":[10,24,33,41,41,50],"damage_taken":[{"damage":3,"enemies":"Jaw Worm","floor":1,"turns":4},{"damage":0,"enemies":"Small Slimes","floor":3,"turns":4},{"damage":2,"enemies":"2 Louse","floor":5,"turns":4},{"damage":0,"enemies":"2 Fungi Beasts","floor":7,"turns":4},{"damage":0,"enemies":"3 Sentries","floor":10,"turns":8},{"damage":5,"enemies":"Large Slime","floor":11,"turns":7},{"damage":11,"enemies":"Lagavulin","floor":12,"turns":8},{"damage":20,"enemies":"Hexaghost","floor":16,"turns":12},{"damage":4,"enemies":"Shell Parasite","floor":18,"turns":3},{"damage":13,"enemies":"Chosen","floor":20,"turns":5},{"damage":0,"enemies":"Shelled Parasite and Fungi","floor":22,"turns":6},{"damage":15,"enemies":"Snake Plant","floor":24,"turns":3},{"damage":11,"enemies":"Chosen and Byrds","floor":25,"turns":7},{"damage":0,"enemies":"Cultist and Chosen","floor":30,"turns":8},{"damage":0,"enemies":"Snecko","floor":31,"turns":4},{"damage":0,"enemies":"Automaton","floor":33,"turns":12},{"damage":0,"enemies":"3 Shapes","floor":35,"turns":5},{"damage":23,"enemies":"3 Darklings","floor":38,"turns":11},{"damage":11,"enemies":"Transient","floor":39,"turns":5},{"damage":0,"enemies":"Giant Head","floor":41,"turns":5},{"damage":10,"enemies":"Writhing Mass","floor":45,"turns":6},{"damage":9,"enemies":"Maw","floor":48,"turns":6},{"damage":35,"enemies":"Donu and Deca","floor":50,"turns":8}],"seed_played":"-2487655955876841040","potions_obtained":[{"floor":3,"key":"Explosive Potion"},{"floor":5,"key":"LiquidMemories"},{"floor":11,"key":"SmokeBomb"},{"floor":16,"key":"BlessingOfTheForge"},{"floor":22,"key":"Energy Potion"},{"floor":24,"key":"DuplicationPotion"},{"floor":38,"key":"Energy Potion"},{"floor":39,"key":"Poison Potion"},{"floor":48,"key":"FearPotion"}],"is_trial":false,"path_per_floor":["M","?","M","T","M","R","M","R","T","E","M","E","R","?","R","B",null,"M","?","M","$","M","R","M","M","T","R","?","R","M","M","R","B",null,"M","$","?","M","M","R","E","R","T","R","M","?","R","M","R","B",null],"character_chosen":"THE_SILENT","items_purchased":["Catalyst","Noxious Fumes","TwistedFunnel","Bottled Tornado"],"campfire_rested":5,"item_purchase_floors":[21,21,36,36],"current_hp_per_floor":[67,67,67,67,65,65,65,65,65,65,60,49,49,49,70,50,70,66,66,53,53,53,53,38,27,27,48,48,48,48,48,69,69,70,70,70,56,33,22,43,43,43,43,43,33,33,33,24,45,10],"gold":136,"neow_bonus":"BOSS_RELIC","is_daily":false,"chose_seed":false,"campfire_upgraded":8,"win_rate":0.0,"timestamp":1612750970,"path_taken":["M","?","M","?","M","R","M","R","T","E","M","E","R","?","R","BOSS","M","?","M","$","M","R","M","M","T","R","?","R","M","M","R","BOSS","M","$","?","M","M","R","E","R","T","R","M","?","R","M","R","BOSS"],"items_purchased_type":["Card","Card","Relic","Relic"],"build_version":"2020-12-22","purchased_purges":0,"victory":true,"max_hp_per_floor":[70,70,70,70,70,70,70,70,70,70,70,70,70,70,70,70,70,70,70,70,70,70,70,70,70,70,70,70,70,70,70,70,70,70,70,70,70,70,70,70,70,70,70,70,70,70,70,70,70,70],"card_choices":[{"not_picked":["PiercingWail","Acrobatics"],"picked":"Blur","floor":1},{"not_picked":["Tactician","PiercingWail"],"picked":"Prepared","floor":3},{"not_picked":["Sucker Punch","Riddle With Holes"],"picked":"Acrobatics","floor":5},{"not_picked":["Footwork","Backstab"],"picked":"Dodge and Roll","floor":7},{"not_picked":["Accuracy","Choke"],"picked":"Quick Slash","floor":10},{"not_picked":["Blade Dance","PiercingWail"],"picked":"Dagger Throw","floor":11},{"not_picked":["Die Die Die","Accuracy"],"picked":"Reflex","floor":12},{"not_picked":["Doppelganger","Storm of Steel"],"picked":"Burst","floor":16},{"not_picked":["Outmaneuver","Deadly Poison+1"],"picked":"Blur","floor":18},{"not_picked":["Dagger Spray+1","Slice"],"picked":"Leg Sweep+1","floor":20},{"not_picked":["Quick Slash","Underhanded Strike"],"picked":"Deadly Poison","floor":22},{"not_picked":["Flying Knee","Cloak And Dagger"],"picked":"Bullet Time","floor":24},{"not_picked":["Flying Knee","Riddle With Holes"],"picked":"Noxious Fumes","floor":25},{"not_picked":["All Out Attack+1","Sucker Punch"],"picked":"Flying Knee","floor":30},{"not_picked":["Deadly Poison","Cloak And Dagger"],"picked":"Slice","floor":31},{"not_picked":["Glass Knife","Malaise"],"picked":"Night Terror","floor":33},{"not_picked":["Backstab","Flying Knee"],"picked":"Deadly Poison+1","floor":35},{"not_picked":["Well Laid Plans","Quick Slash"],"picked":"Dodge and Roll+1","floor":38},{"not_picked":["Cloak And Dagger","Underhanded Strike"],"picked":"Catalyst","floor":39},{"not_picked":["Endless Agony+1","Choke+1"],"picked":"Noxious Fumes","floor":41},{"not_picked":["Terror+1","Eviscerate+1","Dodge and Roll"],"picked":"SKIP","floor":45},{"not_picked":["Dodge and Roll+1","Underhanded Strike+1"],"picked":"Noxious Fumes+1","floor":48}],"player_experience":62337,"relics_obtained":[{"floor":4,"key":"HornCleat"},{"floor":9,"key":"War Paint"},{"floor":10,"key":"Bronze Scales"},{"floor":12,"key":"Runesmith:Nanobots"},{"floor":26,"key":"Ninja Scroll"},{"floor":41,"key":"MealTicket"},{"floor":43,"key":"Centennial Puzzle"}],"event_choices":[{"damage_healed":0,"gold_gain":0,"player_choice":"Leave","damage_taken":0,"max_hp_gain":0,"max_hp_loss":0,"event_name":"The Cleric","floor":2,"gold_loss":0},{"damage_healed":0,"gold_gain":0,"player_choice":"Grow","damage_taken":0,"max_hp_gain":0,"max_hp_loss":0,"event_name":"Living Wall","floor":14,"gold_loss":0,"cards_upgraded":["Dagger Throw"]},{"cards_removed":["Defend_G"],"damage_healed":0,"gold_gain":0,"player_choice":"Purged","damage_taken":0,"max_hp_gain":0,"max_hp_loss":0,"event_name":"Purifier","floor":19,"gold_loss":0},{"damage_healed":0,"gold_gain":0,"cards_transformed":["Malaise"],"player_choice":"Transformed","damage_taken":0,"max_hp_gain":0,"max_hp_loss":0,"event_name":"Transmorgrifier","floor":28,"gold_loss":0,"cards_obtained":["Dagger Throw"]},{"damage_healed":0,"gold_gain":3,"player_choice":"2","damage_taken":0,"max_hp_gain":0,"max_hp_loss":14,"event_name":"betterStone:BetterStone","floor":37,"gold_loss":0},{"damage_healed":0,"gold_gain":0,"player_choice":"Ignored","damage_taken":0,"max_hp_gain":0,"max_hp_loss":0,"event_name":"Mysterious Sphere","floor":46,"gold_loss":0}],"is_beta":false,"boss_relics":[{"not_picked":["Fusion Hammer","Runic Dome"],"picked":"Snecko Eye"},{"not_picked":["Coffee Dripper","Velvet Choker"],"picked":"WristBlade"}],"items_purged_floors":[],"is_endless":false,"potions_floor_spawned":[3,5,11,16,22,24,38,39,48],"ascension_level":0}}