{"host":"d61fcf2p3sjwe6yo","time":1612786136,"event":{"mods":["BaseMod","Colored Map","Gremlin Mod","Hermit","Minty Spire (QoL Compilation)","StSLib","SuperFastMode","The Hierophant"],"gold_per_floor":[361,380,380,391,408,435,435,492,492,520,520,520,107,117,117,214,214,226,241,254,265,265,265,73,92,118,118,144,164,199,219,219,320,320,339,359,359,359,359],"floor_reached":38,"language":"ENG","playtime":2242,"items_purged":["Gremlin:Strike"],"score":553,"play_id":"ac660aca-6a00-4bb4-8f92-5ef99d8141e5","local_time":"20210208150856","is_ascension_mode":false,"campfire_choices":[{"data":"Gremlin:BulkUp","floor":7,"key":"SMITH"},{"data":"Apotheosis","floor":15,"key":"SMITH"},{"data":"Gremlin:Scatter","floor":27,"key":"SMITH"},{"data":"Gremlin:ShadowShiv","floor":32,"key":"SMITH"}],"circlet_count":0,"master_deck":["Gremlin:Strike","Gremlin:Strike","Gremlin:Strike","Gremlin:Defend","Gremlin:Defend","Gremlin:Defend","Gremlin:Defend","Gremlin:TagTeam","Gremlin:GremlinDance","Gremlin:Stupend","Gremlin:Scatter+1","Gremlin:TwistTheKnife","Gremlin:DaggerDance","Gremlin:BulkUp+1","Gremlin:Scatter+1","Apotheosis+1","Gremlin:FeelTheAudience","Gremlin:Necromancy","Gremlin:Glimmer+1","Gremlin:GlitterGuard","Gremlin:Tadah","Gremlin:ProperTools","Gremlin:Pinprick","Gremlin:ShadowShiv+1","Gremlin:Exacerbate","Gremlin:Pinprick+1","Gremlin:Changeo"],"relics":["Gremlin:GremlinKnob","Juzu Bracelet","Darkstone Periapt","Bag of Marbles","ClockworkSouvenir","Coffee Dripper","Strawberry","MealTicket","Thread and Needle","Turnip","Sozu"],"acts_visited":["Exordium","TheCity","TheBeyond"],"potions_floor_usage":[6,25,30],"damage_taken":[{"damage":0,"enemies":"Small Slimes","floor":1,"turns":3},{"damage":0,"enemies":"Cultist","floor":2,"turns":3},{"damage":0,"enemies":"Jaw Worm","floor":4,"turns":5},{"damage":7,"enemies":"Blue Slaver","floor":5,"turns":4},{"damage":18,"enemies":"Gremlin Nob","floor":6,"turns":5},{"damage":0,"enemies":"Gremlin Nob","floor":8,"turns":5},{"damage":20,"enemies":"3 Sentries","floor":10,"turns":10},{"damage":0,"enemies":"Looter","floor":14,"turns":4},{"damage":0,"enemies":"Hexaghost","floor":16,"turns":10},{"damage":0,"enemies":"Spheric Guardian","floor":18,"turns":5},{"damage":7,"enemies":"2 Thieves","floor":19,"turns":4},{"damage":7,"enemies":"Centurion and Healer","floor":20,"turns":9},{"damage":0,"enemies":"Sentry and Sphere","floor":21,"turns":7},{"damage":5,"enemies":"Snake Plant","floor":25,"turns":2},{"damage":24,"enemies":"Book of Stabbing","floor":28,"turns":8},{"damage":0,"enemies":"Centurion and Healer","floor":29,"turns":9},{"damage":0,"enemies":"Gremlin Leader","floor":30,"turns":5},{"damage":0,"enemies":"3 Cultists","floor":31,"turns":3},{"damage":0,"enemies":"Champ","floor":33,"turns":8},{"damage":16,"enemies":"3 Darklings","floor":35,"turns":5},{"damage":15,"enemies":"Orb Walker","floor":36,"turns":4},{"damage":13,"enemies":"4 Shapes","floor":38,"turns":2}],"seed_played":"7837419211611562221","potions_obtained":[{"floor":1,"key":"DistilledChaos"},{"floor":6,"key":"EssenceOfSteel"},{"floor":8,"key":"FearPotion"},{"floor":10,"key":"SkillPotion"},{"floor":20,"key":"Fire Potion"},{"floor":25,"key":"Swift Potion"},{"floor":29,"key":"Fruit Juice"},{"floor":33,"key":"DuplicationPotion"}],"is_trial":false,"path_per_floor":["M","M","?","M","M","E","R","?","T","E","?","?","$","M","R","B",null,"M","M","M","M","?","R","$","M","T","R","E","M","E","M","R","B",null,"M","M","?","M"],"character_chosen":"GREMLIN","items_purchased":["Apotheosis","ClockworkSouvenir","Strawberry","Gremlin:ProperTools"],"campfire_rested":0,"item_purchase_floors":[13,13,24,24],"current_hp_per_floor":[19,19,19,19,19,1,1,19,19,3,1,1,1,10,10,10,19,19,19,12,12,12,12,14,15,15,15,3,3,3,4,4,3,21,21,13,13,20,20],"gold":359,"neow_bonus":"TWO_FIFTY_GOLD","is_daily":false,"chose_seed":false,"campfire_upgraded":4,"win_rate":0.0,"timestamp":1612786136,"path_taken":["M","M","?","M","?","E","R","?","T","E","?","?","$","M","R","BOSS","M","M","M","M","?","R","$","M","T","R","E","M","E","M","R","BOSS","M","M","?","M"],"items_purchased_type":["Card","Relic","Relic","Card"],"build_version":"2020-12-22","purchased_purges":1,"victory":false,"max_hp_per_floor":[19,19,19,19,19,19,19,19,19,19,19,19,19,19,19,19,19,19,19,19,19,19,18,20,20,20,20,20,20,21,21,21,21,21,21,21,20,20,20],"card_choices":[{"not_picked":["Gremlin:Patsy","Gremlin:Jeer"],"picked":"Gremlin:Stupend","floor":1},{"not_picked":["Gremlin:CatScratch","Gremlin:Pickpocket"],"picked":"Gremlin:Scatter","floor":2},{"not_picked":["Gremlin:PourSalt","Gremlin:Irritability"],"picked":"Gremlin:TwistTheKnife","floor":4},{"not_picked":["Gremlin:ToeStub","Gremlin:BubbleBarrier"],"picked":"Gremlin:DaggerDance","floor":5},{"not_picked":["Gremlin:ArmsTheft","Gremlin:Glimmer"],"picked":"Gremlin:BulkUp","floor":6},{"not_picked":["Gremlin:Astound","Gremlin:Dazzle"],"picked":"Gremlin:EdibleArmor","floor":8},{"not_picked":["Gremlin:Astound","Gremlin:Irritability"],"picked":"Gremlin:Scatter","floor":10},{"not_picked":["Gremlin:GremlinArms","Gremlin:Flurry"],"picked":"Gremlin:FeelTheAudience","floor":14},{"not_picked":["Gremlin:Encore","Gremlin:FairyDust"],"picked":"Gremlin:Necromancy","floor":16},{"not_picked":["Gremlin:BubbleBarrier+1","Gremlin:Patsy"],"picked":"Gremlin:Glimmer+1","floor":18},{"not_picked":["Gremlin:PourSalt","Gremlin:Tricksy"],"picked":"Gremlin:GlitterGuard","floor":19},{"not_picked":["Gremlin:DaggerDance","Gremlin:Exacerbate"],"picked":"Gremlin:Tadah","floor":20},{"not_picked":["Gremlin:Tadah","Gremlin:GlitterGuard","Gremlin:BubbleBarrier+1"],"picked":"SKIP","floor":21},{"not_picked":["Gremlin:CounterStrike","Gremlin:CatScratch","Gremlin:DaggerDance+1"],"picked":"SKIP","floor":25},{"not_picked":["Gremlin:Revel","Gremlin:Patsy","Gremlin:Astound+1"],"picked":"SKIP","floor":28},{"not_picked":["Gremlin:PourSalt+1","Gremlin:DaggerDance","Gremlin:TwistTheKnife+1"],"picked":"SKIP","floor":29},{"not_picked":["Gremlin:CounterStrike+1","Gremlin:GlitterGuard+1"],"picked":"Gremlin:Pinprick","floor":30},{"not_picked":["Gremlin:GremlinMeal","Gremlin:Irritability"],"picked":"Gremlin:ShadowShiv","floor":31},{"not_picked":["Gremlin:ShadowShiv","Gremlin:FlipOut"],"picked":"Gremlin:Exacerbate","floor":33},{"not_picked":["Gremlin:Raid","Gremlin:Presto+1"],"picked":"Gremlin:Pinprick+1","floor":35},{"not_picked":["Gremlin:BubbleBarrier","Gremlin:Presto"],"picked":"Gremlin:Changeo","floor":36}],"player_experience":243998,"relics_obtained":[{"floor":6,"key":"Juzu Bracelet"},{"floor":8,"key":"Darkstone Periapt"},{"floor":10,"key":"Bag of Marbles"},{"floor":26,"key":"MealTicket"},{"floor":28,"key":"Thread and Needle"},{"floor":30,"key":"Turnip"}],"event_choices":[{"damage_healed":0,"gold_gain":0,"player_choice":"Upgraded","damage_taken":0,"max_hp_gain":0,"max_hp_loss":0,"event_name":"Upgrade Shrine","floor":3,"gold_loss":0,"cards_upgraded":["Gremlin:Scatter"]},{"damage_healed":0,"gold_gain":0,"player_choice":"Searched \u00271\u0027 times","damage_taken":0,"max_hp_gain":0,"max_hp_loss":0,"event_name":"Dead Adventurer","floor":8,"gold_loss":0},{"cards_removed":["Gremlin:EdibleArmor"],"damage_healed":0,"gold_gain":0,"player_choice":"Card Removal","damage_taken":2,"max_hp_gain":0,"max_hp_loss":0,"event_name":"Golden Wing","floor":11,"gold_loss":0},{"damage_healed":0,"gold_gain":0,"player_choice":"Bought 0 Potions","damage_taken":0,"max_hp_gain":0,"max_hp_loss":0,"event_name":"The Woman in Blue","floor":12,"gold_loss":0},{"damage_healed":0,"gold_gain":0,"player_choice":"Ignored","damage_taken":0,"max_hp_gain":0,"max_hp_loss":0,"event_name":"Ghosts","floor":22,"gold_loss":0},{"damage_healed":0,"gold_gain":0,"player_choice":"Max HP","damage_taken":0,"max_hp_gain":0,"max_hp_loss":1,"event_name":"Winding Halls","floor":37,"gold_loss":0}],"is_beta":false,"boss_relics":[{"not_picked":["Runic Pyramid","Fusion Hammer"],"picked":"Coffee Dripper"},{"not_picked":["Busted Crown","Empty Cage"],"picked":"Sozu"}],"items_purged_floors":[13],"is_endless":false,"potions_floor_spawned":[1,6,8,10,18,20,25,29,33,35,36],"killed_by":"4 Shapes","ascension_level":0}}