{"host":"0kwl2uefibxd2nsv","time":1612795617,"event":{"mods":["Act Like it!","Aspiration","BaseMod","Better Note","BetterRewards","DeckTracker","Googly Eyes","Minty Spire (QoL Compilation)","Reliquary","StS++","StSLib"],"gold_per_floor":[115,115,37,212,212,212,246,260,260,260,260,260],"floor_reached":11,"language":"ENG","playtime":325,"items_purged":[],"score":104,"play_id":"75cbfe6b-474c-445f-be22-fd70539d1c31","local_time":"20210208154657","is_ascension_mode":true,"campfire_choices":[{"data":"StSpp:FiercePoison","floor":6.0,"key":"SMITH"},{"floor":10.0,"key":"REST"}],"circlet_count":0,"master_deck":["AscendersBane","Strike_G","Strike_G","Strike_G","Strike_G","Defend_G","Defend_G","Defend_G","Defend_G","Defend_G","Survivor","Neutralize","Backflip","Swift Strike","StSpp:FiercePoison+1","Doubt","Poisoned Stab","Deflect"],"relics":["Ring of the Snake","reliquary:RadioactivePellet","reliquary:RoseTintedGlasses","Shuriken"],"acts_visited":["Exordium"],"potions_floor_usage":[11],"damage_taken":[{"damage":2.0,"enemies":"Jaw Worm","floor":1.0,"turns":7.0},{"damage":35.0,"enemies":"3 Sentries","floor":7.0,"turns":11.0},{"damage":0.0,"enemies":"Small Slimes","floor":8.0,"turns":5.0},{"damage":42,"enemies":"Gremlin Nob","floor":11,"turns":4}],"seed_played":"9189832899268627856","potions_obtained":[{"floor":1.0,"key":"GamblersBrew"},{"floor":8.0,"key":"CultistPotion"}],"is_trial":false,"path_per_floor":["M","?","$","?","?","R","E","M","T","R","E"],"character_chosen":"THE_SILENT","items_purchased":["Backflip","Swift Strike","reliquary:RadioactivePellet","StSpp:FiercePoison"],"campfire_rested":1,"item_purchase_floors":[0,0,0,3],"current_hp_per_floor":[47,40,40,40,45,45,10,10,10,32,0,0],"gold":260,"neow_bonus":"","is_daily":false,"chose_seed":false,"campfire_upgraded":1,"win_rate":0.0,"timestamp":1612795617,"path_taken":["M","?","$","?","?","R","E","M","T","R","E"],"items_purchased_type":["Card","Card","Relic","Card"],"build_version":"2020-12-22","purchased_purges":0,"victory":false,"max_hp_per_floor":[70,70,70,70,75,75,75,75,75,75,75,75],"card_choices":[{"not_picked":["Heel Hook","Choke","Dagger Throw"],"picked":"SKIP","floor":1.0},{"not_picked":["Quick Slash","Flying Knee"],"picked":"Poisoned Stab","floor":7.0},{"not_picked":["StSpp:PoisonousPunch","Slice"],"picked":"Deflect","floor":8.0}],"player_experience":2014426,"relics_obtained":[{"floor":7.0,"key":"reliquary:RoseTintedGlasses"},{"floor":9.0,"key":"Shuriken"}],"event_choices":[{"cards_removed":["Strike_G"],"damage_healed":0.0,"max_hp_gain":0.0,"max_hp_loss":0.0,"gold_gain":0.0,"event_name":"Golden Wing","player_choice":"Card Removal","floor":2.0,"gold_loss":0.0,"damage_taken":7.0},{"damage_healed":0.0,"max_hp_gain":0.0,"max_hp_loss":0.0,"gold_gain":175.0,"event_name":"Liars Game","player_choice":"AGREE","floor":4.0,"gold_loss":0.0,"damage_taken":0.0,"cards_obtained":["Doubt"]},{"damage_healed":0.0,"max_hp_gain":5.0,"max_hp_loss":0.0,"gold_gain":0.0,"event_name":"Big Fish","player_choice":"Donut","floor":5.0,"gold_loss":0.0,"damage_taken":0.0}],"is_beta":false,"boss_relics":[],"items_purged_floors":[],"is_endless":false,"potions_floor_spawned":[1,8],"killed_by":"Gremlin Nob","ascension_level":10}}