{"host":"xltl1aroowo69o4n","time":1612753686,"event":{"mods":["BaseMod","Colored Map","Colored Powertips","Downfall","Marisa????????","Minty Spire (QoL Compilation)","Replay The Spire","StSLib","The Cursed","The Hierophant","The Mystic","The Necromancer","The Servant 0.9.4"],"gold_per_floor":[112,387,404,3,14,14,32,32,32,32,32,51,51,51,51,62,62,163,163,182,195,195,12,12,12,32,42,42,42,69,88,88,88,88,189,189,199,5,21,21,21,21,36,36,36],"floor_reached":44,"language":"ENG","playtime":2091,"items_purged":["Regret","Voices","Writhe"],"score":468,"play_id":"045f8efb-c0e8-4d42-bcff-69dbe39a2a0e","local_time":"20210207220806","is_ascension_mode":false,"campfire_choices":[{"floor":6,"key":"RECALL"},{"data":"Summon_Lich","floor":10,"key":"SMITH"},{"data":"Requiem","floor":13,"key":"SMITH"},{"floor":15,"key":"REST"},{"floor":17,"key":"DIG"},{"floor":25,"key":"REST"},{"data":"Summon_Death_Knight","floor":29,"key":"SMITH"},{"data":"Summon_Undead","floor":42,"key":"SMITH"}],"circlet_count":0,"master_deck":["Strike_W","Strike_W","Strike_W","Strike_W","Defend_W","Defend_W","Defend_W","Defend_W","Negative_Energy_Arrows","Bone_Wall","Negative_Energy_Shield+1","Death_Coil","Summon_Lich+1","Negative_Energy_Shield","Thousand_Bone_Knives","Bones_to_Steel","Deaths_Shadow","Requiem+1","Slay_Living","Summon_Death_Knight+1","CurseOfTheBell","Necrotic_Claws","Toxic_Smoke_Screen","Necronomicurse","Madness","Consume_Illness","Bone_Armor","Flesh_Made_Foul","Acid_Javelin","Blood_Wake","Blood_Shield+1","Summon_Undead+1","Violent_Necrosis","Madness","Madness","Shackles_Of_Pain"],"relics":["Vampire_Amulet","Bird Faced Urn","Orichalcum","Replay:Bottled Flurry","Bottled Lightning","Calling Bell","ReplayTheSpireMod:TigerMarble","Quantum Egg","StoneCalendar","Necronomicon","Eternal Feather","Juzu Bracelet","ReplayFunnel","Ring of Misfortune","ReplayTheSpireMod:Ring of Exchange","Replay:Bronze Core","Replay:Rubber Ducky"],"acts_visited":["Exordium","TheCity","TheBeyond"],"potions_floor_usage":[30,35,35,35],"damage_taken":[{"damage":0,"enemies":"2 Louse","floor":1,"turns":3},{"damage":6,"enemies":"Cultist","floor":3,"turns":5},{"damage":9,"enemies":"Jaw Worm","floor":5,"turns":4},{"damage":7,"enemies":"Large Slime","floor":7,"turns":7},{"damage":0,"enemies":"2 Fungi Beasts","floor":12,"turns":3},{"damage":0,"enemies":"Exordium Thugs","floor":16,"turns":3},{"damage":41,"enemies":"Fading Forest","floor":18,"turns":11},{"damage":48,"enemies":"3 Byrds","floor":20,"turns":6},{"damage":14,"enemies":"Spheric Guardian","floor":21,"turns":7},{"damage":15,"enemies":"Centurion and Healer","floor":26,"turns":5},{"damage":4,"enemies":"Snecko","floor":27,"turns":5},{"damage":23,"enemies":"Book of Stabbing","floor":30,"turns":7},{"damage":5,"enemies":"Snake Plant","floor":31,"turns":5},{"damage":29,"enemies":"Collector","floor":35,"turns":10},{"damage":0,"enemies":"3 Darklings","floor":37,"turns":3},{"damage":8,"enemies":"3 Shapes","floor":39,"turns":3},{"damage":0,"enemies":"3 Darklings","floor":43,"turns":7},{"damage":102,"enemies":"Reptomancer","floor":44,"turns":6}],"seed_played":"6459114229417862576","potions_obtained":[{"floor":5,"key":"FearPotion"},{"floor":7,"key":"FearPotion"},{"floor":18,"key":"Ancient Potion"},{"floor":21,"key":"EssenceOfSteel"},{"floor":26,"key":"Dexterity Potion"},{"floor":30,"key":"Strength Potion"},{"floor":37,"key":"Venom Potion"}],"is_trial":false,"path_per_floor":["M","?","M","$","M","R","M","PTL","PTL","R","T","M","R","?","R","M","R_BF","B",null,"M","M","?","$","?","R","M","M","T","R","E","M","?","?","R_BF","B",null,"M","$","M","?","?","R","M","E"],"character_chosen":"NECROMANCER","items_purchased":["Orichalcum","Summon_Lich","Negative_Energy_Shield","Thousand_Bone_Knives","Madness","Summon_Undead"],"campfire_rested":2,"item_purchase_floors":[4,4,4,4,23,38],"current_hp_per_floor":[75,75,71,71,66,66,65,65,65,65,65,71,71,53,75,75,75,52,75,37,29,13,13,38,60,49,49,49,64,45,47,47,47,75,56,75,75,75,74,65,65,75,75,0,0],"gold":36,"neow_bonus":"ONE_RARE_RELIC","is_daily":false,"chose_seed":false,"campfire_upgraded":4,"win_rate":0.0,"timestamp":1612753686,"path_taken":["M","?","?","$","M","R","M","PTL","PTL","R","T","?","R","?","R","M","R_BF","BOSS","M","M","?","$","?","R","M","M","T","R","E","M","?","?","R_BF","BOSS","M","$","M","?","?","R","M","E"],"items_purchased_type":["Relic","Card","Card","Card","Card","Card"],"build_version":"2020-12-13","purchased_purges":3,"victory":false,"max_hp_per_floor":[75,75,75,75,75,75,75,75,75,75,75,75,75,75,75,75,75,75,75,75,75,75,75,75,75,75,75,75,75,75,75,75,75,75,75,75,75,75,75,75,75,75,75,75,75],"card_choices":[{"not_picked":["Bone_Shift","Negative_Energy_Mist"],"picked":"Negative_Energy_Shield","floor":1},{"not_picked":["Necromantic_Selection","Blood_Curse"],"picked":"Death_Coil","floor":3},{"not_picked":["Shackles_Of_Pain","Blood_Whip"],"picked":"Bones_to_Steel","floor":5},{"not_picked":["Death_March_Dance","Bone_Shift"],"picked":"Deaths_Shadow","floor":7},{"not_picked":["Bone_Bullets","Bone_Shift"],"picked":"Requiem","floor":12},{"not_picked":["Siphon_Strength","Negative_Energy_Shield"],"picked":"Slay_Living","floor":16},{"not_picked":["Skeleton_Dragon","Detonate_Bones"],"picked":"Summon_Death_Knight","floor":18},{"not_picked":["Bone_Armory","Negative_Energy_Shield"],"picked":"Necrotic_Claws","floor":20},{"not_picked":["Bones_to_Steel","Consume_Illness"],"picked":"Toxic_Smoke_Screen","floor":21},{"not_picked":["Toxic_Smoke_Screen","Blood_Whip"],"picked":"Consume_Illness","floor":26},{"not_picked":["Finger_Of_Death","Corrupt"],"picked":"Bone_Armor","floor":27},{"not_picked":["Stop_Heart","Bone_Shift+1"],"picked":"Flesh_Made_Foul","floor":30},{"not_picked":["Consume_Illness","Skeleton_Dragon"],"picked":"Acid_Javelin","floor":31},{"not_picked":["Blood_Magic","Cloudkill"],"picked":"Blood_Wake","floor":35},{"not_picked":["Blood_Whip","Consume_Illness"],"picked":"Blood_Shield+1","floor":37},{"not_picked":["Necrotic_Claws","Consume_Illness+1"],"picked":"Violent_Necrosis","floor":39},{"not_picked":["Death_Coil+1","Negative_Energy_Shield"],"picked":"Shackles_Of_Pain","floor":43}],"player_experience":147866,"relics_obtained":[{"floor":17,"key":"Bottled Lightning"},{"floor":19,"key":"ReplayTheSpireMod:TigerMarble"},{"floor":19,"key":"Quantum Egg"},{"floor":19,"key":"StoneCalendar"},{"floor":22,"key":"Necronomicon"},{"floor":28,"key":"Eternal Feather"},{"floor":30,"key":"Juzu Bracelet"},{"floor":33,"key":"Ring of Misfortune"},{"floor":33,"key":"ReplayTheSpireMod:Ring of Exchange"}],"event_choices":[{"damage_healed":0,"gold_gain":275,"player_choice":"Desecrate","damage_taken":0,"max_hp_gain":0,"max_hp_loss":0,"event_name":"Golden Shrine","floor":2,"gold_loss":0,"cards_obtained":["Regret"]},{"damage_healed":0,"gold_gain":0,"player_choice":"Success","damage_taken":18,"relics_obtained":["Replay:Bottled Flurry"],"max_hp_gain":0,"max_hp_loss":0,"event_name":"Scrap Ooze","floor":14,"gold_loss":0},{"damage_healed":0,"gold_gain":0,"player_choice":"Obtained Book","damage_taken":16,"max_hp_gain":0,"max_hp_loss":0,"event_name":"Cursed Tome","floor":22,"gold_loss":0},{"damage_healed":25,"gold_gain":0,"player_choice":"Heal","damage_taken":0,"max_hp_gain":0,"max_hp_loss":0,"event_name":"The Library","floor":24,"gold_loss":0},{"damage_healed":0,"gold_gain":0,"player_choice":"Opened","damage_taken":0,"relics_obtained":["ReplayFunnel"],"max_hp_gain":0,"max_hp_loss":0,"event_name":"The Mausoleum","floor":32,"gold_loss":0,"cards_obtained":["Writhe"]},{"damage_healed":0,"gold_gain":0,"player_choice":"Embrace Madness","damage_taken":9,"max_hp_gain":0,"max_hp_loss":0,"event_name":"Winding Halls","floor":40,"gold_loss":0,"cards_obtained":["Madness","Madness"]},{"damage_healed":0,"gold_gain":0,"player_choice":"Gave Potion","damage_taken":0,"relics_obtained":["Replay:Rubber Ducky"],"max_hp_gain":0,"max_hp_loss":0,"event_name":"WeMeetAgain","floor":41,"gold_loss":0}],"is_beta":false,"boss_relics":[{"not_picked":["Busted Crown","bronze:MakeshiftBattery"],"picked":"Calling Bell"},{"not_picked":["Fusion Hammer","Replay:Grab Bag"],"picked":"Replay:Bronze Core"}],"items_purged_floors":[4,23,38],"is_endless":false,"potions_floor_spawned":[5,7,18,21,26,30,37],"killed_by":"Reptomancer","ascension_level":0}}