{"host":"og6lam4kt3nibbw0","time":1612811460,"event":{"mods":["AchievementEnabler","BaseMod","Colored Map","DeckTracker","Highlight Path","Keyboard Shortcuts","Minty Spire (QoL Compilation)","Permanent Neow","Quick Restart","StSLib","SuperFastMode"],"gold_per_floor":[19,30,40,40,40,40,74,94,173,183,193,208,37,37,37,114,114,76,38,38,49,49,62,62,62,87,87,98,27,27,45,45,119,119,136,161,161,176,176,176,202,202,202,76,90,102,452,464,464,464,464],"floor_reached":50,"language":"KOR","playtime":2046,"items_purged":["Defend_G","Defend_G","Strike_G"],"score":1048,"play_id":"5052ab94-b8aa-4d76-b5c9-f181baba57c6","local_time":"20210209041100","is_ascension_mode":true,"campfire_choices":[{"data":"Noxious Fumes","floor":6.0,"key":"SMITH"},{"floor":15.0,"key":"REST"},{"floor":24,"key":"REST"},{"data":"Prepared","floor":30,"key":"SMITH"},{"floor":32,"key":"REST"},{"data":"Escape Plan","floor":40,"key":"SMITH"},{"data":"Leg Sweep","floor":42,"key":"SMITH"},{"data":"Caltrops","floor":49,"key":"SMITH"}],"circlet_count":0,"master_deck":["AscendersBane","Strike_G","Strike_G","Strike_G","Defend_G","Defend_G","Defend_G","Survivor","Neutralize","Backstab","Leg Sweep+1","Noxious Fumes+1","Bane","Backflip","Caltrops+1","Escape Plan+1","Prepared+1","Grand Finale","Quick Slash","Well Laid Plans","Crippling Poison+1","Prepared","Blur+1","Impatience","Purity"],"relics":["Ring of the Snake","Torii","Du-Vu Doll","Kunai","Membership Card","Busted Crown","Vajra","Coffee Dripper","Tingsha","Dream Catcher","The Courier","Old Coin"],"acts_visited":["Exordium","TheCity","TheBeyond"],"potions_floor_usage":[23,33,33,41,46],"damage_taken":[{"damage":1.0,"enemies":"Small Slimes","floor":1.0,"turns":5.0},{"damage":1.0,"enemies":"2 Louse","floor":2.0,"turns":2.0},{"damage":1.0,"enemies":"Jaw Worm","floor":3.0,"turns":7.0},{"damage":18.0,"enemies":"3 Sentries","floor":7.0,"turns":8.0},{"damage":12.0,"enemies":"Large Slime","floor":8.0,"turns":5.0},{"damage":1.0,"enemies":"Looter","floor":10.0,"turns":4.0},{"damage":1.0,"enemies":"Red Slaver","floor":11.0,"turns":5.0},{"damage":2.0,"enemies":"Large Slime","floor":12.0,"turns":6.0},{"damage":38.0,"enemies":"Hexaghost","floor":16.0,"turns":10.0},{"damage":18.0,"enemies":"2 Thieves","floor":18.0,"turns":5.0},{"damage":18.0,"enemies":"Spheric Guardian","floor":21.0,"turns":5.0},{"damage":2,"enemies":"Cultist and Chosen","floor":23,"turns":7},{"damage":7,"enemies":"Shelled Parasite and Fungi","floor":28,"turns":7},{"damage":18,"enemies":"Snake Plant","floor":31,"turns":5},{"damage":54,"enemies":"Automaton","floor":33,"turns":10},{"damage":7,"enemies":"Orb Walker","floor":35,"turns":3},{"damage":1,"enemies":"Mind Bloom Boss Battle","floor":36,"turns":7},{"damage":0,"enemies":"3 Shapes","floor":38,"turns":5},{"damage":19,"enemies":"Nemesis","floor":41,"turns":7},{"damage":15,"enemies":"Maw","floor":45,"turns":8},{"damage":12,"enemies":"Sphere and 2 Shapes","floor":46,"turns":6},{"damage":1,"enemies":"2 Orb Walkers","floor":47,"turns":2},{"damage":20,"enemies":"Spire Growth","floor":48,"turns":5},{"damage":21,"enemies":"Awakened One","floor":50,"turns":3}],"seed_played":"6536815743769889875","potions_obtained":[{"floor":1.0,"key":"Weak Potion"},{"floor":3.0,"key":"FearPotion"},{"floor":8.0,"key":"PowerPotion"},{"floor":23,"key":"Poison Potion"},{"floor":31,"key":"Regen Potion"},{"floor":36,"key":"Ancient Potion"},{"floor":38,"key":"Explosive Potion"},{"floor":41,"key":"Strength Potion"},{"floor":47,"key":"FairyPotion"},{"floor":48,"key":"Fire Potion"}],"is_trial":false,"path_per_floor":["M","M","M","?","?","R","E","M","T","M","M","M","$","?","R","B",null,"M","$","?","M","?","M","R","?","T","?","M","$","R","M","R","B",null,"M","?","?","M","?","R","E","R","T","$","M","M","?","M","R","B"],"character_chosen":"THE_SILENT","items_purchased":["Membership Card","Prepared","Well Laid Plans","Purity","Swift Potion"],"campfire_rested":3,"item_purchase_floors":[13,13,29,44,44],"current_hp_per_floor":[58,57,56,56,61,61,43,31,31,30,29,27,27,27,48,10,56,38,38,38,20,20,18,39,39,39,39,32,32,32,14,35,26,60,53,52,52,52,52,52,33,33,33,33,18,6,5,21,21,0,0],"gold":464,"neow_bonus":"ONE_RARE_RELIC","is_daily":false,"chose_seed":false,"campfire_upgraded":5,"win_rate":0.0,"timestamp":1612811460,"path_taken":["M","M","M","?","?","R","E","M","T","M","M","M","?","?","R","BOSS","M","$","?","?","?","M","R","?","T","?","M","?","R","M","R","BOSS","M","?","?","?","?","R","E","R","T","$","M","M","?","M","R","BOSS"],"items_purchased_type":["Relic","Card","Card","Card","Potion"],"build_version":"2020-12-22","purchased_purges":3,"victory":false,"max_hp_per_floor":[66,66,66,66,71,71,71,71,71,71,71,71,71,71,71,71,71,71,71,71,71,71,71,71,71,71,71,71,71,71,71,71,71,71,71,71,71,71,71,71,71,71,71,71,71,71,71,71,71,71,71],"card_choices":[{"not_picked":["Dagger Throw","Expertise"],"picked":"Backstab","floor":1.0},{"not_picked":["Dodge and Roll","PiercingWail"],"picked":"Leg Sweep","floor":2.0},{"not_picked":["Leg Sweep","Blade Dance"],"picked":"Noxious Fumes","floor":3.0},{"not_picked":["Dash","Underhanded Strike"],"picked":"Bane","floor":7.0},{"not_picked":["Prepared","Flechettes"],"picked":"Backflip","floor":8.0},{"not_picked":["Crippling Poison","Predator"],"picked":"Caltrops","floor":10.0},{"not_picked":["Acrobatics","Concentrate"],"picked":"Escape Plan","floor":11.0},{"not_picked":["Blade Dance","Outmaneuver","Accuracy"],"picked":"SKIP","floor":12.0},{"not_picked":["Night Terror","Storm of Steel"],"picked":"Grand Finale","floor":16.0},{"not_picked":[],"picked":"Quick Slash","floor":18.0},{"not_picked":["Concentrate"],"picked":"SKIP","floor":21.0},{"not_picked":["Cloak And Dagger"],"picked":"SKIP","floor":23},{"not_picked":["Dagger Throw"],"picked":"SKIP","floor":28},{"not_picked":[],"picked":"Crippling Poison+1","floor":31},{"not_picked":["All Out Attack"],"picked":"SKIP","floor":35},{"not_picked":[],"picked":"Prepared","floor":36},{"not_picked":[],"picked":"Blur+1","floor":38},{"not_picked":[],"picked":"Impatience","floor":39},{"not_picked":["PiercingWail"],"picked":"SKIP","floor":41},{"not_picked":["Deflect"],"picked":"SKIP","floor":45},{"not_picked":["Backflip"],"picked":"SKIP","floor":46},{"not_picked":["Concentrate"],"picked":"SKIP","floor":48}],"player_experience":983643,"relics_obtained":[{"floor":7.0,"key":"Du-Vu Doll"},{"floor":9.0,"key":"Kunai"},{"floor":26,"key":"Vajra"},{"floor":36,"key":"Tingsha"},{"floor":41,"key":"The Courier"},{"floor":47,"key":"Old Coin"}],"event_choices":[{"damage_healed":0.0,"max_hp_gain":0.0,"max_hp_loss":0.0,"gold_gain":0.0,"event_name":"The Cleric","player_choice":"Leave","floor":4.0,"gold_loss":0.0,"damage_taken":0.0},{"damage_healed":0.0,"max_hp_gain":5.0,"max_hp_loss":0.0,"gold_gain":0.0,"event_name":"Big Fish","player_choice":"Donut","floor":5.0,"gold_loss":0.0,"damage_taken":0.0},{"damage_healed":0.0,"max_hp_gain":0.0,"max_hp_loss":0.0,"gold_gain":0.0,"event_name":"Liars Game","player_choice":"Ignored","floor":14.0,"gold_loss":0.0,"damage_taken":0.0},{"cards_removed":["Strike_G"],"damage_healed":0.0,"max_hp_gain":0.0,"max_hp_loss":0.0,"gold_gain":0.0,"event_name":"Purifier","player_choice":"Purged","floor":20.0,"gold_loss":0.0,"damage_taken":0.0},{"damage_healed":0,"gold_gain":0,"player_choice":"Ignored","damage_taken":0,"max_hp_gain":0,"max_hp_loss":0,"event_name":"Cursed Tome","floor":25,"gold_loss":0},{"damage_healed":0,"gold_gain":0,"player_choice":"Ignored","damage_taken":0,"max_hp_gain":0,"max_hp_loss":0,"event_name":"Ghosts","floor":27,"gold_loss":0},{"damage_healed":0,"gold_gain":0,"player_choice":"Fight","damage_taken":0,"max_hp_gain":0,"max_hp_loss":0,"event_name":"MindBloom","floor":36,"gold_loss":0},{"damage_healed":0,"gold_gain":0,"player_choice":"Gave Potion","damage_taken":0,"relics_obtained":["Dream Catcher"],"max_hp_gain":0,"max_hp_loss":0,"event_name":"WeMeetAgain","floor":37,"gold_loss":0},{"damage_healed":0,"gold_gain":0,"player_choice":"Memory 1","damage_taken":0,"max_hp_gain":0,"max_hp_loss":0,"event_name":"SensoryStone","floor":39,"gold_loss":0},{"damage_healed":0,"gold_gain":0,"player_choice":"Fight","damage_taken":0,"max_hp_gain":0,"max_hp_loss":0,"event_name":"Mysterious Sphere","floor":47,"gold_loss":0}],"is_beta":false,"boss_relics":[{"not_picked":["WristBlade","Philosopher\u0027s Stone"],"picked":"Busted Crown"},{"not_picked":["Runic Dome","Snecko Eye"],"picked":"Coffee Dripper"}],"items_purged_floors":[19,29,44],"is_endless":false,"potions_floor_spawned":[1,3,8,10,12,21,23,31,36,38,41,47,48],"killed_by":"Awakened One","ascension_level":20}}