{"host":"0luxfixkkfk9wck3","time":1612819471,"event":{"mods":["BaseMod","DeckTracker","Downfall","Highlight Path","Minty Spire (QoL Compilation)","StSLib"],"gold_per_floor":[99,117,130,147,6,17,17,17,17,37,50,82,82,157,176,272,272,172,186,186,203,19,31,54,83,98,98,98,98],"floor_reached":27,"language":"ENG","playtime":1892,"items_purged":["Slimebound:Strike_Slimebound","Slimebound:Strike_Slimebound"],"score":344,"play_id":"089f32de-513b-4862-9502-6893f62b8cb6","local_time":"20210208152431","is_ascension_mode":true,"campfire_choices":[{"data":"Chrysalis","floor":1,"key":"SMITH"},{"data":"Slimebound:Chomp","floor":8,"key":"SMITH"},{"data":"Slimebound:Split","floor":13,"key":"SMITH"},{"data":"Slimebound:RollThrough","floor":18,"key":"SMITH"}],"circlet_count":0,"master_deck":["Slimebound:Strike_Slimebound","Slimebound:Tackle","Slimebound:Defend_Slimebound","Slimebound:Defend_Slimebound","Slimebound:Defend_Slimebound","Slimebound:Defend_Slimebound","Slimebound:Split","Slimebound:CorrosiveSpit","Chrysalis+1","Slimebound:Schlurp","Slimebound:SplitLeeching","Slimebound:Chomp+1","Slimebound:Prepare","Slimebound:Prepare","Slimebound:Split+1","Slimebound:RollThrough+1","Slimebound:SamplingLick","Slimebound:ComboTackle","Slimebound:SpikyOuterGoop","Slimebound:Overexert","Slimebound:HungryTackle","Slimebound:Prepare+1","Slimebound:OozeBath","Slimebound:BestDefense","Slimebound:SplitSpecialist+1","Slimebound:SplitLeeching+1","Slimebound:GoopSpray+1"],"relics":["Slimebound:AbsorbEndCombat","Nunchaku","Ornamental Fan","Busted Crown","downfall:HeartBlessingGreen","Bag of Preparation","Toxic Egg 2"],"acts_visited":["Exordium","TheCity"],"potions_floor_usage":[25,25],"damage_taken":[{"damage":1,"enemies":"Cultist","floor":2,"turns":5},{"damage":0,"enemies":"2 Louse","floor":3,"turns":2},{"damage":7,"enemies":"Jaw Worm","floor":4,"turns":5},{"damage":0,"enemies":"downfall:FleeingMerchant","floor":5,"turns":4},{"damage":11,"enemies":"Exordium Wildlife","floor":6,"turns":5},{"damage":9,"enemies":"Exordium Thugs","floor":10,"turns":6},{"damage":0,"enemies":"Blue Slaver","floor":11,"turns":4},{"damage":12,"enemies":"3 Sentries","floor":12,"turns":7},{"damage":8,"enemies":"3 Louse","floor":15,"turns":4},{"damage":11,"enemies":"IC_STATUS_ARCHETYPE","floor":16,"turns":5},{"damage":8,"enemies":"Spheric Guardian","floor":19,"turns":4},{"damage":5,"enemies":"3 Byrds","floor":21,"turns":5},{"damage":0,"enemies":"downfall:FleeingMerchant","floor":22,"turns":4},{"damage":20,"enemies":"Snake Plant","floor":23,"turns":4},{"damage":11,"enemies":"Book of Stabbing","floor":25,"turns":5},{"damage":22,"enemies":"3 Cultists","floor":26,"turns":5},{"damage":35,"enemies":"Slavers","floor":27,"turns":2}],"seed_played":"8880087918051980028","potions_obtained":[{"floor":6,"key":"SkillPotion"},{"floor":10,"key":"Weak Potion"},{"floor":11,"key":"Strength Potion"},{"floor":26,"key":"Strength Potion"}],"is_trial":false,"path_per_floor":["R","M","M","M","$","M","T","R","?","M","M","E","R","?","M","B",null,"R","M","?","M","$","M","T","E","M","E"],"character_chosen":"SLIMEBOUND","items_purchased":["Slimebound:Prepare","Slimebound:BestDefense"],"campfire_rested":0,"item_purchase_floors":[5,22],"current_hp_per_floor":[59,59,59,54,59,52,52,52,52,49,55,47,47,47,45,42,55,55,49,49,52,58,42,42,39,25,0,0,0],"gold":98,"neow_bonus":"RANDOM_COLORLESS_2","is_daily":false,"chose_seed":false,"campfire_upgraded":4,"win_rate":0.0,"timestamp":1612819471,"path_taken":["R","M","M","M","$","M","T","R","?","M","?","E","R","?","M","BOSS","R","M","?","M","$","M","T","E","M","E"],"items_purchased_type":["Card","Card"],"build_version":"2020-12-22","purchased_purges":2,"victory":false,"max_hp_per_floor":[59,59,59,59,59,59,59,59,59,59,59,59,59,59,59,59,59,59,59,59,59,59,59,59,59,59,59,59,59],"card_choices":[{"not_picked":["Magnetism","Thinking Ahead"],"picked":"Chrysalis","floor":0},{"not_picked":["Slimebound:LivingWall","Slimebound:GoopTackle"],"picked":"Slimebound:Schlurp","floor":2},{"not_picked":["Slimebound:HauntingLick","Slimebound:SlimeSpikes","Slimebound:DivideAndConquer"],"picked":"SKIP","floor":3},{"not_picked":["Slimebound:PressTheAttack","Slimebound:ServeAndProtect"],"picked":"Slimebound:SplitLeeching","floor":4},{"not_picked":["Slimebound:DivideAndConquer","Slimebound:LeadByExample"],"picked":"Slimebound:Chomp","floor":5},{"not_picked":["Slimebound:FormOfPuddle","Slimebound:PressTheAttack"],"picked":"Slimebound:Prepare","floor":6},{"not_picked":["Slimebound:Recollect","Slimebound:PressTheAttack"],"picked":"Slimebound:RollThrough","floor":10},{"not_picked":["Slimebound:LeechingTouch","Slimebound:DivideAndConquer"],"picked":"Slimebound:SamplingLick","floor":11},{"not_picked":["Slimebound:SplitAcid","Slimebound:FinishingTackle"],"picked":"Slimebound:ComboTackle","floor":12},{"not_picked":["Slimebound:ServeAndProtect","Slimebound:RainOfGoop"],"picked":"Slimebound:SpikyOuterGoop","floor":15},{"not_picked":["Slimebound:OneTwoCombo","Slimebound:MinionMaster"],"picked":"Slimebound:Overexert","floor":16},{"not_picked":[],"picked":"Slimebound:HungryTackle","floor":19},{"not_picked":[],"picked":"Slimebound:Prepare+1","floor":21},{"not_picked":[],"picked":"Slimebound:OozeBath","floor":22},{"not_picked":[],"picked":"Slimebound:SplitSpecialist+1","floor":23},{"not_picked":[],"picked":"Slimebound:SplitLeeching+1","floor":25},{"not_picked":[],"picked":"Slimebound:GoopSpray+1","floor":26}],"player_experience":11640541,"relics_obtained":[{"floor":7,"key":"Nunchaku"},{"floor":12,"key":"Ornamental Fan"},{"floor":24,"key":"Bag of Preparation"},{"floor":25,"key":"Toxic Egg 2"}],"event_choices":[{"damage_healed":0,"gold_gain":0,"player_choice":"Ignored","damage_taken":0,"max_hp_gain":0,"max_hp_loss":0,"event_name":"Ghosts","floor":20,"gold_loss":0}],"is_beta":false,"boss_relics":[{"not_picked":["sneckomod:SneckoTalon","Runic Pyramid"],"picked":"Busted Crown"}],"items_purged_floors":[5,22],"is_endless":false,"potions_floor_spawned":[6,10,11,15,19,21,23,26],"killed_by":"Slavers","ascension_level":9}}