{"host":"tner83jrcdd0m6a5","time":1612763928,"event":{"mods":["AchievementEnabler","BaseMod","Bestiary","Colored Map","Colored Powertips","DeckTracker","Highlight Path","Keyboard Shortcuts","Minty Spire (QoL Compilation)","Quick Restart","Rare Cards Sparkle","Relic Stats","Slay-I","SuperFastMode"],"gold_per_floor":[119,131,143,162,61,61,61,61],"floor_reached":7,"language":"ENG","playtime":221,"items_purged":["Strike_G"],"score":47,"play_id":"a2e53ac3-04cb-4e45-ae58-a02b58e60bd3","local_time":"20210208055848","is_ascension_mode":true,"campfire_choices":[{"data":"Neutralize","floor":6.0,"key":"SMITH"}],"circlet_count":0,"master_deck":["Strike_G","Strike_G","Defend_G","Defend_G","Defend_G","Defend_G","Defend_G","Survivor","Neutralize+1","Die Die Die","Infinite Blades","Backflip","Deflect"],"relics":["Ring of the Snake"],"acts_visited":["Exordium"],"potions_floor_usage":[],"damage_taken":[{"damage":0.0,"enemies":"Cultist","floor":1.0,"turns":4.0},{"damage":0.0,"enemies":"2 Louse","floor":2.0,"turns":1.0},{"damage":0.0,"enemies":"Jaw Worm","floor":3.0,"turns":6.0},{"damage":14.0,"enemies":"3 Louse","floor":4.0,"turns":3.0},{"damage":0,"enemies":"3 Sentries","floor":7,"turns":1}],"seed_played":"622552817801435125","potions_obtained":[{"floor":2.0,"key":"Swift Potion"}],"is_trial":false,"path_per_floor":["M","M","M","M","$","R","E"],"character_chosen":"THE_SILENT","items_purchased":["Deflect"],"campfire_rested":0,"item_purchase_floors":[5],"current_hp_per_floor":[49,49,49,35,35,35,35,35],"gold":61,"neow_bonus":"TRANSFORM_TWO_CARDS","is_daily":false,"chose_seed":false,"campfire_upgraded":1,"win_rate":0.0,"timestamp":1612763928,"path_taken":["M","M","M","?","?","R","E"],"items_purchased_type":["Card"],"build_version":"2020-12-22","purchased_purges":1,"victory":false,"max_hp_per_floor":[70,70,70,70,70,70,70,70],"relic_stats":{"counters":[5,15],"obtain_stats":[{"Ring of the Snake":0},{"Ring of the Snake":0},{"Ring of the Snake":0}],"Ring of the Snake":[10]},"card_choices":[{"not_picked":["Blade Dance","Outmaneuver","Dagger Spray"],"picked":"SKIP","floor":1.0},{"not_picked":["Accuracy","Predator"],"picked":"Backflip","floor":2.0},{"not_picked":["Flying Knee","Blade Dance","Reflex"],"picked":"SKIP","floor":3.0},{"not_picked":["Night Terror","Blade Dance","Dodge and Roll"],"picked":"SKIP","floor":4.0}],"player_experience":362771,"relics_obtained":[],"event_choices":[],"is_beta":false,"boss_relics":[],"items_purged_floors":[5],"is_endless":false,"potions_floor_spawned":[2],"killed_by":"3 Sentries","ascension_level":2}}