{"host":"zp68vqn57s53e67f","time":1612780146,"event":{"mods":["Act Like it!","BaseMod","Downfall","Hallownest","Hermit","Minty Spire (QoL Compilation)","Replay The Spire","Shop Mod","StSLib","The Cursed","The Servant 0.9.4"],"gold_per_floor":[118,118,118,43,118,144,158,158,208,227,110,110,120,132,132,233,233,246,246,261,261,277,308,308,308,359,378,408,423,348,348,348,450,450,464,26,46,61,80,112,112,112,112,112,112,112],"floor_reached":45,"language":"ENG","playtime":4018,"items_purged":["Defend_G"],"score":483,"play_id":"60517f65-3b47-4feb-8193-c02b6ee3b50d","local_time":"20210208022906","is_ascension_mode":false,"campfire_choices":[{"data":"Draining Mist","floor":8.0,"key":"SMITH"},{"data":"Dash","floor":15.0,"key":"SMITH"},{"data":"ReplayTheSpireMod:Necrosis","floor":25,"key":"SMITH"},{"floor":32,"key":"REST"},{"floor":41,"key":"REST"},{"floor":44,"key":"RECALL"}],"circlet_count":0,"master_deck":["Strike_G+1","Strike_G+1","Strike_G+2","Defend_G","Defend_G","Defend_G+1","Defend_G","Survivor","Neutralize","Draining Mist+1","Dash+1","Crippling Poison","Backstab","Flying Knee","Replay:Poison Smokescreen","Heel Hook+1","PiercingWail","Dagger Throw","ReplayTheSpireMod:Necrosis+1","Fluid Movement","Necronomicurse","Terror+1","ReplayTheSpireMod:Speed Training+1","Deflect+1","ReplayTheSpireMod:Tripwire","ReplayTheSpireMod:Necrosis","Hidden Blade+1","Bouncing Flask","Outmaneuver","Bouncing Flask","Slice+1","PiercingWail+1","Atom Bomb","Looming Evil"],"relics":["Ring of the Snake","NeowsBlessing","Counterbalance","Oddly Smooth Stone","Busted Crown","Necronomicon","MutagenicStrength","Regal Pillow","PreservedInsect","Simple Rune","Centennial Puzzle","Honey Jar","Basket Of Snakes","Whetstone","Ring of Hypnosis","ReplayTheSpireMod:Ring of Challenge"],"acts_visited":["Exordium","TheCity","TheBeyond"],"potions_floor_usage":[23,23,31,33,40,40],"damage_taken":[{"damage":0.0,"enemies":"2 Louse","floor":1.0,"turns":1.0},{"damage":7.0,"enemies":"3 Sentries","floor":6.0,"turns":2.0},{"damage":0.0,"enemies":"Jaw Worm","floor":7.0,"turns":1.0},{"damage":0.0,"enemies":"Cultist","floor":10.0,"turns":4.0},{"damage":0.0,"enemies":"Looter","floor":13.0,"turns":3.0},{"damage":0.0,"enemies":"Exordium Wildlife","floor":14.0,"turns":3.0},{"damage":26.0,"enemies":"Slime Boss","floor":16.0,"turns":14.0},{"damage":0.0,"enemies":"3 Byrds","floor":18.0,"turns":5.0},{"damage":0.0,"enemies":"Spheric Guardian","floor":20.0,"turns":4.0},{"damage":0.0,"enemies":"Centurion and Healer","floor":22.0,"turns":4.0},{"damage":8,"enemies":"Book of Stabbing","floor":23,"turns":5},{"damage":5,"enemies":"3 Cultists","floor":27,"turns":4},{"damage":19,"enemies":"Gremlin Leader","floor":28,"turns":5},{"damage":11,"enemies":"Snecko","floor":29,"turns":3},{"damage":1,"enemies":"Colosseum Slavers","floor":31,"turns":3},{"damage":33,"enemies":"Collector","floor":33,"turns":8},{"damage":0,"enemies":"3 Shapes","floor":35,"turns":3},{"damage":20,"enemies":"3 Darklings","floor":37,"turns":4},{"damage":31,"enemies":"Maw","floor":38,"turns":7},{"damage":14,"enemies":"Sphere and 2 Shapes","floor":39,"turns":4},{"damage":2,"enemies":"Giant Head","floor":40,"turns":7},{"damage":41,"enemies":"2 Orb Walkers","floor":45,"turns":4}],"seed_played":"7039596969243784744","potions_obtained":[{"floor":1.0,"key":"ColorlessPotion"},{"floor":6.0,"key":"BlessingOfTheForge"},{"floor":16.0,"key":"Block Potion"},{"floor":18.0,"key":"Poison Potion"},{"floor":20.0,"key":"AttackPotion"},{"floor":28,"key":"Cursed Concoction"},{"floor":33,"key":"Explosive Potion"},{"floor":38,"key":"AttackPotion"},{"floor":39,"key":"Slimebound:ThreeZeroPotion"},{"floor":40,"key":"AttackPotion"}],"is_trial":false,"path_per_floor":["M","?","?","$","?","E","M","R","T","M","$","?","M","M","R","B",null,"M","?","M","?","M","E","?","R","T","M","E","M","?","?","R","B",null,"M","$","M","M","M","E","R","?","T","R","?"],"character_chosen":"THE_SILENT","items_purchased":["Flying Knee","Replay:Poison Smokescreen","Basket Of Snakes","Bouncing Flask","Outmaneuver"],"campfire_rested":2,"item_purchase_floors":[11,11,36,36,36],"current_hp_per_floor":[70,56,56,56,49,42,42,42,42,42,42,42,42,42,42,16,70,70,54,54,54,54,46,46,46,46,41,22,11,11,10,46,13,70,70,70,50,19,5,3,39,39,39,39,0,0],"gold":112,"neow_bonus":"THREE_ENEMY_KILL","is_daily":false,"chose_seed":false,"campfire_upgraded":3,"win_rate":0.0,"timestamp":1612780146,"path_taken":["M","?","?","$","?","E","?","R","T","M","$","?","M","M","R","BOSS","M","?","M","?","M","E","?","R","T","M","E","?","?","?","R","BOSS","M","$","M","M","M","E","R","?","T","R","?"],"items_purchased_type":["Card","Card","Relic","Card","Card"],"build_version":"2020-12-22","purchased_purges":1,"victory":false,"max_hp_per_floor":[70,70,70,70,70,70,70,70,70,70,70,70,70,70,70,70,70,70,70,70,70,70,70,70,70,70,70,70,70,70,70,70,70,70,70,70,70,70,70,70,70,70,70,70,70,70],"card_choices":[{"not_picked":["Distraction","Well Laid Plans"],"picked":"Draining Mist","floor":1.0},{"not_picked":["Blade Dance","Dagger Throw"],"picked":"Dash","floor":6.0},{"not_picked":["Bane","Sucker Punch"],"picked":"Crippling Poison","floor":7.0},{"not_picked":["Sucker Punch","Fluid Movement"],"picked":"Backstab","floor":10.0},{"not_picked":["Acrobatics","ReplayTheSpireMod:Tripwire"],"picked":"PiercingWail","floor":13.0},{"not_picked":["Calculated Gamble","ReplayTheSpireMod:Exploit Weakness"],"picked":"Dagger Throw","floor":14.0},{"not_picked":["Adrenaline","Malaise"],"picked":"ReplayTheSpireMod:Necrosis","floor":16.0},{"not_picked":[],"picked":"Fluid Movement","floor":18.0},{"not_picked":[],"picked":"Terror+1","floor":20.0},{"not_picked":["Underhanded Strike"],"picked":"SKIP","floor":22},{"not_picked":[],"picked":"Slice","floor":23},{"not_picked":[],"picked":"ReplayTheSpireMod:Speed Training+1","floor":27},{"not_picked":[],"picked":"Deflect+1","floor":28},{"not_picked":[],"picked":"ReplayTheSpireMod:Tripwire","floor":29},{"not_picked":[],"picked":"ReplayTheSpireMod:Necrosis","floor":33},{"not_picked":["Blade Dance"],"picked":"Hidden Blade+1","floor":35},{"not_picked":["All Out Attack"],"picked":"Bouncing Flask","floor":37},{"not_picked":["Expertise"],"picked":"Slice+1","floor":38},{"not_picked":["Bane+1"],"picked":"PiercingWail+1","floor":39},{"not_picked":["Blade Dance"],"picked":"Atom Bomb","floor":40}],"player_experience":140471,"relics_obtained":[{"floor":6.0,"key":"Counterbalance"},{"floor":9.0,"key":"Oddly Smooth Stone"},{"floor":19.0,"key":"Necronomicon"},{"floor":23,"key":"Regal Pillow"},{"floor":26,"key":"Simple Rune"},{"floor":28,"key":"Centennial Puzzle"},{"floor":40,"key":"Whetstone"},{"floor":42,"key":"Ring of Hypnosis"},{"floor":42,"key":"ReplayTheSpireMod:Ring of Challenge"}],"event_choices":[{"damage_healed":0.0,"max_hp_gain":0.0,"max_hp_loss":0.0,"gold_gain":0.0,"event_name":"Shining Light","player_choice":"Entered Light","floor":2.0,"gold_loss":0.0,"damage_taken":14.0,"cards_upgraded":["Strike_G","Strike_G"]},{"damage_healed":0.0,"max_hp_gain":0.0,"max_hp_loss":0.0,"gold_gain":0.0,"event_name":"The Cleric","player_choice":"Leave","floor":3.0,"gold_loss":0.0,"damage_taken":0.0},{"damage_healed":0.0,"max_hp_gain":0.0,"max_hp_loss":0.0,"gold_gain":75.0,"event_name":"FaceTrader","player_choice":"Touch","floor":5.0,"gold_loss":0.0,"damage_taken":7.0},{"damage_healed":0.0,"max_hp_gain":0.0,"max_hp_loss":0.0,"gold_gain":0.0,"event_name":"Cursed Tome","player_choice":"Obtained Book","floor":19.0,"gold_loss":0.0,"damage_taken":16.0},{"damage_healed":0.0,"max_hp_gain":0.0,"max_hp_loss":0.0,"gold_gain":0.0,"event_name":"Drug Dealer","player_choice":"Inject Mutagens","floor":21.0,"gold_loss":0.0,"damage_taken":0.0,"relics_obtained":["MutagenicStrength"]},{"cards_removed":["Slice"],"damage_healed":0,"gold_gain":0,"player_choice":"Gave Card","damage_taken":0,"relics_obtained":["PreservedInsect"],"max_hp_gain":0,"max_hp_loss":0,"event_name":"WeMeetAgain","floor":24,"gold_loss":0},{"cards_removed":["Strike_G"],"damage_healed":0,"gold_gain":0,"player_choice":"Gave Gold","damage_taken":0,"max_hp_gain":0,"max_hp_loss":0,"event_name":"Beggar","floor":30,"gold_loss":75},{"damage_healed":0,"gold_gain":0,"player_choice":"Fight","damage_taken":0,"max_hp_gain":0,"max_hp_loss":0,"event_name":"Colosseum","floor":31,"gold_loss":0},{"damage_healed":0,"gold_gain":0,"player_choice":"Fled From Nobs","damage_taken":0,"max_hp_gain":0,"max_hp_loss":0,"event_name":"Colosseum","floor":31,"gold_loss":0},{"damage_healed":0,"gold_gain":0,"player_choice":"Fight","damage_taken":0,"max_hp_gain":0,"max_hp_loss":0,"event_name":"Mysterious Sphere","floor":45,"gold_loss":0}],"is_beta":false,"boss_relics":[{"not_picked":["Empty Cage","Runic Dome"],"picked":"Busted Crown"},{"not_picked":["Replay:Grab Bag","Black Star"],"picked":"Honey Jar"}],"items_purged_floors":[4],"is_endless":false,"potions_floor_spawned":[1,6,16,18,20,28,33,38,39,40],"killed_by":"2 Orb Walkers","ascension_level":0}}