{"host":"2zu58scgr3ekv4lr","time":1612821197,"event":{"mods":["AchievementEnabler","BaseMod","Minty Spire (QoL Compilation)","Quick Restart","StSLib","The Cursed"],"gold_per_floor":[110,124,144,40,40,67,67,67,67,87,112,131,157,175,175,273,273,288,58,21,39,39,39,39,49,49,49,49],"floor_reached":27,"language":"ENG","playtime":2048,"items_purged":[],"score":233,"play_id":"a989dd05-1df3-4b4c-81b0-cbfa4831676c","local_time":"20210208225317","is_ascension_mode":false,"campfire_choices":[{"floor":8,"key":"REST"},{"floor":15,"key":"REST"},{"data":"TheCursedMod:CircleOfAbyss","floor":23,"key":"SMITH"}],"circlet_count":0,"master_deck":["TheCursedMod:Strike_TheCursed","TheCursedMod:Strike_TheCursed","TheCursedMod:Strike_TheCursed","TheCursedMod:Strike_TheCursed","TheCursedMod:Defend_TheCursed","TheCursedMod:Defend_TheCursed","TheCursedMod:Defend_TheCursed","TheCursedMod:Defend_TheCursed","TheCursedMod:CursedWand","TheCursedMod:CleanUpWorkshop","TheCursedMod:Dregs","TheCursedMod:CursedAmulet","TheCursedMod:SpitefulPray","TheCursedMod:Mangle","TheCursedMod:Stigma","TheCursedMod:HellfireBreathing","TheCursedMod:LuckyCharm+1","TheCursedMod:BlessingInDisguise","TheCursedMod:Grudge","TheCursedMod:SurpriseAttack","TheCursedMod:CircleOfFlame","TheCursedMod:OutForBlood","TheCursedMod:CircleOfAbyss+1","TheCursedMod:VitalStrike","TheCursedMod:DemonSword","TheCursedMod:Hemoplague","TheCursedMod:Hemoplague","TheCursedMod:CursedBlade","TheCursedMod:Stigma+1"],"relics":["TheCursedMod:BlackMagic101","NeowsBlessing","Ornamental Fan","TheCursedMod:DemonicMark","Bird Faced Urn","Blood Vial","Snecko Eye","Dream Catcher"],"acts_visited":["Exordium","TheCity"],"potions_floor_usage":[12,13,13,21,21],"damage_taken":[{"damage":0,"enemies":"Small Slimes","floor":1,"turns":1},{"damage":0,"enemies":"2 Louse","floor":2,"turns":1},{"damage":0,"enemies":"Cultist","floor":3,"turns":1},{"damage":36,"enemies":"Lagavulin","floor":6,"turns":8},{"damage":5,"enemies":"3 Louse","floor":10,"turns":3},{"damage":29,"enemies":"Gremlin Nob","floor":11,"turns":6},{"damage":12,"enemies":"Large Slime","floor":12,"turns":7},{"damage":24,"enemies":"Lagavulin","floor":13,"turns":10},{"damage":9,"enemies":"Exordium Thugs","floor":14,"turns":5},{"damage":17,"enemies":"Hexaghost","floor":16,"turns":11},{"damage":13,"enemies":"3 Byrds","floor":18,"turns":5},{"damage":31,"enemies":"Spheric Guardian","floor":21,"turns":8},{"damage":61,"enemies":"Cultist and Chosen","floor":25,"turns":6},{"damage":8,"enemies":"Snecko","floor":27,"turns":2}],"seed_played":"818912466941390632","potions_obtained":[{"floor":1,"key":"BlessingOfTheForge"},{"floor":2,"key":"GamblersBrew"},{"floor":10,"key":"Weak Potion"},{"floor":13,"key":"GamblersBrew"},{"floor":16,"key":"Swift Potion"},{"floor":18,"key":"TheCursedMod:DregsPotion"},{"floor":21,"key":"Fire Potion"}],"is_trial":false,"path_per_floor":["M","M","M","$","?","E","?","R","T","M","E","M","E","M","R","B",null,"M","$","$","M","$","R","?","M","T","M"],"character_chosen":"THE_CURSED","items_purchased":["TheCursedMod:Stigma","TheCursedMod:HellfireBreathing","TheCursedMod:DemonSword","TheCursedMod:Hemoplague","TheCursedMod:Hemoplague"],"campfire_rested":2,"item_purchase_floors":[4,4,19,19,20],"current_hp_per_floor":[75,75,75,75,80,44,44,68,68,63,34,26,6,3,27,18,80,69,69,69,50,50,50,50,1,1,0,0],"gold":49,"neow_bonus":"THREE_ENEMY_KILL","is_daily":false,"chose_seed":false,"campfire_upgraded":1,"win_rate":0.0,"timestamp":1612821197,"path_taken":["M","M","M","$","?","E","?","R","T","M","E","M","E","M","R","BOSS","M","?","$","M","$","R","?","M","T","M"],"items_purchased_type":["Card","Card","Card","Card","Card"],"build_version":"2020-12-22","purchased_purges":0,"victory":false,"max_hp_per_floor":[75,75,75,75,80,80,80,80,80,80,80,80,80,80,80,80,80,80,80,80,80,80,80,80,80,80,80,80],"card_choices":[{"not_picked":["TheCursedMod:CursedArmor","TheCursedMod:VitalStrike"],"picked":"TheCursedMod:CursedAmulet","floor":1},{"not_picked":["TheCursedMod:VitalStrike","TheCursedMod:Hemoplague"],"picked":"TheCursedMod:SpitefulPray","floor":2},{"not_picked":["TheCursedMod:SpitefulStrike","TheCursedMod:Stretching"],"picked":"TheCursedMod:Mangle","floor":3},{"not_picked":["TheCursedMod:CircleOfWindfury","TheCursedMod:Mangle"],"picked":"TheCursedMod:LuckyCharm","floor":6},{"not_picked":["TheCursedMod:CursedMace","TheCursedMod:VitalStrike"],"picked":"TheCursedMod:BlessingInDisguise","floor":10},{"not_picked":["TheCursedMod:CursedAmulet","TheCursedMod:SaltUponWound"],"picked":"TheCursedMod:Grudge","floor":11},{"not_picked":["TheCursedMod:WearCloak","TheCursedMod:Obscuration"],"picked":"TheCursedMod:SurpriseAttack","floor":12},{"not_picked":["TheCursedMod:LuckyCharm","TheCursedMod:RapidMovement"],"picked":"TheCursedMod:CircleOfFlame","floor":13},{"not_picked":["TheCursedMod:TacticalStrike","TheCursedMod:CursedStaff"],"picked":"TheCursedMod:OutForBlood","floor":14},{"not_picked":["TheCursedMod:DemonicPact","TheCursedMod:StunningStrike"],"picked":"TheCursedMod:CircleOfAbyss","floor":16},{"not_picked":["TheCursedMod:RavingStaff","TheCursedMod:SmokeScreen"],"picked":"TheCursedMod:VitalStrike","floor":18},{"not_picked":["TheCursedMod:Wield","TheCursedMod:FleshFromBone"],"picked":"TheCursedMod:CursedBlade","floor":21},{"not_picked":["TheCursedMod:FuryStrike","TheCursedMod:TacticalStrike"],"picked":"TheCursedMod:Stigma+1","floor":25}],"player_experience":69791,"relics_obtained":[{"floor":6,"key":"Ornamental Fan"},{"floor":9,"key":"TheCursedMod:DemonicMark"},{"floor":11,"key":"Bird Faced Urn"},{"floor":13,"key":"Blood Vial"},{"floor":26,"key":"Dream Catcher"}],"event_choices":[{"damage_healed":0,"gold_gain":0,"player_choice":"Donut","damage_taken":0,"max_hp_gain":5,"max_hp_loss":0,"event_name":"Big Fish","floor":5,"gold_loss":0},{"damage_healed":0,"gold_gain":0,"player_choice":"Upgraded","damage_taken":0,"max_hp_gain":0,"max_hp_loss":0,"event_name":"Upgrade Shrine","floor":7,"gold_loss":0,"cards_upgraded":["TheCursedMod:LuckyCharm"]},{"damage_healed":0,"gold_gain":0,"player_choice":"Ignored","damage_taken":0,"max_hp_gain":0,"max_hp_loss":0,"event_name":"Cursed Tome","floor":24,"gold_loss":0}],"is_beta":false,"boss_relics":[{"not_picked":["Sozu","TheCursedMod:FourLeafCloverCharm"],"picked":"Snecko Eye"}],"items_purged_floors":[],"is_endless":false,"potions_floor_spawned":[1,2,10,13,16,18,21],"killed_by":"Snecko","ascension_level":0}}