{"host":"b7j598ve05halrwk","time":1612760356,"event":{"mods":["2.2 Compatiblity","BaseMod","Block Reminder","DeckTracker","Minty Spire (QoL Compilation)","Relic Stats","Slay the Relics Exporter","StSLib","ojb\u0027s Better Paths Mod","ojb\u0027s Info Mod"],"gold_per_floor":[113,125,136,136,155,181,181,181,204,219,219,219],"floor_reached":11,"language":"ENG","playtime":607,"items_purged":[],"score":150,"play_id":"6fc5531c-af56-4cff-9da9-e60524f7968a","local_time":"20210207235916","is_ascension_mode":true,"campfire_choices":[{"data":"Lockon","floor":7,"key":"SMITH"}],"circlet_count":0,"master_deck":["AscendersBane","Strike_B","Strike_B","Strike_B","Strike_B","Defend_B","Defend_B","Defend_B","Defend_B","Zap","Dualcast","Coolheaded","Compile Driver","Self Repair","Lockon+1","Seek","Undo"],"relics":["Cracked Core","Happy Flower","Tiny Chest","Toy Ornithopter","Boot"],"acts_visited":["Exordium"],"potions_floor_usage":[5,10,11],"damage_taken":[{"damage":2,"enemies":"Jaw Worm","floor":1,"turns":3},{"damage":8,"enemies":"Small Slimes","floor":2,"turns":5},{"damage":0,"enemies":"2 Louse","floor":3,"turns":2},{"damage":5,"enemies":"Lots of Slimes","floor":5,"turns":4},{"damage":14,"enemies":"Lagavulin","floor":6,"turns":7},{"damage":0,"enemies":"Looter","floor":10,"turns":2},{"damage":47,"enemies":"Gremlin Nob","floor":11,"turns":3}],"seed_played":"2180022662825693905","potions_obtained":[{"floor":2,"key":"EssenceOfDarkness"},{"floor":5,"key":"LiquidBronze"},{"floor":6,"key":"BlessingOfTheForge"}],"is_trial":false,"path_per_floor":["M","M","M","?","M","E","R","?","T","M","E"],"character_chosen":"DEFECT","items_purchased":[],"campfire_rested":0,"item_purchase_floors":[],"current_hp_per_floor":[62,54,54,36,38,24,24,24,24,29,0,0],"gold":219,"neow_bonus":"RANDOM_COMMON_RELIC","is_daily":false,"chose_seed":false,"campfire_upgraded":1,"win_rate":0.0,"timestamp":1612760356,"path_taken":["M","M","M","?","M","E","R","?","T","M","E"],"items_purchased_type":[],"build_version":"2020-12-22","purchased_purges":0,"victory":false,"max_hp_per_floor":[71,71,71,71,71,71,71,71,71,71,71,71],"relic_stats":{"Happy Flower":[8],"counters":[7,26],"Tiny Chest":0,"Boot":[0],"obtain_stats":[{"Happy Flower":0,"Tiny Chest":4,"Cracked Core":0,"Boot":9,"Toy Ornithopter":6},{"Happy Flower":0,"Tiny Chest":3,"Cracked Core":0,"Boot":5,"Toy Ornithopter":5},{"Happy Flower":0,"Tiny Chest":10,"Cracked Core":0,"Boot":21,"Toy Ornithopter":21}],"Toy Ornithopter":10},"card_choices":[{"not_picked":["Stack","Barrage"],"picked":"Coolheaded","floor":1},{"not_picked":["Skim","Barrage"],"picked":"Compile Driver","floor":2},{"not_picked":["Leap","Heatsinks"],"picked":"Self Repair","floor":3},{"not_picked":["Go for the Eyes","Leap"],"picked":"Lockon","floor":5},{"not_picked":["Cold Snap","Steam"],"picked":"Seek","floor":6},{"not_picked":["Skim","Sunder"],"picked":"Undo","floor":10}],"player_experience":1123678,"relics_obtained":[{"floor":6,"key":"Toy Ornithopter"},{"floor":9,"key":"Boot"}],"event_choices":[{"damage_healed":0,"gold_gain":0,"player_choice":"Success","damage_taken":18,"relics_obtained":["Tiny Chest"],"max_hp_gain":0,"max_hp_loss":0,"event_name":"Scrap Ooze","floor":4,"gold_loss":0},{"damage_healed":0,"gold_gain":0,"player_choice":"Ignored","damage_taken":0,"max_hp_gain":0,"max_hp_loss":0,"event_name":"Liars Game","floor":8,"gold_loss":0}],"is_beta":false,"boss_relics":[],"items_purged_floors":[],"is_endless":false,"potions_floor_spawned":[2,5,6],"killed_by":"Gremlin Nob","ascension_level":20}}