{"host":"bux1pdxjwq4dkad9","time":1612770454,"event":{"mods":["Arknights£¨Ã÷ÈÕ·½ÖÛ£©","BaseMod","Colored Map","Minty Spire (QoL Compilation)","Quick Restart","Spicy Shops","StSLib","SuperFastMode"],"gold_per_floor":[115,115,126,136,136,136,136],"floor_reached":6,"language":"ZHS","playtime":244,"items_purged":[],"score":72,"play_id":"05186931-1d66-4dc2-ac17-73246b44acce","local_time":"20210208154734","is_ascension_mode":true,"campfire_choices":[],"circlet_count":0,"master_deck":["AscendersBane","Strike_B","Strike_B","Strike_B","Defend_B","Defend_B","Defend_B","Defend_B","Zap","Dualcast","Arknights_Angel","Arknights_Eyjafjalla","Arknights_Texas","Arknights_Popukar","Chill","Arknights_Orchid","Turbo","Arknights_Lappland","Gash"],"relics":["Cracked Core","Arknights_BattleRecord","NeowsBlessing","Golden Idol"],"acts_visited":["Exordium"],"potions_floor_usage":[6],"damage_taken":[{"damage":0,"enemies":"2 Louse","floor":1,"turns":2},{"damage":0,"enemies":"Cultist","floor":3,"turns":4},{"damage":0,"enemies":"Jaw Worm","floor":4,"turns":4},{"damage":42,"enemies":"Lagavulin","floor":6,"turns":9}],"seed_played":"-6421361437144476057","potions_obtained":[{"floor":1,"key":"FocusPotion"},{"floor":3,"key":"FairyPotion"},{"floor":4,"key":"ColorlessPotion"}],"is_trial":false,"path_per_floor":["M","?","M","M","?","E"],"character_chosen":"DEFECT","items_purchased":[],"campfire_rested":0,"item_purchase_floors":[],"current_hp_per_floor":[64,64,64,64,40,0,0],"gold":136,"neow_bonus":"THREE_ENEMY_KILL","is_daily":false,"chose_seed":false,"campfire_upgraded":0,"win_rate":0.0,"timestamp":1612770454,"path_taken":["M","?","?","M","?","E"],"items_purchased_type":[],"build_version":"2020-12-22","purchased_purges":0,"victory":false,"max_hp_per_floor":[71,71,71,71,71,71,71],"card_choices":[{"not_picked":["Arknights_Durin","Arknights_Rangers"],"picked":"Arknights_Popukar","floor":1},{"not_picked":["Aggregate","Heatsinks"],"picked":"Chill","floor":1},{"not_picked":["Arknights_Ansel","Arknights_12F"],"picked":"Arknights_Orchid","floor":3},{"not_picked":["White Noise","Fusion"],"picked":"Turbo","floor":3},{"not_picked":["Arknights_Gitano","Arknights_Midnight"],"picked":"Arknights_Lappland","floor":4},{"not_picked":["Conserve Battery","Redo"],"picked":"Gash","floor":4}],"player_experience":2348160,"relics_obtained":[],"event_choices":[{"cards_removed":["Strike_B"],"damage_healed":0,"gold_gain":0,"player_choice":"Purged","damage_taken":0,"max_hp_gain":0,"max_hp_loss":0,"event_name":"Purifier","floor":2,"gold_loss":0},{"damage_healed":0,"gold_gain":0,"player_choice":"Take Damage","damage_taken":24,"relics_obtained":["Golden Idol"],"max_hp_gain":0,"max_hp_loss":0,"event_name":"Golden Idol","floor":5,"gold_loss":0}],"is_beta":false,"boss_relics":[],"items_purged_floors":[],"is_endless":false,"potions_floor_spawned":[1,3,4],"killed_by":"Lagavulin","ascension_level":20}}