{"host":"9bcvatsnbq1a3xq4","time":1612809062,"event":{"mods":["BaseMod","Bestiary","Block Reminder","Highlight Path","Minty Spire (QoL Compilation)","Relic Stats"],"gold_per_floor":[115,132,132,49,49,49,83,83,83,97,136,136,136,181,193,303,315,342,404,47,47,71,111,111,154,227,47,47,60,80,100,100,196,196,221,234,254,268,268,302,302,302,302],"floor_reached":42,"language":"ENG","playtime":3671,"items_purged":["Strike_B"],"score":1093,"play_id":"e2556f6e-91b7-4bf2-a437-1679277f8629","local_time":"20210208193102","is_ascension_mode":true,"campfire_choices":[{"data":"Doom and Gloom","floor":6,"key":"SMITH"},{"floor":8,"key":"REST"},{"floor":12,"key":"REST"},{"floor":15,"key":"REST"},{"floor":24,"key":"REST"},{"floor":28,"key":"REST"},{"floor":32,"key":"REST"},{"floor":41,"key":"REST"}],"circlet_count":0,"master_deck":["AscendersBane","Zap","Dualcast","Beam Cell","Doom and Gloom+1","Biased Cognition","Cold Snap","Sweeping Beam","All For One","Coolheaded","Redo","Multi-Cast","Undo","Echo Form","Chaos","Sunder","Loop","All For One","Hologram","Electrodynamics","Double Energy","Defragment","Capacitor","Recycle","Machine Learning","Undo","Seek","Fission","Reprogram","Hyperbeam","Steam","Thunder Strike","Chill+1","Panacea","Echo Form","Defragment"],"relics":["Cracked Core","Dream Catcher","Golden Idol","Vajra","Bag of Marbles","Bottled Tornado","PreservedInsect","MawBank","Anchor","Snecko Eye","DollysMirror","Gremlin Horn","Oddly Smooth Stone","Bottled Lightning","Pandora\u0027s Box","Bird Faced Urn"],"acts_visited":["Exordium","TheCity","TheBeyond"],"potions_floor_usage":[14,23,29,33,36,40,40],"damage_taken":[{"damage":0,"enemies":"2 Louse","floor":1,"turns":4},{"damage":10,"enemies":"Small Slimes","floor":2,"turns":3},{"damage":25,"enemies":"3 Sentries","floor":7,"turns":5},{"damage":7,"enemies":"Jaw Worm","floor":10,"turns":3},{"damage":21,"enemies":"Lagavulin","floor":11,"turns":4},{"damage":0,"enemies":"3 Sentries","floor":14,"turns":3},{"damage":36,"enemies":"Slime Boss","floor":16,"turns":11},{"damage":20,"enemies":"Shell Parasite","floor":18,"turns":6},{"damage":13,"enemies":"Chosen","floor":22,"turns":4},{"damage":0,"enemies":"Slavers","floor":23,"turns":2},{"damage":23,"enemies":"Gremlin Leader","floor":25,"turns":5},{"damage":15,"enemies":"Shelled Parasite and Fungi","floor":29,"turns":3},{"damage":15,"enemies":"Snake Plant","floor":30,"turns":4},{"damage":0,"enemies":"Cultist and Chosen","floor":31,"turns":3},{"damage":11,"enemies":"Champ","floor":33,"turns":11},{"damage":0,"enemies":"Orb Walker","floor":35,"turns":3},{"damage":3,"enemies":"3 Shapes","floor":36,"turns":2},{"damage":7,"enemies":"Spire Growth","floor":37,"turns":3},{"damage":15,"enemies":"4 Shapes","floor":38,"turns":2},{"damage":18,"enemies":"Nemesis","floor":40,"turns":5},{"damage":54,"enemies":"Reptomancer","floor":42,"turns":5}],"seed_played":"7714004118243611101","potions_obtained":[{"floor":2,"key":"Strength Potion"},{"floor":10,"key":"FearPotion"},{"floor":14,"key":"FearPotion"},{"floor":25,"key":"SpeedPotion"},{"floor":29,"key":"PowerPotion"},{"floor":30,"key":"FocusPotion"},{"floor":33,"key":"PowerPotion"},{"floor":36,"key":"Block Potion"},{"floor":37,"key":"FocusPotion"}],"is_trial":false,"path_per_floor":["M","M","?","$","?","R","E","R","T","M","E","R","?","E","R","B",null,"M","?","$","?","M","E","R","E","T","$","R","M","M","M","R","B",null,"M","M","M","M","?","E","R","E"],"character_chosen":"DEFECT","items_purchased":["Biased Cognition","Sunder","Loop","DollysMirror","Electrodynamics"],"campfire_rested":7,"item_purchase_floors":[4,20,20,20,27],"current_hp_per_floor":[64,54,54,54,43,43,18,37,37,30,9,28,28,28,47,11,51,31,31,31,31,18,18,37,14,14,14,33,18,3,3,22,11,51,51,48,41,26,26,8,27,0,0],"gold":302,"neow_bonus":"RANDOM_COMMON_RELIC","is_daily":false,"chose_seed":false,"campfire_upgraded":1,"win_rate":0.0,"timestamp":1612809062,"path_taken":["M","M","?","$","?","R","E","R","T","M","E","R","?","E","R","BOSS","M","?","$","?","M","E","R","E","T","?","R","M","M","M","R","BOSS","M","M","M","M","?","E","R","E"],"items_purchased_type":["Card","Card","Card","Relic","Card"],"build_version":"2020-12-22","purchased_purges":1,"victory":false,"max_hp_per_floor":[71,71,64,64,64,64,64,64,64,64,64,64,64,64,64,64,64,64,64,64,64,64,64,64,64,64,64,64,64,64,64,64,64,64,64,64,64,64,64,64,64,64,64],"relic_stats":{"Dream Catcher":7,"Gremlin Horn":[16,16],"counters":[21,91],"Golden Idol":122,"Bird Faced Urn":[10],"Snecko Eye":[106,89,100,114],"Pandora\u0027s Box":["Undo","Seek","Fission","Reprogram","Hyperbeam","Steam","Thunder Strike"],"PreservedInsect":251,"MawBank":84,"obtain_stats":[{"Gremlin Horn":23,"Golden Idol":3,"Vajra":5,"Oddly Smooth Stone":25,"PreservedInsect":11,"Bottled Tornado":9,"MawBank":13,"Dream Catcher":0,"Anchor":14,"DollysMirror":20,"Bird Faced Urn":40,"Snecko Eye":17,"Pandora\u0027s Box":34,"Bag of Marbles":7,"Bottled Lightning":26,"Cracked Core":0},{"Gremlin Horn":10,"Golden Idol":2,"Vajra":2,"Oddly Smooth Stone":11,"PreservedInsect":5,"Bottled Tornado":3,"MawBank":5,"Dream Catcher":0,"Anchor":6,"DollysMirror":8,"Bird Faced Urn":20,"Snecko Eye":7,"Pandora\u0027s Box":15,"Bag of Marbles":3,"Bottled Lightning":11,"Cracked Core":0},{"Gremlin Horn":45,"Golden Idol":7,"Vajra":7,"Oddly Smooth Stone":50,"PreservedInsect":19,"Bottled Tornado":12,"MawBank":19,"Dream Catcher":0,"Anchor":22,"DollysMirror":39,"Bird Faced Urn":86,"Snecko Eye":33,"Pandora\u0027s Box":71,"Bag of Marbles":12,"Bottled Lightning":50,"Cracked Core":0}]},"card_choices":[{"not_picked":["Redo","Consume"],"picked":"Beam Cell","floor":1},{"not_picked":["Rip and Tear","White Noise"],"picked":"Doom and Gloom","floor":2},{"not_picked":["Darkness","Conserve Battery"],"picked":"Cold Snap","floor":7},{"not_picked":["Go for the Eyes","Redo"],"picked":"Sweeping Beam","floor":8},{"not_picked":["Undo","White Noise"],"picked":"All For One","floor":10},{"not_picked":["Sweeping Beam","Darkness"],"picked":"Coolheaded","floor":11},{"not_picked":["Force Field","Streamline"],"picked":"Redo","floor":12},{"not_picked":["Sunder","Darkness"],"picked":"Multi-Cast","floor":14},{"not_picked":["Turbo","Heatsinks"],"picked":"Undo","floor":15},{"not_picked":["Creative AI","Core Surge"],"picked":"Echo Form","floor":16},{"not_picked":["Stack","Coolheaded"],"picked":"Chaos","floor":18},{"not_picked":["Go for the Eyes","Steam Power+1","Gash"],"picked":"SKIP","floor":22},{"not_picked":["Turbo","Redo"],"picked":"Hologram","floor":23},{"not_picked":["Tempest","Darkness","Ball Lightning+1"],"picked":"SKIP","floor":25},{"not_picked":["Fission","Streamline+1"],"picked":"Double Energy","floor":28},{"not_picked":["Leap","Hologram"],"picked":"Defragment","floor":29},{"not_picked":["Go for the Eyes","Double Energy","Streamline"],"picked":"SKIP","floor":30},{"not_picked":["Sweeping Beam","Cold Snap"],"picked":"Capacitor","floor":31},{"not_picked":["Lockon","Static Discharge"],"picked":"Recycle","floor":32},{"not_picked":["Hyperbeam","Biased Cognition"],"picked":"Machine Learning","floor":33},{"not_picked":["Lockon","Conserve Battery","Cold Snap"],"picked":"SKIP","floor":35},{"not_picked":["Blizzard","Sweeping Beam","Melter"],"picked":"SKIP","floor":36},{"not_picked":["Beam Cell","Steam Power","Coolheaded"],"picked":"SKIP","floor":37},{"not_picked":["Compile Driver+1","Sweeping Beam"],"picked":"Chill+1","floor":38},{"not_picked":["Forethought","Purity"],"picked":"Panacea","floor":39},{"not_picked":["Stack","Go for the Eyes"],"picked":"Echo Form","floor":40},{"not_picked":["Steam Power","Compile Driver"],"picked":"Defragment","floor":41}],"player_experience":811235,"relics_obtained":[{"floor":7,"key":"Bag of Marbles"},{"floor":9,"key":"Bottled Tornado"},{"floor":11,"key":"PreservedInsect"},{"floor":14,"key":"Anchor"},{"floor":23,"key":"Gremlin Horn"},{"floor":25,"key":"Oddly Smooth Stone"},{"floor":26,"key":"Bottled Lightning"},{"floor":40,"key":"Bird Faced Urn"}],"event_choices":[{"damage_healed":0,"gold_gain":0,"player_choice":"Lose Max HP","damage_taken":0,"relics_obtained":["Golden Idol"],"max_hp_gain":0,"max_hp_loss":7,"event_name":"Golden Idol","floor":3,"gold_loss":0},{"damage_healed":0,"gold_gain":0,"player_choice":"Success","damage_taken":11,"relics_obtained":["Vajra"],"max_hp_gain":0,"max_hp_loss":0,"event_name":"Scrap Ooze","floor":5,"gold_loss":0},{"damage_healed":0,"gold_gain":0,"player_choice":"Searched \u00272\u0027 times","damage_taken":0,"relics_obtained":["MawBank"],"max_hp_gain":0,"max_hp_loss":0,"event_name":"Dead Adventurer","floor":13,"gold_loss":0},{"damage_healed":0,"gold_gain":50,"player_choice":"Stole From Cult","damage_taken":0,"max_hp_gain":0,"max_hp_loss":0,"event_name":"Nest","floor":19,"gold_loss":0},{"damage_healed":0,"gold_gain":0,"player_choice":"Memory 1","damage_taken":0,"max_hp_gain":0,"max_hp_loss":0,"event_name":"SensoryStone","floor":39,"gold_loss":0}],"is_beta":false,"boss_relics":[{"not_picked":["Ectoplasm","Astrolabe"],"picked":"Snecko Eye"},{"not_picked":["SacredBark","Tiny House"],"picked":"Pandora\u0027s Box"}],"items_purged_floors":[20],"is_endless":false,"potions_floor_spawned":[2,10,14,25,29,30,33,36,37,38],"killed_by":"Reptomancer","ascension_level":20}}