{"host":"3498uni0c31c9bdm","time":1612796699,"event":{"mods":["BaseMod","Better Match","Better Note","Better Sensory Stone","Better Skull","Better Third Choice","Colored Map","Minty Spire (QoL Compilation)","Quick Restart","RNG Fix","Random Character Button","Replay The Spire","Shop Mod","Smile Girya","StSLib","Unceasing Turn Reminder"],"gold_per_floor":[117,117,65,84,101,101,119,119,119],"floor_reached":8,"language":"ENG","playtime":347,"items_purged":[],"score":72,"play_id":"da700d4d-f386-4511-812a-37ff165078aa","local_time":"20210209020459","is_ascension_mode":true,"campfire_choices":[{"data":"Cloak And Dagger","floor":6,"key":"SMITH"}],"circlet_count":0,"master_deck":["AscendersBane","Strike_G","Strike_G","Strike_G","Strike_G","Strike_G","Defend_G","Defend_G","Defend_G","Defend_G","Defend_G","Survivor","Neutralize","Sucker Punch","Catalyst","Catalyst","Cloak And Dagger+1","Storm of Steel","Deflect"],"relics":["Ring of the Snake","NeowsBlessing","Replay:Towering Pillar of Hats"],"acts_visited":["Exordium"],"potions_floor_usage":[8,8,8],"damage_taken":[{"damage":0,"enemies":"2 Louse","floor":1,"turns":1},{"damage":0,"enemies":"Small Slimes","floor":4,"turns":1},{"damage":0,"enemies":"Jaw Worm","floor":5,"turns":1},{"damage":0,"enemies":"Exordium Wildlife","floor":7,"turns":3},{"damage":55,"enemies":"Lagavulin","floor":8,"turns":12}],"seed_played":"7855175491669320922","potions_obtained":[{"floor":4,"key":"Swift Potion"},{"floor":5,"key":"Energy Potion"},{"floor":7,"key":"AttackPotion"}],"is_trial":false,"path_per_floor":["M","?","$","M","M","R","M","E"],"character_chosen":"THE_SILENT","items_purchased":["Catalyst"],"campfire_rested":0,"item_purchase_floors":[3],"current_hp_per_floor":[63,51,51,51,51,51,51,0,0],"gold":119,"neow_bonus":"THREE_ENEMY_KILL","is_daily":false,"chose_seed":false,"campfire_upgraded":1,"win_rate":0.0,"timestamp":1612796699,"path_taken":["M","?","$","M","M","R","M","E"],"items_purchased_type":["Card"],"build_version":"2020-12-22","purchased_purges":0,"victory":false,"max_hp_per_floor":[70,70,70,70,70,70,70,70,70],"card_choices":[{"not_picked":["Hidden Blade","ReplayTheSpireMod:Tripwire"],"picked":"Sucker Punch","floor":1},{"not_picked":["ReplayTheSpireMod:Exploit Weakness","PiercingWail"],"picked":"Cloak And Dagger","floor":4},{"not_picked":["PiercingWail","Bane"],"picked":"Storm of Steel","floor":5},{"not_picked":["Calculated Gamble","Prepared"],"picked":"Deflect","floor":7}],"player_experience":852517,"relics_obtained":[],"event_choices":[{"damage_healed":0,"gold_gain":0,"player_choice":"Relic ","damage_taken":12,"max_hp_gain":0,"max_hp_loss":0,"event_name":"betterThird:BetterScrap","floor":2,"gold_loss":0,"cards_obtained":["Corruption"]}],"is_beta":false,"boss_relics":[],"items_purged_floors":[],"is_endless":false,"potions_floor_spawned":[4,5,7],"killed_by":"Lagavulin","ascension_level":10}}