{"host":"kaame4qwxxqnygv7","time":1612767846,"event":{"mods":["AchievementEnabler","BaseMod","Better Match","Better Skull","Better Third Choice","Block Reminder","DeckTracker","Energized Spire","GungeonMod","Minty Spire (QoL Compilation)","Quick Restart","Red Circlet Mod","StSLib","SuperFastMode","The Blue Laboratory"],"gold_per_floor":[114,114,114,64,83,83,258,277,352,371,390,390,409,447,447,572,572,591,591,610,610,629,629,667,92,92,111,130,149,168,187,187,312,312,331,331,331,350,100,138,138,157,157,176,176,176,195,214,214,214],"floor_reached":51,"language":"KOR","playtime":1967,"items_purged":["DemoMod:ThirdPartyController","DemoMod:BulletBore"],"score":880,"play_id":"2bf6106c-8a53-4ed2-96d3-b98b4e0f5c76","local_time":"20210208160406","daily_mods":["Shiny","Uncertain Future","Terminal"],"is_ascension_mode":false,"campfire_choices":[{"floor":6,"key":"REST"},{"data":"DemoMod:ConditionalReflex","floor":12,"key":"SMITH"},{"data":"DemoMod:PotionOfGunFriendShip","floor":15,"key":"SMITH"},{"data":"DemoMod:FullFirepower","floor":23,"key":"SMITH"},{"floor":32,"key":"REST"},{"data":"DemoMod:Behold!","floor":41,"key":"SMITH"},{"floor":46,"key":"REST"},{"data":"DemoMod:GunslingerForm","floor":49,"key":"SMITH"}],"circlet_count":0,"master_deck":["DemoMod:BSG","DemoMod:Eureka","DemoMod:GunslingerForm+1","DemoMod:FinishedGun","DemoMod:SuppressiveFire","DemoMod:Behold!+1","DemoMod:FullFirepower+1","DemoMod:DoubleVision","DemoMod:FightSabre","DemoMod:BlankBullets","DemoMod:Slinger","DemoMod:BalloonGun","DemoMod:Elimentaler","DemoMod:Gungine","DemoMod:LifeOrb","DemoMod:HungryBullets","DemoMod:ConditionalReflex+1","DemoMod:HardPowerCard","DemoMod:PotionOfGunFriendShip+1","DemoMod:Gungine","DemoMod:Eureka","DemoMod:HungryBullets+1"],"relics":["DemoMod:Dog","Golden Idol","DemoMod:BlueGuonStone","White Beast Statue","energizedSpire:OgreHead","Nilry\u0027s Codex","DemoMod:PoisonVial","Du-Vu Doll","Singing Bowl","Ornamental Fan","Question Card","Blood Vial","Centennial Puzzle","Unceasing Top"],"acts_visited":["Exordium","TheCity","TheBeyond"],"potions_floor_usage":[20,50],"damage_taken":[{"damage":3,"enemies":"Small Slimes","floor":1,"turns":2},{"damage":0,"enemies":"2 Louse","floor":5,"turns":1},{"damage":5,"enemies":"Jaw Worm","floor":8,"turns":2},{"damage":0,"enemies":"Gremlin Gang","floor":10,"turns":2},{"damage":0,"enemies":"Large Slime","floor":11,"turns":4},{"damage":0,"enemies":"Blue Slaver","floor":13,"turns":1},{"damage":0,"enemies":"3 Sentries","floor":14,"turns":3},{"damage":0,"enemies":"Hexaghost","floor":16,"turns":7},{"damage":0,"enemies":"Chosen","floor":18,"turns":3},{"damage":0,"enemies":"3 Byrds","floor":20,"turns":3},{"damage":0,"enemies":"Centurion and Healer","floor":22,"turns":2},{"damage":7,"enemies":"Slavers","floor":24,"turns":4},{"damage":0,"enemies":"Snake Plant","floor":27,"turns":4},{"damage":0,"enemies":"Snecko","floor":28,"turns":1},{"damage":0,"enemies":"Shelled Parasite and Fungi","floor":29,"turns":2},{"damage":0,"enemies":"Centurion and Healer","floor":30,"turns":3},{"damage":12,"enemies":"Snecko","floor":31,"turns":4},{"damage":0,"enemies":"Champ","floor":33,"turns":1},{"damage":0,"enemies":"3 Darklings","floor":35,"turns":3},{"damage":1,"enemies":"3 Shapes","floor":38,"turns":2},{"damage":0,"enemies":"Nemesis","floor":40,"turns":1},{"damage":20,"enemies":"Spire Growth","floor":42,"turns":3},{"damage":2,"enemies":"4 Shapes","floor":44,"turns":2},{"damage":0,"enemies":"Jaw Worm Horde","floor":47,"turns":2},{"damage":0,"enemies":"Sphere and 2 Shapes","floor":48,"turns":1},{"damage":28,"enemies":"Time Eater","floor":50,"turns":9}],"seed_played":"-2425098010432476902","potions_obtained":[{"floor":1,"key":"blueLaboratory:NullPotion"},{"floor":14,"key":"blueLaboratory:StoneskinPotion"},{"floor":16,"key":"blueLaboratory:FrostheartPotion"},{"floor":18,"key":"DuplicationPotion"},{"floor":20,"key":"SpeedPotion"},{"floor":22,"key":"blueLaboratory:BottleOfRum"},{"floor":30,"key":"FairyPotion"},{"floor":40,"key":"blueLaboratory:CorrosionFlask"}],"is_trial":false,"path_per_floor":["M","?","?","$","M","R","?","M","T","M","M","R","M","E","R","B",null,"M","?","M","?","M","R","E","$","T","M","M","M","M","M","R","B",null,"M","?","?","M","$","E","R","M","T","M","?","R","M","M","R","B",null],"character_chosen":"HUNTRESS","items_purchased":["DemoMod:LeadSkinPotion","Singing Bowl","Ornamental Fan","Blood Vial"],"campfire_rested":3,"item_purchase_floors":[4,25,25,39],"current_hp_per_floor":[66,59,43,43,43,62,62,57,57,57,57,57,56,55,54,53,52,51,35,35,35,35,35,28,28,28,30,32,34,36,26,40,42,47,48,47,44,45,44,45,44,26,26,28,28,41,44,45,44,16],"gold":214,"neow_bonus":"","is_daily":true,"chose_seed":false,"campfire_upgraded":5,"win_rate":0.0,"timestamp":1612767846,"path_taken":["M","?","?","$","M","R","?","M","T","M","M","R","M","E","R","BOSS","M","?","M","?","M","R","E","$","T","M","M","M","?","M","R","BOSS","M","?","?","M","$","E","R","M","T","M","?","R","M","M","R","BOSS"],"items_purchased_type":["Undefined","Relic","Relic","Relic"],"build_version":"2020-12-22","purchased_purges":2,"victory":true,"max_hp_per_floor":[68,67,66,65,64,63,62,61,60,59,58,57,56,55,54,53,52,51,50,49,48,47,46,45,44,43,44,45,46,47,48,47,48,47,48,47,44,45,44,45,44,45,44,45,44,43,44,45,44,43],"card_choices":[{"not_picked":["DemoMod:SAA","DemoMod:MegaHand","DemoMod:AC15"],"picked":"SKIP","floor":1},{"not_picked":["DemoMod:FastSwitch","DemoMod:SkilledReload"],"picked":"DemoMod:LifeOrb","floor":5},{"not_picked":["DemoMod:JK47","DemoMod:BattleInHaste"],"picked":"DemoMod:HungryBullets","floor":8},{"not_picked":["DemoMod:JK47","DemoMod:Evolver","DemoMod:LifeOrb"],"picked":"SKIP","floor":8},{"not_picked":["DemoMod:HuntsMan","DemoMod:JK47"],"picked":"DemoMod:ConditionalReflex","floor":10},{"not_picked":["DemoMod:MachoBrace","DemoMod:TeaPot"],"picked":"DemoMod:HardPowerCard","floor":11},{"not_picked":["DemoMod:GunslingerForm","DemoMod:SniperShot","DemoMod:CombinedRifle"],"picked":"SKIP","floor":13},{"not_picked":["DemoMod:BattleInHaste","DemoMod:Purify"],"picked":"DemoMod:PotionOfGunFriendShip","floor":14},{"not_picked":["DemoMod:BalloonGun","DemoMod:DarkMarker"],"picked":"DemoMod:Gungine","floor":16},{"not_picked":["DemoMod:Evolver","DemoMod:SpreadAmmo","DemoMod:BoxingGlove"],"picked":"SKIP","floor":18},{"not_picked":["DemoMod:Unmoved","DemoMod:SAA"],"picked":"DemoMod:Eureka","floor":20},{"not_picked":["DemoMod:SniperShot","DemoMod:ChanceBullets","DemoMod:GunstockTap"],"picked":"SKIP","floor":22},{"not_picked":["DemoMod:Camera","DemoMod:DoubleSwitch"],"picked":"DemoMod:HungryBullets+1","floor":24},{"not_picked":["DemoMod:LifeOrb","DemoMod:Unmoved","DemoMod:TableSutra"],"picked":"SKIP","floor":24},{"not_picked":["DemoMod:Ejector+1","DemoMod:SAA+1","DemoMod:ConditionalReflex","DemoMod:GunShield"],"picked":"Singing Bowl","floor":27},{"not_picked":["DemoMod:Gungine","DemoMod:Casey","DemoMod:PotionOfGunFriendShip","DemoMod:RadGun"],"picked":"Singing Bowl","floor":28},{"not_picked":["DemoMod:BattleInHaste","DemoMod:GunstockTap","DemoMod:PotionOfGunFriendShip","DemoMod:PracticeMakesPerfect"],"picked":"Singing Bowl","floor":29},{"not_picked":["DemoMod:Purify","DemoMod:MachoBrace","DemoMod:Casey+1","DemoMod:ShadowBullets"],"picked":"Singing Bowl","floor":30},{"not_picked":["DemoMod:CursedBullets","DemoMod:BoxingGlove","DemoMod:JK47","DemoMod:FortunesFavor"],"picked":"Singing Bowl","floor":31},{"not_picked":["DemoMod:Elimentaler","DemoMod:DoubleVision","DemoMod:BulletBore","DemoMod:BlankBullets"],"picked":"Singing Bowl","floor":33},{"not_picked":["DemoMod:PotionOfGunFriendShip","DemoMod:BoxingGlove+1","DemoMod:Replace","DemoMod:StickyCrossBow+1"],"picked":"Singing Bowl","floor":35},{"not_picked":["DemoMod:ZorGun+1","DemoMod:ChanceBullets+1","DemoMod:ShadowBullets","DemoMod:PracticeMakesPerfect+1"],"picked":"Singing Bowl","floor":38},{"not_picked":["DemoMod:EasyReloadBullets","DemoMod:CursedBullets","DemoMod:TripleGun+1","DemoMod:ConditionalReflex+1"],"picked":"Singing Bowl","floor":40},{"not_picked":["DemoMod:ChanceBullets","DemoMod:PracticeMakesPerfect","DemoMod:Slinger","DemoMod:HungryBullets"],"picked":"Singing Bowl","floor":42},{"not_picked":["DemoMod:StrategicReserve+1","DemoMod:ProbeStrike","DemoMod:SniperShot+1","DemoMod:SAA"],"picked":"Singing Bowl","floor":44},{"not_picked":["DemoMod:SniperShot+1","DemoMod:MachoBrace","DemoMod:DoubleSwitch","DemoMod:SAA+1"],"picked":"Singing Bowl","floor":47},{"not_picked":["DemoMod:DoubleSwitch+1","DemoMod:SpreadAmmo","DemoMod:ZorGun","DemoMod:TeaPot"],"picked":"Singing Bowl","floor":48}],"player_experience":257574,"relics_obtained":[{"floor":9,"key":"DemoMod:BlueGuonStone"},{"floor":14,"key":"White Beast Statue"},{"floor":19,"key":"Nilry\u0027s Codex"},{"floor":24,"key":"Du-Vu Doll"},{"floor":26,"key":"Question Card"},{"floor":40,"key":"Centennial Puzzle"},{"floor":43,"key":"Unceasing Top"}],"event_choices":[{"cards_removed":["DemoMod:DarkMarker"],"damage_healed":0,"gold_gain":0,"player_choice":"Card Removal","damage_taken":7,"max_hp_gain":0,"max_hp_loss":0,"event_name":"Golden Wing","floor":2,"gold_loss":0},{"damage_healed":0,"gold_gain":0,"player_choice":"Take Damage","damage_taken":16,"relics_obtained":["Golden Idol"],"max_hp_gain":0,"max_hp_loss":0,"event_name":"Golden Idol","floor":3,"gold_loss":0},{"damage_healed":0,"gold_gain":175,"player_choice":"AGREE","damage_taken":83,"max_hp_gain":0,"max_hp_loss":0,"event_name":"betterThird:BetterSerpent","floor":7,"gold_loss":0},{"damage_healed":0,"gold_gain":0,"player_choice":"Obtained Book","damage_taken":16,"max_hp_gain":0,"max_hp_loss":0,"event_name":"Cursed Tome","floor":19,"gold_loss":0},{"damage_healed":0,"gold_gain":0,"player_choice":"Gave Potion","damage_taken":0,"relics_obtained":["DemoMod:PoisonVial"],"max_hp_gain":0,"max_hp_loss":0,"event_name":"WeMeetAgain","floor":21,"gold_loss":0},{"damage_healed":0,"gold_gain":0,"player_choice":"Max HP","damage_taken":0,"max_hp_gain":0,"max_hp_loss":2,"event_name":"Winding Halls","floor":37,"gold_loss":0},{"damage_healed":0,"gold_gain":0,"player_choice":"Ignored","damage_taken":0,"max_hp_gain":0,"max_hp_loss":0,"event_name":"Tomb of Lord Red Mask","floor":45,"gold_loss":0}],"is_beta":false,"boss_relics":[{"not_picked":["energizedSpire:NeverEndingSparkler","Astrolabe"],"picked":"energizedSpire:OgreHead"},{"not_picked":["Fusion Hammer","Velvet Choker","Runic Pyramid"]}],"items_purged_floors":[25,39],"is_endless":false,"potions_floor_spawned":[1,14,16,18,20,22,24,27,28,29,30,31,33,35,38,40,42,44,47,48],"ascension_level":0}}