{"host":"v3qphhcqhwfpabne","time":1612791649,"event":{"mods":["100% Spire Juice","2.2 Compatiblity","AchievementEnabler","BaseMod","CapriCore","DeckTracker","KinomotoSakuraMod(ÙÊñýÜâ?)","Koishi","Marisa£¨Ùöéë¡¡Øª×âÞÞ£©","Minty Spire (QoL Compilation)","Permanent Neow","Prisma Mod","StSLib","Td1madao Mod","The Bug Knight","The Cursed","The Immortal","The Runesmith","WarShipGirlsR/??á´Ò³R mod"],"gold_per_floor":[365,380,390,66,83,83,101,1,1,1,1,20,20,34,34,137,137,151,170,170,45,45,45,45],"floor_reached":23,"language":"KOR","playtime":770,"items_purged":["Writhe","Strike_R","Parasite"],"score":201,"play_id":"b4301c27-8f83-4848-94be-6f9d4c0d5b1a","local_time":"20210208224049","is_ascension_mode":true,"campfire_choices":[{"data":"Searing Blow","floor":6,"key":"SMITH"},{"data":"Searing Blow+1","floor":10,"key":"SMITH"},{"data":"Searing Blow+2","floor":13,"key":"SMITH"},{"data":"Searing Blow+3","floor":15,"key":"SMITH"}],"circlet_count":0,"master_deck":["Strike_R","Defend_R","Defend_R","Defend_R","Defend_R","Bash","Searing Blow+4","Headbutt","Spot Weakness","Armaments","Rampage","Double Tap","Entrench+1","Rampage+1","Seeing Red+1","Warcry","Armaments","Writhe"],"relics":["Burning Blood","StoneCalendar","Astrolabe","Lizard Tail","Nloth\u0027s Gift"],"acts_visited":["Exordium","TheCity"],"potions_floor_usage":[16],"damage_taken":[{"damage":15,"enemies":"Cultist","floor":1,"turns":5},{"damage":14,"enemies":"2 Louse","floor":2,"turns":3},{"damage":3,"enemies":"Small Slimes","floor":3,"turns":3},{"damage":24,"enemies":"3 Louse","floor":5,"turns":3},{"damage":31,"enemies":"Gremlin Gang","floor":7,"turns":5},{"damage":20,"enemies":"Exordium Thugs","floor":12,"turns":5},{"damage":8,"enemies":"Blue Slaver","floor":14,"turns":2},{"damage":29,"enemies":"Slime Boss","floor":16,"turns":7},{"damage":46,"enemies":"Spheric Guardian","floor":18,"turns":7},{"damage":44,"enemies":"Shell Parasite","floor":19,"turns":5},{"damage":59,"enemies":"Gremlin Leader","floor":23,"turns":4}],"seed_played":"8724774865962740887","potions_obtained":[{"floor":5,"key":"Explosive Potion"},{"floor":7,"key":"FairyPotion"},{"floor":19,"key":"SpeedPotion"}],"is_trial":false,"path_per_floor":["M","M","M","$","M","R","M","$","T","R","?","M","R","M","R","B",null,"M","M","?","$","?","E"],"character_chosen":"IRONCLAD","items_purchased":["Pantograph"],"campfire_rested":0,"item_purchase_floors":[4],"current_hp_per_floor":[71,63,66,66,48,48,23,23,23,23,43,29,29,27,27,29,80,40,30,30,30,30,9,9],"gold":45,"neow_bonus":"TWO_FIFTY_GOLD","is_daily":false,"chose_seed":false,"campfire_upgraded":4,"win_rate":0.0,"timestamp":1612791649,"path_taken":["M","M","M","$","M","R","M","?","T","R","?","M","R","M","R","BOSS","M","M","?","$","?","E"],"items_purchased_type":["Relic"],"build_version":"2020-12-22","purchased_purges":3,"victory":false,"max_hp_per_floor":[80,80,80,80,80,80,80,80,80,80,80,80,80,80,80,80,80,80,80,80,77,77,77,77],"card_choices":[{"not_picked":["Wild Strike","Flex"],"picked":"Searing Blow","floor":1},{"not_picked":["Fire Breathing","Flex"],"picked":"Headbutt","floor":2},{"not_picked":["Wild Strike","Disarm"],"picked":"Spot Weakness","floor":3},{"not_picked":["Thunderclap","Iron Wave","Combust"],"picked":"SKIP","floor":5},{"not_picked":["Bloodletting","Perfected Strike"],"picked":"Armaments","floor":7},{"not_picked":["Flame Barrier","Sever Soul"],"picked":"Rampage","floor":12},{"not_picked":["Bloodletting","Demon Form","Flame Barrier"],"picked":"SKIP","floor":14},{"not_picked":["Reaper","Immolate"],"picked":"Double Tap","floor":16},{"not_picked":["Pommel Strike","Sentinel+1"],"picked":"Warcry","floor":18},{"not_picked":["Dropkick","Perfected Strike"],"picked":"Armaments","floor":19}],"player_experience":115221,"relics_obtained":[{"floor":9,"key":"StoneCalendar"}],"event_choices":[{"damage_healed":20,"gold_gain":0,"player_choice":"Healed and dodged fight","damage_taken":0,"max_hp_gain":0,"max_hp_loss":0,"event_name":"Mushrooms","floor":11,"gold_loss":0,"cards_obtained":["Parasite"]},{"damage_healed":0,"gold_gain":0,"player_choice":"Opened","damage_taken":0,"relics_obtained":["Lizard Tail"],"max_hp_gain":0,"max_hp_loss":0,"event_name":"The Mausoleum","floor":20,"gold_loss":0,"cards_obtained":["Writhe"]},{"damage_healed":0,"gold_gain":0,"player_choice":"Traded Relic","damage_taken":0,"relics_obtained":["Nloth\u0027s Gift"],"max_hp_gain":0,"max_hp_loss":0,"event_name":"N\u0027loth","floor":22,"relics_lost":["Pantograph"],"gold_loss":0}],"is_beta":false,"boss_relics":[{"not_picked":["Fusion Hammer","Runesmith:UraniumAnvil"],"picked":"Astrolabe"}],"items_purged_floors":[4,8,21],"is_endless":false,"potions_floor_spawned":[5,7,19],"killed_by":"Gremlin Leader","ascension_level":2}}