{"host":"okvf2hy7r209l3k2","time":1612761011,"event":{"mods":["BaseMod","Block Reminder","Colored Map","Colored Powertips","Downfall","Hermit","Highlight Path","Minty Spire (QoL Compilation)","Permanent Neow","StSLib","The Cursed"],"gold_per_floor":[14,14,30,46,46,46,81,100,124,299,314,326,342,342,342,342,342],"floor_reached":16,"language":"ENG","playtime":1118,"items_purged":[],"score":104,"play_id":"b595608b-8947-4a05-9082-7b804e54230d","local_time":"20210207201011","is_ascension_mode":false,"campfire_choices":[{"data":"hermit:Headshot","floor":6,"key":"SMITH"},{"floor":15,"key":"REST"}],"circlet_count":0,"master_deck":["hermit:Strike_Hermit","hermit:Strike_Hermit","hermit:Strike_Hermit","hermit:Defend_Hermit","hermit:Defend_Hermit","hermit:Defend_Hermit","hermit:Snapshot","hermit:Covet","hermit:Deadeye","hermit:Headshot+1","Regret","hermit:BigShot","hermit:CalledShot","Doubt","hermit:Brawl","hermit:Coalescence","hermit:TrackingShot","Parasite"],"relics":["hermit:Momento","Bronze Scales","Smiling Mask"],"acts_visited":["Exordium"],"potions_floor_usage":[13,16,16],"damage_taken":[{"damage":6,"enemies":"Jaw Worm","floor":1,"turns":3},{"damage":0,"enemies":"2 Louse","floor":3,"turns":3},{"damage":0,"enemies":"Cultist","floor":4,"turns":2},{"damage":21,"enemies":"3 Sentries","floor":7,"turns":6},{"damage":10,"enemies":"Exordium Thugs","floor":8,"turns":2},{"damage":10,"enemies":"3 Louse","floor":11,"turns":3},{"damage":16,"enemies":"Gremlin Gang","floor":12,"turns":4},{"damage":9,"enemies":"2 Fungi Beasts","floor":13,"turns":3},{"damage":45,"enemies":"Slime Boss","floor":16,"turns":6}],"seed_played":"1558310983410163807","potions_obtained":[{"floor":3,"key":"DuplicationPotion"},{"floor":11,"key":"Ancient Potion"},{"floor":13,"key":"GamblersBrew"}],"is_trial":false,"path_per_floor":["M","$","M","M","?","R","E","M","T","?","M","M","M","?","R","B"],"character_chosen":"HERMIT","items_purchased":[],"campfire_rested":1,"item_purchase_floors":[],"current_hp_per_floor":[69,69,69,69,69,69,48,38,38,38,28,12,3,21,43,0,0],"gold":342,"neow_bonus":"REMOVE_TWO","is_daily":false,"chose_seed":false,"campfire_upgraded":1,"win_rate":0.0,"timestamp":1612761011,"path_taken":["M","$","M","M","?","R","E","M","T","?","M","M","M","?","R","BOSS"],"items_purchased_type":[],"build_version":"2020-12-22","purchased_purges":0,"victory":false,"max_hp_per_floor":[75,75,75,75,75,75,75,75,75,75,75,75,75,75,75,75,75],"card_choices":[{"not_picked":["hermit:TrackingShot","hermit:Virtue"],"picked":"hermit:Deadeye","floor":1},{"not_picked":["hermit:Dive","hermit:Misfire"],"picked":"hermit:Headshot","floor":3},{"not_picked":["hermit:BodyArmor","hermit:Maintenance","hermit:LowProfile"],"picked":"SKIP","floor":4},{"not_picked":["hermit:TakeCover","hermit:Combo"],"picked":"hermit:BigShot","floor":7},{"not_picked":["hermit:Quickdraw","hermit:HighCaliber"],"picked":"hermit:CalledShot","floor":8},{"not_picked":["hermit:GoldenBullet","hermit:Headshot"],"picked":"hermit:Brawl","floor":11},{"not_picked":["hermit:Desperado","hermit:WideOpen"],"picked":"hermit:Coalescence","floor":12},{"not_picked":["hermit:GoldenBullet","hermit:NoHoldsBarred"],"picked":"hermit:TrackingShot","floor":13}],"player_experience":178749,"relics_obtained":[{"floor":7,"key":"Smiling Mask"}],"event_choices":[{"damage_healed":0,"gold_gain":0,"player_choice":"Box","damage_taken":0,"relics_obtained":["Bronze Scales"],"max_hp_gain":0,"max_hp_loss":0,"event_name":"Big Fish","floor":5,"gold_loss":0,"cards_obtained":["Regret"]},{"damage_healed":0,"gold_gain":175,"player_choice":"AGREE","damage_taken":0,"max_hp_gain":0,"max_hp_loss":0,"event_name":"Liars Game","floor":10,"gold_loss":0,"cards_obtained":["Doubt"]},{"damage_healed":18,"gold_gain":0,"player_choice":"Healed and dodged fight","damage_taken":0,"max_hp_gain":0,"max_hp_loss":0,"event_name":"Mushrooms","floor":14,"gold_loss":0,"cards_obtained":["Parasite"]}],"is_beta":false,"boss_relics":[],"items_purged_floors":[],"is_endless":false,"potions_floor_spawned":[3,11,13],"killed_by":"Slime Boss","ascension_level":0}}