{"host":"qswkx8hggytna0kc","time":1612796310,"event":{"mods":["Aspiration","BaseMod","BetterRewards","Colored Map","Colored Powertips","Highlight Path","Hubris","Mimic Mod","Minty Spire (QoL Compilation)","MostiFishMod","Quick Restart","Replay The Spire","StSLib","SuperFastMode"],"gold_per_floor":[111,122,136,155,174,207,221,247,247,273,273,303,303,313,313,392,392,409,421,435,446,462,491,508,534,615,644,663,689,689,689,689,764,764,784,795,812,737,750,775,775,792,792,836,863,902,902,927,927,927,927,927,1154,1182,1182],"floor_reached":56,"language":"ZHS","playtime":2505,"items_purged":["Strike_R","hubris:Counter"],"score":2346,"play_id":"94af57b4-a882-4f39-a46e-9611793d51e7","local_time":"20210208225830","is_ascension_mode":true,"campfire_choices":[{"data":"Havoc","floor":11.0,"key":"SMITH"},{"data":"ReplayTheSpireMod:LeadingStrike","floor":15.0,"key":"SMITH"},{"data":"MostiFishMod:RacingGame","floor":30,"key":"SMITH"},{"data":"MostiFishMod:RacingGame","floor":32,"key":"SMITH"},{"data":"Bash","floor":41,"key":"PURGE"},{"floor":47,"key":"RECALL"},{"data":"Run Through","floor":49,"key":"PURGE"},{"data":"Infernal Blade","floor":52,"key":"SMITH"}],"circlet_count":0,"master_deck":["AscendersBane","Defend_R","Defend_R","Defend_R","ReplayReversal","Havoc+1","ReplayTheSpireMod:Strike From Hell","Perfected Strike","Bludgeon","Perfected Strike","Blood for Blood","ReplayTheSpireMod:Strike From Hell","ReplayTheSpireMod:LeadingStrike+1","MostiFishMod:KnuckleDown","Clash","MostiFishMod:RacingGame+1","Replay:Undeath\u0027s Touch","Anger+1","Infernal Blade+1","Clash","Anger+1","Battle Trance","Replay:Undeath\u0027s Touch","MostiFishMod:RacingGame+1","Offering","Reckless Charge","Havoc+1","Replay:Undeath\u0027s Touch","Sever Soul","Perfected Strike","Atom Bomb","Dodge and Roll","Perfected Strike","Havoc+1","Bludgeon+1","Dramatic Entrance","Thinking Ahead"],"relics":["Burning Blood","DaveBox","DianPoetry","SynthV:TestCard","Bottled Lightning","Darkstone Periapt","hubris:64BitClover","HornCleat","Replay:Bronze Core","Peace Pipe","Tiny Chest","Bag of Preparation","InkBottle","Red Skull","Bird Faced Urn","BloodWine","Dream Catcher","hubris:PeanutButter","CeramicFish","hubris:TenFootPole","TungstenRod","hubris:NiceRug","Replay:Bottled Eggs","Vajra","Lee\u0027s Waffle","Eternal Feather"],"acts_visited":["Exordium","TheCity","TheBeyond","TheEnding"],"potions_floor_usage":[],"damage_taken":[{"damage":0.0,"enemies":"2 Louse","floor":1.0,"turns":3.0},{"damage":0.0,"enemies":"Cultist","floor":2.0,"turns":2.0},{"damage":10.0,"enemies":"Small Slimes","floor":3.0,"turns":3.0},{"damage":0.0,"enemies":"Gremlin Gang","floor":4.0,"turns":5.0},{"damage":8.0,"enemies":"Blue Slaver","floor":5.0,"turns":3.0},{"damage":5.0,"enemies":"Gremlin Nob","floor":6.0,"turns":3.0},{"damage":2.0,"enemies":"Large Slime","floor":7.0,"turns":3.0},{"damage":9.0,"enemies":"3 Sentries","floor":8.0,"turns":4.0},{"damage":0.0,"enemies":"Gremlin Nob","floor":10.0,"turns":2.0},{"damage":5.0,"enemies":"3 Sentries","floor":12.0,"turns":4.0},{"damage":4.0,"enemies":"2 Fungi Beasts","floor":14.0,"turns":2.0},{"damage":24.0,"enemies":"Hexaghost","floor":16.0,"turns":4.0},{"damage":12.0,"enemies":"Shell Parasite","floor":18.0,"turns":2.0},{"damage":7.0,"enemies":"3 Byrds","floor":19.0,"turns":3.0},{"damage":14.0,"enemies":"Centurion and Healer","floor":20.0,"turns":4.0},{"damage":0.0,"enemies":"Snecko","floor":21.0,"turns":2.0},{"damage":5.0,"enemies":"3 Cultists","floor":22.0,"turns":4.0},{"damage":15.0,"enemies":"Gremlin Leader","floor":23.0,"turns":4.0},{"damage":3.0,"enemies":"Snake Plant","floor":24.0,"turns":3.0},{"damage":25.0,"enemies":"Slavers","floor":25.0,"turns":3.0},{"damage":8.0,"enemies":"Replay:Snechameleon","floor":27.0,"turns":3.0},{"damage":6,"enemies":"Shelled Parasite and Fungi","floor":28,"turns":2},{"damage":0,"enemies":"Slavers","floor":29,"turns":1},{"damage":53,"enemies":"Automaton","floor":33,"turns":5},{"damage":4,"enemies":"3 Shapes","floor":35,"turns":2},{"damage":6,"enemies":"Orb Walker","floor":36,"turns":2},{"damage":0,"enemies":"Jaw Worm Horde","floor":37,"turns":1},{"damage":0,"enemies":"Maw","floor":39,"turns":2},{"damage":22,"enemies":"Nemesis","floor":40,"turns":3},{"damage":0,"enemies":"Sphere and 2 Shapes","floor":42,"turns":1},{"damage":0,"enemies":"R_Hoarder","floor":44,"turns":4},{"damage":12,"enemies":"Nemesis","floor":46,"turns":3},{"damage":3,"enemies":"Jaw Worm Horde","floor":48,"turns":2},{"damage":33,"enemies":"hubris:GrandSnecko","floor":50,"turns":4},{"damage":0,"enemies":"hubris:Merchant","floor":53,"turns":4},{"damage":0,"enemies":"Shield and Spear","floor":54,"turns":2},{"damage":18,"enemies":"The Heart","floor":55,"turns":3}],"seed_played":"-8376826201412270741","potions_obtained":[{"floor":2.0,"key":"FairyPotion"},{"floor":5.0,"key":"ElixirPotion"},{"floor":7.0,"key":"Energy Potion"},{"floor":12.0,"key":"Swift Potion"},{"floor":25.0,"key":"BloodPotion"}],"is_trial":false,"path_per_floor":["M","M","M","M","M","E","M","E","T","E","R","E","?","M","R","B",null,"M","M","M","M","M","E","M","E","T","E","M","E","R","?","R","B",null,"M","M","M","$","M","E","R","M","T","E","?","E","R","M","R","B",null,"R","$","E","B",null],"character_chosen":"IRONCLAD","items_purchased":[],"campfire_rested":0,"item_purchase_floors":[],"current_hp_per_floor":[56,62,58,64,62,63,67,64,64,70,70,71,71,73,73,55,70,64,63,55,61,62,53,56,37,37,35,35,41,41,66,66,19,61,68,68,74,74,75,63,63,69,69,75,75,69,69,72,72,47,68,68,82,82,70],"gold":1182,"neow_bonus":"TRANSFORM_TWO_CARDS","is_daily":false,"chose_seed":false,"campfire_upgraded":5,"win_rate":0.0,"timestamp":1612796310,"path_taken":["M","M","M","M","M","E","M","E","T","E","R","E","?","?","R","BOSS","M","M","M","M","M","E","M","E","T","E","M","E","R","?","R","BOSS","M","M","M","$","M","E","R","M","T","E","?","E","R","?","R","BOSS","R","$","E","BOSS"],"items_purchased_type":[],"build_version":"2020-12-22","purchased_purges":2,"victory":true,"max_hp_per_floor":[75,75,75,75,75,75,75,75,75,75,75,75,75,75,75,75,75,75,75,75,75,75,75,75,75,75,75,75,75,75,75,75,75,75,75,75,75,75,75,75,75,75,75,75,75,75,75,75,75,75,75,75,82,82,82],"card_choices":[{"not_picked":["Headbutt","Body Slam"],"picked":"Havoc","floor":1.0},{"not_picked":["Warcry","Sever Soul","Heavy Blade","Armaments"],"picked":"ReplayTheSpireMod:Strike From Hell","floor":2.0},{"not_picked":["Evolve","True Grit","Heavy Blade","Bloodletting"],"picked":"Perfected Strike","floor":3.0},{"not_picked":["Second Wind","Twin Strike","Clothesline","Armaments"],"picked":"Bludgeon","floor":4.0},{"not_picked":["Headbutt","Iron Wave","ReplayTheSpireMod:Muscle Training","hubris:ReadiedAction"],"picked":"Perfected Strike","floor":5.0},{"not_picked":["hubris:ReadiedAction","Flex","Run Through","Disarm","Headbutt"],"picked":"SKIP","floor":6.0},{"not_picked":["Combust","Cleave","Carnage","True Grit"],"picked":"Blood for Blood","floor":7.0},{"not_picked":["MostiFishMod:TemporaryOutbreak","Armaments","Entrench","Pummel"],"picked":"ReplayTheSpireMod:Strike From Hell","floor":8.0},{"not_picked":["Warcry","Shrug It Off","Searing Blow","Rage"],"picked":"ReplayTheSpireMod:LeadingStrike","floor":10.0},{"not_picked":["Run Through","Hemokinesis","Corruption","Pummel"],"picked":"MostiFishMod:KnuckleDown","floor":12.0},{"not_picked":["Flex","ReplayTheSpireMod:Stacked","Warcry","Abandon"],"picked":"Clash","floor":14.0},{"not_picked":["MostiFishMod:CullingBlade","MostiFishMod:NewArrival","Exhume","MostiFishMod:FlyOverUtopia"],"picked":"MostiFishMod:RacingGame","floor":16.0},{"not_picked":["Flex","Flame Barrier","Armaments","Cleave","ReplayTheSpireMod:Muscle Training"],"picked":"SKIP","floor":18.0},{"not_picked":["Disarm","hubris:ReadiedAction","Wild Strike","Flex"],"picked":"Replay:Undeath\u0027s Touch","floor":19.0},{"not_picked":["Cleave","Wild Strike","Fire Breathing","Replay:Many Hands"],"picked":"Anger","floor":20.0},{"not_picked":["ReplayReversal","Wild Strike","True Grit","Pommel Strike"],"picked":"Infernal Blade","floor":21.0},{"not_picked":["Cleave","Heavy Blade","ReplayTheSpireMod:Limb From Limb","Entrench+1"],"picked":"Clash","floor":22.0},{"not_picked":["Twin Strike","Dual Wield","Wild Strike","Entrench"],"picked":"Anger","floor":23.0},{"not_picked":["Entrench","Headbutt+1","Clothesline","Fire Breathing","Intimidate"],"picked":"SKIP","floor":24.0},{"not_picked":["Defy Death","Wild Strike","Cleave+1","Shrug It Off"],"picked":"Battle Trance","floor":25.0},{"not_picked":["Burning Pact","Flex","ReplayReversal","hubris:ReadiedAction"],"picked":"Replay:Undeath\u0027s Touch","floor":27.0},{"not_picked":["Replay:Undeath\u0027s Touch","Seeing Red","Heavy Blade+1","hubris:ReadiedAction"],"picked":"MostiFishMod:RacingGame","floor":28},{"not_picked":["Sword Boomerang+1","Hemogenesis","Massacre","Body Slam","Evolve"],"picked":"SKIP","floor":29},{"not_picked":["Feed","Demonic Infusion","Demon Form","MostiFishMod:KnuckleDown"],"picked":"Offering","floor":33},{"not_picked":["ReplayTheSpireMod:Corrosion Curse","Pommel Strike","ReplayTheSpireMod:Strike From Hell","ReplayTheSpireMod:LeadingStrike"],"picked":"Reckless Charge","floor":35},{"not_picked":["Anger","Abandon","Headbutt","Cleave+1"],"picked":"Havoc+1","floor":36},{"not_picked":["Ghostly Armor","Cleave","Sword Boomerang","Run Through+1"],"picked":"Replay:Undeath\u0027s Touch","floor":37},{"not_picked":["Clash","Barricade","Defy Death+1","Twin Strike+1"],"picked":"Sever Soul","floor":39},{"not_picked":["ReplayTheSpireMod:LeadingStrike","Pommel Strike","Sword Boomerang","Havoc","Berserk"],"picked":"SKIP","floor":40},{"not_picked":["Rupture","Flex","Shrug It Off","Iron Wave+1","Cleave"],"picked":"SKIP","floor":42},{"not_picked":["Wild Strike","Thunderclap+1","Dropkick","Rage+1"],"picked":"Perfected Strike","floor":44},{"not_picked":["Metallicize+1","Wild Strike","Cleave","Thunderclap"],"picked":"Perfected Strike","floor":46},{"not_picked":["Armaments","Seeing Red","Blood for Blood","Twin Strike"],"picked":"Havoc+1","floor":48},{"not_picked":[],"picked":"Bludgeon+1","floor":53},{"not_picked":[],"picked":"Dramatic Entrance","floor":53},{"not_picked":[],"picked":"Thinking Ahead","floor":53},{"not_picked":["hubris:CleavingFinish"],"picked":"SKIP","floor":53},{"not_picked":["MostiFishMod:DoubleSword"],"picked":"SKIP","floor":53},{"not_picked":["Power Through"],"picked":"SKIP","floor":53},{"not_picked":["Feel No Pain"],"picked":"SKIP","floor":53},{"not_picked":["Heavy Blade","Inflame","Headbutt","Rupture+1","Thunderclap"],"picked":"SKIP","floor":54}],"player_experience":396394,"relics_obtained":[{"floor":1.0,"key":"SynthV:TestCard"},{"floor":6.0,"key":"Bottled Lightning"},{"floor":8.0,"key":"Darkstone Periapt"},{"floor":10.0,"key":"hubris:64BitClover"},{"floor":12.0,"key":"HornCleat"},{"floor":22.0,"key":"Peace Pipe"},{"floor":23.0,"key":"Tiny Chest"},{"floor":25.0,"key":"Bag of Preparation"},{"floor":26.0,"key":"InkBottle"},{"floor":27.0,"key":"Red Skull"},{"floor":29,"key":"Bird Faced Urn"},{"floor":39,"key":"Dream Catcher"},{"floor":40,"key":"hubris:PeanutButter"},{"floor":43,"key":"CeramicFish"},{"floor":44,"key":"hubris:TenFootPole"},{"floor":46,"key":"TungstenRod"},{"floor":53,"key":"Replay:Bottled Eggs"},{"floor":53,"key":"Vajra"},{"floor":53,"key":"Lee\u0027s Waffle"},{"floor":54,"key":"Eternal Feather"}],"event_choices":[{"damage_healed":0.0,"max_hp_gain":0.0,"max_hp_loss":0.0,"gold_gain":0.0,"event_name":"The Woman in Blue","player_choice":"Bought 0 Potions","floor":13.0,"gold_loss":0.0,"damage_taken":0.0},{"damage_healed":25,"gold_gain":0,"player_choice":"Heal","damage_taken":0,"max_hp_gain":0,"max_hp_loss":0,"event_name":"The Library","floor":31,"gold_loss":0}],"is_beta":false,"boss_relics":[{"not_picked":["Calling Bell","FixedStarFall"],"picked":"Replay:Bronze Core"},{"not_picked":["Painkiller Herb","Astrolabe"],"picked":"BloodWine"}],"items_purged_floors":[38,53],"is_endless":false,"potions_floor_spawned":[2,5,7,12,16,20,22,25,28,29,33,36,37,39,40,54],"ascension_level":14}}