{"host":"ewe4oe702q4ujr6i","time":1612785179,"event":{"mods":["BaseMod","Colored Map","Colored Powertips","DeckTracker","Minty Spire (QoL Compilation)","SuperFastMode"],"gold_per_floor":[113,123,123,123,123,123,139,139,139,156,170,187,187,218,218,320,320,334,347,347,347,361,361,361,414,439,439,472,487,230,242,242,346,346,362,1361,1381,1291,1211,1211,1235,1250,1250,451,479,490,159,184,184,184,184,184,0,31,31],"floor_reached":56,"language":"KOR","playtime":3820,"items_purged":["Strike_P","Normality"],"score":1350,"play_id":"ff65eaae-1a8f-459e-ae8a-d3adebf3ff9d","local_time":"20210208205259","is_ascension_mode":false,"campfire_choices":[{"data":"Eruption","floor":6,"key":"SMITH"},{"data":"Study","floor":8,"key":"SMITH"},{"data":"Ragnarok","floor":15,"key":"SMITH"},{"data":"Omniscience","floor":23,"key":"SMITH"},{"data":"Crescendo","floor":27,"key":"SMITH"},{"data":"Devotion","floor":32,"key":"SMITH"},{"floor":49,"key":"RECALL"},{"data":"ClearTheMind","floor":52,"key":"SMITH"}],"circlet_count":0,"master_deck":["Strike_P","Defend_P+1","Defend_P","Defend_P+1","Defend_P","Eruption+1","Vigilance","Study+1","Crescendo+1","Strike_G","CutThroughFate","ClearTheMind+1","Ragnarok+1","BattleHymn+1","Judgement+1","Omniscience+1","CurseOfTheBell","CutThroughFate","Devotion+1","Alpha+1","Madness","Madness","DevaForm+1"],"relics":["PureWater","Dream Catcher","The Courier","HornCleat","Tiny Chest","Calling Bell","Happy Flower","Pear","Dead Branch","Ornamental Fan","MutagenicStrength","Juzu Bracelet","Bag of Marbles","PreservedInsect","Yang","SlaversCollar","MealTicket","Shuriken","CloakClasp","Potion Belt","Damaru","Lantern","Question Card","Medical Kit","Oddly Smooth Stone","Frozen Egg 2","War Paint","StrikeDummy"],"acts_visited":["Exordium","TheCity","TheBeyond","TheEnding"],"potions_floor_usage":[33,42,54,55,55,55,55],"damage_taken":[{"damage":1,"enemies":"2 Louse","floor":1,"turns":3},{"damage":0,"enemies":"Small Slimes","floor":2,"turns":2},{"damage":0,"enemies":"Cultist","floor":7,"turns":3},{"damage":1,"enemies":"Looter","floor":10,"turns":3},{"damage":10,"enemies":"Exordium Thugs","floor":11,"turns":3},{"damage":0,"enemies":"2 Fungi Beasts","floor":12,"turns":3},{"damage":0,"enemies":"Lagavulin","floor":14,"turns":4},{"damage":0,"enemies":"Slime Boss","floor":16,"turns":3},{"damage":5,"enemies":"Chosen","floor":18,"turns":3},{"damage":0,"enemies":"Spheric Guardian","floor":19,"turns":2},{"damage":5,"enemies":"Cultist and Chosen","floor":22,"turns":4},{"damage":4,"enemies":"Book of Stabbing","floor":28,"turns":4},{"damage":0,"enemies":"Snecko","floor":29,"turns":1},{"damage":0,"enemies":"Shelled Parasite and Fungi","floor":31,"turns":1},{"damage":21,"enemies":"Champ","floor":33,"turns":7},{"damage":0,"enemies":"3 Darklings","floor":35,"turns":1},{"damage":0,"enemies":"Orb Walker","floor":37,"turns":1},{"damage":5,"enemies":"Maw","floor":42,"turns":6},{"damage":18,"enemies":"Giant Head","floor":45,"turns":6},{"damage":9,"enemies":"Transient","floor":46,"turns":5},{"damage":13,"enemies":"Nemesis","floor":48,"turns":3},{"damage":49,"enemies":"Awakened One","floor":50,"turns":8},{"damage":12,"enemies":"Shield and Spear","floor":54,"turns":6},{"damage":59,"enemies":"The Heart","floor":55,"turns":7}],"seed_played":"-6118914327427335577","potions_obtained":[{"floor":7,"key":"LiquidMemories"},{"floor":10,"key":"LiquidMemories"},{"floor":12,"key":"LiquidMemories"},{"floor":19,"key":"Block Potion"},{"floor":37,"key":"Weak Potion"},{"floor":42,"key":"BlessingOfTheForge"},{"floor":54,"key":"Block Potion"}],"is_trial":false,"path_per_floor":["M","M","?","?","?","R","M","R","T","M","M","M","?","E","R","B",null,"M","M","?","T","M","R","?","T","T","R","E","M","$","M","R","B",null,"M","?","M","?","$","?","T","M","T","$","E","M","$","E","R","B",null,"R","$","E","B",null],"character_chosen":"WATCHER","items_purchased":["Yang","Shuriken","CloakClasp","Potion Belt","Damaru","Lantern","Medical Kit","Oddly Smooth Stone","DuplicationPotion","BottledMiracle","LiquidMemories","War Paint"],"campfire_rested":0,"item_purchase_floors":[30,44,44,44,44,44,47,47,47,47,53,53],"current_hp_per_floor":[71,71,64,64,64,64,64,64,64,63,53,53,39,39,39,39,82,77,77,61,61,56,56,56,56,56,56,52,52,52,52,52,31,87,87,87,87,87,87,76,76,71,71,86,68,59,74,61,61,12,87,87,87,75,16],"gold":31,"neow_bonus":"RANDOM_COMMON_RELIC","is_daily":false,"chose_seed":false,"campfire_upgraded":7,"win_rate":0.0,"timestamp":1612785179,"path_taken":["M","M","?","?","?","R","M","R","T","M","?","M","?","E","R","BOSS","M","M","?","?","M","R","?","?","T","R","E","M","$","M","R","BOSS","M","?","M","?","$","?","?","M","T","?","E","M","$","E","R","BOSS","R","$","E","BOSS"],"items_purchased_type":["Relic","Relic","Relic","Relic","Relic","Relic","Relic","Relic","Potion","Potion","Potion","Relic"],"build_version":"2020-12-22","purchased_purges":2,"victory":true,"max_hp_per_floor":[72,72,72,72,72,72,72,72,72,72,72,72,72,72,72,72,82,82,82,87,87,87,87,87,87,87,87,87,87,87,87,87,87,87,87,87,87,87,87,87,87,87,87,87,87,87,87,87,87,87,87,87,87,87,87],"card_choices":[{"not_picked":["Protect","FlyingSleeves"],"picked":"Study","floor":1},{"not_picked":["JustLucky","ThirdEye"],"picked":"Crescendo","floor":2},{"not_picked":["ThirdEye","Halt"],"picked":"CutThroughFate","floor":7},{"not_picked":["Halt","Vengeance"],"picked":"ClearTheMind","floor":10},{"not_picked":["Crescendo","WaveOfTheHand"],"picked":"Ragnarok","floor":11},{"not_picked":["CutThroughFate","Halt"],"picked":"BattleHymn","floor":12},{"not_picked":["InnerPeace","EmptyFist"],"picked":"Judgement","floor":14},{"not_picked":["Scrawl","DeusExMachina"],"picked":"Omniscience","floor":16},{"not_picked":["CutThroughFate+1","BowlingBash+1","CrushJoints+1"],"picked":"SKIP","floor":18},{"not_picked":["Halt","ClearTheMind+1"],"picked":"CutThroughFate","floor":19},{"not_picked":["Halt+1","Fasting2","Evaluate"],"picked":"SKIP","floor":22},{"not_picked":["EmptyFist","Crescendo"],"picked":"Devotion","floor":28},{"not_picked":["CutThroughFate+1","EmptyBody","Protect+1"],"picked":"SKIP","floor":29},{"not_picked":["CutThroughFate","ReachHeaven","Evaluate+1"],"picked":"SKIP","floor":31},{"not_picked":["Scrawl","Omniscience"],"picked":"Alpha","floor":33},{"not_picked":["Conclude+1","CrushJoints","CutThroughFate+1"],"picked":"SKIP","floor":35},{"not_picked":["BattleHymn","BowlingBash","Evaluate"],"picked":"SKIP","floor":37},{"not_picked":["CarveReality+1","JustLucky+1","CrushJoints"],"picked":"SKIP","floor":42},{"not_picked":["Consecrate","WaveOfTheHand+1","ClearTheMind"],"picked":"SKIP","floor":45},{"not_picked":["SandsOfTime","Protect","FollowUp","PathToVictory"],"picked":"SKIP","floor":46},{"not_picked":["EmptyFist","SignatureMove+1","Vengeance"],"picked":"DevaForm+1","floor":48},{"not_picked":["EmptyFist","CutThroughFate+1","ForeignInfluence","FollowUp+1"],"picked":"SKIP","floor":54}],"player_experience":216051,"relics_obtained":[{"floor":9,"key":"HornCleat"},{"floor":14,"key":"Tiny Chest"},{"floor":17,"key":"Happy Flower"},{"floor":17,"key":"Pear"},{"floor":17,"key":"Dead Branch"},{"floor":21,"key":"Ornamental Fan"},{"floor":25,"key":"Juzu Bracelet"},{"floor":26,"key":"Bag of Marbles"},{"floor":28,"key":"PreservedInsect"},{"floor":43,"key":"MealTicket"},{"floor":45,"key":"Question Card"},{"floor":48,"key":"Frozen Egg 2"},{"floor":54,"key":"StrikeDummy"}],"event_choices":[{"damage_healed":0,"gold_gain":0,"player_choice":"Success","damage_taken":7,"relics_obtained":["The Courier"],"max_hp_gain":0,"max_hp_loss":0,"event_name":"Scrap Ooze","floor":3,"gold_loss":0},{"cards_removed":["Strike_P"],"damage_healed":0,"gold_gain":0,"player_choice":"Forget","damage_taken":0,"max_hp_gain":0,"max_hp_loss":0,"event_name":"Living Wall","floor":4,"gold_loss":0},{"cards_removed":["Strike_P"],"damage_healed":0,"gold_gain":0,"player_choice":"Took Card","damage_taken":0,"max_hp_gain":0,"max_hp_loss":0,"event_name":"NoteForYourself","floor":5,"gold_loss":0,"cards_obtained":["Strike_G"]},{"damage_healed":0,"gold_gain":0,"player_choice":"Entered Light","damage_taken":14,"max_hp_gain":0,"max_hp_loss":0,"event_name":"Shining Light","floor":13,"gold_loss":0,"cards_upgraded":["Defend_P","BattleHymn"]},{"damage_healed":0,"gold_gain":0,"player_choice":"Shed Blood","damage_taken":21,"max_hp_gain":5,"max_hp_loss":0,"event_name":"Forgotten Altar","floor":20,"gold_loss":0},{"damage_healed":0,"gold_gain":0,"player_choice":"Inject Mutagens","damage_taken":0,"relics_obtained":["MutagenicStrength"],"max_hp_gain":0,"max_hp_loss":0,"event_name":"Drug Dealer","floor":24,"gold_loss":0},{"damage_healed":0,"gold_gain":999,"player_choice":"Gold","damage_taken":0,"max_hp_gain":0,"max_hp_loss":0,"event_name":"MindBloom","floor":36,"gold_loss":0,"cards_obtained":["Normality","Normality"]},{"cards_removed":["Normality"],"damage_healed":0,"gold_gain":0,"player_choice":"Upgrade and Remove","damage_taken":0,"max_hp_gain":0,"max_hp_loss":0,"event_name":"Designer","floor":38,"gold_loss":90,"cards_upgraded":["Alpha"]},{"damage_healed":0,"gold_gain":0,"player_choice":"Embrace Madness","damage_taken":11,"max_hp_gain":0,"max_hp_loss":0,"event_name":"Winding Halls","floor":40,"gold_loss":0,"cards_obtained":["Madness","Madness"]}],"is_beta":false,"boss_relics":[{"not_picked":["Runic Pyramid","Busted Crown"],"picked":"Calling Bell"},{"not_picked":["Runic Dome","HolyWater"],"picked":"SlaversCollar"}],"items_purged_floors":[30,39],"is_endless":false,"potions_floor_spawned":[7,10,12,14,16,19,28,37,42,54],"ascension_level":0}}