{"host":"j1lpsl3dsviy43h8","time":1612821819,"event":{"mods":["AchievementEnabler","BaseMod","BetterRewards","Card Forge","Duelist Mod","GifTheSpireLib","Minty Spire (QoL Compilation)","Shop Mod","StSLib","The Wild Card"],"gold_per_floor":[140,105,105,105,105,137,137,164,164,189,189,189,207,223,223,297,297,315,2,19,34,34,66,66,76,76,76,175,175,192,217,217,296,296,315,315,315,361,37,70,98,98,98,118,147,8,36,0,0,0],"floor_reached":51,"language":"ENG","playtime":4453,"items_purged":[],"score":1631,"play_id":"6ff8526a-0bbd-42c7-a593-ec0a572dba5c","local_time":"20210208170339","is_ascension_mode":true,"campfire_choices":[{"floor":7,"key":"REST"},{"floor":11,"key":"REST"},{"data":"theDuelist:NaturiaHorneedle","floor":15,"key":"SMITH"},{"floor":24,"key":"REST"},{"floor":27,"key":"REST"},{"data":"theDuelist:Sparks+1","floor":29,"key":"PURGE"},{"floor":32,"key":"REST"},{"floor":49,"key":"REST"}],"circlet_count":0,"master_deck":["AscendersBane","theDuelist:NaturiaCliff+1","theDuelist:NaturiaRock+1","theDuelist:NaturiaTulip+1","theDuelist:NaturiaStinkbug+1","theDuelist:NaturiaMarron+1","theDuelist:NaturiaParadizo+1","theDuelist:NaturiaBrambi+1","theDuelist:BottomlessTrapHole+1","theDuelist:MillenniumScorpion+1","theDuelist:Nameless:Magic:BerserkerCrush+4","theDuelist:NaturiaHorneedle+1","theDuelist:LonefireBlossom+1","theDuelist:NaturiaBarkion+1","theDuelist:Wildfire+4","theDuelist:NaturiaMarron+1","theDuelist:Spore+1","theDuelist:NaturiaRosewhip+1","theDuelist:NaturiaBarkion+1","theDuelist:NaturiaPumpkin+1","theDuelist:ConvulsionNature+1","theDuelist:ConvulsionNature+1","theDuelist:MultiplicationOfAnts+1","theDuelist:MultiplicationOfAnts+1","theDuelist:NaturiaHorneedle+1","CurseOfTheBell","theDuelist:NaturiaForest+1","theDuelist:AcidTrapHole+1","theDuelist:ConvulsionNature+1","theDuelist:NaturiaRosewhip+1","theDuelist:NaturiaRagweed+1","Mayhem+1","theDuelist:MultiplicationOfAnts+1"],"relics":["theDuelist:MillenniumPuzzle","theDuelist:CardPoolRelic","theDuelist:CardPoolBasicRelic","theDuelist:BoosterPackPoolRelic","theDuelist:CardPoolAddRelic","theDuelist:CardPoolMinusRelic","theDuelist:CardPoolSaveRelic","theDuelist:CardPoolOptionsRelic","Hammer of Thor","Seething Fire","Anvil of the Gods","NeowsBlessing","theDuelist:SummonAnchorRare","theDuelist:MillenniumNecklace","Peace Pipe","Smiling Mask","theDuelist:NamelessPowerRelicB","Fusion Hammer","theDuelist:ElectricBurst","StoneCalendar","Torii","Calling Bell","Pen Nib","Letter Opener","Charon\u0027s Ashes","WingedGreaves","FossilizedHelix","theDuelist:CardRewardRelicG","theDuelist:SolderToken","Meat on the Bone","theDuelist:BoosterPackMonsterEgg","MerchantsRug","theDuelist:ZoneToken","Calipers"],"acts_visited":["Exordium","TheCity","TheBeyond"],"potions_floor_usage":[33,41,47,50],"damage_taken":[{"damage":0,"enemies":"Cultist","floor":1,"turns":1},{"damage":0,"enemies":"Lagavulin","floor":6,"turns":2},{"damage":0,"enemies":"Gremlin Nob","floor":8,"turns":1},{"damage":17,"enemies":"Lagavulin","floor":10,"turns":5},{"damage":0,"enemies":"Jaw Worm","floor":13,"turns":1},{"damage":0,"enemies":"2 Louse","floor":14,"turns":1},{"damage":0,"enemies":"Slime Boss","floor":16,"turns":5},{"damage":0,"enemies":"Chosen","floor":18,"turns":1},{"damage":0,"enemies":"Spheric Guardian","floor":20,"turns":1},{"damage":26,"enemies":"Shelled Parasite and Fungi","floor":21,"turns":3},{"damage":12,"enemies":"Book of Stabbing","floor":23,"turns":3},{"damage":0,"enemies":"Centurion and Healer","floor":25,"turns":2},{"damage":0,"enemies":"Snecko","floor":30,"turns":2},{"damage":29,"enemies":"Slavers","floor":31,"turns":4},{"damage":13,"enemies":"Automaton","floor":33,"turns":6},{"damage":1,"enemies":"3 Darklings","floor":35,"turns":3},{"damage":0,"enemies":"3 Darklings","floor":38,"turns":4},{"damage":7,"enemies":"Giant Head","floor":40,"turns":6},{"damage":12,"enemies":"Reptomancer","floor":41,"turns":3},{"damage":0,"enemies":"Orb Walker","floor":44,"turns":2},{"damage":8,"enemies":"Nemesis","floor":45,"turns":5},{"damage":0,"enemies":"Reptomancer","floor":47,"turns":3},{"damage":24,"enemies":"Awakened One","floor":50,"turns":5}],"seed_played":"-2594508230333092229","potions_obtained":[{"floor":1,"key":"theDuelist:ExtraOrbsBottle"},{"floor":6,"key":"theDuelist:MegaupgradePotion"},{"floor":14,"key":"theDuelist:FreezingPotion"},{"floor":18,"key":"FearPotion"},{"floor":20,"key":"PowerPotion"},{"floor":33,"key":"Energy Potion"},{"floor":35,"key":"PowerPotion"},{"floor":41,"key":"Energy Potion"},{"floor":45,"key":"PowerPotion"},{"floor":47,"key":"Fire Potion"}],"is_trial":false,"path_per_floor":["M","$","?","?","?","E","R","E","T","E","R","?","M","M","R","B",null,"M","$","M","M","?","E","R","M","T","R","?","R","M","E","R","B",null,"M","?","?","?","$","E","E","T","T","M","E","$","E","?","R","B",null],"character_chosen":"THE_DUELIST","items_purchased":["theDuelist:NaturiaParadizo","theDuelist:ElectricBurst","theDuelist:CardRewardRelicG","theDuelist:ConvulsionNature","MerchantsRug","Mayhem","theDuelist:ZoneToken"],"campfire_rested":6,"item_purchase_floors":[2,19,39,39,46,46,46],"current_hp_per_floor":[63,63,57,57,50,50,67,67,81,64,81,77,77,77,77,77,77,77,77,77,51,51,39,62,62,62,77,77,77,77,48,71,58,72,71,71,77,77,77,70,58,58,58,58,50,50,50,50,73,49],"gold":0,"neow_bonus":"THREE_ENEMY_KILL","is_daily":false,"chose_seed":false,"campfire_upgraded":1,"win_rate":0.0,"timestamp":1612821819,"path_taken":["M","$","?","?","?","E","R","E","T","E","R","?","M","?","R","BOSS","M","$","M","M","?","E","R","M","T","R","?","R","M","E","R","BOSS","M","?","?","?","$","E","E","?","T","M","E","$","E","?","R","BOSS"],"items_purchased_type":["Card","Relic","Relic","Card","Relic","Card","Relic"],"build_version":"2020-12-22","purchased_purges":0,"victory":true,"max_hp_per_floor":[70,70,70,67,67,67,67,67,81,81,81,77,77,77,77,77,77,77,77,77,77,77,77,77,77,77,77,77,77,77,77,77,77,77,77,77,77,77,77,77,77,77,77,77,77,77,77,77,77,77],"card_choices":[{"not_picked":["theDuelist:NaturiaCliff","theDuelist:NaturiaTulip","theDuelist:SummoningSwarm","theDuelist:NaturiaDragonfly"],"picked":"theDuelist:NaturiaStinkbug","floor":1},{"not_picked":["theDuelist:SeismicShockwave","theDuelist:NaturiaTulip"],"picked":"theDuelist:NaturiaMarron","floor":1},{"not_picked":["theDuelist:NaturiaRosewhip","theDuelist:NaturiaExterio"],"picked":"theDuelist:NaturiaBrambi","floor":6},{"not_picked":["theDuelist:NaturiaCliff","theDuelist:NaturiaStinkbug","theDuelist:NaturiaHydrangea","theDuelist:NaturiaDragonfly"],"picked":"theDuelist:BottomlessTrapHole","floor":6},{"not_picked":["theDuelist:NaturiaPumpkin","theDuelist:FossilExcavation","theDuelist:NaturiaTulip","theDuelist:SangaEarth"],"picked":"theDuelist:MillenniumScorpion","floor":8},{"not_picked":["theDuelist:NaturiaMarron","theDuelist:NaturiaHydrangea","theDuelist:NaturiaBeetle"],"picked":"SKIP","floor":8},{"not_picked":["theDuelist:NaturiaEggplant","theDuelist:NaturiaCliff","theDuelist:NaturiaTulip","theDuelist:NaturiaRock","theDuelist:Pollinosis"],"picked":"SKIP","floor":10},{"not_picked":["theDuelist:Anteater","theDuelist:NaturiaEggplant","theDuelist:FossilDig"],"picked":"SKIP","floor":10},{"not_picked":["theDuelist:Pollinosis","theDuelist:NatureReflection","theDuelist:NaturalDisaster","theDuelist:Wiretap","theDuelist:BottomlessTrapHole"],"picked":"SKIP","floor":13},{"not_picked":["theDuelist:NaturiaBeetle","theDuelist:SummoningSwarm","theDuelist:NaturiaAntjaw"],"picked":"SKIP","floor":13},{"not_picked":["theDuelist:DemiseLand","theDuelist:HuntingInstinct","theDuelist:Wildfire","theDuelist:HeartUnderdog"],"picked":"theDuelist:NaturiaHorneedle","floor":14},{"not_picked":["theDuelist:NaturiaStinkbug","theDuelist:NaturiaCliff"],"picked":"theDuelist:LonefireBlossom","floor":14},{"not_picked":["theDuelist:NaturiaForest","theDuelist:SeismicShockwave","theDuelist:NaturiaVein","theDuelist:Wildfire"],"picked":"theDuelist:NaturiaBarkion","floor":16},{"not_picked":["theDuelist:HuntingInstinct","theDuelist:NaturiaHorneedle"],"picked":"theDuelist:Wildfire","floor":16},{"not_picked":["theDuelist:NaturiaDragonfly","theDuelist:NaturiaSunflower","theDuelist:NaturiaHydrangea","theDuelist:SummoningSwarm+1"],"picked":"theDuelist:NaturiaMarron","floor":18},{"not_picked":["theDuelist:NaturiaAntjaw","theDuelist:NaturiaHydrangea"],"picked":"theDuelist:Spore","floor":18},{"not_picked":["theDuelist:NaturiaCliff","theDuelist:NaturiaAntjaw","theDuelist:NaturiaStinkbug","theDuelist:SummoningSwarm"],"picked":"theDuelist:NaturiaRosewhip","floor":20},{"not_picked":["theDuelist:NaturiaRosewhip","theDuelist:NaturiaBrambi"],"picked":"theDuelist:NaturiaBarkion","floor":20},{"not_picked":["theDuelist:NaturiaCliff","theDuelist:NaturiaStinkbug","theDuelist:Spore","theDuelist:NaturiaRosewhip","theDuelist:Alpacaribou"],"picked":"SKIP","floor":21},{"not_picked":["theDuelist:CrystalRose","theDuelist:NaturiaEggplant","theDuelist:AfterGenocide"],"picked":"SKIP","floor":21},{"not_picked":["theDuelist:BrainCrusher","theDuelist:NaturiaTulip","theDuelist:NaturiaStinkbug","theDuelist:LeodrakeMane"],"picked":"theDuelist:NaturiaPumpkin","floor":23},{"not_picked":["theDuelist:WormBait","theDuelist:FrozenRose","theDuelist:NaturiaEggplant"],"picked":"SKIP","floor":23},{"not_picked":["theDuelist:NaturiaBambooShoot","theDuelist:NaturiaLadybug","theDuelist:NaturiaLeodrake","theDuelist:HuntingInstinct"],"picked":"theDuelist:ConvulsionNature","floor":25},{"not_picked":["theDuelist:NaturiaEggplant","theDuelist:NaturiaCliff","theDuelist:NaturiaSunflower"],"picked":"SKIP","floor":25},{"not_picked":["theDuelist:LeodrakeMane+1","theDuelist:Anteater+1","theDuelist:NaturiaForest+1","theDuelist:NaturiaVein+1"],"picked":"theDuelist:ConvulsionNature+1","floor":30},{"not_picked":["theDuelist:NaturiaRock","theDuelist:BarkionBark","theDuelist:Pollinosis"],"picked":"SKIP","floor":30},{"not_picked":["theDuelist:NaturiaRagweed+1","theDuelist:NatureReflection"],"picked":"theDuelist:MultiplicationOfAnts+1","floor":31},{"not_picked":["theDuelist:NaturiaEggplant","theDuelist:Spore+1","theDuelist:NaturiaRagweed+1","theDuelist:NaturiaTulip+1","theDuelist:NaturiaMosquito"],"picked":"SKIP","floor":31},{"not_picked":["theDuelist:DemiseLand","theDuelist:NaturiaVein","theDuelist:Canyon+1","theDuelist:HeartUnderdog+1"],"picked":"theDuelist:MultiplicationOfAnts+1","floor":33},{"not_picked":["theDuelist:Wildfire","theDuelist:SeismicShockwave"],"picked":"theDuelist:NaturiaHorneedle+1","floor":33},{"not_picked":["theDuelist:DemiseLand","theDuelist:NaturiaVein+1","theDuelist:Canyon","theDuelist:NaturiaHorneedle+1"],"picked":"theDuelist:NaturiaForest+1","floor":35},{"not_picked":["theDuelist:NaturiaEggplant","theDuelist:NaturiaDragonfly","theDuelist:NaturiaBambooShoot"],"picked":"SKIP","floor":35},{"not_picked":["theDuelist:NaturiaSunflower+1","theDuelist:NaturiaWhiteOak+1"],"picked":"theDuelist:NaturiaRosewhip+1","floor":40},{"not_picked":["theDuelist:NaturiaHydrangea","theDuelist:NaturiaTulip+1","theDuelist:NaturiaAntjaw+1","theDuelist:SummoningSwarm+1","theDuelist:NaturiaRock+1"],"picked":"SKIP","floor":40},{"not_picked":["theDuelist:NaturiaDragonfly","theDuelist:FuryFire","theDuelist:SurvivalInstinct+1","theDuelist:NaturiaSpiderfang","theDuelist:HuntingInstinct+1"],"picked":"SKIP","floor":41},{"not_picked":["theDuelist:SangaEarth","theDuelist:SummoningSwarm+1","theDuelist:NaturiaCliff"],"picked":"SKIP","floor":41},{"not_picked":["theDuelist:NaturiaMosquito+1","theDuelist:BrainCrusher+1","theDuelist:NaturiaAntjaw+1","theDuelist:DigitalBug+1","theDuelist:LonefireBlossom+1"],"picked":"SKIP","floor":44},{"not_picked":["theDuelist:PotDuality+1","theDuelist:WildNatureRelease+1","theDuelist:NaturiaBambooShoot+1"],"picked":"SKIP","floor":44},{"not_picked":["theDuelist:NaturiaDragonfly+1","theDuelist:NaturiaRosewhip+1","theDuelist:NaturiaEggplant+1","theDuelist:AcidTrapHole+1"],"picked":"theDuelist:NaturiaRagweed+1","floor":45},{"not_picked":["theDuelist:NaturiaHydrangea+1","theDuelist:LonefireBlossom+1","theDuelist:BottomlessTrapHole+1"],"picked":"SKIP","floor":45},{"not_picked":["theDuelist:NaturiaDragonfly+1","theDuelist:NaturiaCliff+1","theDuelist:WildNatureRelease","theDuelist:NaturiaSpiderfang+1","theDuelist:NaturiaGuardian+1"],"picked":"SKIP","floor":47},{"not_picked":["theDuelist:NaturiaStinkbug+1","theDuelist:NaturiaMosquito+1","theDuelist:NaturiaSunflower+1"],"picked":"SKIP","floor":47}],"player_experience":348556,"relics_obtained":[{"floor":6,"key":"Peace Pipe"},{"floor":8,"key":"Smiling Mask"},{"floor":9,"key":"Mango"},{"floor":10,"key":"Lantern"},{"floor":23,"key":"StoneCalendar"},{"floor":26,"key":"Torii"},{"floor":31,"key":"Toxic Egg 2"},{"floor":34,"key":"Pen Nib"},{"floor":34,"key":"Letter Opener"},{"floor":34,"key":"Charon\u0027s Ashes"},{"floor":38,"key":"WingedGreaves"},{"floor":38,"key":"FossilizedHelix"},{"floor":38,"key":"Magic Flower"},{"floor":40,"key":"theDuelist:SolderToken"},{"floor":41,"key":"Meat on the Bone"},{"floor":42,"key":"theDuelist:TributeEggRelic"},{"floor":43,"key":"Molten Egg 2"},{"floor":45,"key":"theDuelist:BoosterPackMonsterEgg"},{"floor":47,"key":"Calipers"}],"event_choices":[{"damage_healed":0,"gold_gain":0,"player_choice":"Dig - random Duelist relic","duelist":true,"damage_taken":0,"max_hp_gain":0,"max_hp_loss":0,"event_name":"Aknamkanon\u0027s Tomb","floor":3,"gold_loss":0},{"damage_healed":0,"gold_gain":0,"player_choice":"Took item - Received: Millennium Necklace","duelist":true,"damage_taken":0,"max_hp_gain":0,"max_hp_loss":0,"event_name":"Millennium Items","floor":4,"gold_loss":0},{"cards_removed":["theDuelist:Sparks"],"damage_healed":0,"gold_gain":0,"player_choice":"Card Removal","damage_taken":7,"max_hp_gain":0,"max_hp_loss":0,"event_name":"Golden Wing","floor":5,"gold_loss":0},{"power_reward":3,"total_magic_score":55,"gold_gain":0,"duelist":true,"damage_taken":0,"relics_obtained":["theDuelist:NamelessPowerRelicB"],"points":7,"max_hp_gain":0,"max_hp_loss":4,"spent_points":{"magic":4,"greed":0,"war":0,"power":3,"hunger":0},"event_name":"Nameless Tomb","floor":12,"gold_loss":0,"magic_reward":4,"cards_obtained":["theDuelist:Nameless:Magic:BerserkerCrush"]},{"damage_healed":0,"gold_gain":0,"player_choice":"Simplicity","damage_taken":0,"max_hp_gain":0,"max_hp_loss":0,"event_name":"Back to Basics","floor":22,"gold_loss":0,"cards_upgraded":[]},{"damage_healed":0,"gold_gain":99,"player_choice":"Stole From Cult","damage_taken":0,"max_hp_gain":0,"max_hp_loss":0,"event_name":"Nest","floor":28,"gold_loss":0},{"damage_healed":0,"gold_gain":0,"player_choice":"Leave","duelist":true,"damage_taken":0,"max_hp_gain":0,"max_hp_loss":0,"event_name":"Egyptian Village","floor":36,"gold_loss":0},{"damage_healed":19,"gold_gain":0,"player_choice":"Writhe","damage_taken":0,"max_hp_gain":0,"max_hp_loss":0,"event_name":"Winding Halls","floor":37,"gold_loss":0,"cards_obtained":["Writhe"]},{"damage_healed":0,"gold_gain":0,"player_choice":"Fight","duelist":true,"damage_taken":0,"max_hp_gain":0,"max_hp_loss":0,"event_name":"Battle City","floor":38,"gold_loss":0},{"damage_healed":0,"gold_gain":0,"player_choice":"Purchased Ant Multiplication for 36 Gold.","duelist":true,"damage_taken":0,"max_hp_gain":0,"max_hp_loss":0,"event_name":"Card Trader","floor":48,"gold_loss":0}],"is_beta":false,"boss_relics":[{"not_picked":["Philosopher\u0027s Stone","Coffee Dripper"],"picked":"Fusion Hammer"},{"not_picked":["Astrolabe","Empty Cage"],"picked":"Calling Bell"}],"items_purged_floors":[],"is_endless":false,"potions_floor_spawned":[1,16,18,23,30,33,38,40,45,47],"ascension_level":14}}