{"host":"p1xsuo25udtrkbq2","time":1612769123,"event":{"mods":["BaseMod","Colored Map","Googly Eyes","Highlight Path","Minty Spire (QoL Compilation)","Quick Restart","Rare Cards Sparkle","Relic Stats","Slay the Relics Exporter","StSLib","everything is the same but u backflip on backflip"],"gold_per_floor":[110,110,39,39,50,77,77,90,165,165,165,199,11,29,29,125,125,150,150,164,181,252,280,280,298,298,311,328,360,377,412,412,487,487,498,249,264,264,283,283,302,312,312,312,323,57,89,105,105,105,105,105,18,50,50,50],"floor_reached":55,"language":"ENG","playtime":4353,"items_purged":["Defend_G"],"score":1374,"play_id":"e8519f07-6c09-4780-bf65-e382336917e0","local_time":"20210208022523","is_ascension_mode":true,"campfire_choices":[{"data":"Dagger Spray","floor":7.0,"key":"SMITH"},{"data":"Malaise","floor":10.0,"key":"SMITH"},{"data":"Skewer","floor":15.0,"key":"SMITH"},{"data":"Blade Dance","floor":32.0,"key":"SMITH"},{"data":"A Thousand Cuts","floor":40.0,"key":"SMITH"},{"floor":49.0,"key":"RECALL"},{"data":"Apotheosis","floor":52.0,"key":"SMITH"}],"circlet_count":0,"master_deck":["AscendersBane","Strike_G","Defend_G","Defend_G","Defend_G","Defend_G","Survivor","Neutralize","Dagger Spray+1","Backstab","Quick Slash","Malaise+1","Endless Agony","Backflip","Skewer+1","Predator","Die Die Die","Dodge and Roll","Calculated Gamble+1","Blade Dance+1","Leg Sweep","Caltrops","Prepared","Backflip","Masterful Stab","Storm of Steel","Outmaneuver+1","Tools of the Trade","Bouncing Flask+1","A Thousand Cuts+1","Finisher+1","Escape Plan","Apotheosis+1","Dark Shackles","Night Terror"],"relics":["Ring of the Snake","NeowsBlessing","PreservedInsect","Paper Crane","Bloody Idol","Bottled Lightning","OrangePellets","Busted Crown","Shuriken","Unceasing Top","Pantograph","Mummified Hand","Blood Vial","WristBlade","Orrery","Blue Candle","Sundial","Nunchaku"],"acts_visited":["Exordium","TheCity","TheBeyond","TheEnding"],"potions_floor_usage":[54],"damage_taken":[{"damage":0.0,"enemies":"Small Slimes","floor":1.0,"turns":1.0},{"damage":0.0,"enemies":"Cultist","floor":5.0,"turns":1.0},{"damage":0.0,"enemies":"Lagavulin","floor":6.0,"turns":1.0},{"damage":0.0,"enemies":"2 Louse","floor":8.0,"turns":1.0},{"damage":0.0,"enemies":"Gremlin Nob","floor":12.0,"turns":2.0},{"damage":0.0,"enemies":"Large Slime","floor":14.0,"turns":4.0},{"damage":40.0,"enemies":"Slime Boss","floor":16.0,"turns":11.0},{"damage":2.0,"enemies":"Shell Parasite","floor":18.0,"turns":7.0},{"damage":5.0,"enemies":"2 Thieves","floor":20.0,"turns":4.0},{"damage":3.0,"enemies":"Snake Plant","floor":21.0,"turns":5.0},{"damage":8.0,"enemies":"Book of Stabbing","floor":23.0,"turns":5.0},{"damage":9.0,"enemies":"Centurion and Healer","floor":25.0,"turns":6.0},{"damage":2.0,"enemies":"Cultist and Chosen","floor":27.0,"turns":4.0},{"damage":6.0,"enemies":"Snake Plant","floor":28.0,"turns":4.0},{"damage":15.0,"enemies":"Slavers","floor":29.0,"turns":4.0},{"damage":6.0,"enemies":"Centurion and Healer","floor":30.0,"turns":6.0},{"damage":2.0,"enemies":"Book of Stabbing","floor":31.0,"turns":4.0},{"damage":57.0,"enemies":"Champ","floor":33.0,"turns":13.0},{"damage":2.0,"enemies":"3 Shapes","floor":35.0,"turns":5.0},{"damage":7.0,"enemies":"Orb Walker","floor":37.0,"turns":2.0},{"damage":1.0,"enemies":"4 Shapes","floor":39.0,"turns":4.0},{"damage":4.0,"enemies":"Maw","floor":41.0,"turns":7.0},{"damage":11.0,"enemies":"Transient","floor":42.0,"turns":5.0},{"damage":18.0,"enemies":"Spire Growth","floor":45.0,"turns":6.0},{"damage":13.0,"enemies":"Reptomancer","floor":47.0,"turns":4.0},{"damage":1.0,"enemies":"4 Shapes","floor":48.0,"turns":4.0},{"damage":76.0,"enemies":"Donu and Deca","floor":50.0,"turns":8.0},{"damage":45,"enemies":"Shield and Spear","floor":54,"turns":8},{"damage":39,"enemies":"The Heart","floor":55,"turns":5}],"seed_played":"-779303094060504687","potions_obtained":[{"floor":1.0,"key":"DuplicationPotion"},{"floor":6.0,"key":"DistilledChaos"},{"floor":18.0,"key":"SpeedPotion"},{"floor":28.0,"key":"Poison Potion"},{"floor":33.0,"key":"Dexterity Potion"},{"floor":35.0,"key":"Weak Potion"}],"is_trial":false,"path_per_floor":["M","?","$","?","M","E","R","M","T","R","?","E","$","M","R","B",null,"M","?","M","M","T","E","?","M","T","M","M","E","M","E","R","B",null,"M","$","M","?","M","R","M","M","T","T","M","$","E","M","R","B",null,"R","$","E","B"],"character_chosen":"THE_SILENT","items_purchased":["Backstab","Skewer","OrangePellets","Orrery","FairyPotion","Apotheosis","Dark Shackles"],"campfire_rested":0,"item_purchase_floors":[3,13,13,36,36,46,53],"current_hp_per_floor":[59,59,59,64,64,64,64,64,64,64,64,64,64,64,64,24,54,52,52,57,59,64,61,61,57,57,60,59,49,48,51,51,12,51,56,56,56,56,62,62,64,58,58,58,47,47,41,47,47,9,50,50,50,12,0,0],"gold":50,"neow_bonus":"THREE_ENEMY_KILL","is_daily":false,"chose_seed":false,"campfire_upgraded":6,"win_rate":0.0,"timestamp":1612769123,"path_taken":["M","?","?","?","M","E","R","M","T","R","?","E","$","M","R","BOSS","M","?","M","M","?","E","?","M","T","M","M","E","?","E","R","BOSS","M","$","M","?","?","R","M","M","T","?","?","?","E","M","R","BOSS","R","$","E","BOSS"],"items_purchased_type":["Card","Card","Relic","Relic","Potion","Card","Card"],"build_version":"2020-12-22","purchased_purges":1,"victory":false,"max_hp_per_floor":[66,66,66,71,71,71,71,71,71,71,64,64,64,64,64,64,64,64,64,64,64,64,64,64,64,64,64,64,64,64,64,64,64,64,64,64,64,64,64,64,64,64,64,64,64,64,64,64,64,64,64,64,64,64,64,64],"relic_stats":{"counters":[29,141],"Blue Candle":[2],"PreservedInsect":288,"Blood Vial":22,"OrangePellets":[8],"Nunchaku":[0],"Busted Crown":50,"Shuriken":[62],"Mummified Hand":[21],"Sundial":[2],"Bloody Idol":104,"Pantograph":51,"obtain_stats":[{"NeowsBlessing":0,"Golden Idol":11,"Blue Candle":44,"PreservedInsect":6,"Paper Crane":9,"Blood Vial":31,"OrangePellets":13,"Nunchaku":54,"Busted Crown":17,"WristBlade":34,"Shuriken":22,"Mummified Hand":29,"Sundial":47,"Bloody Idol":19,"Pantograph":26,"Orrery":36,"Bottled Lightning":12,"Unceasing Top":23,"Ring of the Snake":0},{"NeowsBlessing":0,"Golden Idol":4,"Blue Candle":23,"PreservedInsect":3,"Paper Crane":4,"Blood Vial":17,"OrangePellets":5,"Nunchaku":28,"Busted Crown":7,"WristBlade":18,"Shuriken":10,"Mummified Hand":15,"Sundial":25,"Bloody Idol":8,"Pantograph":12,"Orrery":19,"Bottled Lightning":5,"Unceasing Top":11,"Ring of the Snake":0},{"NeowsBlessing":0,"Golden Idol":4,"Blue Candle":106,"PreservedInsect":3,"Paper Crane":4,"Blood Vial":70,"OrangePellets":6,"Nunchaku":136,"Busted Crown":21,"WristBlade":83,"Shuriken":37,"Mummified Hand":60,"Sundial":116,"Bloody Idol":28,"Pantograph":48,"Orrery":88,"Bottled Lightning":6,"Unceasing Top":42,"Ring of the Snake":0}],"Unceasing Top":[37],"Ring of the Snake":[59]},"card_choices":[{"not_picked":["Finisher","Dagger Throw"],"picked":"Dagger Spray","floor":1.0},{"not_picked":["Calculated Gamble","Underhanded Strike"],"picked":"Quick Slash","floor":5.0},{"not_picked":["Flechettes","Prepared"],"picked":"Malaise","floor":6.0},{"not_picked":["Bane","Slice"],"picked":"Endless Agony","floor":8.0},{"not_picked":["Backflip","Cloak And Dagger","Finisher"],"picked":"SKIP","floor":12.0},{"not_picked":["Cloak And Dagger","Finisher"],"picked":"Backflip","floor":12.0},{"not_picked":["Quick Slash","Dagger Throw"],"picked":"Predator","floor":14.0},{"not_picked":["After Image","Unload"],"picked":"Die Die Die","floor":16.0},{"not_picked":["Dagger Throw"],"picked":"SKIP","floor":18.0},{"not_picked":[],"picked":"Dodge and Roll","floor":20.0},{"not_picked":[],"picked":"Calculated Gamble+1","floor":21.0},{"not_picked":[],"picked":"Blade Dance","floor":23.0},{"not_picked":["Dodge and Roll"],"picked":"SKIP","floor":25.0},{"not_picked":[],"picked":"Prepared","floor":27.0},{"not_picked":[],"picked":"Backflip","floor":28.0},{"not_picked":[],"picked":"Masterful Stab","floor":29.0},{"not_picked":["Backflip"],"picked":"SKIP","floor":30.0},{"not_picked":["Quick Slash"],"picked":"SKIP","floor":31.0},{"not_picked":[],"picked":"Storm of Steel","floor":33.0},{"not_picked":["Caltrops"],"picked":"SKIP","floor":35.0},{"not_picked":[],"picked":"Outmaneuver+1","floor":36.0},{"not_picked":[],"picked":"Tools of the Trade","floor":36.0},{"not_picked":[],"picked":"Bouncing Flask+1","floor":36.0},{"not_picked":["Deflect"],"picked":"SKIP","floor":37.0},{"not_picked":["Bouncing Flask"],"picked":"SKIP","floor":39.0},{"not_picked":[],"picked":"Finisher+1","floor":41.0},{"not_picked":["Underhanded Strike"],"picked":"SKIP","floor":42.0},{"not_picked":[],"picked":"Escape Plan","floor":45.0},{"not_picked":["Flechettes"],"picked":"SKIP","floor":47.0},{"not_picked":["Finisher"],"picked":"SKIP","floor":48.0},{"not_picked":["Finisher"],"picked":"SKIP","floor":48.0},{"not_picked":[],"picked":"Night Terror","floor":54}],"player_experience":1028197,"relics_obtained":[{"floor":6.0,"key":"PreservedInsect"},{"floor":9.0,"key":"Paper Crane"},{"floor":12.0,"key":"Bottled Lightning"},{"floor":22.0,"key":"Shuriken"},{"floor":23.0,"key":"Unceasing Top"},{"floor":26.0,"key":"Pantograph"},{"floor":29.0,"key":"Mummified Hand"},{"floor":31.0,"key":"Blood Vial"},{"floor":44.0,"key":"Blue Candle"},{"floor":47.0,"key":"Sundial"},{"floor":54,"key":"Nunchaku"}],"event_choices":[{"cards_removed":["Strike_G"],"damage_healed":0.0,"max_hp_gain":0.0,"max_hp_loss":0.0,"gold_gain":0.0,"event_name":"Purifier","player_choice":"Purged","floor":2.0,"gold_loss":0.0,"damage_taken":0.0},{"damage_healed":0.0,"max_hp_gain":5.0,"max_hp_loss":0.0,"gold_gain":0.0,"event_name":"Big Fish","player_choice":"Donut","floor":4.0,"gold_loss":0.0,"damage_taken":0.0},{"damage_healed":0.0,"max_hp_gain":0.0,"max_hp_loss":7.0,"gold_gain":0.0,"event_name":"Golden Idol","player_choice":"Lose Max HP","floor":11.0,"gold_loss":0.0,"damage_taken":0.0,"relics_obtained":["Golden Idol"]},{"damage_healed":0.0,"max_hp_gain":0.0,"max_hp_loss":0.0,"gold_gain":0.0,"event_name":"Forgotten Altar","player_choice":"Gave Idol","floor":19.0,"relics_lost":["Golden Idol"],"gold_loss":0.0,"damage_taken":0.0,"relics_obtained":["Bloody Idol"]},{"damage_healed":0.0,"max_hp_gain":0.0,"max_hp_loss":0.0,"gold_gain":0.0,"cards_transformed":["Strike_G","Strike_G"],"event_name":"Drug Dealer","player_choice":"Became Test Subject","floor":24.0,"gold_loss":0.0,"damage_taken":0.0,"cards_obtained":["Leg Sweep","Caltrops"]},{"damage_healed":0.0,"max_hp_gain":0.0,"max_hp_loss":0.0,"gold_gain":0.0,"cards_transformed":["Strike_G"],"event_name":"Transmorgrifier","player_choice":"Transformed","floor":38.0,"gold_loss":0.0,"damage_taken":0.0,"cards_obtained":["A Thousand Cuts"]}],"is_beta":false,"boss_relics":[{"not_picked":["Sozu","Pandora\u0027s Box"],"picked":"Busted Crown"},{"not_picked":["SlaversCollar","Runic Dome"],"picked":"WristBlade"}],"items_purged_floors":[46],"is_endless":false,"potions_floor_spawned":[1,6,18,25,28,30,33,35,37,45,47],"killed_by":"The Heart","ascension_level":15}}