{"host":"6a9c3xws62y7efyw","time":1612762550,"event":{"mods":["BaseMod","Colored Map","Minty Spire (QoL Compilation)","Relic Stats","StSLib"],"gold_per_floor":[114,124,137,147,222,250,263,263,263,263,263,263,282,301,301,375,375,390,403,71,90,15,41,41,68,146,175,192,192,212,41,41,116,116,132,132,148,73,87,87,114,114,114,94,94,120,130,164,164,164,164,164,164,9,36,36],"floor_reached":57,"language":"ENG","playtime":2830,"items_purged":["Doubt"],"score":3554,"play_id":"17f9be90-7c9d-4161-bb61-c770fe5bb47c","local_time":"20210207213550","is_ascension_mode":true,"campfire_choices":[{"floor":8.0,"key":"REST"},{"data":"Deadly Poison","floor":10.0,"key":"SMITH"},{"floor":15.0,"key":"REST"},{"floor":24,"key":"REST"},{"floor":29,"key":"REST"},{"data":"Wraith Form v2","floor":32,"key":"SMITH"},{"data":"Bouncing Flask","floor":40,"key":"SMITH"},{"floor":42,"key":"RECALL"},{"data":"Leg Sweep","floor":45,"key":"SMITH"},{"data":"Bullet Time","floor":49,"key":"SMITH"},{"floor":53,"key":"REST"}],"circlet_count":0,"master_deck":["AscendersBane","Strike_G","Strike_G","Strike_G","Defend_G","Defend_G","Defend_G","Defend_G","Defend_G+1","Survivor","Neutralize","Backstab","Deadly Poison+1","Dash+1","Riddle With Holes","Corpse Explosion","Backstab","Dash","Wraith Form v2+1","Calculated Gamble+1","Wraith Form v2+1","Bouncing Flask+1","Leg Sweep+1","Terror","Predator","Cloak And Dagger","Catalyst+1","Backflip","Bullet Time+1","Catalyst+1","After Image+1","Blur+1","Noxious Fumes+1","After Image+1","Clumsy","Footwork+1","Night Terror","PiercingWail"],"relics":["Ring of the Snake","Boot","Pen Nib","Cursed Key","Orichalcum","Potion Belt","HornCleat","Frozen Egg 2","Ancient Tea Set","DollysMirror","Runic Pyramid","Du-Vu Doll","Centennial Puzzle","Snake Skull","Art of War"],"acts_visited":["Exordium","TheCity","TheBeyond","TheEnding"],"potions_floor_usage":[16,16,21,28,41,55,56,56,56,56,56,56,56,56,56],"damage_taken":[{"damage":3.0,"enemies":"Small Slimes","floor":1.0,"turns":4.0},{"damage":1.0,"enemies":"2 Louse","floor":2.0,"turns":3.0},{"damage":0.0,"enemies":"Cultist","floor":3.0,"turns":3.0},{"damage":3.0,"enemies":"3 Louse","floor":4.0,"turns":4.0},{"damage":39.0,"enemies":"3 Sentries","floor":6.0,"turns":10.0},{"damage":0.0,"enemies":"Red Slaver","floor":7.0,"turns":3.0},{"damage":0.0,"enemies":"2 Fungi Beasts","floor":13.0,"turns":2.0},{"damage":0.0,"enemies":"Gremlin Gang","floor":14.0,"turns":2.0},{"damage":13,"enemies":"Slime Boss","floor":16,"turns":8},{"damage":6,"enemies":"2 Thieves","floor":18,"turns":4},{"damage":0,"enemies":"3 Byrds","floor":19,"turns":2},{"damage":22,"enemies":"Shelled Parasite and Fungi","floor":21,"turns":5},{"damage":10,"enemies":"Gremlin Leader","floor":23,"turns":9},{"damage":10,"enemies":"Slavers","floor":25,"turns":4},{"damage":4,"enemies":"Book of Stabbing","floor":27,"turns":7},{"damage":0,"enemies":"Chosen and Byrds","floor":28,"turns":5},{"damage":8,"enemies":"Snake Plant","floor":30,"turns":3},{"damage":18,"enemies":"Champ","floor":33,"turns":9},{"damage":0,"enemies":"Orb Walker","floor":35,"turns":4},{"damage":1,"enemies":"3 Shapes","floor":37,"turns":3},{"damage":4,"enemies":"Sphere and 2 Shapes","floor":39,"turns":6},{"damage":0,"enemies":"Giant Head","floor":41,"turns":7},{"damage":0,"enemies":"Nemesis","floor":46,"turns":7},{"damage":0,"enemies":"Transient","floor":47,"turns":6},{"damage":0,"enemies":"Giant Head","floor":48,"turns":6},{"damage":32,"enemies":"Awakened One","floor":50,"turns":15},{"damage":19,"enemies":"Time Eater","floor":51,"turns":7},{"damage":10,"enemies":"Shield and Spear","floor":55,"turns":6},{"damage":23,"enemies":"The Heart","floor":56,"turns":9}],"seed_played":"6755846244823182036","potions_obtained":[{"floor":1.0,"key":"SmokeBomb"},{"floor":6.0,"key":"DuplicationPotion"},{"floor":7.0,"key":"Weak Potion"},{"floor":16,"key":"Block Potion"},{"floor":23,"key":"Block Potion"},{"floor":25,"key":"LiquidMemories"},{"floor":30,"key":"LiquidBronze"},{"floor":33,"key":"Regen Potion"},{"floor":35,"key":"DistilledChaos"},{"floor":44,"key":"SteroidPotion"},{"floor":46,"key":"EntropicBrew"}],"is_trial":false,"path_per_floor":["M","M","M","M","?","E","M","R","T","R","?","?","M","M","R","B",null,"M","M","$","M","?","E","R","E","T","E","M","R","M","$","R","B",null,"M","?","M","$","M","R","E","R","T","?","R","E","M","E","R","B","B",null,"R","$","E","B",null],"character_chosen":"THE_SILENT","items_purchased":["Wraith Form v2","Bouncing Flask","Orichalcum","DollysMirror","Night Terror"],"campfire_rested":5,"item_purchase_floors":[20,20,20,31,54],"current_hp_per_floor":[56,55,55,52,41,2,2,20,20,20,25,5,5,5,24,11,52,46,46,46,24,24,14,33,23,23,19,19,38,30,30,30,12,52,52,52,51,51,47,47,62,62,62,62,62,62,62,62,62,30,11,52,65,65,55,32],"gold":36,"neow_bonus":"RANDOM_COLORLESS_2","is_daily":false,"chose_seed":false,"campfire_upgraded":5,"win_rate":0.0,"timestamp":1612762550,"path_taken":["M","M","M","M","?","E","M","R","T","R","?","?","M","M","R","BOSS","M","M","$","M","?","E","R","E","T","E","M","R","M","?","R","BOSS","M","?","M","$","?","R","E","R","T","?","R","E","?","E","R","BOSS","BOSS","R","$","E","BOSS"],"items_purchased_type":["Card","Card","Relic","Relic","Card"],"build_version":"2020-12-22","purchased_purges":1,"victory":true,"max_hp_per_floor":[60,60,60,60,60,60,60,60,60,60,65,65,65,65,65,65,65,65,65,65,65,65,65,65,65,65,65,65,65,65,65,65,65,65,65,65,65,65,65,65,65,65,65,65,65,65,65,65,65,65,65,65,65,65,65,65],"relic_stats":{"Centennial Puzzle":[12],"counters":[29,163],"Pen Nib":[20],"Snake Skull":[52],"Art of War":[4],"Orichalcum":[120],"Boot":[187],"Cursed Key":2,"obtain_stats":[{"Potion Belt":23,"Pen Nib":9,"Snake Skull":48,"Orichalcum":20,"Frozen Egg 2":26,"Boot":6,"Cursed Key":17,"Ancient Tea Set":27,"Du-Vu Doll":41,"Centennial Puzzle":46,"HornCleat":25,"DollysMirror":31,"Art of War":55,"Ring of the Snake":0,"Runic Pyramid":34},{"Potion Belt":13,"Pen Nib":6,"Snake Skull":25,"Orichalcum":11,"Frozen Egg 2":14,"Boot":5,"Cursed Key":9,"Ancient Tea Set":15,"Du-Vu Doll":22,"Centennial Puzzle":23,"HornCleat":14,"DollysMirror":17,"Art of War":28,"Ring of the Snake":0,"Runic Pyramid":18},{"Potion Belt":59,"Pen Nib":27,"Snake Skull":126,"Orichalcum":45,"Frozen Egg 2":63,"Boot":24,"Cursed Key":39,"Ancient Tea Set":70,"Du-Vu Doll":107,"Centennial Puzzle":114,"HornCleat":63,"DollysMirror":78,"Art of War":154,"Ring of the Snake":0,"Runic Pyramid":87}],"Ring of the Snake":[58]},"card_choices":[{"not_picked":["Secret Weapon","Transmutation"],"picked":"Master of Strategy","floor":0.0},{"not_picked":["Quick Slash","Acrobatics"],"picked":"Backstab","floor":1.0},{"not_picked":["Acrobatics","Cloak And Dagger"],"picked":"Deadly Poison","floor":2.0},{"not_picked":["Unload","Noxious Fumes"],"picked":"Dash","floor":3.0},{"not_picked":["Acrobatics","Prepared"],"picked":"Riddle With Holes","floor":4.0},{"not_picked":["Flying Knee","Outmaneuver"],"picked":"Corpse Explosion","floor":6.0},{"not_picked":["Predator","Underhanded Strike"],"picked":"Backstab","floor":7.0},{"not_picked":["Outmaneuver","Heel Hook","Deadly Poison"],"picked":"SKIP","floor":13.0},{"not_picked":["Sucker Punch","Prepared"],"picked":"Dash","floor":14.0},{"not_picked":["Grand Finale","Adrenaline"],"picked":"Wraith Form v2","floor":16},{"not_picked":["Slice","Bane","Outmaneuver"],"picked":"SKIP","floor":18},{"not_picked":["Dash","Well Laid Plans"],"picked":"Calculated Gamble+1","floor":19},{"not_picked":["Caltrops","Outmaneuver"],"picked":"Leg Sweep","floor":21},{"not_picked":["Dodge and Roll","Sucker Punch"],"picked":"Cloak And Dagger","floor":23},{"not_picked":["Dodge and Roll","Accuracy"],"picked":"Catalyst+1","floor":25},{"not_picked":["Tactician","Accuracy+1","Deadly Poison"],"picked":"SKIP","floor":27},{"not_picked":["Backstab","Outmaneuver"],"picked":"Backflip","floor":28},{"not_picked":["Cloak And Dagger","PiercingWail+1"],"picked":"Bullet Time","floor":30},{"not_picked":["Grand Finale","Burst"],"picked":"After Image+1","floor":33},{"not_picked":["Deflect","Acrobatics"],"picked":"Blur+1","floor":35},{"not_picked":["Heel Hook","Outmaneuver"],"picked":"Noxious Fumes+1","floor":37},{"not_picked":["Deadly Poison","Masterful Stab","Dagger Throw"],"picked":"SKIP","floor":39},{"not_picked":["Finisher","Choke"],"picked":"After Image+1","floor":41},{"not_picked":["Backflip","Heel Hook+1"],"picked":"Footwork+1","floor":46},{"not_picked":["Quick Slash+1","Dodge and Roll","Dagger Spray"],"picked":"SKIP","floor":47},{"not_picked":["Masterful Stab+1","Bane","Quick Slash"],"picked":"SKIP","floor":48},{"not_picked":["Storm of Steel","Quick Slash"],"picked":"PiercingWail","floor":55}],"player_experience":1504013,"relics_obtained":[{"floor":6.0,"key":"Boot"},{"floor":9.0,"key":"Pen Nib"},{"floor":23,"key":"Potion Belt"},{"floor":25,"key":"HornCleat"},{"floor":26,"key":"Frozen Egg 2"},{"floor":27,"key":"Ancient Tea Set"},{"floor":41,"key":"Du-Vu Doll"},{"floor":46,"key":"Centennial Puzzle"},{"floor":48,"key":"Snake Skull"},{"floor":55,"key":"Art of War"}],"event_choices":[{"damage_healed":0.0,"max_hp_gain":0.0,"max_hp_loss":0.0,"gold_gain":75.0,"event_name":"World of Goop","player_choice":"Gather Gold","floor":5.0,"gold_loss":0.0,"damage_taken":11.0},{"damage_healed":0.0,"max_hp_gain":5.0,"max_hp_loss":0.0,"gold_gain":0.0,"event_name":"Big Fish","player_choice":"Donut","floor":11.0,"gold_loss":0.0,"damage_taken":0.0},{"damage_healed":0.0,"max_hp_gain":0.0,"max_hp_loss":0.0,"gold_gain":0.0,"event_name":"Shining Light","player_choice":"Entered Light","floor":12.0,"gold_loss":0.0,"damage_taken":20.0,"cards_upgraded":["Dash","Defend_G"]},{"damage_healed":0,"gold_gain":0,"cards_transformed":["Strike_G","Strike_G"],"player_choice":"Transformed Cards","damage_taken":0,"max_hp_gain":0,"max_hp_loss":0,"event_name":"Designer","floor":22,"gold_loss":75,"cards_obtained":["Terror","Predator"]},{"damage_healed":0,"gold_gain":0,"player_choice":"Upgraded","damage_taken":0,"max_hp_gain":0,"max_hp_loss":0,"event_name":"Upgrade Shrine","floor":36,"gold_loss":0,"cards_upgraded":["Wraith Form v2"]},{"damage_healed":0,"gold_gain":0,"player_choice":"Bought 1 Potion","damage_taken":0,"max_hp_gain":0,"max_hp_loss":0,"event_name":"The Woman in Blue","floor":44,"gold_loss":0}],"is_beta":false,"boss_relics":[{"not_picked":["Ring of the Serpent","SlaversCollar"],"picked":"Cursed Key"},{"not_picked":["HoveringKite","Calling Bell"],"picked":"Runic Pyramid"}],"items_purged_floors":[38],"is_endless":false,"potions_floor_spawned":[1,6,7,13,16,23,25,30,33,35,46],"ascension_level":20}}