{"host":"dzc8cchcquikqbpv","time":1612815094,"event":{"mods":["A Penny For Your Troubles","BaseMod","Better Third Choice","BetterRewards","Block Reminder","Bossed Relics","Colored Map","Colored Powertips","Curses Come First","Dark Map","Downfall","Fox Events","Good Game Mod","Highlight Path","Infinite Spire","Minty Spire (QoL Compilation)","Permanent Neow","Quick Restart","Rare Cards Sparkle","Relic Filter Mod","Reliquary","Replay The Spire","Shop Mod","Spire Arcade","StSLib","The Jungle","Uncapped","UnlockEverythingMod","Weighted Paths"],"gold_per_floor":[117,129,145,145,164,164,89,89,113,138,172,207,207,227,227,328,328,345,363,363,363,376,376,388,422,422,437,472,135,135,35,35,139,139,151,162,202,219,239,270,270,305,385,385,399,399,499,534,534,535,535,535,66,100,100],"floor_reached":56,"language":"ENG","playtime":2957,"items_purged":["Burn","ReplayTheSpireMod:Splinters","downfall:Bewildered","downfall:Bewildered","ReplayTheSpireMod:Doomed"],"score":1646,"play_id":"b3c8723a-01b4-407e-a7d5-9eaa361c2af8","local_time":"20210208201134","is_ascension_mode":true,"campfire_choices":[{"floor":6.0,"key":"REST"},{"floor":15.0,"key":"RECALL"},{"data":"Aggregate","floor":23,"key":"SMITH"},{"data":"Echo Form","floor":32,"key":"SMITH"},{"data":"Fission","floor":41,"key":"SMITH"},{"data":"Double Energy","floor":49,"key":"SMITH"},{"data":"Double Energy","floor":52,"key":"SMITH"}],"circlet_count":0,"master_deck":["Strike_B","Strike_B","Strike_B","Defend_B","Defend_B","Defend_B","Defend_B","Zap","Dualcast","Aggregate+1","Tempest","Turbo","Turbo","Cold Snap","Glacier","Turbo","BootSequence","downfall:Icky","Writhe","Skim","Hologram","Echo Form+1","Turbo","Multi-Cast","Tempest+1","Overencumbered","Thunder Strike","Tempest+1","Fission+1","Hologram","Defragment+1","Double Energy+1","Double Energy+1","Buffer","ReplayTheSpireMod:Splinters","Sickly","infinitespire:FutureSight","Skim+1","Spreading Infection","ReplayTheSpireMod:IOU","Amplify","Barrage","Tempest"],"relics":["Cracked Core","REME:ComplimentaryCards","DataDisk","reliquary:LoveEmittingDiode","Ginger","reliquary:Conveyor","Blue Doll","Chemical X","Pondfish Scales","Incense Burner","Eternal Feather","Orichalcum","infinitespire:WardingShard","WingedGreaves","Potion Belt","Bag of Preparation","betterThird:SlimedRelic","Emotion Chip","StrikeDummy","Blood Vial","infinitespire:Broken Mirror","Replay:Ancient Bell","Bag of Marbles","reliquary:ShortFuse","Calipers","sneckomod:BabySnecko","Inserter","reliquary:Boomerang","Centennial Puzzle","Cables","Prayer Wheel","The Courier","Juzu Bracelet","ReplayTheSpireMod:CursedCoin","infinitespire:Joker Card","Black Star","PreservedInsect","Boot","Darkstone Periapt","Replay:Ringing Soul","reliquary:FeatherDuster","Quantum Egg","downfall:ExtraCursedKey","Vajra","reliquary:PartyBalloon","StoneCalendar","Lee\u0027s Waffle","infinitespire:BottledMercury","infinitespire:Bottled Soul"],"acts_visited":["Exordium","TheCity","TheBeyond","TheEnding"],"potions_floor_usage":[36,38,50,50,55,55,55,55],"damage_taken":[{"damage":1.0,"enemies":"Small Slimes","floor":1.0,"turns":2.0},{"damage":0.0,"enemies":"2 Louse","floor":2.0,"turns":1.0},{"damage":0.0,"enemies":"Jaw Worm","floor":3.0,"turns":1.0},{"damage":0.0,"enemies":"Exordium Thugs","floor":5.0,"turns":2.0},{"damage":0.0,"enemies":"Lagavulin","floor":10.0,"turns":4.0},{"damage":0.0,"enemies":"Gremlin Nob","floor":11.0,"turns":2.0},{"damage":0.0,"enemies":"Replay:BlueRogue","floor":12.0,"turns":2.0},{"damage":6.0,"enemies":"Blue Slaver","floor":14.0,"turns":2.0},{"damage":0.0,"enemies":"Slime Boss","floor":16.0,"turns":3.0},{"damage":0.0,"enemies":"2 Thieves","floor":18.0,"turns":2.0},{"damage":0.0,"enemies":"Spheric Guardian","floor":19.0,"turns":3.0},{"damage":8.0,"enemies":"Shelled Parasite and Fungi","floor":22.0,"turns":5.0},{"damage":0,"enemies":"Snake Plant","floor":24,"turns":2},{"damage":3,"enemies":"Replay:Snechameleon","floor":25,"turns":6},{"damage":8,"enemies":"Centurion and Healer","floor":27,"turns":4},{"damage":0,"enemies":"Slavers","floor":28,"turns":2},{"damage":12,"enemies":"Champ","floor":33,"turns":5},{"damage":10,"enemies":"Orb Walker","floor":35,"turns":3},{"damage":3,"enemies":"3 Darklings","floor":36,"turns":2},{"damage":4,"enemies":"Transient","floor":38,"turns":5},{"damage":0,"enemies":"Spire Growth","floor":39,"turns":3},{"damage":3,"enemies":"Nemesis","floor":40,"turns":3},{"damage":0,"enemies":"Nightmare","floor":42,"turns":4},{"damage":7,"enemies":"3 Darklings","floor":45,"turns":2},{"damage":0,"enemies":"Reptomancer","floor":48,"turns":2},{"damage":12,"enemies":"Replay:Hell Engine","floor":50,"turns":2},{"damage":0,"enemies":"Shield and Spear","floor":54,"turns":1},{"damage":59,"enemies":"The Heart","floor":55,"turns":5}],"seed_played":"4840807072628000676","potions_obtained":[{"floor":5.0,"key":"AttackPotion"},{"floor":11.0,"key":"Swift Potion"},{"floor":12.0,"key":"Regen Potion"},{"floor":16.0,"key":"Slimebound:ThreeZeroPotion"},{"floor":19.0,"key":"Elixir"},{"floor":25,"key":"PowerPotion"},{"floor":28,"key":"hexamod:SoulburnPotion"},{"floor":33,"key":"Energy Potion"},{"floor":37,"key":"LiquidBronze"},{"floor":39,"key":"champ:CounterPotion"},{"floor":45,"key":"EssenceOfDarkness"},{"floor":48,"key":"Fire Potion"},{"floor":54,"key":"SkillPotion"}],"is_trial":false,"path_per_floor":["M","M","M","?","M","R","$","?","T","E","E","E","?","M","R_BF","B",null,"M","M","?","AVR","M","R","M","E","T","M","E","$","?","$","R","B",null,"M","M","?","M","M","E","R","NM","T","?","M","?","?","E","R","B",null,"R","$","E","B",null],"character_chosen":"DEFECT","items_purchased":["DataDisk","reliquary:LoveEmittingDiode","Aggregate","reliquary:Conveyor","Blue Doll","Chemical X","Tempest","Eternal Feather","Orichalcum","infinitespire:WardingShard","Potion Belt","Turbo","Cold Snap","Juzu Bracelet","Tempest+1","ReplayTheSpireMod:CursedCoin","infinitespire:Joker Card","StoneCalendar","Lee\u0027s Waffle"],"campfire_rested":1,"item_purchase_floors":[0,0,0,0,0,0,0,0,0,0,0,0,0,29,29,29,29,53,53],"current_hp_per_floor":[27,27,27,27,27,58,58,47,47,47,47,47,47,43,52,54,75,75,75,75,75,67,75,75,72,72,66,68,68,68,68,75,63,75,65,64,46,44,46,45,66,71,71,86,84,84,110,115,125,113,125,125,132,135,83],"gold":100,"neow_bonus":"","is_daily":false,"chose_seed":false,"campfire_upgraded":5,"win_rate":0.0,"timestamp":1612815094,"path_taken":["M","M","M","?","M","R","$","?","T","E","E","E","?","M","R_BF","BOSS","M","M","?","AVR","M","R","M","E","T","M","E","$","?","?","R","BOSS","M","M","?","M","M","E","R","NM","T","?","M","?","?","E","R","BOSS","R","$","E","BOSS"],"items_purchased_type":["Relic","Relic","Card","Relic","Relic","Relic","Card","Relic","Relic","Relic","Relic","Card","Card","Relic","Card","Relic","Relic","Relic","Relic"],"build_version":"2020-12-22","purchased_purges":5,"victory":true,"max_hp_per_floor":[75,75,75,75,75,75,75,75,75,75,75,75,75,75,75,75,75,75,75,75,75,75,75,75,75,75,75,75,75,75,75,75,75,75,75,75,75,75,75,75,75,78,78,93,96,96,122,125,125,125,125,125,132,135,135],"card_choices":[{"not_picked":["Ball Lightning","Undo"],"picked":"Rebound","floor":1.0},{"not_picked":["BasicCrystalCard","ReplayTheSpireMod:GoodbyeWorld","Panic Button"],"picked":"SKIP","floor":2.0},{"not_picked":["Streamline","BasicCrystalCard","Stack"],"picked":"SKIP","floor":3.0},{"not_picked":["ReplayGash","Sweeping Beam"],"picked":"Glacier","floor":5.0},{"not_picked":["Ball Lightning","Redo","Reinforced Body"],"picked":"SKIP","floor":10.0},{"not_picked":["Compile Driver","Melter","BasicCrystalCard"],"picked":"SKIP","floor":11.0},{"not_picked":["Beam Cell","BasicCrystalCard"],"picked":"Turbo","floor":12.0},{"not_picked":["Barrage","Heatsinks"],"picked":"BootSequence","floor":14.0},{"not_picked":["Core Surge","Fission"],"picked":"Creative AI","floor":16.0},{"not_picked":["Looming Evil","Parasite"],"picked":"downfall:Icky","floor":17.0},{"not_picked":["Decay","Delirium"],"picked":"Writhe","floor":17.0},{"not_picked":["CommonCold","Writhe"],"picked":"ReplayTheSpireMod:Splinters","floor":17.0},{"not_picked":["Stack","Streamline"],"picked":"Skim","floor":18.0},{"not_picked":["Panic Button","Sweeping Beam"],"picked":"Hologram","floor":19.0},{"not_picked":["Panic Button","Melter","Coolheaded"],"picked":"SKIP","floor":22.0},{"not_picked":["BasicCrystalCard","Steam Power"],"picked":"Echo Form","floor":24},{"not_picked":["Fission","Barrage"],"picked":"ReplayTheSpireMod:Fabricate Wheel","floor":25},{"not_picked":["Compile Driver","BasicCrystalCard"],"picked":"Turbo","floor":27},{"not_picked":["ReplaySort","Steam+1","Beam Cell"],"picked":"SKIP","floor":27},{"not_picked":["Auto Shields","Cold Snap"],"picked":"Multi-Cast","floor":28},{"not_picked":["ReplayRNGCard","Reboot"],"picked":"Thunder Strike","floor":33},{"not_picked":["Steam+1","Stack"],"picked":"Go for the Eyes","floor":35},{"not_picked":["Conserve Battery+1","Rebound","Compile Driver+1"],"picked":"SKIP","floor":35},{"not_picked":["Gash+1","ReplayTheSpireMod:Repulse+1"],"picked":"Hello World+1","floor":36},{"not_picked":["Cold Snap","Gash+1"],"picked":"Sweeping Beam","floor":36},{"not_picked":["Coolheaded","Ball Lightning"],"picked":"Tempest+1","floor":37},{"not_picked":["Compile Driver","Steam Power+1"],"picked":"Fission","floor":38},{"not_picked":["Scrape","Reinforced Body+1"],"picked":"Hologram","floor":38},{"not_picked":["Double Energy+1","Hologram+1"],"picked":"Defragment+1","floor":39},{"not_picked":["Auto Shields","Genetic Algorithm"],"picked":"Double Energy","floor":39},{"not_picked":["Ball Lightning+1","Recycle+1"],"picked":"Double Energy","floor":40},{"not_picked":["ReplayTheSpireMod:Repulse","Glacier"],"picked":"Buffer","floor":42},{"not_picked":["Replay:Fractal Strike","ReplayTheSpireMod:Black Plague"],"picked":"infinitespire:FutureSight","floor":44},{"not_picked":["Panic Button","Coolheaded"],"picked":"Skim+1","floor":45},{"not_picked":["Redo+1","Beam Cell","Compile Driver+1"],"picked":"SKIP","floor":45},{"not_picked":["Go for the Eyes","Cold Snap+1"],"picked":"Barrage","floor":48},{"not_picked":["Go for the Eyes","Panic Button+1"],"picked":"Tempest","floor":54}],"player_experience":93836,"relics_obtained":[{"floor":10.0,"key":"Emotion Chip"},{"floor":11.0,"key":"StrikeDummy"},{"floor":12.0,"key":"Blood Vial"},{"floor":13.0,"key":"infinitespire:Broken Mirror"},{"floor":25,"key":"Centennial Puzzle"},{"floor":26,"key":"Cables"},{"floor":28,"key":"The Courier"},{"floor":37,"key":"PreservedInsect"},{"floor":40,"key":"Boot"},{"floor":40,"key":"Darkstone Periapt"},{"floor":42,"key":"Replay:Ringing Soul"},{"floor":42,"key":"reliquary:FeatherDuster"},{"floor":43,"key":"Quantum Egg"},{"floor":48,"key":"Vajra"},{"floor":48,"key":"reliquary:PartyBalloon"},{"floor":54,"key":"infinitespire:BottledMercury"},{"floor":54,"key":"infinitespire:Bottled Soul"}],"event_choices":[{"damage_healed":27.0,"max_hp_gain":0.0,"max_hp_loss":75.0,"gold_gain":0.0,"event_name":"betterThird:BetterShining","player_choice":"Embrace Burn","floor":4.0,"gold_loss":0.0,"damage_taken":0.0},{"damage_healed":0.0,"max_hp_gain":1.0,"max_hp_loss":0.0,"gold_gain":0.0,"event_name":"betterThird:BetterGoop","player_choice":"Slimed","floor":8.0,"gold_loss":0.0,"damage_taken":11.0},{"damage_healed":0,"gold_gain":0,"player_choice":"Adaptability","damage_taken":0,"max_hp_gain":0,"max_hp_loss":0,"event_name":"betterThird:BetterWriting","floor":30,"gold_loss":0},{"cards_removed":["Strike_B"],"damage_healed":0,"gold_gain":0,"player_choice":"Removed Attack","damage_taken":0,"max_hp_gain":0,"max_hp_loss":0,"event_name":"Falling","floor":46,"gold_loss":0}],"is_beta":false,"boss_relics":[{"not_picked":["Ectoplasm","Replay:Grab Bag"],"picked":"Replay:Ancient Bell"},{"not_picked":["Happy Flower","MealTicket"],"picked":"Bag of Marbles"},{"not_picked":["Solar Panel","White Beast Statue"],"picked":"reliquary:ShortFuse"},{"not_picked":["Turnip","Durian"],"picked":"Calipers"},{"not_picked":["ReplayTheSpireMod:DimensionalGlitch","reliquary:Craggleroot"],"picked":"Black Star"}],"items_purged_floors":[7,21,29,31,53],"is_endless":false,"potions_floor_spawned":[5,11,12,16,19,25,28,33,39,45,48,54],"ascension_level":1}}