{"host":"bf5upntvbdompq33","time":1612743413,"event":{"mods":["BaseMod","Colored Map","Colored Powertips","Curses Come First","Minty Spire (QoL Compilation)","StSLib","The Dragon Tamer","The Hierophant","The Marked","The Mystic","The Servant 0.9.4"],"gold_per_floor":[112,112,125,125,225,225,265,120,145,159,81,81,101,141,141,141,141],"floor_reached":16,"language":"ENG","playtime":1149,"items_purged":["Strike_R"],"score":226,"play_id":"342a3634-058d-4f01-9983-940157352add","local_time":"20210207171653","is_ascension_mode":true,"campfire_choices":[{"data":"True Grit","floor":6,"key":"SMITH"},{"floor":15,"key":"REST"}],"circlet_count":0,"master_deck":["AscendersBane","Strike_R","Strike_R","Strike_R","Strike_R","Defend_R+1","Defend_R+1","Defend_R","Defend_R+1","Bash+1","Dark Embrace","True Grit+1","Warcry","Whirlwind","Barricade+1","Entrench","Iron Wave","Ghostly Armor","Dual Wield"],"relics":["Burning Blood","NeowsBlessing","Golden Idol","Frozen Egg 2","War Paint","Peace Pipe","Dream Catcher"],"acts_visited":["Exordium"],"potions_floor_usage":[],"damage_taken":[{"damage":0,"enemies":"Cultist","floor":1,"turns":1},{"damage":0,"enemies":"Jaw Worm","floor":3,"turns":1},{"damage":0,"enemies":"Lagavulin","floor":7,"turns":1},{"damage":8,"enemies":"2 Louse","floor":10,"turns":3},{"damage":37,"enemies":"Exordium Thugs","floor":13,"turns":14},{"damage":21,"enemies":"3 Sentries","floor":14,"turns":17},{"damage":40,"enemies":"Hexaghost","floor":16,"turns":18}],"seed_played":"5412184549389812004","potions_obtained":[{"floor":3,"key":"ColorlessPotion"},{"floor":7,"key":"LiquidBronze"},{"floor":14,"key":"Fire Potion"}],"is_trial":false,"path_per_floor":["M","?","M","?","?","R","E","$","T","M","$","?","M","E","R","B"],"character_chosen":"IRONCLAD","items_purchased":["Whirlwind","Entrench"],"campfire_rested":1,"item_purchase_floors":[8,11],"current_hp_per_floor":[74,69,69,55,55,55,61,61,61,59,59,59,28,13,33,0,0],"gold":141,"neow_bonus":"THREE_ENEMY_KILL","is_daily":false,"chose_seed":false,"campfire_upgraded":1,"win_rate":0.0,"timestamp":1612743413,"path_taken":["M","?","M","?","?","R","E","$","T","?","?","?","M","E","R","BOSS"],"items_purchased_type":["Card","Card"],"build_version":"2020-12-22","purchased_purges":1,"victory":false,"max_hp_per_floor":[75,69,69,69,69,69,69,69,69,69,69,69,69,69,69,69,69],"card_choices":[{"not_picked":["True Grit","Thunderclap"],"picked":"Dark Embrace","floor":1},{"not_picked":["Shrug It Off","Wild Strike"],"picked":"True Grit","floor":3},{"not_picked":["Thunderclap","Clash"],"picked":"Warcry","floor":7},{"not_picked":["Heavy Blade","Twin Strike"],"picked":"Barricade+1","floor":10},{"not_picked":["Sever Soul","Rage"],"picked":"Iron Wave","floor":13},{"not_picked":["Iron Wave","Twin Strike"],"picked":"Ghostly Armor","floor":14},{"not_picked":["Perfected Strike","Armaments"],"picked":"Dual Wield","floor":15}],"player_experience":1513061,"relics_obtained":[{"floor":7,"key":"Frozen Egg 2"},{"floor":9,"key":"War Paint"},{"floor":14,"key":"Dream Catcher"}],"event_choices":[{"damage_healed":0,"gold_gain":0,"player_choice":"Lose Max HP","damage_taken":0,"relics_obtained":["Golden Idol"],"max_hp_gain":0,"max_hp_loss":6,"event_name":"Golden Idol","floor":2,"gold_loss":0},{"damage_healed":0,"gold_gain":0,"player_choice":"Entered Light","damage_taken":14,"max_hp_gain":0,"max_hp_loss":0,"event_name":"Shining Light","floor":4,"gold_loss":0,"cards_upgraded":["Defend_R","Bash"]},{"damage_healed":0,"gold_gain":100,"player_choice":"Gold","damage_taken":0,"max_hp_gain":0,"max_hp_loss":0,"event_name":"Wheel of Change","floor":5,"gold_loss":0},{"damage_healed":0,"gold_gain":0,"player_choice":"Searched \u00272\u0027 times","damage_taken":0,"relics_obtained":["Peace Pipe"],"max_hp_gain":0,"max_hp_loss":0,"event_name":"Dead Adventurer","floor":12,"gold_loss":0}],"is_beta":false,"boss_relics":[],"items_purged_floors":[8],"is_endless":false,"potions_floor_spawned":[3,7,13,14],"killed_by":"Hexaghost","ascension_level":14}}