{"host":"tetq3wi5anb97imq","time":1612808996,"event":{"mods":["BaseMod","Block Reminder","Minty Spire (QoL Compilation)","Quick Restart","StSLib","SuperFastMode"],"gold_per_floor":[111,129,129,129,129,165,165,180,180,203,228,253,253,253],"floor_reached":13,"language":"ENG","playtime":294,"items_purged":[],"score":174,"play_id":"d6f1ec53-6c5d-4f1b-895a-c2fe275802a3","local_time":"20210208162956","is_ascension_mode":true,"campfire_choices":[{"floor":7,"key":"REST"}],"circlet_count":0,"master_deck":["AscendersBane","Strike_G","Strike_G","Strike_G","Strike_G","Strike_G","Defend_G","Defend_G","Defend_G","Defend_G","Defend_G","Survivor","Neutralize","Noxious Fumes","PiercingWail","Caltrops","Dagger Spray","Flying Knee","Deflect","Cloak And Dagger"],"relics":["Ring of the Snake","StoneCalendar","Smiling Mask","Golden Idol","Matryoshka","Tiny Chest","PreservedInsect","Frozen Egg 2"],"acts_visited":["Exordium"],"potions_floor_usage":[6,6,12],"damage_taken":[{"damage":0,"enemies":"2 Louse","floor":1,"turns":5},{"damage":16,"enemies":"Jaw Worm","floor":2,"turns":6},{"damage":6,"enemies":"3 Sentries","floor":6,"turns":5},{"damage":0,"enemies":"Cultist","floor":8,"turns":5},{"damage":12,"enemies":"Gremlin Gang","floor":10,"turns":4},{"damage":1,"enemies":"Exordium Wildlife","floor":11,"turns":4},{"damage":2,"enemies":"Looter","floor":12,"turns":4},{"damage":0,"enemies":"Lagavulin","floor":13,"turns":3}],"seed_played":"-3354604724229837882","potions_obtained":[{"floor":1,"key":"DuplicationPotion"},{"floor":2,"key":"BlessingOfTheForge"},{"floor":10,"key":"EssenceOfSteel"}],"is_trial":false,"path_per_floor":["M","M","?","?","T","E","R","M","T","M","M","M","E"],"character_chosen":"THE_SILENT","items_purchased":[],"campfire_rested":1,"item_purchase_floors":[],"current_hp_per_floor":[44,28,23,23,23,17,35,35,35,23,22,20,20,20],"gold":253,"neow_bonus":"ONE_RARE_RELIC","is_daily":false,"chose_seed":false,"campfire_upgraded":0,"win_rate":0.0,"timestamp":1612808996,"path_taken":["M","M","?","?","?","E","R","?","T","M","?","M","E"],"items_purchased_type":[],"build_version":"2020-12-22","purchased_purges":0,"victory":false,"max_hp_per_floor":[66,66,66,60,60,60,60,60,60,60,60,60,60,60],"card_choices":[{"not_picked":["Infinite Blades","Bouncing Flask"],"picked":"Noxious Fumes","floor":1},{"not_picked":["Underhanded Strike","Blade Dance"],"picked":"PiercingWail","floor":2},{"not_picked":["Distraction","Masterful Stab"],"picked":"Caltrops","floor":6},{"not_picked":["Caltrops","Slice"],"picked":"Dagger Spray","floor":8},{"not_picked":["Deflect","Flechettes"],"picked":"Flying Knee","floor":10},{"not_picked":["Accuracy+1","Dagger Spray"],"picked":"Deflect","floor":11},{"not_picked":["Bouncing Flask","Prepared"],"picked":"Cloak And Dagger","floor":12}],"player_experience":1647864,"relics_obtained":[{"floor":5,"key":"Matryoshka"},{"floor":6,"key":"Tiny Chest"},{"floor":9,"key":"PreservedInsect"},{"floor":9,"key":"Frozen Egg 2"}],"event_choices":[{"damage_healed":0,"gold_gain":0,"player_choice":"Success","damage_taken":5,"relics_obtained":["Smiling Mask"],"max_hp_gain":0,"max_hp_loss":0,"event_name":"Scrap Ooze","floor":3,"gold_loss":0},{"damage_healed":0,"gold_gain":0,"player_choice":"Lose Max HP","damage_taken":0,"relics_obtained":["Golden Idol"],"max_hp_gain":0,"max_hp_loss":6,"event_name":"Golden Idol","floor":4,"gold_loss":0}],"is_beta":false,"boss_relics":[],"items_purged_floors":[],"is_endless":false,"potions_floor_spawned":[1,2,10],"killed_by":"Lagavulin","ascension_level":20}}