{"host":"Alvar","time":1612778503,"event":{"mods":["AchievementEnabler","BaseMod","Minty Spire (QoL Compilation)","StSLib"],"gold_per_floor":[115,135,135,145,70,95,154,154,177,177,187,197,268,294,294,369,369,387,402,219,235,255,255,255],"floor_reached":23,"language":"ENG","playtime":807,"items_purged":["Strike_G","Strike_G"],"score":406,"play_id":"e874e8ef-882a-46f9-991b-3544956fc03c","local_time":"20210208170143","is_ascension_mode":true,"campfire_choices":[{"floor":10,"key":"REST"},{"data":"Corpse Explosion","floor":15,"key":"SMITH"}],"circlet_count":0,"master_deck":["AscendersBane","Strike_G","Strike_G","Strike_G","Defend_G","Defend_G","Defend_G","Defend_G","Defend_G","Survivor","Neutralize","Deadly Poison","Poisoned Stab","All Out Attack","Corpse Explosion+1","Backflip","Predator+1","Adrenaline","Acrobatics","Noxious Fumes","Well Laid Plans"],"relics":["Ring of the Snake","PreservedInsect","Pantograph","Bronze Scales","Molten Egg 2","MealTicket","Cursed Key"],"acts_visited":["Exordium","TheCity"],"potions_floor_usage":[7,16,22],"damage_taken":[{"damage":4,"enemies":"Small Slimes","floor":1,"turns":6},{"damage":0,"enemies":"2 Louse","floor":2,"turns":3},{"damage":0,"enemies":"Cultist","floor":4,"turns":3},{"damage":29,"enemies":"3 Sentries","floor":6,"turns":8},{"damage":16,"enemies":"Lagavulin Event","floor":7,"turns":5},{"damage":6,"enemies":"Exordium Wildlife","floor":11,"turns":3},{"damage":0,"enemies":"Lots of Slimes","floor":12,"turns":1},{"damage":12,"enemies":"Lagavulin","floor":14,"turns":5},{"damage":13,"enemies":"The Guardian","floor":16,"turns":9},{"damage":7,"enemies":"Spheric Guardian","floor":18,"turns":4},{"damage":1,"enemies":"3 Byrds","floor":19,"turns":2},{"damage":26,"enemies":"Centurion and Healer","floor":21,"turns":6},{"damage":26,"enemies":"Shelled Parasite and Fungi","floor":22,"turns":5},{"damage":29,"enemies":"Slavers","floor":23,"turns":1}],"seed_played":"3011076543255840640","potions_obtained":[{"floor":1,"key":"GamblersBrew"},{"floor":4,"key":"Dexterity Potion"},{"floor":6,"key":"PowerPotion"},{"floor":7,"key":"Swift Potion"},{"floor":19,"key":"BlessingOfTheForge"},{"floor":21,"key":"Block Potion"}],"is_trial":false,"path_per_floor":["M","M","?","M","$","E","?","?","T","R","M","M","T","E","R","B",null,"M","M","$","M","M","E"],"character_chosen":"THE_SILENT","items_purchased":["Noxious Fumes"],"campfire_rested":1,"item_purchase_floors":[20],"current_hp_per_floor":[61,61,61,61,61,32,16,16,16,37,31,31,31,19,19,31,62,55,54,69,43,17,0,0],"gold":255,"neow_bonus":"TEN_PERCENT_HP_BONUS","is_daily":false,"chose_seed":false,"campfire_upgraded":1,"win_rate":0.0,"timestamp":1612778503,"path_taken":["M","M","?","M","$","E","?","?","T","R","M","M","?","E","R","BOSS","M","M","$","M","M","E"],"items_purchased_type":["Card"],"build_version":"2020-12-18","purchased_purges":2,"victory":false,"max_hp_per_floor":[72,72,72,72,72,72,72,72,72,72,72,72,72,72,72,72,72,72,72,72,72,72,72,72],"card_choices":[{"not_picked":["Riddle With Holes","Distraction"],"picked":"Deadly Poison","floor":1},{"not_picked":["Blade Dance","Masterful Stab"],"picked":"Poisoned Stab","floor":2},{"not_picked":["Deadly Poison","Finisher"],"picked":"All Out Attack","floor":4},{"not_picked":["Backflip","Dash"],"picked":"Corpse Explosion","floor":6},{"not_picked":["Cloak And Dagger","Dagger Spray"],"picked":"Backflip","floor":11},{"not_picked":["Poisoned Stab","Deflect","Flechettes"],"picked":"SKIP","floor":12},{"not_picked":["Deadly Poison","Acrobatics"],"picked":"Predator+1","floor":14},{"not_picked":["Storm of Steel","Burst"],"picked":"Adrenaline","floor":16},{"not_picked":["Blur","Sucker Punch+1"],"picked":"Acrobatics","floor":18},{"not_picked":["Deadly Poison","Poisoned Stab+1","Underhanded Strike+1"],"picked":"SKIP","floor":19},{"not_picked":["Dodge and Roll","Quick Slash+1"],"picked":"Well Laid Plans","floor":21},{"not_picked":["Deflect","All Out Attack+1","Slice+1"],"picked":"SKIP","floor":22}],"player_experience":805167,"relics_obtained":[{"floor":6,"key":"PreservedInsect"},{"floor":7,"key":"Pantograph"},{"floor":9,"key":"Bronze Scales"},{"floor":13,"key":"Molten Egg 2"},{"floor":14,"key":"MealTicket"}],"event_choices":[{"damage_healed":0,"gold_gain":0,"player_choice":"Leave","damage_taken":0,"max_hp_gain":0,"max_hp_loss":0,"event_name":"The Cleric","floor":3,"gold_loss":0},{"damage_healed":0,"gold_gain":0,"player_choice":"Searched \u00272\u0027 times","damage_taken":0,"max_hp_gain":0,"max_hp_loss":0,"event_name":"Dead Adventurer","floor":7,"gold_loss":0},{"damage_healed":0,"gold_gain":0,"player_choice":"Ignored","damage_taken":0,"max_hp_gain":0,"max_hp_loss":0,"event_name":"Shining Light","floor":8,"gold_loss":0}],"is_beta":true,"boss_relics":[{"not_picked":["Empty Cage","Runic Pyramid"],"picked":"Cursed Key"}],"items_purged_floors":[5,20],"is_endless":false,"potions_floor_spawned":[1,4,6,7,19,21],"killed_by":"Slavers","ascension_level":20}}