{"host":"y76clbnovzmw9ubx","time":1612752719,"event":{"mods":["AchievementEnabler","BaseMod","Minty Spire (QoL Compilation)","Permanent Neow","Relic Stats"],"gold_per_floor":[109,126,126,138,154,154,181,181,181,210,227,227,253,270,270,342,342,282,282,282,5,5,5,5,5,5],"floor_reached":25,"language":"ENG","playtime":1106,"items_purged":[],"score":482,"play_id":"31c5cb5a-c6d6-41f8-aada-5e895fb512ae","local_time":"20210207215159","is_ascension_mode":true,"campfire_choices":[{"data":"Sadistic Nature","floor":6,"key":"SMITH"},{"data":"Bouncing Flask","floor":8,"key":"SMITH"},{"floor":15,"key":"REST"},{"data":"Noxious Fumes","floor":23,"key":"SMITH"}],"circlet_count":0,"master_deck":["AscendersBane","Strike_G","Strike_G","Strike_G","Strike_G","Strike_G","Defend_G","Defend_G","Defend_G","Defend_G","Defend_G","Survivor","Neutralize","Sadistic Nature+1","Bouncing Flask+1","Leg Sweep","Infinite Blades","Cloak And Dagger","PiercingWail","Deadly Poison","Noxious Fumes+1","Burst+1","Blur+1","Sucker Punch+1"],"relics":["Ring of the Snake","Bag of Marbles","The Specimen","Ancient Tea Set","Girya","Ectoplasm","Paper Crane","Thread and Needle"],"acts_visited":["Exordium","TheCity"],"potions_floor_usage":[7,10,13,24],"damage_taken":[{"damage":1,"enemies":"Cultist","floor":1,"turns":4},{"damage":0,"enemies":"2 Louse","floor":2,"turns":1},{"damage":3,"enemies":"Small Slimes","floor":4,"turns":5},{"damage":2,"enemies":"2 Fungi Beasts","floor":5,"turns":4},{"damage":2,"enemies":"Lagavulin","floor":7,"turns":5},{"damage":11,"enemies":"Gremlin Nob","floor":10,"turns":3},{"damage":0,"enemies":"Lots of Slimes","floor":11,"turns":3},{"damage":4,"enemies":"Lagavulin","floor":13,"turns":4},{"damage":0,"enemies":"3 Louse","floor":14,"turns":1},{"damage":8,"enemies":"The Guardian","floor":16,"turns":7},{"damage":8,"enemies":"2 Thieves","floor":18,"turns":4},{"damage":7,"enemies":"3 Byrds","floor":19,"turns":4},{"damage":20,"enemies":"Book of Stabbing","floor":24,"turns":6},{"damage":45,"enemies":"3 Cultists","floor":25,"turns":5}],"seed_played":"-8477814907975142996","potions_obtained":[{"floor":1,"key":"AttackPotion"},{"floor":5,"key":"ColorlessPotion"},{"floor":10,"key":"SpeedPotion"},{"floor":11,"key":"Swift Potion"},{"floor":19,"key":"FearPotion"}],"is_trial":false,"path_per_floor":["M","M","T","M","M","R","E","R","T","E","M","?","E","M","R","B",null,"M","M","?","$","?","R","E","M"],"character_chosen":"THE_SILENT","items_purchased":["Paper Crane"],"campfire_rested":1,"item_purchase_floors":[21],"current_hp_per_floor":[43,43,43,40,38,38,36,36,36,25,25,25,21,21,40,32,58,50,43,56,56,56,56,36,0,0],"gold":5,"neow_bonus":"RANDOM_COLORLESS_2","is_daily":false,"chose_seed":false,"campfire_upgraded":3,"win_rate":0.0,"timestamp":1612752719,"path_taken":["M","M","?","M","M","R","E","R","T","E","M","?","E","M","R","BOSS","M","M","?","$","?","R","E","M"],"items_purchased_type":["Relic"],"build_version":"2020-12-22","purchased_purges":0,"victory":false,"max_hp_per_floor":[66,66,66,66,66,66,66,66,66,66,66,66,66,66,66,66,66,66,66,66,66,66,66,66,66,66],"relic_stats":{"counters":[14,56],"Ectoplasm":120,"obtain_stats":[{"Girya":13,"The Specimen":9,"Thread and Needle":24,"Ectoplasm":17,"Bag of Marbles":7,"Paper Crane":21,"Ancient Tea Set":10,"Ring of the Snake":0},{"Girya":8,"The Specimen":5,"Thread and Needle":13,"Ectoplasm":10,"Bag of Marbles":5,"Paper Crane":12,"Ancient Tea Set":6,"Ring of the Snake":0},{"Girya":29,"The Specimen":19,"Thread and Needle":51,"Ectoplasm":37,"Bag of Marbles":19,"Paper Crane":45,"Ancient Tea Set":22,"Ring of the Snake":0}],"Ring of the Snake":[28]},"card_choices":[{"not_picked":["Magnetism","Metamorphosis"],"picked":"Sadistic Nature","floor":0},{"not_picked":["Dodge and Roll","Prepared"],"picked":"Bouncing Flask","floor":1},{"not_picked":["Deflect","Endless Agony"],"picked":"Leg Sweep","floor":2},{"not_picked":["Blade Dance","Cloak And Dagger"],"picked":"Infinite Blades","floor":4},{"not_picked":["Blade Dance","Backflip"],"picked":"Cloak And Dagger","floor":5},{"not_picked":["Prepared","Concentrate","Dash"],"picked":"SKIP","floor":7},{"not_picked":["Bane","Doppelganger"],"picked":"PiercingWail","floor":10},{"not_picked":["Outmaneuver","Cloak And Dagger"],"picked":"Deadly Poison","floor":11},{"not_picked":["Bane","Underhanded Strike","Flechettes"],"picked":"SKIP","floor":13},{"not_picked":["All Out Attack","Deadly Poison"],"picked":"Noxious Fumes","floor":14},{"not_picked":["Venomology","Corpse Explosion"],"picked":"Burst","floor":16},{"not_picked":["Choke","Cloak And Dagger","Slice"],"picked":"SKIP","floor":18},{"not_picked":["Dagger Throw","Poisoned Stab"],"picked":"Blur+1","floor":19},{"not_picked":["Flechettes","Underhanded Strike"],"picked":"Sucker Punch+1","floor":24}],"player_experience":3209750,"relics_obtained":[{"floor":7,"key":"Bag of Marbles"},{"floor":9,"key":"The Specimen"},{"floor":10,"key":"Ancient Tea Set"},{"floor":13,"key":"Girya"},{"floor":24,"key":"Thread and Needle"}],"event_choices":[{"damage_healed":0,"gold_gain":0,"player_choice":"Ignored","damage_taken":0,"max_hp_gain":0,"max_hp_loss":0,"event_name":"Golden Wing","floor":12,"gold_loss":0},{"damage_healed":13,"gold_gain":0,"player_choice":"Heal","damage_taken":0,"max_hp_gain":0,"max_hp_loss":0,"event_name":"The Library","floor":20,"gold_loss":0},{"damage_healed":0,"gold_gain":0,"player_choice":"Forge","damage_taken":0,"max_hp_gain":0,"max_hp_loss":0,"event_name":"Accursed Blacksmith","floor":22,"gold_loss":0,"cards_upgraded":["Burst"]}],"is_beta":false,"boss_relics":[{"not_picked":["Pandora\u0027s Box","WristBlade"],"picked":"Ectoplasm"}],"items_purged_floors":[],"is_endless":false,"potions_floor_spawned":[1,5,10,11,19],"killed_by":"3 Cultists","ascension_level":20}}