{"host":"s8caws4n06h39s1x","time":1612802920,"event":{"mods":["BaseMod","Colored Powertips","Highlight Path","Minty Spire (QoL Compilation)","Quick Restart"],"gold_per_floor":[116,132,144,154,254,254,283,298,298,332,332,357,20,20,20,117,117,131,150,170,88,88,115,115,147,147,182,182,194,209,220,220,320,320,338,350,350,350,59,93,93,93,93],"floor_reached":42,"language":"ENG","playtime":2320,"items_purged":[],"score":710,"play_id":"d5c2b39e-b4a9-4577-8f50-ada2edb1cdef","local_time":"20210208174840","daily_mods":["Draft","Heirloom"],"is_ascension_mode":true,"campfire_choices":[{"data":"Storm","floor":6,"key":"SMITH"},{"data":"Heatsinks","floor":11,"key":"SMITH"},{"floor":15,"key":"REST"},{"data":"Echo Form","floor":24,"key":"SMITH"},{"floor":32,"key":"REST"}],"circlet_count":0,"master_deck":["Cold Snap","Chill+1","Conserve Battery","Storm+1","Chaos","Conserve Battery","Turbo","Chaos","Sweeping Beam","White Noise","BootSequence","Conserve Battery","Cold Snap","Conserve Battery","Chaos","Coolheaded","Self Repair","Heatsinks+1","Ball Lightning+1","Conserve Battery","Gash","Force Field","Heatsinks","Gash","Electrodynamics","Chill","Coolheaded","Hello World","Echo Form+1","Gash+1","Chaos","Conserve Battery+1","Bite","Bite","Bite","Bite","Bite","Ball Lightning+1","Thunder Strike","Rainbow","Conserve Battery+1","Force Field","Madness","Madness","Hello World","Mayhem"],"relics":["FrozenCore","Turnip","Regal Pillow","Kunai","Potion Belt","Ginger","Emotion Chip","Inserter","Girya","Cables","Singing Bowl","Smiling Mask","DataDisk","Runic Capacitor","Gremlin Horn"],"acts_visited":["Exordium","TheCity","TheBeyond"],"potions_floor_usage":[31],"damage_taken":[{"damage":0,"enemies":"Cultist","floor":1,"turns":4},{"damage":0,"enemies":"Small Slimes","floor":2,"turns":5},{"damage":0,"enemies":"2 Louse","floor":3,"turns":5},{"damage":0,"enemies":"Looter","floor":4,"turns":3},{"damage":0,"enemies":"3 Sentries","floor":7,"turns":5},{"damage":0,"enemies":"Large Slime","floor":8,"turns":4},{"damage":0,"enemies":"Lagavulin","floor":10,"turns":7},{"damage":0,"enemies":"3 Sentries","floor":12,"turns":7},{"damage":18,"enemies":"Slime Boss","floor":16,"turns":6},{"damage":9,"enemies":"3 Byrds","floor":18,"turns":3},{"damage":1,"enemies":"Chosen","floor":19,"turns":4},{"damage":1,"enemies":"Sentry and Sphere","floor":20,"turns":6},{"damage":3,"enemies":"Slavers","floor":23,"turns":4},{"damage":36,"enemies":"Gremlin Leader","floor":25,"turns":7},{"damage":7,"enemies":"Book of Stabbing","floor":27,"turns":5},{"damage":24,"enemies":"Snecko","floor":29,"turns":5},{"damage":15,"enemies":"Snake Plant","floor":30,"turns":5},{"damage":5,"enemies":"Cultist and Chosen","floor":31,"turns":5},{"damage":42,"enemies":"Champ","floor":33,"turns":9},{"damage":5,"enemies":"3 Darklings","floor":35,"turns":4},{"damage":12,"enemies":"Orb Walker","floor":36,"turns":4},{"damage":36,"enemies":"Giant Head","floor":40,"turns":11},{"damage":25,"enemies":"4 Shapes","floor":42,"turns":3}],"seed_played":"-3078107872658977951","potions_obtained":[{"floor":1,"key":"DuplicationPotion"},{"floor":2,"key":"CultistPotion"},{"floor":10,"key":"SkillPotion"},{"floor":16,"key":"ColorlessPotion"},{"floor":18,"key":"LiquidBronze"},{"floor":27,"key":"EntropicBrew"},{"floor":33,"key":"Swift Potion"}],"is_trial":true,"path_per_floor":["M","M","M","M","?","R","E","M","T","E","R","E","$","?","R","B",null,"M","M","M","$","?","E","R","E","T","E","?","M","M","M","R","B",null,"M","M","?","?","$","E","?","M"],"character_chosen":"DEFECT","items_purchased":["Emotion Chip","Gash","Hello World","DataDisk","Runic Capacitor"],"campfire_rested":2,"item_purchase_floors":[13,13,21,39,39],"current_hp_per_floor":[75,75,75,75,75,75,75,75,75,75,75,75,75,60,75,64,75,73,72,75,75,75,72,72,43,43,43,43,23,10,20,51,19,54,49,39,32,32,32,11,11,0,0],"gold":93,"neow_bonus":"","is_daily":false,"chose_seed":false,"campfire_upgraded":3,"win_rate":0.0,"timestamp":1612802920,"path_taken":["M","M","M","M","?","R","E","M","T","E","R","E","?","?","R","BOSS","M","M","M","$","?","E","R","E","T","E","?","M","M","M","R","BOSS","M","M","?","?","$","E","?","M"],"items_purchased_type":["Relic","Card","Card","Relic","Relic"],"build_version":"2020-12-22","purchased_purges":0,"victory":false,"max_hp_per_floor":[75,75,75,75,75,75,75,75,75,75,75,75,75,75,75,75,75,75,75,75,75,75,75,75,75,75,75,52,52,52,54,54,54,54,54,54,54,54,54,54,54,54,54],"card_choices":[{"not_picked":["Rip and Tear","Beam Cell"],"picked":"Cold Snap","floor":0},{"not_picked":["Steam Power","Turbo"],"picked":"Chill","floor":0},{"not_picked":["Go for the Eyes","Rebound"],"picked":"Conserve Battery","floor":0},{"not_picked":["Leap","Redo"],"picked":"Storm","floor":0},{"not_picked":["Barrage","Steam"],"picked":"Chaos","floor":0},{"not_picked":["Aggregate","Sweeping Beam"],"picked":"Conserve Battery","floor":0},{"not_picked":["Barrage","Rip and Tear"],"picked":"Turbo","floor":0},{"not_picked":["Sweeping Beam","Stack"],"picked":"Chaos","floor":0},{"not_picked":["Hologram","Steam Power"],"picked":"Sweeping Beam","floor":0},{"not_picked":["Beam Cell","Hello World"],"picked":"White Noise","floor":0},{"not_picked":["Barrage","Ball Lightning"],"picked":"BootSequence","floor":0},{"not_picked":["Sweeping Beam","Steam"],"picked":"Conserve Battery","floor":0},{"not_picked":["Stack","Coolheaded"],"picked":"Cold Snap","floor":0},{"not_picked":["Go for the Eyes","Steam"],"picked":"Conserve Battery","floor":0},{"not_picked":["Turbo","Leap"],"picked":"Chaos","floor":0},{"not_picked":["Gash","Redo"],"picked":"Coolheaded","floor":1},{"not_picked":["Leap","Force Field"],"picked":"Self Repair","floor":2},{"not_picked":["Leap","Streamline"],"picked":"Heatsinks","floor":3},{"not_picked":["Lockon","Turbo"],"picked":"Ball Lightning","floor":4},{"not_picked":["Reprogram","Darkness"],"picked":"Conserve Battery","floor":7},{"not_picked":["Undo","Leap"],"picked":"Gash","floor":8},{"not_picked":["Steam","Darkness"],"picked":"Force Field","floor":10},{"not_picked":["Sunder","Skim"],"picked":"Heatsinks","floor":12},{"not_picked":["Meteor Strike","Rainbow"],"picked":"Electrodynamics","floor":16},{"not_picked":["Go for the Eyes","Ball Lightning"],"picked":"Chill","floor":18},{"not_picked":["Turbo","Undo"],"picked":"Coolheaded","floor":19},{"not_picked":["Undo+1","Stack","Beam Cell"],"picked":"SKIP","floor":20},{"not_picked":["Sweeping Beam","Coolheaded+1"],"picked":"Gash+1","floor":23},{"not_picked":["Go for the Eyes+1","Beam Cell"],"picked":"Chaos","floor":25},{"not_picked":["Steam Power","Darkness"],"picked":"Conserve Battery+1","floor":27},{"not_picked":["Reinforced Body","Sweeping Beam"],"picked":"Ball Lightning+1","floor":29},{"not_picked":["Turbo","Sunder+1"],"picked":"Thunder Strike","floor":30},{"not_picked":["Redo","Beam Cell","Recycle"],"picked":"Singing Bowl","floor":31},{"not_picked":["Fission","Core Surge"],"picked":"Rainbow","floor":33},{"not_picked":["Beam Cell+1","Leap+1"],"picked":"Conserve Battery+1","floor":35},{"not_picked":["Compile Driver","Ball Lightning"],"picked":"Force Field","floor":36},{"not_picked":["Consume","Reprogram"],"picked":"Hello World","floor":40},{"not_picked":["Jack Of All Trades","Mind Blast"],"picked":"Mayhem","floor":41}],"player_experience":482200,"relics_obtained":[{"floor":7,"key":"Regal Pillow"},{"floor":9,"key":"Kunai"},{"floor":10,"key":"Potion Belt"},{"floor":12,"key":"Ginger"},{"floor":23,"key":"Girya"},{"floor":25,"key":"Cables"},{"floor":26,"key":"Singing Bowl"},{"floor":27,"key":"Smiling Mask"},{"floor":40,"key":"Gremlin Horn"}],"event_choices":[{"damage_healed":0,"gold_gain":100,"player_choice":"Pray","damage_taken":0,"max_hp_gain":0,"max_hp_loss":0,"event_name":"Golden Shrine","floor":5,"gold_loss":0},{"damage_healed":0,"gold_gain":0,"player_choice":"Entered Light","damage_taken":15,"max_hp_gain":0,"max_hp_loss":0,"event_name":"Shining Light","floor":14,"gold_loss":0,"cards_upgraded":["Chill","Ball Lightning"]},{"damage_healed":0,"gold_gain":0,"player_choice":"Read","damage_taken":0,"max_hp_gain":0,"max_hp_loss":0,"event_name":"The Library","floor":22,"gold_loss":0,"cards_obtained":["Echo Form"]},{"damage_healed":0,"gold_gain":0,"player_choice":"Became a vampire","damage_taken":0,"max_hp_gain":0,"max_hp_loss":23,"event_name":"Vampires","floor":28,"gold_loss":0,"cards_obtained":["Bite","Bite","Bite","Bite","Bite"]},{"damage_healed":0,"gold_gain":0,"player_choice":"Embrace Madness","damage_taken":7,"max_hp_gain":0,"max_hp_loss":0,"event_name":"Winding Halls","floor":37,"gold_loss":0,"cards_obtained":["Madness","Madness"]},{"damage_healed":0,"gold_gain":0,"player_choice":"Ignored","damage_taken":0,"max_hp_gain":0,"max_hp_loss":0,"event_name":"Tomb of Lord Red Mask","floor":38,"gold_loss":0},{"damage_healed":0,"gold_gain":0,"player_choice":"Memory 1","damage_taken":0,"max_hp_gain":0,"max_hp_loss":0,"event_name":"SensoryStone","floor":41,"gold_loss":0}],"is_beta":false,"boss_relics":[{"not_picked":["Runic Dome","Busted Crown"],"picked":"Inserter"},{"not_picked":["Tiny House","Philosopher\u0027s Stone"],"picked":"FrozenCore"}],"items_purged_floors":[],"is_endless":true,"potions_floor_spawned":[1,2,10,16,18,27,29,30,33,35,36],"killed_by":"4 Shapes","ascension_level":1}}