{"host":"Jinnai","time":1612747682,"event":{"mods":["BaseMod","Bestiary","Block Reminder","Colored Map","Colored Powertips","Curses Come First","Highlight Path","Minty Spire (QoL Compilation)","Permanent Neow","Potion Indicator Mod","Quick Restart","Relic Stats","StSLib","ojb\u0027s Info Mod"],"gold_per_floor":[11,11,11,31,49,49,83,83,83,116,116,141,141,141,141,141,141],"floor_reached":16,"language":"ENG","playtime":347,"items_purged":[],"score":216,"play_id":"668f9950-9297-46f6-b8d4-9523060afef5","local_time":"20210207202802","is_ascension_mode":true,"campfire_choices":[{"data":"Zap","floor":6,"key":"SMITH"},{"floor":8,"key":"REST"},{"floor":13,"key":"REST"},{"data":"Streamline","floor":15,"key":"SMITH"}],"circlet_count":0,"master_deck":["AscendersBane","Strike_B","Strike_B","Strike_B","Strike_B","Defend_B","Defend_B","Defend_B","Defend_B","Zap+1","Dualcast","Panache","Streamline+1","Rip and Tear","Beam Cell","Beam Cell","Rebound","Sweeping Beam"],"relics":["Cracked Core","Golden Idol","Tiny Chest","Pear","HornCleat"],"acts_visited":["Exordium"],"potions_floor_usage":[7,12],"damage_taken":[{"damage":16,"enemies":"Small Slimes","floor":1,"turns":3},{"damage":6,"enemies":"Cultist","floor":4,"turns":3},{"damage":9,"enemies":"Jaw Worm","floor":5,"turns":3},{"damage":15,"enemies":"3 Sentries","floor":7,"turns":6},{"damage":31,"enemies":"Gremlin Nob","floor":10,"turns":4},{"damage":13,"enemies":"Large Slime","floor":12,"turns":2},{"damage":31,"enemies":"The Guardian","floor":16,"turns":5}],"seed_played":"-4556114686638266378","potions_obtained":[{"floor":1,"key":"ColorlessPotion"},{"floor":7,"key":"Explosive Potion"},{"floor":10,"key":"Weak Potion"}],"is_trial":false,"path_per_floor":["M","$","?","M","M","R","E","R","T","E","?","M","R","?","R","B"],"character_chosen":"DEFECT","items_purchased":[],"campfire_rested":2,"item_purchase_floors":[],"current_hp_per_floor":[48,48,48,42,33,33,18,37,47,16,21,8,31,31,31,0,0],"gold":141,"neow_bonus":"RANDOM_COLORLESS_2","is_daily":false,"chose_seed":false,"campfire_upgraded":2,"win_rate":0.0,"timestamp":1612747682,"path_taken":["M","$","?","M","M","R","E","R","T","E","?","M","R","?","R","BOSS"],"items_purchased_type":[],"build_version":"2020-12-18","purchased_purges":0,"victory":false,"max_hp_per_floor":[71,71,64,64,64,64,64,64,74,74,79,79,79,79,79,79,79],"relic_stats":{"counters":[7,26],"Golden Idol":27,"Tiny Chest":0,"obtain_stats":[{"Pear":9,"HornCleat":10,"Golden Idol":3,"Tiny Chest":7,"Cracked Core":0},{"Pear":4,"HornCleat":5,"Golden Idol":1,"Tiny Chest":4,"Cracked Core":0},{"Pear":15,"HornCleat":19,"Golden Idol":3,"Tiny Chest":15,"Cracked Core":0}]},"card_choices":[{"not_picked":["HandOfGreed","Apotheosis"],"picked":"Panache","floor":0},{"not_picked":["Redo","BootSequence"],"picked":"Streamline","floor":1},{"not_picked":["Conserve Battery","Self Repair"],"picked":"Rip and Tear","floor":4},{"not_picked":["Skim","Doom and Gloom"],"picked":"Beam Cell","floor":5},{"not_picked":["Self Repair","Hologram"],"picked":"Beam Cell","floor":7},{"not_picked":["Cold Snap","Defragment"],"picked":"Rebound","floor":10},{"not_picked":["Lockon","Conserve Battery"],"picked":"Sweeping Beam","floor":12}],"player_experience":1682445,"relics_obtained":[{"floor":7,"key":"Tiny Chest"},{"floor":9,"key":"Pear"},{"floor":10,"key":"HornCleat"}],"event_choices":[{"damage_healed":0,"gold_gain":0,"player_choice":"Lose Max HP","damage_taken":0,"relics_obtained":["Golden Idol"],"max_hp_gain":0,"max_hp_loss":7,"event_name":"Golden Idol","floor":3,"gold_loss":0},{"damage_healed":0,"gold_gain":0,"player_choice":"Donut","damage_taken":0,"max_hp_gain":5,"max_hp_loss":0,"event_name":"Big Fish","floor":11,"gold_loss":0},{"damage_healed":0,"gold_gain":0,"player_choice":"Ignored","damage_taken":0,"max_hp_gain":0,"max_hp_loss":0,"event_name":"Liars Game","floor":14,"gold_loss":0}],"is_beta":true,"boss_relics":[],"items_purged_floors":[],"is_endless":false,"potions_floor_spawned":[1,7,10],"killed_by":"The Guardian","ascension_level":20}}