{"host":"syozzdlzcqop4jia","time":1612812168,"event":{"mods":["BaseMod","Colored Map","Colored Powertips","Minty Spire (QoL Compilation)","Quick Restart"],"gold_per_floor":[117,192,237,253,269,269,34,67,142,142,242,44,62,73,73,170,170,184,204,204,204],"floor_reached":20,"language":"ENG","playtime":1252,"items_purged":[],"score":183,"play_id":"19412280-bc6d-4f48-9a1a-5f90b31ab77e","local_time":"20210208202248","is_ascension_mode":true,"campfire_choices":[{"data":"Zap","floor":6.0,"key":"SMITH"},{"floor":10.0,"key":"REST"},{"floor":15.0,"key":"REST"}],"circlet_count":0,"master_deck":["Strike_B","Strike_B","Strike_B","Strike_B","Defend_B","Defend_B","Defend_B","Defend_B","Zap+1","Dualcast","Conserve Battery","Sweeping Beam","Rebound","Conserve Battery","Heatsinks","Self Repair","Conserve Battery","Hyperbeam","Darkness"],"relics":["Cracked Core","Akabeko","Blood Vial","Happy Flower","Symbiotic Virus","Strawberry","Sozu"],"acts_visited":["Exordium","TheCity"],"potions_floor_usage":[],"damage_taken":[{"damage":0.0,"enemies":"Small Slimes","floor":1.0,"turns":3.0},{"damage":0.0,"enemies":"Jaw Worm","floor":4.0,"turns":2.0},{"damage":0.0,"enemies":"2 Louse","floor":5.0,"turns":2.0},{"damage":53.0,"enemies":"Gremlin Nob","floor":8.0,"turns":5.0},{"damage":23.0,"enemies":"Gremlin Gang","floor":13.0,"turns":4.0},{"damage":0.0,"enemies":"2 Fungi Beasts","floor":14.0,"turns":2.0},{"damage":60.0,"enemies":"Slime Boss","floor":16.0,"turns":12.0},{"damage":11.0,"enemies":"Spheric Guardian","floor":18.0,"turns":4.0},{"damage":11.0,"enemies":"Chosen","floor":19.0,"turns":5.0},{"damage":0,"enemies":"Snake Plant","floor":20,"turns":1}],"seed_played":"-4048338322181112260","potions_obtained":[{"floor":5.0,"key":"GamblersBrew"},{"floor":16.0,"key":"Swift Potion"}],"is_trial":false,"path_per_floor":["M","?","T","M","M","R","$","E","T","R","?","$","M","M","R","B",null,"M","M","M"],"character_chosen":"DEFECT","items_purchased":["Blood Vial","Conserve Battery","Heatsinks","Strawberry","Conserve Battery"],"campfire_rested":2,"item_purchase_floors":[7,7,7,12,12],"current_hp_per_floor":[82,71,71,71,71,71,71,20,20,44,44,51,37,46,72,21,89,85,83,85,85],"gold":204,"neow_bonus":"TEN_PERCENT_HP_BONUS","is_daily":false,"chose_seed":false,"campfire_upgraded":1,"win_rate":0.0,"timestamp":1612812168,"path_taken":["M","?","?","M","M","R","$","E","T","R","?","$","?","M","R","BOSS","M","M","M"],"items_purchased_type":["Relic","Card","Card","Relic","Card"],"build_version":"2020-12-22","purchased_purges":0,"victory":false,"max_hp_per_floor":[82,82,82,82,82,82,82,82,82,82,82,89,89,89,89,89,89,89,89,89,89],"card_choices":[{"not_picked":["Hologram","Skim"],"picked":"Conserve Battery","floor":1.0},{"not_picked":["Scrape","Tempest"],"picked":"Sweeping Beam","floor":4.0},{"not_picked":["Gash","Compile Driver"],"picked":"Rebound","floor":5.0},{"not_picked":["Streamline","Go for the Eyes"],"picked":"Self Repair","floor":8.0},{"not_picked":["Go for the Eyes","Fusion","Chill"],"picked":"SKIP","floor":13.0},{"not_picked":["Auto Shields","Hologram","Sweeping Beam"],"picked":"SKIP","floor":14.0},{"not_picked":["Echo Form","Machine Learning"],"picked":"Hyperbeam","floor":16.0},{"not_picked":["Beam Cell","Gash","Turbo+1"],"picked":"SKIP","floor":18.0},{"not_picked":["Sweeping Beam+1","Streamline"],"picked":"Darkness","floor":19.0}],"player_experience":629982,"relics_obtained":[{"floor":3.0,"key":"Akabeko"},{"floor":8.0,"key":"Happy Flower"},{"floor":9.0,"key":"Symbiotic Virus"}],"event_choices":[{"damage_healed":0.0,"max_hp_gain":0.0,"max_hp_loss":0.0,"gold_gain":75.0,"event_name":"World of Goop","player_choice":"Gather Gold","floor":2.0,"gold_loss":0.0,"damage_taken":11.0},{"damage_healed":0.0,"max_hp_gain":0.0,"max_hp_loss":0.0,"gold_gain":100.0,"event_name":"Golden Shrine","player_choice":"Pray","floor":11.0,"gold_loss":0.0,"damage_taken":0.0}],"is_beta":false,"boss_relics":[{"not_picked":["Busted Crown","FrozenCore"],"picked":"Sozu"}],"items_purged_floors":[],"is_endless":false,"potions_floor_spawned":[5,16,18,19],"killed_by":"Snake Plant","ascension_level":1}}