{"host":"f8toxsj3bk02pkeu","time":1612770263,"event":{"mods":["BaseMod","Minty Spire (QoL Compilation)","Permanent Neow","Quick Restart","StSLib","SuperFastMode"],"gold_per_floor":[110,110,121,121,121,154,79,104,129,129,150,150,150,225,225,225,225],"floor_reached":16,"language":"ENG","playtime":347,"items_purged":[],"score":262,"play_id":"d48093b6-bc26-4ede-9755-70755c578671","local_time":"20210208004423","is_ascension_mode":true,"campfire_choices":[{"data":"Body Slam","floor":10,"key":"SMITH"},{"floor":12,"key":"RECALL"},{"data":"Shrug It Off","floor":15,"key":"SMITH"}],"circlet_count":0,"master_deck":["AscendersBane","Strike_R","Strike_R","Strike_R","Strike_R","Defend_R","Defend_R","Defend_R","Defend_R","Bash","Twin Strike","Body Slam+1","Shrug It Off","Shrug It Off+1"],"relics":["Burning Blood","NeowsBlessing","Blood Vial","InkBottle","CeramicFish","Nunchaku"],"acts_visited":["Exordium"],"potions_floor_usage":[8,16],"damage_taken":[{"damage":2,"enemies":"2 Louse","floor":1,"turns":2},{"damage":0,"enemies":"Cultist","floor":3,"turns":1},{"damage":0,"enemies":"Lagavulin","floor":6,"turns":1},{"damage":66,"enemies":"3 Sentries","floor":8,"turns":20},{"damage":4,"enemies":"Jaw Worm","floor":11,"turns":5},{"damage":22,"enemies":"Slime Boss","floor":16,"turns":7}],"seed_played":"-6990426592667699097","potions_obtained":[{"floor":2,"key":"EssenceOfSteel"},{"floor":2,"key":"FairyPotion"},{"floor":8,"key":"DistilledChaos"}],"is_trial":false,"path_per_floor":["M","?","M","$","$","E","?","E","T","R","M","R","?","?","R","B"],"character_chosen":"IRONCLAD","items_purchased":[],"campfire_rested":0,"item_purchase_floors":[],"current_hp_per_floor":[72,72,75,75,75,75,75,15,15,15,19,19,1,22,22,2,2],"gold":225,"neow_bonus":"THREE_ENEMY_KILL","is_daily":false,"chose_seed":false,"campfire_upgraded":2,"win_rate":0.0,"timestamp":1612770263,"path_taken":["M","?","M","?","$","E","?","E","T","R","M","R","?","?","R","BOSS"],"items_purchased_type":[],"build_version":"2020-12-22","purchased_purges":0,"victory":false,"max_hp_per_floor":[75,75,75,75,75,75,75,75,75,75,75,75,75,75,75,75,75],"card_choices":[{"not_picked":["Clash","Perfected Strike"],"picked":"Twin Strike","floor":1},{"not_picked":["Armaments","Thunderclap"],"picked":"Body Slam","floor":3},{"not_picked":["Metallicize","Havoc"],"picked":"Shrug It Off","floor":6},{"not_picked":["Anger","Thunderclap","Heavy Blade"],"picked":"SKIP","floor":8},{"not_picked":["Body Slam","Reckless Charge"],"picked":"Shrug It Off","floor":11}],"player_experience":985276,"relics_obtained":[{"floor":6,"key":"Blood Vial"},{"floor":8,"key":"InkBottle"},{"floor":9,"key":"CeramicFish"}],"event_choices":[{"damage_healed":0,"gold_gain":0,"player_choice":"Got Potions","damage_taken":0,"max_hp_gain":0,"max_hp_loss":0,"event_name":"Lab","floor":2,"gold_loss":0},{"cards_removed":["Strike_R"],"damage_healed":0,"gold_gain":0,"player_choice":"Card Removal","damage_taken":0,"max_hp_gain":0,"max_hp_loss":0,"event_name":"The Cleric","floor":7,"gold_loss":75},{"damage_healed":0,"gold_gain":0,"player_choice":"Success","damage_taken":18,"relics_obtained":["Nunchaku"],"max_hp_gain":0,"max_hp_loss":0,"event_name":"Scrap Ooze","floor":13,"gold_loss":0},{"damage_healed":0,"gold_gain":75,"player_choice":"Gather Gold","damage_taken":11,"max_hp_gain":0,"max_hp_loss":0,"event_name":"World of Goop","floor":14,"gold_loss":0}],"is_beta":false,"boss_relics":[],"items_purged_floors":[],"is_endless":false,"potions_floor_spawned":[6,8],"killed_by":"Slime Boss","ascension_level":20}}