{"host":"56d873i5r3uhle0q","time":1612760811,"event":{"mods":["100% Spire Juice","Act Like it!","BaseMod","Block Reminder","Dota2Spire","Gensokyo","Hermit","Lobotomy","LobotomyExtend","Marisa????????","Marked Mod","Minty Spire (QoL Compilation)","Reliquary","Replay The Spire","StSLib","The Animator","The Bug Knight","The Cursed","The Marked","The Servant 0.9.4","Wandering Minibosses","everything is the same but u backflip on backflip","??????REMEMod"],"gold_per_floor":[365,365,391,391,411,378,378,397,449,449,466,466,466,321,321,626,626,661,758,758,773,698,698,698],"floor_reached":23,"language":"ENG","playtime":1587,"items_purged":["Hallucinations"],"score":202,"play_id":"003cf1c3-854c-4c63-8f8f-5aad1f34b4e0","local_time":"20210207220651","is_ascension_mode":false,"campfire_choices":[{"data":"UpSweep","floor":7.0,"key":"SMITH"},{"floor":13,"key":"REST"},{"data":"Defend_MRS","floor":15,"key":"SMITH"}],"circlet_count":0,"master_deck":["Strike_MRS","Defend_MRS","Defend_MRS","Defend_MRS","Defend_MRS+1","UpSweep+1","AlicesGift+1","EarthLightRay","Hallucinations","TreasureHunter","Occultation+1","GalacticHalo+1","Orbital+1","Occultation+1","GalacticHalo+1","SprinkleStarSeal"],"relics":["MiniHakkero","REME_ComplimentaryCards","LetterFromLob","Happy Flower","Bag of Marbles","Bronze Scales","Astrolabe"],"acts_visited":["Gensokyo:Gensokyo","Gensokyo:Gensokyoer"],"potions_floor_usage":[],"damage_taken":[{"damage":2.0,"enemies":"Gensokyo:Gryphon","floor":1.0,"turns":4.0},{"damage":0.0,"enemies":"Gensokyo:2_Kodama","floor":5.0,"turns":3.0},{"damage":11.0,"enemies":"Gensokyo:Python","floor":8.0,"turns":3.0},{"damage":0,"enemies":"Gensokyo:LivingMonolith","floor":11,"turns":3},{"damage":48,"enemies":"Gensokyo:Kokoro","floor":16,"turns":13},{"damage":31,"enemies":"Gensokyo:CosmicMonolith","floor":18,"turns":8},{"damage":10,"enemies":"Gensokyo:3_Dogs","floor":21,"turns":6},{"damage":46,"enemies":"Gensokyo:Swordslinger","floor":23,"turns":5}],"seed_played":"2468504805509470155","potions_obtained":[{"floor":5.0,"key":"Explosive Potion"},{"floor":18,"key":"Explosive Potion"},{"floor":21,"key":"Strength Potion"}],"is_trial":false,"path_per_floor":["M","?","T","?","M","COS","R","M","T","?","M","?","R","$","R","B",null,"M","?","?","M","$","M"],"character_chosen":"MARISA","items_purchased":["Bronze Scales"],"campfire_rested":1,"item_purchase_floors":[14],"current_hp_per_floor":[73,73,73,73,73,73,73,62,62,62,62,47,69,69,69,25,75,48,48,48,42,42,0,0],"gold":698,"neow_bonus":"TWO_FIFTY_GOLD","is_daily":false,"chose_seed":false,"campfire_upgraded":2,"win_rate":0.0,"timestamp":1612760811,"path_taken":["M","?","?","?","M","COS","R","M","T","?","?","?","R","$","R","BOSS","M","?","?","?","$","M"],"items_purchased_type":["Relic"],"build_version":"2020-12-22","purchased_purges":1,"victory":false,"max_hp_per_floor":[75,75,75,75,75,75,75,75,75,75,75,75,75,75,75,75,75,75,75,75,75,75,75,75],"card_choices":[{"not_picked":["IllusionStar","LuminesStrike","UnstableBomb"],"picked":"SKIP","floor":1.0},{"not_picked":["WitchOfGreed","DC","ShootingEcho"],"picked":"SKIP","floor":5.0},{"not_picked":["WitchLeyline","MilkyWay","OrrerysSun"],"picked":"SKIP","floor":8.0},{"not_picked":["DeepEcoloBomb","AsteroidBelt"],"picked":"EarthLightRay","floor":11},{"not_picked":["SuperNova","BinaryStars"],"picked":"TreasureHunter","floor":16},{"not_picked":["ShootingEcho","EarthLightRay","NonDirectionalLaser"],"picked":"SKIP","floor":18},{"not_picked":["BlazeAway","MilkyWay"],"picked":"Occultation+1","floor":19},{"not_picked":["MagicAbsorber","GrandCross+1"],"picked":"GalacticHalo+1","floor":19},{"not_picked":["RefractionSpark+1","GalacticHalo"],"picked":"SprinkleStarSeal","floor":21}],"player_experience":707144,"relics_obtained":[{"floor":1.0,"key":"LetterFromLob"},{"floor":3.0,"key":"Bag of Marbles"}],"event_choices":[],"is_beta":false,"boss_relics":[{"not_picked":["reliquary:Ember","REME_DuelDisc"],"picked":"Astrolabe"}],"items_purged_floors":[22],"is_endless":false,"potions_floor_spawned":[5,21],"killed_by":"Gensokyo:Swordslinger","ascension_level":0}}