{"host":"n7gt2lywuauec2nz","time":1612776813,"event":{"mods":["100% Spire Juice","2.2 Compatiblity","Act Like it!","Aspiration","BaseMod","Better Third Choice","Colored Powertips","DeckTracker","GifTheSpireLib","Highlight Path","HololiveMod","Hubris","Infinite Spire","Minty Spire (QoL Compilation)","Quick Restart","Random Character Button","Relic Sorter","Replay The Spire","Retaliation","StSLib","Synergy Search","The IronCluck"],"gold_per_floor":[109,122,21,21,36,36,56,56,56,11,11,11,27,61,61,161,161,177,102,122,122,122,122],"floor_reached":22,"language":"ENG","playtime":809,"items_purged":["ReplayTheSpireMod:Splinters"],"score":186,"play_id":"d1654b40-11ba-4f1a-9a16-fcd551b54fed","local_time":"20210208013333","is_ascension_mode":false,"campfire_choices":[{"data":"Moonworks:MetallicMonocoque","floor":6,"key":"SMITH"},{"floor":8,"key":"REST"},{"floor":12,"key":"REST"},{"floor":15,"key":"REST"}],"circlet_count":0,"master_deck":["Moonworks:Strike","Moonworks:Strike","Moonworks:Strike","Moonworks:Strike","Moonworks:Ambush","Moonworks:LongDistanceShot","Moonworks:BackdoorTrade","Moonworks:EvilSpyWorkPreparation","Moonworks:MetallicMonocoque+1","Moonworks:ScrambledEve","Moonworks:RocketCannon","Moonworks:Bloodlust","Moonworks:StarBlastingFuse","Moonworks:TreasureThief+1","Moonworks:BindingChains+1","Moonworks:SinkOrSwim+1","Moonworks:NicePresent","Moonworks:CookingTime","Moonworks:LuckyCharm"],"relics":["Moonworks:BrokenBomb","Moonworks:Homemark","NeowsBlessing","Pocketwatch","Astrolabe"],"acts_visited":["Exordium","TheCity"],"potions_floor_usage":[5,14,14,22],"damage_taken":[{"damage":0,"enemies":"Cultist","floor":1,"turns":1},{"damage":0,"enemies":"2 Louse","floor":2,"turns":1},{"damage":0,"enemies":"Jaw Worm","floor":3,"turns":1},{"damage":9,"enemies":"3 Louse","floor":5,"turns":3},{"damage":21,"enemies":"Blue Slaver","floor":7,"turns":4},{"damage":19,"enemies":"Exordium Thugs","floor":13,"turns":5},{"damage":14,"enemies":"Gremlin Nob","floor":14,"turns":4},{"damage":55,"enemies":"Hexaghost","floor":16,"turns":12},{"damage":6,"enemies":"Spheric Guardian","floor":18,"turns":2},{"damage":33,"enemies":"2 Thieves","floor":20,"turns":3},{"damage":49,"enemies":"Snecko","floor":22,"turns":3}],"seed_played":"-5695760829646881527","potions_obtained":[{"floor":1,"key":"SpeedPotion"},{"floor":2,"key":"Languid Potion"},{"floor":5,"key":"SpeedPotion"},{"floor":18,"key":"Fire Potion"}],"is_trial":false,"path_per_floor":["M","M","M","$","M","R","M","R","T","?","?","R","M","E","R","B",null,"M","$","M","?","M"],"character_chosen":"THE_STARBREAKER","items_purchased":[],"campfire_rested":3,"item_purchase_floors":[],"current_hp_per_floor":[60,60,60,60,51,51,30,48,48,48,48,60,41,27,45,4,60,54,54,31,31,0,0],"gold":122,"neow_bonus":"THREE_ENEMY_KILL","is_daily":false,"chose_seed":false,"campfire_upgraded":1,"win_rate":0.0,"timestamp":1612776813,"path_taken":["M","M","M","?","M","R","M","R","T","?","?","R","M","E","R","BOSS","M","$","M","?","M"],"items_purchased_type":[],"build_version":"2020-12-22","purchased_purges":1,"victory":false,"max_hp_per_floor":[60,60,60,60,60,60,60,60,60,60,60,60,60,60,60,60,60,60,60,60,60,60,60],"card_choices":[{"not_picked":["Moonworks:CloudOfSeagulls","Moonworks:SakisCookie","Moonworks:RagingMadness"],"picked":"SKIP","floor":1},{"not_picked":["Moonworks:ImOnFire","Moonworks:IntelligenceOfficer"],"picked":"Moonworks:BackdoorTrade","floor":2},{"not_picked":["Moonworks:DeployBits","Moonworks:ImOnFire"],"picked":"Moonworks:EvilSpyWorkPreparation","floor":3},{"not_picked":["Moonworks:NicePresent","Moonworks:JonathanRush"],"picked":"Moonworks:MetallicMonocoque","floor":5},{"not_picked":["Moonworks:DeployBits","Moonworks:LulusLuckyEgg"],"picked":"Moonworks:ScrambledEve","floor":7},{"not_picked":["Moonworks:ImOnFire","Moonworks:BigBangBell"],"picked":"Moonworks:RocketCannon","floor":13},{"not_picked":["Moonworks:NicePresent","Moonworks:CloudOfSeagulls"],"picked":"Moonworks:Bloodlust","floor":14},{"not_picked":["Moonworks:MeltingMemories","Moonworks:PlushieMaster"],"picked":"Moonworks:StarBlastingFuse","floor":16},{"not_picked":["Moonworks:LulusLuckyEgg","Moonworks:CastOff+1"],"picked":"Moonworks:NicePresent","floor":18},{"not_picked":["Moonworks:IndiscriminateFireSupport","Moonworks:StiffCrystal"],"picked":"Moonworks:CookingTime","floor":20}],"player_experience":131231,"relics_obtained":[{"floor":14,"key":"Pocketwatch"}],"event_choices":[{"damage_healed":0,"gold_gain":0,"cards_transformed":["Moonworks:Defend"],"player_choice":"Transformed","damage_taken":0,"max_hp_gain":0,"max_hp_loss":0,"event_name":"Transmorgrifier","floor":21,"gold_loss":0,"cards_obtained":["Moonworks:LuckyCharm"]}],"is_beta":false,"boss_relics":[{"not_picked":["Ring of Chaos","Replay:Bronze Core"],"picked":"Astrolabe"}],"items_purged_floors":[19],"is_endless":false,"potions_floor_spawned":[1,2,5,18],"killed_by":"Snecko","ascension_level":0}}