{"host":"l4jj3li0klahglqo","time":1612750853,"event":{"mods":["BaseMod","Conspire","Hubris","Infinite Spire","Minty Spire (QoL Compilation)","Quick Restart","Replay The Spire","Shop Mod","StSLib","The Animator"],"gold_per_floor":[117,130,140,440,462,462,493,493,493,493,526,545,139,150,209,311,311,324,324,7,20,20,20],"floor_reached":22,"language":"ENG","playtime":1507,"items_purged":["Defend_P"],"score":317,"play_id":"904f60c3-5368-4b88-8863-3599c179ee84","local_time":"20210207202053","is_ascension_mode":true,"campfire_choices":[{"data":"Eruption","floor":6,"key":"SMITH"},{"floor":8,"key":"REST"}],"circlet_count":0,"master_deck":["Strike_P","Strike_P","Strike_P","Strike_P","Defend_P","Defend_P","Defend_P","Eruption+1","Vigilance","ClearTheMind","Evaluate","FlurryOfBlows","FearNoEvil","DevaForm+1","EmptyFist","Scrawl","Scrawl","Swivel","TalkToTheHand","MentalFortress","CarveReality","Scrawl","Consecrate","EmptyBody","LikeWater","Indignation"],"relics":["PureWater","Old Coin","Ginger","Anchor","infinitespire:Joker Card","hubris:AstralHammer","Regal Pillow","Durian","Runic Pyramid","Gremlin Food"],"acts_visited":["Exordium","TheCity"],"potions_floor_usage":[2,15,18,21],"damage_taken":[{"damage":0,"enemies":"Jaw Worm","floor":1,"turns":3},{"damage":0,"enemies":"Small Slimes","floor":2,"turns":1},{"damage":1,"enemies":"2 Louse","floor":3,"turns":3},{"damage":34,"enemies":"3 Sentries","floor":7,"turns":7},{"damage":23,"enemies":"Gremlin Nob","floor":11,"turns":5},{"damage":2,"enemies":"Blue Slaver","floor":12,"turns":3},{"damage":0,"enemies":"3 Louse","floor":14,"turns":3},{"damage":0,"enemies":"3 Sentries","floor":15,"turns":4},{"damage":0,"enemies":"Slime Boss","floor":16,"turns":5},{"damage":18,"enemies":"2 Thieves","floor":18,"turns":4},{"damage":0,"enemies":"3 Byrds","floor":21,"turns":6},{"damage":55,"enemies":"hubris:Merchant","floor":22,"turns":5}],"seed_played":"6332127485054944489","potions_obtained":[{"floor":1,"key":"AttackPotion"},{"floor":12,"key":"SteroidPotion"},{"floor":16,"key":"Dexterity Potion"},{"floor":18,"key":"Weak Potion"}],"is_trial":false,"path_per_floor":["M","M","M","?","?","R","E","R","T","?","E","M","$","M","R","B",null,"M","?","$","M","$"],"character_chosen":"WATCHER","items_purchased":["Scrawl","Regal Pillow","Swivel","TalkToTheHand","EmptyBody","Gremlin Food","LikeWater"],"campfire_rested":1,"item_purchase_floors":[13,13,13,13,20,20,20],"current_hp_per_floor":[72,72,71,71,52,52,18,41,41,41,18,16,16,16,21,21,68,50,50,50,50,0,0],"gold":20,"neow_bonus":"TEN_PERCENT_HP_BONUS","is_daily":false,"chose_seed":false,"campfire_upgraded":1,"win_rate":0.0,"timestamp":1612750853,"path_taken":["M","M","M","?","?","R","E","R","T","?","E","M","?","?","R","BOSS","M","?","$","M","?"],"items_purchased_type":["Card","Relic","Card","Card","Card","Relic","Card"],"build_version":"2020-12-22","purchased_purges":1,"victory":false,"max_hp_per_floor":[79,79,79,79,79,79,79,79,79,79,79,79,79,79,84,84,84,84,84,84,84,84,84],"card_choices":[{"not_picked":["SashWhip","Prostrate"],"picked":"ClearTheMind","floor":1},{"not_picked":["Wireheading","PathToVictory"],"picked":"Evaluate","floor":2},{"not_picked":["EmptyFist","Swivel"],"picked":"FlurryOfBlows","floor":3},{"not_picked":["Evaluate","SashWhip"],"picked":"FearNoEvil","floor":5},{"not_picked":["WheelKick","Consecrate"],"picked":"DevaForm","floor":7},{"not_picked":["ClearTheMind","CutThroughFate","Replay:BluntJabs"],"picked":"SKIP","floor":11},{"not_picked":["Perseverance","Study"],"picked":"EmptyFist","floor":12},{"not_picked":["Replay:ManipulateFuture","PathToVictory"],"picked":"MentalFortress","floor":14},{"not_picked":["SashWhip","Fasting2"],"picked":"CarveReality","floor":15},{"not_picked":["ConjureBlade","Judgement"],"picked":"Scrawl","floor":16},{"not_picked":["Evaluate","Halt"],"picked":"Consecrate","floor":18},{"not_picked":["BowlingBash","Meditate"],"picked":"Indignation","floor":21}],"player_experience":1188974,"relics_obtained":[{"floor":5,"key":"Ginger"},{"floor":7,"key":"Anchor"},{"floor":9,"key":"infinitespire:Joker Card"},{"floor":11,"key":"hubris:AstralHammer"}],"event_choices":[{"damage_healed":0,"gold_gain":0,"player_choice":"Box","damage_taken":0,"relics_obtained":["Old Coin"],"max_hp_gain":0,"max_hp_loss":0,"event_name":"Big Fish","floor":4,"gold_loss":0,"cards_obtained":["Regret"]},{"cards_removed":["Regret"],"damage_healed":0,"gold_gain":0,"player_choice":"Forget","damage_taken":0,"max_hp_gain":0,"max_hp_loss":0,"event_name":"Living Wall","floor":10,"gold_loss":0},{"damage_healed":0,"gold_gain":0,"player_choice":"Searched \u00272\u0027 times","damage_taken":0,"relics_obtained":["Durian"],"max_hp_gain":0,"max_hp_loss":0,"event_name":"Dead Adventurer","floor":15,"gold_loss":0},{"damage_healed":0,"gold_gain":0,"player_choice":"Upgraded","damage_taken":0,"max_hp_gain":0,"max_hp_loss":0,"event_name":"Upgrade Shrine","floor":19,"gold_loss":0,"cards_upgraded":["DevaForm"]}],"is_beta":false,"boss_relics":[{"not_picked":["Ectoplasm","Philosopher\u0027s Stone"],"picked":"Runic Pyramid"}],"items_purged_floors":[20],"is_endless":false,"potions_floor_spawned":[1,12,16,18],"killed_by":"hubris:Merchant","ascension_level":6}}