{"host":"zxkjcgzis4pm3za5","time":1612757581,"event":{"mods":["AchievementEnabler","BaseMod","Colored Map","Colored Powertips","Minty Spire (QoL Compilation)","Quick Restart","RNG Fix","Random Character Button","Relic Sorter","Relic Stats","StSLib"],"gold_per_floor":[111,111,122,172,186,186,215,215,264,293,308,308,383,397,397,474,474,486,500,328,278,42,70,70,96,122,122,139,158,169,200,200,277,277,289,189,207,257,272,298,298,318,344,344,371,371,384,259,259,259,259,259,8,41,41,41],"floor_reached":55,"language":"ENG","playtime":2243,"items_purged":["Strike_B","Strike_B","Doubt"],"score":1599,"play_id":"98110c50-6336-40de-91f9-bcafb30df838","local_time":"20210208094301","is_ascension_mode":true,"campfire_choices":[{"data":"Sunder","floor":6.0,"key":"SMITH"},{"data":"Doom and Gloom","floor":8.0,"key":"SMITH"},{"floor":12.0,"key":"REST"},{"data":"Echo Form","floor":15.0,"key":"SMITH"},{"floor":24,"key":"REST"},{"floor":27,"key":"REST"},{"data":"Buffer","floor":32,"key":"SMITH"},{"floor":41,"key":"RECALL"},{"data":"Biased Cognition","floor":46,"key":"SMITH"},{"data":"Loop","floor":49,"key":"SMITH"},{"data":"Storm","floor":52,"key":"SMITH"}],"circlet_count":0,"master_deck":["AscendersBane","Strike_B","Strike_B","Defend_B","Defend_B+1","Defend_B","Defend_B+1","Zap+1","Dualcast","Ball Lightning","Sunder+1","Doom and Gloom+1","Auto Shields","Echo Form+1","Buffer+1","Conserve Battery+1","BootSequence","Glacier","Sweeping Beam","Loop+1","Rip and Tear","Buffer+1","Biased Cognition+1","Self Repair","Compile Driver","Hologram+1","Creative AI","Coolheaded+1","Stack","Storm+1","Coolheaded","Buffer"],"relics":["Cracked Core","Pen Nib","Bag of Preparation","Centennial Puzzle","Runic Dome","OrangePellets","Runic Capacitor","Question Card","Anchor","Nunchaku","Orichalcum","Coffee Dripper","CaptainsWheel","Strawberry","Dream Catcher","Membership Card","Shuriken"],"acts_visited":["Exordium","TheCity","TheBeyond","TheEnding"],"potions_floor_usage":[18,23,25,31,38,50,55,55],"damage_taken":[{"damage":1.0,"enemies":"Cultist","floor":1.0,"turns":3.0},{"damage":0.0,"enemies":"Small Slimes","floor":3.0,"turns":2.0},{"damage":0.0,"enemies":"2 Louse","floor":5.0,"turns":2.0},{"damage":9.0,"enemies":"3 Sentries","floor":7.0,"turns":4.0},{"damage":11.0,"enemies":"Gremlin Nob","floor":10.0,"turns":3.0},{"damage":0.0,"enemies":"Exordium Wildlife","floor":11.0,"turns":5.0},{"damage":0.0,"enemies":"Large Slime","floor":14.0,"turns":3.0},{"damage":7.0,"enemies":"The Guardian","floor":16.0,"turns":10.0},{"damage":0,"enemies":"3 Byrds","floor":18,"turns":3},{"damage":12,"enemies":"Chosen","floor":19,"turns":4},{"damage":39,"enemies":"Slavers","floor":23,"turns":5},{"damage":7,"enemies":"Book of Stabbing","floor":25,"turns":5},{"damage":3,"enemies":"Shelled Parasite and Fungi","floor":28,"turns":5},{"damage":0,"enemies":"Centurion and Healer","floor":29,"turns":6},{"damage":17,"enemies":"Snake Plant","floor":30,"turns":4},{"damage":2,"enemies":"Slavers","floor":31,"turns":5},{"damage":0,"enemies":"Automaton","floor":33,"turns":11},{"damage":0,"enemies":"3 Shapes","floor":35,"turns":3},{"damage":0,"enemies":"Orb Walker","floor":37,"turns":4},{"damage":40,"enemies":"2 Orb Walkers","floor":38,"turns":5},{"damage":3,"enemies":"4 Shapes","floor":39,"turns":5},{"damage":30,"enemies":"Reptomancer","floor":40,"turns":8},{"damage":38,"enemies":"3 Darklings","floor":42,"turns":5},{"damage":0,"enemies":"Giant Head","floor":45,"turns":10},{"damage":18,"enemies":"Transient","floor":47,"turns":6},{"damage":44,"enemies":"Awakened One","floor":50,"turns":9},{"damage":49,"enemies":"Shield and Spear","floor":54,"turns":9},{"damage":39,"enemies":"The Heart","floor":55,"turns":3}],"seed_played":"7503873978202279490","potions_obtained":[{"floor":5.0,"key":"Explosive Potion"},{"floor":10.0,"key":"Explosive Potion"},{"floor":16.0,"key":"FocusPotion"},{"floor":19,"key":"Weak Potion"},{"floor":28,"key":"SteroidPotion"},{"floor":30,"key":"Dexterity Potion"},{"floor":31,"key":"FairyPotion"},{"floor":37,"key":"SkillPotion"},{"floor":39,"key":"CultistPotion"},{"floor":45,"key":"Regen Potion"}],"is_trial":false,"path_per_floor":["M","?","M","?","M","R","E","R","T","E","M","R","?","M","R","B",null,"M","M","$","?","$","E","R","E","T","R","M","M","M","E","R","B",null,"M","$","M","?","M","E","R","M","T","?","E","R","M","$","R","B",null,"R","$","E","B"],"character_chosen":"DEFECT","items_purchased":["OrangePellets","Runic Capacitor","Membership Card","FocusPotion","Coolheaded","PowerPotion"],"campfire_rested":3,"item_purchase_floors":[20,22,53,53,53,53],"current_hp_per_floor":[63,42,42,35,35,35,26,26,26,15,15,36,25,25,25,18,58,58,46,46,46,46,7,28,21,21,42,39,39,22,20,20,20,58,58,58,65,39,36,20,20,19,19,78,78,78,67,67,67,38,68,68,68,26,0,0],"gold":41,"neow_bonus":"UPGRADE_CARD","is_daily":false,"chose_seed":false,"campfire_upgraded":7,"win_rate":0.0,"timestamp":1612757581,"path_taken":["M","?","M","?","M","R","E","R","T","E","M","R","?","M","R","BOSS","M","M","$","?","$","E","R","E","T","R","M","M","?","E","R","BOSS","M","$","?","?","?","E","R","M","T","?","E","R","?","$","R","BOSS","R","$","E","BOSS"],"items_purchased_type":["Relic","Relic","Relic","Potion","Card","Potion"],"build_version":"2020-12-22","purchased_purges":3,"victory":false,"max_hp_per_floor":[71,71,71,71,71,71,71,71,71,71,71,71,71,71,71,71,71,71,71,71,71,71,71,71,71,71,71,71,71,71,71,71,71,71,71,71,71,71,71,78,78,78,78,78,78,78,78,78,78,78,78,78,78,78,78,78],"relic_stats":{"OrangePellets":[20],"Centennial Puzzle":[45],"Nunchaku":[13],"Dream Catcher":0,"counters":[28,147],"Shuriken":[1],"Pen Nib":[17],"Bag of Preparation":[48],"Orichalcum":[36],"Question Card":15,"obtain_stats":[{"Pen Nib":7,"Bag of Preparation":9,"Runic Capacitor":22,"Orichalcum":31,"Question Card":23,"Runic Dome":17,"OrangePellets":20,"Centennial Puzzle":10,"Anchor":25,"Nunchaku":26,"CaptainsWheel":38,"Dream Catcher":45,"Shuriken":54,"Strawberry":40,"Coffee Dripper":34,"Membership Card":53,"Cracked Core":0},{"Pen Nib":4,"Bag of Preparation":4,"Runic Capacitor":10,"Orichalcum":16,"Question Card":11,"Runic Dome":8,"OrangePellets":10,"Centennial Puzzle":5,"Anchor":12,"Nunchaku":12,"CaptainsWheel":20,"Dream Catcher":24,"Shuriken":27,"Strawberry":22,"Coffee Dripper":17,"Membership Card":26,"Cracked Core":0},{"Pen Nib":11,"Bag of Preparation":11,"Runic Capacitor":39,"Orichalcum":69,"Question Card":44,"Runic Dome":32,"OrangePellets":39,"Centennial Puzzle":14,"Anchor":49,"Nunchaku":49,"CaptainsWheel":92,"Dream Catcher":120,"Shuriken":144,"Strawberry":105,"Coffee Dripper":80,"Membership Card":135,"Cracked Core":0}]},"card_choices":[{"not_picked":["Auto Shields","Coolheaded"],"picked":"Ball Lightning","floor":1.0},{"not_picked":["Aggregate","Gash"],"picked":"Sunder","floor":3.0},{"not_picked":["Undo","Storm"],"picked":"Doom and Gloom","floor":5.0},{"not_picked":["Steam Power","Rebound"],"picked":"Auto Shields","floor":7.0},{"not_picked":["Heatsinks","Streamline","Coolheaded"],"picked":"SKIP","floor":10.0},{"not_picked":["Force Field","Redo"],"picked":"Echo Form","floor":11.0},{"not_picked":["Coolheaded","Scrape","Hologram"],"picked":"SKIP","floor":14.0},{"not_picked":["Core Surge","Fission"],"picked":"Buffer","floor":16.0},{"not_picked":["Gash","Force Field"],"picked":"Conserve Battery+1","floor":18},{"not_picked":["Chaos","Barrage"],"picked":"BootSequence","floor":19},{"not_picked":["Barrage","Coolheaded"],"picked":"Glacier","floor":23},{"not_picked":["Gash","Doom and Gloom","Cold Snap"],"picked":"Sweeping Beam","floor":25},{"not_picked":["Conserve Battery","Rebound","Ball Lightning"],"picked":"Loop","floor":28},{"not_picked":["Steam","BootSequence","Conserve Battery"],"picked":"Rip and Tear","floor":29},{"not_picked":["Hologram","Steam","Gash","Conserve Battery"],"picked":"SKIP","floor":30},{"not_picked":["Hologram","Streamline","Go for the Eyes"],"picked":"Buffer","floor":31},{"not_picked":["Electrodynamics","Multi-Cast","Core Surge"],"picked":"Biased Cognition","floor":33},{"not_picked":["Streamline+1","Sweeping Beam","Coolheaded"],"picked":"Self Repair","floor":35},{"not_picked":["Conserve Battery","Cold Snap+1","Auto Shields"],"picked":"Compile Driver","floor":37},{"not_picked":["Coolheaded","Sweeping Beam","Barrage+1"],"picked":"Hologram+1","floor":38},{"not_picked":["Conserve Battery","Force Field+1","Compile Driver"],"picked":"Creative AI","floor":39},{"not_picked":["Beam Cell","Streamline","Fission"],"picked":"Coolheaded+1","floor":40},{"not_picked":["Consume","Cold Snap","Leap"],"picked":"Stack","floor":42},{"not_picked":["Turbo+1","Chill+1","Sunder"],"picked":"Storm","floor":45},{"not_picked":["Cold Snap","Redo","Reprogram+1","Ball Lightning"],"picked":"SKIP","floor":47},{"not_picked":["Stack+1","Consume","FTL"],"picked":"Buffer","floor":54}],"player_experience":334940,"relics_obtained":[{"floor":7.0,"key":"Pen Nib"},{"floor":9.0,"key":"Bag of Preparation"},{"floor":10.0,"key":"Centennial Puzzle"},{"floor":23,"key":"Question Card"},{"floor":25,"key":"Anchor"},{"floor":26,"key":"Nunchaku"},{"floor":31,"key":"Orichalcum"},{"floor":38,"key":"CaptainsWheel"},{"floor":40,"key":"Strawberry"},{"floor":45,"key":"Dream Catcher"},{"floor":54,"key":"Shuriken"}],"event_choices":[{"damage_healed":0.0,"max_hp_gain":0.0,"max_hp_loss":0.0,"gold_gain":0.0,"event_name":"Shining Light","player_choice":"Entered Light","floor":2.0,"gold_loss":0.0,"damage_taken":21.0,"cards_upgraded":["Defend_B","Defend_B"]},{"damage_healed":0.0,"max_hp_gain":0.0,"max_hp_loss":0.0,"gold_gain":50.0,"event_name":"FaceTrader","player_choice":"Touch","floor":4.0,"gold_loss":0.0,"damage_taken":7.0},{"damage_healed":0.0,"max_hp_gain":0.0,"max_hp_loss":0.0,"gold_gain":75.0,"event_name":"World of Goop","player_choice":"Gather Gold","floor":13.0,"gold_loss":0.0,"damage_taken":11.0},{"damage_healed":0,"gold_gain":0,"player_choice":"Upgrade","damage_taken":0,"max_hp_gain":0,"max_hp_loss":0,"event_name":"Designer","floor":21,"gold_loss":50,"cards_upgraded":["Buffer"]},{"damage_healed":0,"gold_gain":0,"player_choice":"Fight","damage_taken":0,"max_hp_gain":0,"max_hp_loss":0,"event_name":"Mysterious Sphere","floor":38,"gold_loss":0},{"damage_healed":59,"gold_gain":0,"player_choice":"Heal","damage_taken":0,"max_hp_gain":0,"max_hp_loss":0,"event_name":"MindBloom","floor":44,"gold_loss":0,"cards_obtained":["Doubt"]}],"is_beta":false,"boss_relics":[{"not_picked":["Fusion Hammer","FrozenCore"],"picked":"Runic Dome"},{"not_picked":["Velvet Choker","Empty Cage"],"picked":"Coffee Dripper"}],"items_purged_floors":[22,36,48],"is_endless":false,"potions_floor_spawned":[5,10,16,19,28,30,31,37,39,45],"killed_by":"The Heart","ascension_level":19}}