{"host":"j5j96s76v36ug78u","time":1612807298,"event":{"mods":["BaseMod","Better Third Choice","Highlight Path","Minty Spire (QoL Compilation)","Potion Indicator Mod","Potionbrewer","Reliquary","StSLib","The Alterego","The Blackbeard","The Hierophant","The Senshi","The Servant 0.9.4","The Showman"],"gold_per_floor":[113,113,388,409,448,493,493,520,520,520,572,572],"floor_reached":11,"language":"ENG","playtime":710,"items_purged":[],"score":96,"play_id":"5c9b63d6-288c-4e4d-a659-1067115842b8","local_time":"20210208150138","is_ascension_mode":false,"campfire_choices":[{"floor":10,"key":"REST"}],"circlet_count":0,"master_deck":["hierophant:Strike_Hierophant","hierophant:Strike_Hierophant","hierophant:Strike_Hierophant","hierophant:Strike_Hierophant","hierophant:Punish","hierophant:Defend_Hierophant","hierophant:Defend_Hierophant","hierophant:Defend_Hierophant","hierophant:Defend_Hierophant","hierophant:ChurchCoffers","hierophant:Doubloon","hierophant:CursedGold","hierophant:EyeForCoin","hierophant:Patience","hierophant:Endure","hierophant:OrnateBuckler","hierophant:Smite","Regret","hierophant:Doubloon","hierophant:Doubloon","hierophant:ConvertCurrency","hierophant:Doubloon","hierophant:Embezzle+1","hierophant:Doubloon+1","hierophant:Rebuild+1","hierophant:Doubloon+1"],"relics":["hierophant:PropheticMaskRelic","NeowsBlessing","Toxic Egg 2","Bronze Scales","Odd Mushroom","PreservedInsect"],"acts_visited":["Exordium"],"potions_floor_usage":[6,11],"damage_taken":[{"damage":0,"enemies":"Jaw Worm","floor":1,"turns":1},{"damage":0,"enemies":"Small Slimes","floor":4,"turns":1},{"damage":0,"enemies":"Cultist","floor":5,"turns":1},{"damage":61,"enemies":"Gremlin Nob","floor":6,"turns":6},{"damage":13,"enemies":"The Mushroom Lair","floor":8,"turns":4},{"damage":36,"enemies":"Lagavulin","floor":11,"turns":7}],"seed_played":"-1547609781063743617","potions_obtained":[{"floor":4,"key":"LiquidMemories"},{"floor":5,"key":"potionbrewer:CleansingPotion"},{"floor":8,"key":"SkillPotion"}],"is_trial":false,"path_per_floor":["M","?","?","M","M","E","T","?","T","R","E"],"character_chosen":"HIEROPHANT","items_purchased":[],"campfire_rested":1,"item_purchase_floors":[],"current_hp_per_floor":[75,75,75,75,75,14,14,1,1,23,0,0],"gold":572,"neow_bonus":"THREE_ENEMY_KILL","is_daily":false,"chose_seed":false,"campfire_upgraded":0,"win_rate":0.0,"timestamp":1612807298,"path_taken":["M","?","?","?","?","E","?","?","T","R","E"],"items_purchased_type":[],"build_version":"2020-12-22","purchased_purges":0,"victory":false,"max_hp_per_floor":[75,75,75,75,75,75,75,75,75,75,75,75],"card_choices":[{"not_picked":["hierophant:HolyVerse","hierophant:ThreeLashes"],"picked":"hierophant:CursedGold","floor":1},{"not_picked":["hierophant:PassingBell","hierophant:Martyrdom"],"picked":"hierophant:Doubloon","floor":4},{"not_picked":["hierophant:Doomsaying","hierophant:Community"],"picked":"hierophant:ConvertCurrency","floor":5},{"not_picked":["hierophant:CoinFling","hierophant:RustyCrate+1"],"picked":"hierophant:Embezzle+1","floor":6},{"not_picked":["hierophant:FlamingChariot","hierophant:ArchangelShield"],"picked":"hierophant:Rebuild+1","floor":8}],"player_experience":176272,"relics_obtained":[{"floor":6,"key":"Toxic Egg 2"},{"floor":7,"key":"Bronze Scales"},{"floor":8,"key":"Odd Mushroom"},{"floor":9,"key":"PreservedInsect"}],"event_choices":[{"damage_healed":0,"gold_gain":275,"player_choice":"Desecrate","damage_taken":0,"max_hp_gain":0,"max_hp_loss":0,"event_name":"Golden Shrine","floor":3,"gold_loss":0,"cards_obtained":["Regret"]},{"damage_healed":0,"gold_gain":0,"player_choice":"Fought Mushrooms","damage_taken":0,"max_hp_gain":0,"max_hp_loss":0,"event_name":"Mushrooms","floor":8,"gold_loss":0}],"is_beta":false,"boss_relics":[],"items_purged_floors":[],"is_endless":false,"potions_floor_spawned":[4,5,8],"killed_by":"Lagavulin","ascension_level":0}}