{"host":"o1ndfqgj1hos0w7t","time":1612744564,"event":{"mods":["Act Like it!","BaseMod","Bestiary","Better Match","Colored Powertips","Conspire","Downfall","Duelist Mod","Hallownest","Hubris","Infinite Spire","Marisa????????","Mimic Mod","Minty Spire (QoL Compilation)","Reliquary","Replay The Spire","StSLib","The Bladedancer","The Bug Knight","The Cursed","The Disciple","The Marked","The Runesmith","The Servant 0.9.4"],"gold_per_floor":[99,114,132,171,171,186,237,301,301,316,316,348,348,368,386,386,386],"floor_reached":16,"language":"ENG","playtime":2404,"items_purged":[],"score":102,"play_id":"ae383f90-8ff0-4678-9b40-22e57b13189f","local_time":"20210207173604","is_ascension_mode":false,"campfire_choices":[{"data":"champ:Taunt","floor":1,"key":"SMITH"},{"floor":11,"key":"REST"},{"data":"champ:PreciseThrust","floor":13,"key":"SMITH"}],"circlet_count":0,"master_deck":["champ:Strike","champ:Strike","champ:Strike","champ:Strike","champ:Defend","champ:Defend","champ:Defend","champ:Defend","champ:Execute","champ:Taunt+1","champ:ShieldSlam","champ:RecklessLeap","champ:FaceSlap","Regret","champ:CrownThrow","champ:Shatter","champ:GutPunch","champ:PreciseThrust+1","champ:StanceDance","champ:Backstep"],"relics":["champ:ChampionCrown","Replay:Mystery Machine","Mercury Hourglass","Ancient Tea Set","hubris:BottledRain","Mirror"],"acts_visited":["Exordium"],"potions_floor_usage":[16,16],"damage_taken":[{"damage":20,"enemies":"Cultist","floor":2,"turns":3},{"damage":16,"enemies":"Jaw Worm","floor":3,"turns":4},{"damage":52,"enemies":"conspire:MimicChest","floor":4,"turns":8},{"damage":20,"enemies":"Small Slimes","floor":6,"turns":3},{"damage":43,"enemies":"3 Sentries","floor":8,"turns":4},{"damage":23,"enemies":"Large Slime","floor":10,"turns":4},{"damage":45,"enemies":"3 Sentries","floor":12,"turns":5},{"damage":8,"enemies":"Lots of Slimes","floor":14,"turns":3},{"damage":25,"enemies":"2 Fungi Beasts","floor":15,"turns":3},{"damage":32,"enemies":"DF_ARCHETYPE_STREAMLINE","floor":16,"turns":6}],"seed_played":"9025139915870551366","potions_obtained":[{"floor":4,"key":"FearPotion"},{"floor":10,"key":"Block Potion"},{"floor":12,"key":"Venom Potion"},{"floor":14,"key":"Explosive Potion"}],"is_trial":false,"path_per_floor":["R","M","M","?","?","M","T","?","T","M","R","E","R","M","M","B"],"character_chosen":"THE_CHAMP","items_purchased":[],"campfire_rested":1,"item_purchase_floors":[],"current_hp_per_floor":[99,99,93,71,71,66,66,33,33,30,59,34,34,26,16,0,0],"gold":386,"neow_bonus":"TEN_PERCENT_HP_BONUS","is_daily":false,"chose_seed":false,"campfire_upgraded":2,"win_rate":0.0,"timestamp":1612744564,"path_taken":["R","M","M","?","?","M","T","?","?","M","R","E","R","M","M","BOSS"],"items_purchased_type":[],"build_version":"2020-12-22","purchased_purges":0,"victory":false,"max_hp_per_floor":[99,99,99,99,99,99,99,99,99,99,99,99,99,99,99,99,99],"card_choices":[{"not_picked":["champ:Shatter","champ:BladeFlurry"],"picked":"champ:ShieldSlam","floor":2},{"not_picked":["champ:Parry","champ:DefensiveShout"],"picked":"champ:RecklessLeap","floor":3},{"not_picked":["champ:FocusedBerserking","champ:BladeFlurry"],"picked":"champ:FaceSlap","floor":4},{"not_picked":["champ:EndlessRage","champ:EnragedBash"],"picked":"champ:CrownThrow","floor":6},{"not_picked":["champ:DefensiveShout","champ:CrownThrow"],"picked":"champ:Shatter","floor":8},{"not_picked":["champ:GladiatorStyle","champ:SetATrap"],"picked":"champ:GutPunch","floor":10},{"not_picked":["champ:PerfectedStrike","champ:HeavySlash"],"picked":"champ:PreciseThrust","floor":12},{"not_picked":["champ:BringItOn","champ:CrownThrow"],"picked":"champ:StanceDance","floor":14},{"not_picked":["champ:Shatter","champ:RecklessLeap"],"picked":"champ:Backstep","floor":15}],"player_experience":523267,"relics_obtained":[{"floor":4,"key":"Replay:Mystery Machine"},{"floor":8,"key":"Ancient Tea Set"},{"floor":9,"key":"hubris:BottledRain"},{"floor":12,"key":"Mirror"}],"event_choices":[{"damage_healed":0,"gold_gain":0,"player_choice":"Box","damage_taken":0,"relics_obtained":["Mercury Hourglass"],"max_hp_gain":0,"max_hp_loss":0,"event_name":"Big Fish","floor":5,"gold_loss":0,"cards_obtained":["Regret"]}],"is_beta":false,"boss_relics":[],"items_purged_floors":[],"is_endless":false,"potions_floor_spawned":[4,10,12,14],"killed_by":"DF_ARCHETYPE_STREAMLINE","ascension_level":0}}