{"host":"jr8kutoxe0dof5ui","time":1612792400,"event":{"mods":["AchievementEnabler","Aspiration","BaseMod","DeckTracker","Defuse TimeMaze Blight","Halation","Hubris","Infinite Spire","MarisaÅiñ∂âJÅ@ñÇóùçπÅj","Minty Spire (QoL Compilation)","Prisma Mod","Replay The Spire","Reworked Bosses","StSLib","SuperFastMode","The Construct","The Cursed","The Disciple","The Servant 0.9.4"],"gold_per_floor":[109,109,109,55,55,55,69,102,102,118,182,182,182,182],"floor_reached":13,"language":"ENG","playtime":445,"items_purged":[],"score":81,"play_id":"4968171b-38c4-41ae-8697-3b2b9bffaf1b","local_time":"20210208225320","is_ascension_mode":false,"campfire_choices":[{"data":"construct:Backfire+1","floor":6,"key":"SMITH"}],"circlet_count":0,"master_deck":["construct:Strike_Gold","construct:Strike_Gold","construct:Strike_Gold","construct:Strike_Gold","construct:Strike_Gold","construct:Defend_Gold","construct:Defend_Gold","construct:Defend_Gold","construct:Defend_Gold","construct:Defend_Gold","construct:AttackMode","construct:DefenseMode","construct:Backfire+2","construct:Autoturret","construct:OneWayMirror","construct:Autoturret"],"relics":["construct:ClockworkPhoenix","aspiration:Nostalgia","m_TsuchinokoRing","Golden Idol","Bag of Preparation","halation:SwordOfLegend","infinitespire:Lucky Rock","infinitespire:ShieldingShard"],"acts_visited":["Exordium"],"potions_floor_usage":[8,11],"damage_taken":[{"damage":8,"enemies":"Jaw Worm","floor":1,"turns":3},{"damage":9,"enemies":"2 Louse","floor":7,"turns":3},{"damage":10,"enemies":"Gremlin Nob","floor":8,"turns":3},{"damage":5,"enemies":"Small Slimes","floor":10,"turns":3},{"damage":16,"enemies":"Gremlin Nob","floor":11,"turns":3},{"damage":24,"enemies":"3 Sentries","floor":13,"turns":14}],"seed_played":"-4065267678008959910","potions_obtained":[{"floor":7,"key":"LifebloodPotion"},{"floor":8,"key":"DistilledChaos"},{"floor":10,"key":"EssenceOfSteel"}],"is_trial":false,"path_per_floor":["M","?","?","$","?","R","M","E","T","M","?","?","E"],"character_chosen":"THE_CONSTRUCT_MOD","items_purchased":["construct:Autoturret"],"campfire_rested":0,"item_purchase_floors":[4],"current_hp_per_floor":[77,77,56,56,56,56,47,37,37,32,16,16,0,0],"gold":182,"neow_bonus":"NOSTALGIA","is_daily":false,"chose_seed":false,"campfire_upgraded":1,"win_rate":0.0,"timestamp":1612792400,"path_taken":["M","?","?","$","?","R","M","E","T","?","?","?","E"],"items_purchased_type":["Card"],"build_version":"2020-12-22","purchased_purges":0,"victory":false,"max_hp_per_floor":[85,85,85,85,85,85,85,85,85,85,85,85,85,85],"card_choices":[{"not_picked":["construct:ScrapCannon","construct:Anticipate"],"picked":"construct:Backfire","floor":1},{"not_picked":["construct:SaveState","Finisher","Blade Dance"],"picked":"SKIP","floor":7},{"not_picked":["construct:Dampening","construct:Boost"],"picked":"construct:OneWayMirror","floor":8},{"not_picked":["construct:SyphonStrike","Flying Knee","construct:UnbalancingBlast"],"picked":"SKIP","floor":10},{"not_picked":["construct:Boost","Flying Knee"],"picked":"construct:Autoturret","floor":11}],"player_experience":323966,"relics_obtained":[{"floor":8,"key":"Bag of Preparation"},{"floor":9,"key":"halation:SwordOfLegend"},{"floor":11,"key":"infinitespire:Lucky Rock"}],"event_choices":[{"damage_healed":0,"gold_gain":0,"player_choice":"Take Damage","damage_taken":21,"relics_obtained":["Golden Idol"],"max_hp_gain":0,"max_hp_loss":0,"event_name":"Golden Idol","floor":3,"gold_loss":0},{"damage_healed":0,"gold_gain":30,"player_choice":"Searched \u00273\u0027 times","damage_taken":0,"max_hp_gain":0,"max_hp_loss":0,"event_name":"Dead Adventurer","floor":11,"gold_loss":0},{"damage_healed":0,"gold_gain":0,"player_choice":"Gave Potion","damage_taken":0,"relics_obtained":["infinitespire:ShieldingShard"],"max_hp_gain":0,"max_hp_loss":0,"event_name":"WeMeetAgain","floor":12,"gold_loss":0}],"is_beta":false,"boss_relics":[],"items_purged_floors":[],"is_endless":false,"potions_floor_spawned":[7,8,10],"killed_by":"3 Sentries","ascension_level":0}}