{"host":"tj6tjcyqgbd0xj5u","time":1612748698,"event":{"mods":["Aspiration","BaseMod","Better Match","BetterRewards","Challenge The Spire","Conspire","Defuse TimeMaze Blight","Dota2Spire","Downfall","Energized Spire","Evolution","GifTheSpireLib","Good Game Mod","Halation","Hubris","Hyrulean Relics","Infinite Spire","Minty Spire (QoL Compilation)","Reliquary","Replay The Spire","Reworked Bosses","Spikes Relics","StS++","StSLib","Stuff the Spire"],"gold_per_floor":[218,218,218,143,153,153,180,191,191,191,191,139,165,181,181,181,181],"floor_reached":16,"language":"ENG","playtime":424,"items_purged":["Defend_R"],"score":165,"play_id":"8c597187-38bb-45a3-a3e7-22749142073d","local_time":"20210207214458","is_ascension_mode":true,"campfire_choices":[{"data":"StuffTheSpire:Incineration","floor":6,"key":"SMITH"},{"floor":11,"key":"REST"},{"data":"True Grit","floor":15,"key":"SMITH"},{"data":"ReplayTheSpireMod:Strike From Hell","floor":15,"key":"SMITH"}],"circlet_count":0,"master_deck":["StuffTheSpire:Incineration+1","StuffTheSpire:Incineration+1","StuffTheSpire:Incineration","StuffTheSpire:Incineration+1","Defend_R","Defend_R","Defend_R","Bash","Meteor Strike","Spot Weakness+1","Clash","ReplayTheSpireMod:Strike From Hell+1","ReplayTheSpireMod:Strike From Hell+1","True Grit+1"],"relics":["Burning Blood","EVO:Axolotl","REME:ComplimentaryCards","Replay:Kaleidoscope","StuffTheSpire:PointBlank","reliquary:Buckler","halation:PenCase"],"acts_visited":["Exordium"],"potions_floor_usage":[7,13],"damage_taken":[{"damage":7,"enemies":"2 Louse","floor":1,"turns":2},{"damage":12,"enemies":"Small Slimes","floor":5,"turns":2},{"damage":30,"enemies":"Lagavulin","floor":7,"turns":4},{"damage":6,"enemies":"Cultist","floor":8,"turns":3},{"damage":15,"enemies":"3 Sentries","floor":13,"turns":4},{"damage":12,"enemies":"Exordium Wildlife","floor":14,"turns":2},{"damage":34,"enemies":"The Guardian","floor":16,"turns":9}],"seed_played":"-7934803964820831837","potions_obtained":[{"floor":1,"key":"DistilledChaos"},{"floor":8,"key":"Energy Potion"}],"is_trial":false,"path_per_floor":["M","?","?","$","M","R","E","M","T","?","R","?","E","M","R","B"],"character_chosen":"IRONCLAD","items_purchased":[],"campfire_rested":1,"item_purchase_floors":[],"current_hp_per_floor":[71,55,55,55,49,49,25,25,25,25,49,49,40,34,34,0,0],"gold":181,"neow_bonus":"HUNDRED_GOLD","is_daily":false,"chose_seed":false,"campfire_upgraded":3,"win_rate":0.0,"timestamp":1612748698,"path_taken":["M","?","?","$","M","R","E","?","T","?","R","?","E","M","R","BOSS"],"items_purchased_type":[],"build_version":"2020-12-22","purchased_purges":1,"victory":false,"max_hp_per_floor":[80,80,80,80,80,80,80,80,80,80,80,80,80,80,80,80,80],"card_choices":[{"not_picked":["StuffTheSpire:RockThrow","Battle Trance"],"picked":"Spot Weakness","floor":1},{"not_picked":["Heavy Blade","Iron Wave","Perfected Strike"],"picked":"SKIP","floor":5},{"not_picked":["Shrug It Off","Replay:Undeath\u0027s Touch"],"picked":"Clash","floor":7},{"not_picked":["Body Slam","Headbutt"],"picked":"ReplayTheSpireMod:Strike From Hell","floor":8},{"not_picked":["Replay:Many Hands","Wild Strike"],"picked":"ReplayTheSpireMod:Strike From Hell","floor":13},{"not_picked":["Anger","Dropkick"],"picked":"True Grit","floor":14}],"player_experience":133453,"relics_obtained":[{"floor":7,"key":"Replay:Kaleidoscope"},{"floor":9,"key":"StuffTheSpire:PointBlank"},{"floor":13,"key":"halation:PenCase"}],"event_choices":[{"damage_healed":0,"gold_gain":0,"player_choice":"Entered Light","damage_taken":16,"max_hp_gain":0,"max_hp_loss":0,"event_name":"Shining Light","floor":2,"gold_loss":0,"cards_upgraded":["StuffTheSpire:Incineration","Spot Weakness"]},{"cards_removed":["StuffTheSpire:Incineration"],"damage_healed":0,"gold_gain":0,"player_choice":"Card Removal","damage_taken":0,"max_hp_gain":0,"max_hp_loss":0,"event_name":"Wheel of Change","floor":3,"gold_loss":0},{"damage_healed":0,"gold_gain":0,"player_choice":"Paid Gold","damage_taken":0,"relics_obtained":["reliquary:Buckler"],"max_hp_gain":0,"max_hp_loss":0,"event_name":"WeMeetAgain","floor":12,"gold_loss":52}],"is_beta":false,"boss_relics":[],"items_purged_floors":[4],"is_endless":false,"potions_floor_spawned":[1,8],"killed_by":"The Guardian","ascension_level":6}}