{"host":"nfwmt9fllo89vsai","time":1612814343,"event":{"mods":["AchievementEnabler","BaseMod","BetterRewards","Colored Map","Colored Powertips","Curses Come First","Dark Map","Minty Spire (QoL Compilation)","Potion Indicator Mod","Quick Restart","Relic Stats","StSLib","SuperFastMode"],"gold_per_floor":[117,129,129,6,22,57,57,91,116,116,128,138,151,162,162,264,264,276,286,314,73,83,83,117,141,153,165,177,223,250,277,289,403,415,441,464,486,498,90,120,120,133,184,199,213,230,230,452,452,452],"floor_reached":51,"language":"ENG","playtime":3055,"items_purged":["Regret"],"score":835,"play_id":"fca52dea-68b7-4b52-8c9b-26ab73a330fa","local_time":"20210208125903","is_ascension_mode":false,"campfire_choices":[{"data":"Inflame","floor":7.0,"key":"SMITH"},{"data":"Armaments","floor":15.0,"key":"SMITH"},{"data":"Clash","floor":23.0,"key":"SMITH"},{"floor":28.0,"key":"REST"},{"data":"Demon Form","floor":32.0,"key":"SMITH"},{"floor":41.0,"key":"REST"},{"floor":49.0,"key":"REST"}],"circlet_count":0,"master_deck":["Strike_R","Strike_R","Strike_R","Strike_R","Strike_R","Defend_R","Defend_R","Defend_R","Defend_R","Bash","Perfected Strike","Clash+1","Shrug It Off","Inflame+1","Feed","Clash","Twin Strike","Flame Barrier","Shockwave","Armaments+1","Limit Break","Clash","Thunderclap","Iron Wave","Cleave","Iron Wave","Pommel Strike+1","Anger","Thunderclap","Demon Form+1","Limit Break","CurseOfTheBell","Seeing Red+1","Dual Wield+1","Sadistic Nature","Dramatic Entrance","Evolve","Perfected Strike","Rampage+1","Anger","Perfected Strike+1","Writhe"],"relics":["Burning Blood","NeowsBlessing","Toy Ornithopter","Bag of Preparation","Self Forming Clay","Strawberry","Bottled Flame","Black Star","Red Mask","Bottled Lightning","Kunai","MawBank","Ornamental Fan","Darkstone Periapt","Pen Nib","Calling Bell","Boot","Pear","Pocketwatch","Ancient Tea Set","Regal Pillow","Unceasing Top","Anchor"],"acts_visited":["Exordium","TheCity","TheBeyond"],"potions_floor_usage":[],"damage_taken":[{"damage":0.0,"enemies":"2 Louse","floor":1.0,"turns":1.0},{"damage":0.0,"enemies":"Jaw Worm","floor":2.0,"turns":1.0},{"damage":0.0,"enemies":"Small Slimes","floor":5.0,"turns":1.0},{"damage":19.0,"enemies":"3 Sentries","floor":6.0,"turns":9.0},{"damage":11.0,"enemies":"Gremlin Nob","floor":8.0,"turns":4.0},{"damage":1.0,"enemies":"Exordium Wildlife","floor":11.0,"turns":3.0},{"damage":12.0,"enemies":"Red Slaver","floor":12.0,"turns":4.0},{"damage":0.0,"enemies":"Blue Slaver","floor":13.0,"turns":2.0},{"damage":1.0,"enemies":"Exordium Wildlife","floor":14.0,"turns":5.0},{"damage":44.0,"enemies":"Hexaghost","floor":16.0,"turns":9.0},{"damage":22.0,"enemies":"Chosen","floor":18.0,"turns":6.0},{"damage":17.0,"enemies":"Spheric Guardian","floor":19.0,"turns":5.0},{"damage":6.0,"enemies":"Masked Bandits","floor":20.0,"turns":4.0},{"damage":21.0,"enemies":"Snake Plant","floor":22.0,"turns":3.0},{"damage":35.0,"enemies":"Slavers","floor":24.0,"turns":5.0},{"damage":15.0,"enemies":"Shelled Parasite and Fungi","floor":25.0,"turns":5.0},{"damage":36.0,"enemies":"Book of Stabbing","floor":29.0,"turns":7.0},{"damage":0.0,"enemies":"Snecko","floor":30.0,"turns":3.0},{"damage":5.0,"enemies":"3 Cultists","floor":31.0,"turns":4.0},{"damage":51.0,"enemies":"Champ","floor":33.0,"turns":11.0},{"damage":0.0,"enemies":"Orb Walker","floor":35.0,"turns":2.0},{"damage":5.0,"enemies":"3 Shapes","floor":36.0,"turns":5.0},{"damage":19.0,"enemies":"Jaw Worm Horde","floor":37.0,"turns":7.0},{"damage":60.0,"enemies":"Reptomancer","floor":40.0,"turns":5.0},{"damage":29.0,"enemies":"Spire Growth","floor":42.0,"turns":5.0},{"damage":26.0,"enemies":"4 Shapes","floor":44.0,"turns":4.0},{"damage":66.0,"enemies":"Transient","floor":45.0,"turns":5.0},{"damage":15.0,"enemies":"Writhing Mass","floor":46.0,"turns":3.0},{"damage":60,"enemies":"Awakened One","floor":50,"turns":8}],"seed_played":"-1717272080516688599","potions_obtained":[{"floor":5.0,"key":"SkillPotion"},{"floor":6.0,"key":"ColorlessPotion"},{"floor":14.0,"key":"BloodPotion"},{"floor":18.0,"key":"Energy Potion"},{"floor":20.0,"key":"Explosive Potion"},{"floor":22.0,"key":"ColorlessPotion"},{"floor":25.0,"key":"Strength Potion"},{"floor":36.0,"key":"Energy Potion"},{"floor":42.0,"key":"Energy Potion"},{"floor":44.0,"key":"SneckoOil"}],"is_trial":false,"path_per_floor":["M","M","?","$","M","E","R","E","T","T","M","M","M","M","R","B",null,"M","M","?","$","M","R","E","M","T","?","R","E","M","M","R","B",null,"M","M","M","?","$","E","R","M","T","M","M","M","?","?","R","B",null],"character_chosen":"IRONCLAD","items_purchased":["Shrug It Off","Bottled Lightning","Ancient Tea Set","Sadistic Nature","Dramatic Entrance"],"campfire_rested":3,"item_purchase_floors":[4,21,39,39,39],"current_hp_per_floor":[80,80,80,80,80,67,67,70,77,77,85,79,85,90,90,52,93,77,66,71,71,56,56,36,27,27,27,56,26,37,46,46,26,116,119,119,110,110,110,64,116,93,93,78,23,14,52,52,106,52],"gold":452,"neow_bonus":"THREE_ENEMY_KILL","is_daily":false,"chose_seed":false,"campfire_upgraded":4,"win_rate":0.0,"timestamp":1612814343,"path_taken":["M","M","?","?","M","E","R","E","T","?","M","M","M","M","R","BOSS","M","M","?","$","M","R","E","M","T","?","R","E","M","M","R","BOSS","M","M","M","?","$","E","R","M","T","M","M","M","?","?","R","BOSS"],"items_purchased_type":["Card","Relic","Relic","Card","Card"],"build_version":"2020-12-22","purchased_purges":1,"victory":true,"max_hp_per_floor":[80,80,80,80,80,80,80,83,90,90,93,93,93,93,93,93,93,93,93,93,93,93,93,97,97,97,97,97,97,97,100,100,100,116,119,119,123,123,123,126,126,126,126,126,126,126,132,132,132,132],"relic_stats":{"Darkstone Periapt":12,"Regal Pillow":30,"counters":[29,136],"Self Forming Clay":[204],"Pen Nib":[11],"Bag of Preparation":[50],"MawBank":180,"Boot":[4],"Burning Blood":149,"Ornamental Fan":[88],"Black Star":3,"Kunai":[22],"obtain_stats":[{"Darkstone Periapt":29,"Regal Pillow":40,"Pear":34,"NeowsBlessing":0,"Self Forming Clay":8,"Pen Nib":29,"Bag of Preparation":6,"MawBank":24,"Boot":34,"Ancient Tea Set":39,"Burning Blood":0,"Calling Bell":34,"Bottled Flame":10,"Anchor":43,"Ornamental Fan":26,"Strawberry":9,"Black Star":17,"Red Mask":20,"Bottled Lightning":21,"Kunai":24,"Toy Ornithopter":3,"Unceasing Top":40,"Pocketwatch":34},{"Darkstone Periapt":17,"Regal Pillow":24,"Pear":20,"NeowsBlessing":0,"Self Forming Clay":5,"Pen Nib":17,"Bag of Preparation":4,"MawBank":15,"Boot":20,"Ancient Tea Set":23,"Burning Blood":0,"Calling Bell":20,"Bottled Flame":5,"Anchor":25,"Ornamental Fan":16,"Strawberry":5,"Black Star":10,"Red Mask":13,"Bottled Lightning":13,"Kunai":15,"Toy Ornithopter":2,"Unceasing Top":24,"Pocketwatch":20},{"Darkstone Periapt":74,"Regal Pillow":111,"Pear":92,"NeowsBlessing":0,"Self Forming Clay":16,"Pen Nib":74,"Bag of Preparation":12,"MawBank":62,"Boot":92,"Ancient Tea Set":106,"Burning Blood":0,"Calling Bell":92,"Bottled Flame":16,"Anchor":116,"Ornamental Fan":67,"Strawberry":16,"Black Star":39,"Red Mask":54,"Bottled Lightning":54,"Kunai":62,"Toy Ornithopter":2,"Unceasing Top":111,"Pocketwatch":92}],"Toy Ornithopter":45,"Unceasing Top":[1],"Pocketwatch":[51]},"card_choices":[{"not_picked":["Whirlwind","Sword Boomerang"],"picked":"Perfected Strike","floor":1.0},{"not_picked":["Sword Boomerang","Whirlwind"],"picked":"Clash","floor":2.0},{"not_picked":["Shockwave","Reckless Charge"],"picked":"Inflame","floor":5.0},{"not_picked":["Fire Breathing","Carnage"],"picked":"Feed","floor":6.0},{"not_picked":["Disarm","Shrug It Off"],"picked":"Clash","floor":8.0},{"not_picked":["Thunderclap","Warcry"],"picked":"Twin Strike","floor":11.0},{"not_picked":["Sword Boomerang","Searing Blow"],"picked":"Flame Barrier","floor":12.0},{"not_picked":["Cleave","Reckless Charge"],"picked":"Shockwave","floor":13.0},{"not_picked":["Cleave","Ghostly Armor"],"picked":"Armaments","floor":14.0},{"not_picked":["Berserk","Corruption"],"picked":"Limit Break","floor":16.0},{"not_picked":["Hemokinesis","Uppercut"],"picked":"Clash","floor":18.0},{"not_picked":["Clothesline","Cleave+1"],"picked":"Thunderclap","floor":19.0},{"not_picked":["Sword Boomerang","Blood for Blood"],"picked":"Iron Wave","floor":20.0},{"not_picked":["Flex","Warcry"],"picked":"Cleave","floor":22.0},{"not_picked":["Hemokinesis","Thunderclap"],"picked":"Iron Wave","floor":24.0},{"not_picked":["Twin Strike","Bloodletting"],"picked":"Pommel Strike+1","floor":25.0},{"not_picked":["Metallicize","Shrug It Off"],"picked":"Anger","floor":29.0},{"not_picked":["Armaments","Sword Boomerang"],"picked":"Thunderclap","floor":30.0},{"not_picked":["Armaments","Shrug It Off"],"picked":"Demon Form","floor":31.0},{"not_picked":["Feed","Fiend Fire"],"picked":"Limit Break","floor":33.0},{"not_picked":["Power Through","Sentinel","Havoc"],"picked":"SKIP","floor":35.0},{"not_picked":["Sword Boomerang","Wild Strike+1"],"picked":"Seeing Red+1","floor":36.0},{"not_picked":["Thunderclap+1","Ghostly Armor"],"picked":"Dual Wield","floor":37.0},{"not_picked":["Feel No Pain+1","Fire Breathing"],"picked":"Evolve","floor":40.0},{"not_picked":["Thunderclap+1","Armaments"],"picked":"Perfected Strike","floor":42.0},{"not_picked":["Reckless Charge+1","Clothesline"],"picked":"Rampage+1","floor":44.0},{"not_picked":["Warcry","Feel No Pain+1"],"picked":"Anger","floor":45.0},{"not_picked":["Shockwave","Limit Break"],"picked":"Perfected Strike+1","floor":46.0}],"player_experience":32547,"relics_obtained":[{"floor":6.0,"key":"Bag of Preparation"},{"floor":8.0,"key":"Self Forming Clay"},{"floor":9.0,"key":"Strawberry"},{"floor":10.0,"key":"Bottled Flame"},{"floor":20.0,"key":"Red Mask"},{"floor":24.0,"key":"Kunai"},{"floor":24.0,"key":"MawBank"},{"floor":26.0,"key":"Ornamental Fan"},{"floor":29.0,"key":"Darkstone Periapt"},{"floor":29.0,"key":"Pen Nib"},{"floor":34.0,"key":"Boot"},{"floor":34.0,"key":"Pear"},{"floor":34.0,"key":"Pocketwatch"},{"floor":40.0,"key":"Regal Pillow"},{"floor":40.0,"key":"Unceasing Top"},{"floor":43.0,"key":"Anchor"}],"event_choices":[{"damage_healed":0.0,"max_hp_gain":0.0,"max_hp_loss":0.0,"gold_gain":0.0,"event_name":"Big Fish","player_choice":"Box","floor":3.0,"gold_loss":0.0,"damage_taken":0.0,"relics_obtained":["Toy Ornithopter"],"cards_obtained":["Regret"]},{"damage_healed":0.0,"max_hp_gain":0.0,"max_hp_loss":0.0,"gold_gain":0.0,"event_name":"Masked Bandits","player_choice":"Fought Bandits","floor":20.0,"gold_loss":0.0,"damage_taken":0.0},{"damage_healed":0.0,"max_hp_gain":0.0,"max_hp_loss":0.0,"gold_gain":0.0,"event_name":"Ghosts","player_choice":"Ignored","floor":27.0,"gold_loss":0.0,"damage_taken":0.0},{"damage_healed":0.0,"max_hp_gain":0.0,"max_hp_loss":0.0,"gold_gain":0.0,"event_name":"Accursed Blacksmith","player_choice":"Forge","floor":38.0,"gold_loss":0.0,"damage_taken":0.0,"cards_upgraded":["Dual Wield"]},{"damage_healed":32.0,"max_hp_gain":0.0,"max_hp_loss":0.0,"gold_gain":0.0,"event_name":"Winding Halls","player_choice":"Writhe","floor":47.0,"gold_loss":0.0,"damage_taken":0.0,"cards_obtained":["Writhe"]},{"damage_healed":0.0,"max_hp_gain":0.0,"max_hp_loss":0.0,"gold_gain":222.0,"event_name":"Tomb of Lord Red Mask","player_choice":"Wore Mask","floor":48.0,"gold_loss":0.0,"damage_taken":0.0}],"is_beta":false,"boss_relics":[{"not_picked":["Coffee Dripper","Tiny House"],"picked":"Black Star"},{"not_picked":["Velvet Choker","SacredBark"],"picked":"Calling Bell"}],"items_purged_floors":[4],"is_endless":false,"potions_floor_spawned":[5,6,14,18,20,22,25,36,42,44],"ascension_level":0}}