{"host":"i73ch23exsqar74a","time":1612781248,"event":{"mods":["AchievementEnabler","Aspiration","Astrologer","Bard","Bartender","BaseMod","Beaked The Cultist","Better Sensory Stone","CCEM2","CapriCore","Challenge The Spire","ChefMod","Chen","Colored Map","Colored Powertips","Conjunction","Conspire","Downfall","Fireblade Mod","FutureSeer","GifTheSpireLib","Glutton Mod","Gremlin Mod","Halation","Hermit","Highlight Path","HololiveMod","Hubris","Infinite Spire","Jedi Mod","Lobotomy","LobotomyExtend","Luminous","Marked Mod","Minty Spire (QoL Compilation)","Prisma Mod","Quarter Circle Forward PUNCH!","Quick Restart","Random Character Button","RatMod","Relic Sorter","Reliquary","Replay The Spire","SOS???????","Shade Mod","Spicy Shops","Spikes Relics","Spire Arcade","StSLib","Stuff the Spire","The Alterego","The Animator","The Bug Knight","The Construct","The Cursed","The Druid","The Exalted","The Immortal","The Judge","The Poker Player","The Sage","The Wild Card","TheHero","TheSwordswoman","TheVacant","TheVelvet","Thieving Mod","Yuri Mod","???Mod??????Boss","???mod?????"],"gold_per_floor":[199,210,224,235,235,211,211,111,111,111,121,233,262,276,289,392,392,392,407,425,425,440,300,326,326,63,81,81,107,107,138,152,256,256,256,268,281,298,318,329,329,364,384,384,384,384],"floor_reached":44,"language":"ENG","playtime":2163,"items_purged":[],"score":600,"play_id":"919e5736-3757-47f7-9955-15ef5e3d8009","local_time":"20210208144728","is_ascension_mode":true,"campfire_choices":[{"data":"bronze:Replicate","floor":1.0,"key":"SMITH"},{"data":"bronze:DelayedSlice","floor":8.0,"key":"SMITH"},{"data":"infinitespire:Starlight","floor":10.0,"key":"SMITH"},{"data":"bronze:Terminator","floor":18,"key":"SMITH"},{"data":"bronze:GetLatest","floor":25,"key":"SMITH"},{"data":"StuffTheSpire:PestControl","floor":30,"key":"SMITH"},{"data":"bronze:Verify","floor":35,"key":"SMITH"}],"circlet_count":0,"master_deck":["bronze:Strike","bronze:Strike","bronze:Strike","bronze:Strike","bronze:Defend","bronze:Defend","bronze:Defend","bronze:Defend","bronze:Replicate+1","bronze:Goto","bronze:DelayedSlice+1","bronze:Invalidate","bronze:Constructor","infinitespire:Starlight+1","bronze:Flail","bronze:Terminator+1","bronze:GetLatest+1","bronze:WhirlingStrike","bronze:ThunderWave","bronze:CutThrough+1","bronze:Separator","bronze:CloningBeam","bronze:GetLatest","StuffTheSpire:PestControl+1","bronze:BronzeOrb","bronze:DelayedSlice+1","bronze:Verify+1","bronze:Repair+1","bronze:Shell","bronze:FollowUp+1","bronze:Shell+1","bronze:ForceShield+1","bronze:Boost+1"],"relics":["bronze:BronzeCore","hubris:Icosahedron","LetterFromLob","Blood Vial","HollowMod:LifeEnderRelic","downfall:HeartBlessingGreen","Onion Ring","Black Star","hubris:Towel","Gremlin Food","Shuriken","Torii","reliquary:RoseTintedGlasses","Pen Nib","Bromod:ArcaneConsequence","hubris:ScarierMask","RedMistMask","CCEMRelics:MissingSock","ReplayTheSpireMod:Ninjato","StuffTheSpire:OldFever"],"acts_visited":["Exordium","TheCity","TheBeyond"],"potions_floor_usage":[44],"damage_taken":[{"damage":1.0,"enemies":"conspire:RoseBush","floor":2.0,"turns":3.0},{"damage":8.0,"enemies":"2 Louse","floor":3.0,"turns":2.0},{"damage":1.0,"enemies":"Jaw Worm","floor":4.0,"turns":3.0},{"damage":12.0,"enemies":"3 Sentries","floor":6.0,"turns":9.0},{"damage":1.0,"enemies":"Red Slaver","floor":11.0,"turns":3.0},{"damage":1,"enemies":"Blue Slaver","floor":12,"turns":2},{"damage":0,"enemies":"HollowMod:MossKnight","floor":13,"turns":2},{"damage":0,"enemies":"2 Fungi Beasts","floor":14,"turns":1},{"damage":0,"enemies":"Exordium Wildlife","floor":15,"turns":2},{"damage":16,"enemies":"IC_STATUS_ARCHETYPE","floor":16,"turns":3},{"damage":30,"enemies":"Spheric Guardian","floor":19,"turns":4},{"damage":2,"enemies":"conspire:HollyBat","floor":20,"turns":6},{"damage":0,"enemies":"Cultist and Chosen","floor":22,"turns":3},{"damage":10,"enemies":"downfall:FleeingMerchant","floor":26,"turns":4},{"damage":12,"enemies":"3 Cultists","floor":27,"turns":5},{"damage":4,"enemies":"conspire:Head Lice","floor":29,"turns":4},{"damage":0,"enemies":"conspire:SneckoGhost","floor":31,"turns":2},{"damage":2,"enemies":"Sentry and Sphere","floor":32,"turns":4},{"damage":1,"enemies":"SI_MIRROR_ARCHETYPE","floor":33,"turns":4},{"damage":0,"enemies":"Orb Walker","floor":36,"turns":2},{"damage":0,"enemies":"3 Darklings","floor":37,"turns":2},{"damage":0,"enemies":"Sphere and 2 Shapes","floor":38,"turns":2},{"damage":0,"enemies":"Jaw Worm Horde","floor":39,"turns":1},{"damage":13,"enemies":"3 Darklings","floor":40,"turns":3},{"damage":0,"enemies":"HollowMod:StalkingDevout","floor":42,"turns":3},{"damage":0,"enemies":"4 Shapes","floor":43,"turns":2},{"damage":105,"enemies":"Nightmare","floor":44,"turns":5}],"seed_played":"-1764501739402038456","potions_obtained":[{"floor":2.0,"key":"Block Potion"},{"floor":3.0,"key":"FairyPotion"},{"floor":4.0,"key":"Reflective Coating"},{"floor":20,"key":"jedi:wingpotion"},{"floor":33,"key":"jedi:StrikingPotion"}],"is_trial":false,"path_per_floor":["R","M","M","M","?","E","T","R","?","R","M","M","E","M","M","B",null,"R","M","M","?","M","?","T","R","$","M","?","E","R","E","M","B",null,"R","M","M","M","M","M","T","E","M","NM"],"character_chosen":"THE_AUTOMATON","items_purchased":["Shuriken"],"campfire_rested":0,"item_purchase_floors":[26],"current_hp_per_floor":[70,69,61,60,60,48,48,48,31,31,47,48,50,52,54,55,70,70,40,55,55,70,70,70,70,60,58,38,51,51,53,68,70,70,70,70,70,70,70,68,68,70,70,0,0,0],"gold":384,"neow_bonus":"HUNDRED_GOLD","is_daily":false,"chose_seed":false,"campfire_upgraded":7,"win_rate":0.0,"timestamp":1612781248,"path_taken":["R","M","M","M","?","E","T","R","?","R","M","?","E","M","M","BOSS","R","M","M","?","M","?","T","R","$","M","?","E","R","E","M","BOSS","R","M","M","M","M","M","T","E","M","NM"],"items_purchased_type":["Relic"],"build_version":"2020-12-22","purchased_purges":0,"victory":false,"max_hp_per_floor":[70,70,70,70,70,70,70,70,70,70,70,70,70,70,70,70,70,70,70,70,70,70,70,70,70,70,70,70,70,70,70,70,70,70,70,70,70,70,70,70,70,70,70,70,70,70],"card_choices":[{"not_picked":["bronze:DarkDash","bronze:FineTuning"],"picked":"bronze:DelayedSlice","floor":2.0},{"not_picked":["bronze:Frontload","bronze:CutThrough"],"picked":"bronze:Invalidate","floor":3.0},{"not_picked":["bronze:BugBarrage","bronze:NullPointer"],"picked":"bronze:Constructor","floor":4.0},{"not_picked":["bronze:Turbo","bronze:Branch","bronze:WildBeam"],"picked":"SKIP","floor":6.0},{"not_picked":["ReplayTheSpireMod:Echoes of Time","infinitespire:SealOfDarkness+"],"picked":"infinitespire:Starlight","floor":9.0},{"not_picked":["bronze:SpaghettiCode","bronze:DelayedGuard"],"picked":"bronze:Flail","floor":11.0},{"not_picked":["bronze:Shield","bronze:Turbo"],"picked":"bronze:Terminator","floor":12},{"not_picked":["bronze:Turbo","bronze:CleanCode"],"picked":"bronze:GetLatest","floor":13},{"not_picked":["bronze:Invalidate","bronze:DigitalCarnage"],"picked":"bronze:WhirlingStrike","floor":14},{"not_picked":["bronze:Shield","bronze:Invalidate","bronze:MaxOutput"],"picked":"SKIP","floor":15},{"not_picked":["bronze:SpaghettiCode","bronze:ShipIt"],"picked":"bronze:ThunderWave","floor":16},{"not_picked":["bronze:Constructor","bronze:BugBarrage"],"picked":"bronze:CutThrough+1","floor":19},{"not_picked":["bronze:WhirlingStrike","bronze:Shield"],"picked":"bronze:Separator","floor":20},{"not_picked":["bronze:Safeguard","bronze:BitShift"],"picked":"bronze:CloningBeam","floor":22},{"not_picked":["bronze:ClassDefault","bronze:DelayedGuard"],"picked":"bronze:GetLatest","floor":26},{"not_picked":["bronze:Return+1","bronze:BuggyMess+1","bronze:Invalidate"],"picked":"SKIP","floor":27},{"not_picked":["bronze:MaxOutput+1","bronze:Overheat","bronze:Branch+1"],"picked":"SKIP","floor":29},{"not_picked":["bronze:Shield","bronze:MaxOutput"],"picked":"bronze:BronzeOrb","floor":31},{"not_picked":["bronze:WildBeam","bronze:Frontload"],"picked":"bronze:DelayedSlice+1","floor":32},{"not_picked":["bronze:BurnOut","bronze:HardenedForm"],"picked":"bronze:Verify","floor":33},{"not_picked":["bronze:WildBeam","bronze:BitShift+1"],"picked":"bronze:Repair+1","floor":36},{"not_picked":["bronze:Branch+1","bronze:Iterate+1"],"picked":"bronze:Shell","floor":37},{"not_picked":["bronze:DelayedGuard+1","bronze:WildBeam"],"picked":"bronze:FollowUp+1","floor":38},{"not_picked":["bronze:BugBarrage","bronze:DelayedGuard","bronze:FindAndReplace"],"picked":"SKIP","floor":39},{"not_picked":["bronze:Branch","bronze:Terminator+1"],"picked":"bronze:Shell+1","floor":40},{"not_picked":["bronze:Safeguard+1","bronze:Repulsor"],"picked":"bronze:ForceShield+1","floor":42},{"not_picked":["bronze:Flail+1","bronze:WhirlingStrike"],"picked":"bronze:Boost+1","floor":43}],"player_experience":1418423,"relics_obtained":[{"floor":2.0,"key":"LetterFromLob"},{"floor":6.0,"key":"Blood Vial"},{"floor":7.0,"key":"HollowMod:LifeEnderRelic"},{"floor":13,"key":"Onion Ring"},{"floor":24,"key":"Gremlin Food"},{"floor":29,"key":"Torii"},{"floor":29,"key":"reliquary:RoseTintedGlasses"},{"floor":31,"key":"Pen Nib"},{"floor":31,"key":"Bromod:ArcaneConsequence"},{"floor":40,"key":"RedMistMask"},{"floor":41,"key":"CCEMRelics:MissingSock"},{"floor":42,"key":"ReplayTheSpireMod:Ninjato"},{"floor":42,"key":"StuffTheSpire:OldFever"}],"event_choices":[],"is_beta":false,"boss_relics":[{"not_picked":["jedi:hotpepper","hubris:RunicObelisk"],"picked":"Black Star"},{"not_picked":["SacredBark","hubris:VirtuousBlindfold"],"picked":"hubris:ScarierMask"}],"items_purged_floors":[],"is_endless":false,"potions_floor_spawned":[2,3,4,11,15,20,22,33,37,39,43],"killed_by":"Nightmare","ascension_level":1}}