{"host":"kn32u0f2pym5bozc","time":1612775157,"event":{"mods":["2.2 Compatiblity","BaseMod","Minty Spire (QoL Compilation)","Permanent Neow","Relic Stats","StSLib","The Animator"],"gold_per_floor":[116,130,130,52,52,52,75,116,116,116,142,142,192,216,216,216,216],"floor_reached":16,"language":"ENG","playtime":13064,"items_purged":[],"score":190,"play_id":"28b89a19-0a33-455a-b79c-8c65d60159e2","local_time":"20210208040557","is_ascension_mode":true,"campfire_choices":[{"data":"animator:DwarfShaman","floor":6,"key":"SMITH"},{"data":"animator:Kaijin","floor":10,"key":"SMITH"},{"floor":15,"key":"REST"}],"circlet_count":0,"master_deck":["AscendersBane","animator:Strike_GoblinSlayer","animator:Defend_GoblinSlayer","animator:Strike","animator:Strike","animator:Strike","animator:Defend","animator:Defend","animator:Defend+1","animator:LizardPriest","animator:DwarfShaman+1","animator:Guren","animator:DolaRiku","animator:Mitsuba","animator:Kaijin+1","animator:Mitsurugi","animator:Mikaela","animator:Spearman","animator:Azekura"],"relics":["animator:LivingPicture","animator:TheMissingPiece","animator:PurgingStone","Golden Idol","HornCleat","animator:OldCoffin","animator:ShionDessert"],"acts_visited":["Exordium"],"potions_floor_usage":[11,16],"damage_taken":[{"damage":3,"enemies":"Small Slimes","floor":1,"turns":4},{"damage":2,"enemies":"Jaw Worm","floor":2,"turns":5},{"damage":0,"enemies":"2 Louse","floor":7,"turns":3},{"damage":24,"enemies":"Lagavulin","floor":8,"turns":7},{"damage":3,"enemies":"Exordium Thugs","floor":11,"turns":3},{"damage":0,"enemies":"Large Slime","floor":14,"turns":5},{"damage":26,"enemies":"Slime Boss","floor":16,"turns":6}],"seed_played":"-8590843045687205374","potions_obtained":[{"floor":1,"key":"DuplicationPotion"},{"floor":8,"key":"SmokeBomb"},{"floor":14,"key":"SpeedPotion"}],"is_trial":false,"path_per_floor":["M","M","?","$","?","R","M","E","T","R","M","T","?","M","R","B"],"character_chosen":"THE_ANIMATOR","items_purchased":["animator:Kaijin"],"campfire_rested":1,"item_purchase_floors":[4],"current_hp_per_floor":[51,49,31,31,36,36,36,12,12,12,9,9,9,9,26,0,0],"gold":216,"neow_bonus":"THREE_RARE_CARDS","is_daily":false,"chose_seed":false,"campfire_upgraded":2,"win_rate":0.0,"timestamp":1612775157,"path_taken":["M","M","?","$","?","R","M","E","T","R","M","?","?","M","R","BOSS"],"items_purchased_type":["Card"],"build_version":"2020-12-22","purchased_purges":0,"victory":false,"max_hp_per_floor":[54,54,54,54,59,59,59,59,59,59,59,59,59,59,59,59,59],"relic_stats":{"counters":[7,32],"Golden Idol":21,"obtain_stats":[{"animator:ShionDessert":12,"HornCleat":8,"animator:PurgingStone":0,"Golden Idol":3,"animator:TheMissingPiece":0,"animator:LivingPicture":0,"animator:OldCoffin":9},{"animator:ShionDessert":5,"HornCleat":4,"animator:PurgingStone":0,"Golden Idol":2,"animator:TheMissingPiece":0,"animator:LivingPicture":0,"animator:OldCoffin":4},{"animator:ShionDessert":21,"HornCleat":18,"animator:PurgingStone":0,"Golden Idol":9,"animator:TheMissingPiece":0,"animator:LivingPicture":0,"animator:OldCoffin":18}]},"card_choices":[{"not_picked":["animator:ItamiYouji","animator:Shiro"],"picked":"animator:Guren","floor":0},{"not_picked":["animator:TsurugaMeisai","animator:Melzalgald"],"picked":"animator:DolaRiku","floor":1},{"not_picked":["animator:Elsword","animator:Kazuma"],"picked":"animator:Mitsuba","floor":2},{"not_picked":["animator:Genos","animator:PandorasActor"],"picked":"animator:Mitsurugi","floor":7},{"not_picked":["animator:Shigure","animator:Yuuichirou"],"picked":"animator:Mikaela","floor":8},{"not_picked":["animator:ChaikaBohdan","animator:SuzuneAmano"],"picked":"animator:Spearman","floor":11},{"not_picked":["animator:KyokoSakura","animator:Shion"],"picked":"animator:Azekura","floor":14}],"player_experience":910319,"relics_obtained":[{"floor":8,"key":"HornCleat"},{"floor":9,"key":"animator:OldCoffin"},{"floor":12,"key":"animator:ShionDessert"}],"event_choices":[{"damage_healed":0,"gold_gain":0,"player_choice":"Take Damage","damage_taken":18,"relics_obtained":["Golden Idol"],"max_hp_gain":0,"max_hp_loss":0,"event_name":"Golden Idol","floor":3,"gold_loss":0},{"damage_healed":0,"gold_gain":0,"player_choice":"Donut","damage_taken":0,"max_hp_gain":5,"max_hp_loss":0,"event_name":"Big Fish","floor":5,"gold_loss":0},{"damage_healed":0,"gold_gain":50,"player_choice":"Pray","damage_taken":0,"max_hp_gain":0,"max_hp_loss":0,"event_name":"Golden Shrine","floor":13,"gold_loss":0}],"is_beta":false,"boss_relics":[],"items_purged_floors":[],"is_endless":false,"potions_floor_spawned":[1,8,14],"killed_by":"Slime Boss","ascension_level":18}}