{"host":"5yoj846f700ld8qy","time":1612810426,"event":{"mods":["AchievementEnabler","BaseMod","Better Altar","Better Match","Better Note","Better Sensory Stone","Better Skull","Better Third Choice","Colored Map","Colored Powertips","Minty Spire (QoL Compilation)","StSLib","UnlockEverythingMod"],"gold_per_floor":[116,28,28,44,62,62,81,114,139,169,184,212,212,10,10,83,83,102,27,27,37,55,55,69,94,94,94,94,94,126,173,173,247,247,266,266,266,281,300,300,300],"floor_reached":40,"language":"ENG","playtime":2040,"items_purged":["Strike_G"],"score":868,"play_id":"5cd29f68-3da0-43b3-94d2-07b5ef762076","local_time":"20210208205346","is_ascension_mode":true,"campfire_choices":[{"floor":6.0,"key":"REST"},{"floor":13.0,"key":"REST"},{"floor":15.0,"key":"REST"},{"floor":23.0,"key":"REST"},{"floor":27,"key":"REST"},{"floor":29,"key":"REST"},{"floor":32,"key":"REST"}],"circlet_count":0,"master_deck":["AscendersBane","Strike_G","Strike_G","Strike_G","Strike_G","Defend_G","Defend_G","Defend_G","Defend_G","Defend_G","Survivor","Neutralize","Caltrops","Caltrops","Dagger Spray","Footwork","Burst","Backflip","Venomology","Noxious Fumes","Dodge and Roll","Venomology","Deflect","Calculated Gamble","Footwork","Dash+1","Caltrops","Dash+1","Adrenaline","After Image","Skewer+1","Reflex+1","Backflip"],"relics":["Fusion Hammer","NlothsMask","Omamori","MealTicket","Calling Bell","Akabeko","Molten Egg 2","FossilizedHelix","Gambling Chip","Ninja Scroll","Blood Vial","Happy Flower","HoveringKite"],"acts_visited":["Exordium","TheCity","TheBeyond"],"potions_floor_usage":[25,25,30,30,30,33,33,33,35,35,38,38,38,38,39,39,39,39,40,40],"damage_taken":[{"damage":0.0,"enemies":"2 Louse","floor":1.0,"turns":2.0},{"damage":3.0,"enemies":"Cultist","floor":4.0,"turns":4.0},{"damage":14.0,"enemies":"Jaw Worm","floor":5.0,"turns":4.0},{"damage":21.0,"enemies":"Exordium Wildlife","floor":7.0,"turns":5.0},{"damage":25.0,"enemies":"Lagavulin","floor":8.0,"turns":8.0},{"damage":0.0,"enemies":"3 Louse","floor":11.0,"turns":4.0},{"damage":6.0,"enemies":"3 Sentries","floor":12.0,"turns":6.0},{"damage":22.0,"enemies":"The Guardian","floor":16.0,"turns":12.0},{"damage":6.0,"enemies":"Spheric Guardian","floor":18.0,"turns":5.0},{"damage":13.0,"enemies":"2 Thieves","floor":21.0,"turns":4.0},{"damage":34.0,"enemies":"Centurion and Healer","floor":22.0,"turns":13.0},{"damage":22,"enemies":"Cultist and Chosen","floor":24,"turns":8},{"damage":13,"enemies":"Book of Stabbing","floor":25,"turns":6},{"damage":15,"enemies":"Slavers","floor":30,"turns":5},{"damage":39,"enemies":"Collector","floor":33,"turns":14},{"damage":14,"enemies":"3 Darklings","floor":35,"turns":5},{"damage":0,"enemies":"3 Shapes","floor":38,"turns":7},{"damage":6,"enemies":"Jaw Worm Horde","floor":39,"turns":6},{"damage":80,"enemies":"Giant Head","floor":40,"turns":10}],"seed_played":"3261596040652597917","potions_obtained":[{"floor":1.0,"key":"Poison Potion"},{"floor":8.0,"key":"DistilledChaos"},{"floor":12.0,"key":"CunningPotion"},{"floor":16.0,"key":"CunningPotion"},{"floor":25,"key":"Weak Potion"},{"floor":33,"key":"ColorlessPotion"},{"floor":35,"key":"EntropicBrew"}],"is_trial":false,"path_per_floor":["M","$","?","M","M","R","M","E","T","?","M","E","R","$","R","B",null,"M","$","?","M","M","R","M","E","T","R","?","R","E","T","R","B",null,"M","?","?","M","M","E"],"character_chosen":"THE_SILENT","items_purchased":["Caltrops","Noxious Fumes","Dodge and Roll","Calculated Gamble"],"campfire_rested":7,"item_purchase_floors":[2,14,14,19],"current_hp_per_floor":[59,59,59,56,42,61,40,15,15,15,15,9,28,43,62,40,60,54,66,66,53,19,38,16,3,3,22,22,41,26,26,45,8,52,40,40,40,42,38,0,0],"gold":300,"neow_bonus":"BOSS_RELIC","is_daily":false,"chose_seed":false,"campfire_upgraded":0,"win_rate":0.0,"timestamp":1612810426,"path_taken":["M","$","?","M","?","R","M","E","T","?","M","E","R","?","R","BOSS","M","$","?","M","M","R","M","E","T","R","?","R","E","?","R","BOSS","M","?","?","?","M","E"],"items_purchased_type":["Card","Card","Card","Card"],"build_version":"2020-12-22","purchased_purges":1,"victory":false,"max_hp_per_floor":[66,66,66,66,66,66,66,66,66,66,66,66,66,66,66,66,66,66,66,66,66,66,66,66,66,66,66,66,66,66,66,66,66,66,66,66,66,66,66,66,66],"card_choices":[{"not_picked":["All Out Attack","Blade Dance"],"picked":"Caltrops","floor":1.0},{"not_picked":["PiercingWail","Cloak And Dagger"],"picked":"Blade Dance","floor":4.0},{"not_picked":["Poisoned Stab","Dodge and Roll"],"picked":"Dagger Spray","floor":5.0},{"not_picked":["Eviscerate","Riddle With Holes"],"picked":"Footwork","floor":7.0},{"not_picked":["Flying Knee","Acrobatics"],"picked":"Burst","floor":8.0},{"not_picked":["Acrobatics","Blade Dance"],"picked":"Backflip","floor":11.0},{"not_picked":["Sucker Punch","Deadly Poison"],"picked":"Venomology","floor":12.0},{"not_picked":["Malaise","Night Terror"],"picked":"Venomology","floor":16.0},{"not_picked":["Deadly Poison+1","PiercingWail"],"picked":"Deflect","floor":18.0},{"not_picked":["Poisoned Stab+1","Tactician"],"picked":"Dash+1","floor":21.0},{"not_picked":["Deadly Poison","Quick Slash+1"],"picked":"Caltrops","floor":22.0},{"not_picked":["Calculated Gamble","Leg Sweep"],"picked":"Dash+1","floor":24},{"not_picked":["Storm of Steel","Tactician"],"picked":"Adrenaline","floor":25},{"not_picked":["Calculated Gamble","Backstab+1","Flying Knee+1"],"picked":"SKIP","floor":30},{"not_picked":["Die Die Die+1","Malaise"],"picked":"After Image","floor":33},{"not_picked":["Bane+1","Flechettes+1"],"picked":"Skewer+1","floor":35},{"not_picked":["Bane+1","PiercingWail"],"picked":"Reflex+1","floor":38},{"not_picked":["Bane+1","Expertise"],"picked":"Backflip","floor":39}],"player_experience":438090,"relics_obtained":[{"floor":8.0,"key":"Omamori"},{"floor":12.0,"key":"MealTicket"},{"floor":17.0,"key":"Akabeko"},{"floor":17.0,"key":"Molten Egg 2"},{"floor":17.0,"key":"FossilizedHelix"},{"floor":25,"key":"Gambling Chip"},{"floor":26,"key":"Ninja Scroll"},{"floor":30,"key":"Blood Vial"},{"floor":31,"key":"Happy Flower"}],"event_choices":[{"damage_healed":0.0,"max_hp_gain":0.0,"max_hp_loss":0.0,"gold_gain":0.0,"event_name":"FaceTrader","player_choice":"Trade","floor":3.0,"gold_loss":0.0,"damage_taken":0.0,"relics_obtained":["NlothsMask"]},{"damage_healed":0.0,"max_hp_gain":0.0,"max_hp_loss":0.0,"gold_gain":30.0,"event_name":"Dead Adventurer","player_choice":"Searched \u00271\u0027 times","floor":10.0,"gold_loss":0.0,"damage_taken":0.0},{"damage_healed":0.0,"max_hp_gain":0.0,"max_hp_loss":0.0,"gold_gain":0.0,"event_name":"The Library","player_choice":"Read","floor":20.0,"gold_loss":0.0,"damage_taken":0.0,"cards_obtained":["Footwork"]},{"damage_healed":0,"gold_gain":0,"player_choice":"Ignored","damage_taken":0,"max_hp_gain":0,"max_hp_loss":0,"event_name":"Cursed Tome","floor":28,"gold_loss":0},{"cards_removed":["Blade Dance"],"damage_healed":0,"gold_gain":0,"player_choice":"Removed Skill","damage_taken":0,"max_hp_gain":0,"max_hp_loss":0,"event_name":"Falling","floor":36,"gold_loss":0},{"damage_healed":0,"gold_gain":0,"player_choice":"Ignored","damage_taken":0,"max_hp_gain":0,"max_hp_loss":0,"event_name":"Tomb of Lord Red Mask","floor":37,"gold_loss":0}],"is_beta":false,"boss_relics":[{"not_picked":["Snecko Eye","WristBlade"],"picked":"Calling Bell"},{"not_picked":["Philosopher\u0027s Stone","Busted Crown"],"picked":"HoveringKite"}],"items_purged_floors":[14],"is_endless":false,"potions_floor_spawned":[1,8,12,16,25,33,35],"killed_by":"Giant Head","ascension_level":20}}