{"host":"9z6a73ubmgnn64m2","time":1612763340,"event":{"mods":["BaseMod","Bestiary","Colored Map","Highlight Path","Minty Spire (QoL Compilation)"],"gold_per_floor":[113,113,127,147,147,167,177,177,177,192,192,202,202,235,235,340,340,353,372,386,402,418,418,429,462,462,562,579,590,11,25,25,127,127,143,143,157,210,227,256,256,270,294,294,305,324,340,73,73,73],"floor_reached":51,"language":"ENG","playtime":32814,"items_purged":["Malaise"],"score":736,"play_id":"767371e5-8ed5-4c78-887f-bc185c495f0c","local_time":"20210208014900","is_ascension_mode":false,"campfire_choices":[{"data":"Sucker Punch","floor":8.0,"key":"SMITH"},{"data":"Blade Dance","floor":11.0,"key":"SMITH"},{"data":"Backflip","floor":13.0,"key":"SMITH"},{"data":"Crippling Poison","floor":15.0,"key":"SMITH"},{"floor":23.0,"key":"REST"},{"floor":32.0,"key":"REST"},{"floor":41.0,"key":"REST"},{"floor":44.0,"key":"REST"},{"floor":49,"key":"REST"}],"circlet_count":0,"master_deck":["Strike_G","Strike_G","Strike_G","Strike_G","Defend_G","Defend_G","Defend_G","Defend_G","Defend_G","Survivor","Neutralize","Deadly Poison","Infinite Blades","Blade Dance+1","Sucker Punch+1","Crippling Poison+1","Dodge and Roll","Backflip+1","Die Die Die","Distraction+1","Terror","PiercingWail","Blade Dance","Riddle With Holes","Predator+1","Caltrops","Blade Dance+1","Blur","PiercingWail+1","PiercingWail","A Thousand Cuts","Quick Slash+1","Bandage Up","PiercingWail+1","Blade Dance+1","Dash+1","Blade Dance","Dagger Throw+1","Dagger Spray+1","Backstab+1","Footwork","Deadly Poison","Outmaneuver"],"relics":["Ring of the Serpent","NeowsBlessing","Vajra","Shuriken","Gambling Chip","Busted Crown","Dream Catcher","Eternal Feather","Lantern","Frozen Eye","Sundial","Lizard Tail","Toy Ornithopter","Bag of Marbles"],"acts_visited":["Exordium","TheCity","TheBeyond"],"potions_floor_usage":[50,50],"damage_taken":[{"damage":0.0,"enemies":"2 Louse","floor":1.0,"turns":1.0},{"damage":0.0,"enemies":"Cultist","floor":3.0,"turns":1.0},{"damage":0.0,"enemies":"Small Slimes","floor":4.0,"turns":1.0},{"damage":1.0,"enemies":"Exordium Thugs","floor":6.0,"turns":5.0},{"damage":3.0,"enemies":"Lots of Slimes","floor":7.0,"turns":4.0},{"damage":17.0,"enemies":"3 Louse","floor":10.0,"turns":3.0},{"damage":3.0,"enemies":"Looter","floor":12.0,"turns":3.0},{"damage":11.0,"enemies":"3 Sentries","floor":14.0,"turns":6.0},{"damage":21.0,"enemies":"Hexaghost","floor":16.0,"turns":12.0},{"damage":15.0,"enemies":"Chosen","floor":18.0,"turns":5.0},{"damage":5.0,"enemies":"Spheric Guardian","floor":19.0,"turns":4.0},{"damage":13.0,"enemies":"Snecko","floor":20.0,"turns":8.0},{"damage":17.0,"enemies":"Sentry and Sphere","floor":21.0,"turns":7.0},{"damage":6.0,"enemies":"Snake Plant","floor":22.0,"turns":5.0},{"damage":3.0,"enemies":"Chosen and Byrds","floor":24.0,"turns":4.0},{"damage":17.0,"enemies":"Book of Stabbing","floor":25.0,"turns":5.0},{"damage":0.0,"enemies":"3 Cultists","floor":28.0,"turns":3.0},{"damage":0.0,"enemies":"Centurion and Healer","floor":29.0,"turns":4.0},{"damage":0.0,"enemies":"Shelled Parasite and Fungi","floor":31.0,"turns":2.0},{"damage":48.0,"enemies":"Automaton","floor":33.0,"turns":8.0},{"damage":0.0,"enemies":"Orb Walker","floor":35.0,"turns":2.0},{"damage":15.0,"enemies":"3 Darklings","floor":37.0,"turns":3.0},{"damage":25.0,"enemies":"2 Orb Walkers","floor":38.0,"turns":4.0},{"damage":14.0,"enemies":"Transient","floor":39.0,"turns":5.0},{"damage":46.0,"enemies":"Nemesis","floor":40.0,"turns":7.0},{"damage":27.0,"enemies":"Sphere and 2 Shapes","floor":42.0,"turns":4.0},{"damage":6.0,"enemies":"Jaw Worm Horde","floor":45.0,"turns":3.0},{"damage":29,"enemies":"Maw","floor":46,"turns":6},{"damage":0,"enemies":"Transient","floor":47,"turns":5},{"damage":87,"enemies":"Awakened One","floor":50,"turns":13}],"seed_played":"-2370679633000854677","potions_obtained":[{"floor":3.0,"key":"FairyPotion"},{"floor":6.0,"key":"SpeedPotion"},{"floor":12.0,"key":"Fire Potion"},{"floor":28.0,"key":"AttackPotion"},{"floor":33.0,"key":"ColorlessPotion"},{"floor":42.0,"key":"LiquidMemories"},{"floor":45.0,"key":"DistilledChaos"},{"floor":47,"key":"Block Potion"}],"is_trial":false,"path_per_floor":["M","?","M","M","?","M","M","R","T","M","R","M","R","E","R","B",null,"M","M","M","M","M","R","M","E","T","?","M","M","$","M","R","B",null,"M","?","M","?","M","E","R","M","T","R","M","M","M","$","R","B",null],"character_chosen":"THE_SILENT","items_purchased":["Lantern","Frozen Eye","Sundial","Blur","DuplicationPotion","Footwork","Deadly Poison"],"campfire_rested":5,"item_purchase_floors":[30,30,30,30,48,48,48],"current_hp_per_floor":[70,67,67,67,67,66,63,63,63,46,46,43,43,32,32,11,70,55,50,37,20,14,35,32,15,15,15,15,15,15,15,54,6,70,70,70,55,34,20,21,63,36,36,70,64,39,43,43,70,35],"gold":73,"neow_bonus":"THREE_ENEMY_KILL","is_daily":false,"chose_seed":false,"campfire_upgraded":4,"win_rate":0.0,"timestamp":1612763340,"path_taken":["M","?","M","M","?","M","M","R","T","M","R","M","R","E","R","BOSS","M","M","?","M","M","R","M","E","T","?","M","?","?","?","R","BOSS","M","?","M","?","?","E","R","M","T","R","M","M","M","$","R","BOSS"],"items_purchased_type":["Relic","Relic","Relic","Card","Potion","Card","Card"],"build_version":"2020-12-22","purchased_purges":1,"victory":true,"max_hp_per_floor":[70,70,70,70,70,70,70,70,70,70,70,70,70,70,70,70,70,70,70,70,70,70,70,70,70,70,70,70,70,70,70,70,70,70,70,70,70,70,70,70,70,70,70,70,70,70,70,70,70,70],"card_choices":[{"not_picked":["PiercingWail","Dagger Spray"],"picked":"Deadly Poison","floor":1.0},{"not_picked":["Masterful Stab","Dagger Spray"],"picked":"Infinite Blades","floor":3.0},{"not_picked":["Acrobatics","Prepared"],"picked":"Blade Dance","floor":4.0},{"not_picked":["Infinite Blades","Flechettes"],"picked":"Sucker Punch","floor":6.0},{"not_picked":["Quick Slash","Escape Plan"],"picked":"Crippling Poison","floor":7.0},{"not_picked":["Prepared","Dagger Throw"],"picked":"Dodge and Roll","floor":10.0},{"not_picked":["Outmaneuver","Quick Slash"],"picked":"Backflip","floor":12.0},{"not_picked":["Tactician","Leg Sweep"],"picked":"Die Die Die","floor":14.0},{"not_picked":["Venomology","Adrenaline"],"picked":"Malaise","floor":16.0},{"not_picked":[],"picked":"Distraction+1","floor":18.0},{"not_picked":["Backflip"],"picked":"SKIP","floor":19.0},{"not_picked":[],"picked":"Terror","floor":20.0},{"not_picked":[],"picked":"PiercingWail","floor":21.0},{"not_picked":[],"picked":"Blade Dance","floor":22.0},{"not_picked":[],"picked":"Riddle With Holes","floor":24.0},{"not_picked":[],"picked":"Predator+1","floor":25.0},{"not_picked":[],"picked":"Caltrops","floor":28.0},{"not_picked":[],"picked":"Blade Dance+1","floor":29.0},{"not_picked":[],"picked":"PiercingWail+1","floor":31.0},{"not_picked":[],"picked":"PiercingWail","floor":32.0},{"not_picked":[],"picked":"A Thousand Cuts","floor":33.0},{"not_picked":[],"picked":"Quick Slash+1","floor":35.0},{"not_picked":[],"picked":"Bandage Up","floor":36.0},{"not_picked":[],"picked":"PiercingWail+1","floor":37.0},{"not_picked":[],"picked":"Blade Dance+1","floor":39.0},{"not_picked":[],"picked":"Dash+1","floor":40.0},{"not_picked":[],"picked":"Blade Dance","floor":42.0},{"not_picked":[],"picked":"Dagger Throw+1","floor":44.0},{"not_picked":[],"picked":"Dagger Spray+1","floor":45.0},{"not_picked":["Die Die Die"],"picked":"SKIP","floor":46},{"not_picked":[],"picked":"Backstab+1","floor":47},{"not_picked":[],"picked":"Outmaneuver","floor":49}],"player_experience":32451,"relics_obtained":[{"floor":9.0,"key":"Shuriken"},{"floor":14.0,"key":"Gambling Chip"},{"floor":25.0,"key":"Dream Catcher"},{"floor":26.0,"key":"Eternal Feather"},{"floor":38.0,"key":"Lizard Tail"},{"floor":40.0,"key":"Toy Ornithopter"},{"floor":43.0,"key":"Bag of Marbles"}],"event_choices":[{"damage_healed":0.0,"max_hp_gain":0.0,"max_hp_loss":0.0,"gold_gain":0.0,"event_name":"Scrap Ooze","player_choice":"Success","floor":2.0,"gold_loss":0.0,"damage_taken":3.0,"relics_obtained":["Vajra"]},{"cards_removed":["Strike_G"],"damage_healed":0.0,"max_hp_gain":0.0,"max_hp_loss":0.0,"gold_gain":0.0,"event_name":"Bonfire Elementals","player_choice":"Offered Basic","floor":5.0,"gold_loss":0.0,"damage_taken":0.0},{"damage_healed":0.0,"max_hp_gain":0.0,"max_hp_loss":0.0,"gold_gain":100.0,"event_name":"Golden Shrine","player_choice":"Pray","floor":27.0,"gold_loss":0.0,"damage_taken":0.0},{"damage_healed":0.0,"max_hp_gain":0.0,"max_hp_loss":0.0,"gold_gain":0.0,"event_name":"SensoryStone","player_choice":"Memory 1","floor":36.0,"gold_loss":0.0,"damage_taken":0.0},{"damage_healed":0.0,"max_hp_gain":0.0,"max_hp_loss":0.0,"gold_gain":0.0,"event_name":"Mysterious Sphere","player_choice":"Fight","floor":38.0,"gold_loss":0.0,"damage_taken":0.0}],"is_beta":false,"boss_relics":[{"not_picked":["Coffee Dripper","Fusion Hammer"],"picked":"Busted Crown"},{"not_picked":["Runic Dome","HoveringKite"],"picked":"Ring of the Serpent"}],"items_purged_floors":[48],"is_endless":false,"potions_floor_spawned":[3,6,12,16,18,19,28,33,42,45,46,47],"ascension_level":0}}