{"host":"ve5hox67eka4rdnb","time":1612788369,"event":{"mods":["ATMod(∞¢Ë™Mod)","AchievementEnabler","Act Like it!","BaseMod","Downfall","Gensokyo","Hermit","Koishi","Lobotomy","LobotomyExtend","Marisa£®ÏF”Í°°ƒß¿Ì…≥£©","Minty Spire (QoL Compilation)","Reimu£®≤©¿ˆ¡È√Œ£©","Remilia£®¿Ÿ√◊¿Ú—«£©","Replay The Spire","Shop Mod","StSLib","The Construct","The Cursed","The Servant 0.9.4"],"gold_per_floor":[110,123,123,48,60,94,94,94,149,183,183,212,230,257,257,353,353,366,386,42,55,70,70,70],"floor_reached":23,"language":"ZHS","playtime":753,"items_purged":["Strike_R","Shame"],"score":285,"play_id":"fc46b109-f075-4595-9859-aaab67b0a52d","local_time":"20210208204609","is_ascension_mode":true,"campfire_choices":[{"data":"AT_OneInchPunch","floor":7.0,"key":"SMITH"},{"data":"Carnage","floor":15,"key":"SMITH"}],"circlet_count":0,"master_deck":["Strike_R","Strike_R","Strike_R","Strike_R","Defend_R","Defend_R","Defend_R","Defend_R","Bash","AT_OneInchPunch+1","Double Tap","Carnage+1","Headbutt","Havoc","Berserk","Injury","Sickly","Havoc","Headbutt"],"relics":["AT_ATBox","Painkiller Herb","LetterFromLob","Replay:Baseball","Smiling Mask","Art of War","Replay:Bottled Steam","Pet Ghost","Replay:Ancient Bell","Replay:Mystery Machine","AT_BellowingDragoncrestRing","Turnip","Membership Card","Replay:Wax Seal","Tea:ReiMu"],"acts_visited":["Exordium","TheCity"],"potions_floor_usage":[14,16,18,21,23],"damage_taken":[{"damage":0.0,"enemies":"Small Slimes","floor":1.0,"turns":2.0},{"damage":0.0,"enemies":"Jaw Worm","floor":2.0,"turns":1.0},{"damage":2.0,"enemies":"2 Louse","floor":5.0,"turns":2.0},{"damage":9.0,"enemies":"3 Sentries","floor":6.0,"turns":4.0},{"damage":0.0,"enemies":"Gremlin Nob","floor":10.0,"turns":2.0},{"damage":0,"enemies":"Lagavulin","floor":12,"turns":3},{"damage":0,"enemies":"Large Slime","floor":13,"turns":1},{"damage":4,"enemies":"3 Sentries","floor":14,"turns":3},{"damage":27,"enemies":"Hexaghost","floor":16,"turns":5},{"damage":8,"enemies":"2 Thieves","floor":18,"turns":2},{"damage":21,"enemies":"3 Byrds","floor":19,"turns":4},{"damage":20,"enemies":"Snake Plant","floor":21,"turns":2},{"damage":24,"enemies":"Shelled Parasite and Fungi","floor":22,"turns":4},{"damage":14,"enemies":"Gremlin Leader","floor":23,"turns":2}],"seed_played":"-3668886090014845576","potions_obtained":[{"floor":5.0,"key":"Elixir"},{"floor":12,"key":"Fire Potion"},{"floor":13,"key":"DistilledChaos"},{"floor":14,"key":"Adrenaline Potion"},{"floor":19,"key":"champ:CounterPotion"},{"floor":22,"key":"SkillPotion"}],"is_trial":false,"path_per_floor":["?","?","?","T","?","E","T","T","T","E","?","E","?","E","T","B",null,"?","?","T","?","?","E"],"character_chosen":"IRONCLAD","items_purchased":["Membership Card","Replay:Wax Seal","Tea:ReiMu"],"campfire_rested":0,"item_purchase_floors":[20,20,20],"current_hp_per_floor":[80,80,80,80,78,69,69,69,69,69,74,74,74,70,70,43,85,77,56,56,36,12,0,0],"gold":70,"neow_bonus":"BOSS_RELIC","is_daily":false,"chose_seed":false,"campfire_upgraded":2,"win_rate":0.0,"timestamp":1612788369,"path_taken":["?","?","?","T","?","E","T","T","T","E","?","E","?","E","T","BOSS","?","?","T","?","?","E"],"items_purchased_type":["Relic","Relic","Relic"],"build_version":"2020-12-22","purchased_purges":2,"victory":false,"max_hp_per_floor":[80,80,80,80,80,80,80,80,80,80,85,85,85,85,85,85,85,85,85,85,85,85,85,85],"card_choices":[{"not_picked":["Shrug It Off","Flex","Warcry"],"picked":"SKIP","floor":1.0},{"not_picked":["Twin Strike","Clothesline"],"picked":"Double Tap","floor":2.0},{"not_picked":["Armaments","Clash"],"picked":"Carnage","floor":5.0},{"not_picked":["Flex","Dual Wield"],"picked":"Headbutt","floor":6.0},{"not_picked":["Hemogenesis","ReplayReversal","AT_BodySlamDance"],"picked":"SKIP","floor":10.0},{"not_picked":["Wild Strike","Searing Blow","Pummel"],"picked":"SKIP","floor":12},{"not_picked":["Heavy Blade","AT_BodySlamDance","Sword Boomerang"],"picked":"SKIP","floor":13},{"not_picked":["Reaper","Metallicize"],"picked":"Havoc","floor":14},{"not_picked":["Hemogenesis","Corruption"],"picked":"Berserk","floor":16},{"not_picked":["Replay:Hysterical Blindness","Amnesia"],"picked":"Shame","floor":17},{"not_picked":["hermit:ImpendingDoom","Pain"],"picked":"Injury","floor":17},{"not_picked":["ReplayTheSpireMod:Restless Dread","Sloth_TH"],"picked":"Sickly","floor":17},{"not_picked":["Flex","Pommel Strike"],"picked":"Havoc","floor":18},{"not_picked":["Heavy Blade+1","Blood for Blood","Body Slam"],"picked":"SKIP","floor":19},{"not_picked":["Searing Blow","Clash"],"picked":"Headbutt","floor":21},{"not_picked":["Wild Strike","Clash","Berserk"],"picked":"SKIP","floor":22}],"player_experience":205752,"relics_obtained":[{"floor":1.0,"key":"LetterFromLob"},{"floor":6.0,"key":"Replay:Baseball"},{"floor":9.0,"key":"Smiling Mask"},{"floor":10.0,"key":"Art of War"},{"floor":12,"key":"Replay:Bottled Steam"},{"floor":14,"key":"Pet Ghost"}],"event_choices":[{"damage_healed":0.0,"max_hp_gain":0.0,"max_hp_loss":0.0,"gold_gain":0.0,"event_name":"Liars Game","player_choice":"Ignored","floor":3.0,"gold_loss":0.0,"damage_taken":0.0},{"damage_healed":0.0,"max_hp_gain":5.0,"max_hp_loss":0.0,"gold_gain":0.0,"event_name":"Big Fish","player_choice":"Donut","floor":11.0,"gold_loss":0.0,"damage_taken":0.0}],"is_beta":false,"boss_relics":[{"not_picked":["Abe\u0027s Treasure","Astrolabe"],"picked":"Replay:Ancient Bell"},{"not_picked":["Regal Pillow","Pen Nib"],"picked":"Replay:Mystery Machine"},{"not_picked":["AT_TimeSand","Replay:Bottled Flurry"],"picked":"AT_BellowingDragoncrestRing"},{"not_picked":["StoneCalendar","TungstenRod"],"picked":"Turnip"}],"items_purged_floors":[4,20],"is_endless":false,"potions_floor_spawned":[5,12,13,14,19,22],"killed_by":"Gremlin Leader","ascension_level":1}}