{"host":"35zd3rg5hdduwuuo","time":1612762377,"event":{"mods":["Act Like it!","Arknights","BaseMod","Friendly Minions","Kiyohime（清姬）","Marisa（F雨　魔理沙）","Minty Spire (QoL Compilation)","MostiFishMod","Prisma Mod","Remilia（蕾米莉亚）","Replay The Spire","StSLib","Td1madao Mod","The Animator","The Servant 0.9.4","Waifu the Spire","WarShipGirlsR/战舰少女R mod","Yakumo Yukari mod","Yohane!","Yuyuko","【功能Mod】聪明的最终Boss"],"gold_per_floor":[114,114,189,9,24,24,24,39,39,54,69,69,84,114,114,114,114,129,129,144,144,159,159,189,64,114,29,44,59,74,89,89,189,189,104,9,9,24,24,54,54,69,69,84,84,84,99,114,114,14,14],"floor_reached":50,"language":"ZHS","playtime":4425,"items_purged":["Doubt"],"score":650,"play_id":"863df9e2-1248-40fd-8462-a9428ea479af","local_time":"20210208133257","daily_mods":["Shiny","Uncertain Future","Terminal"],"is_ascension_mode":false,"campfire_choices":[{"data":"ats:Roar Of Ursus","floor":6.0,"key":"SMITH"},{"data":"ats:Rat Pack","floor":12.0,"key":"SMITH"},{"data":"ats:Durian","floor":15.0,"key":"SMITH"},{"data":"ats:Absolute Focus","floor":23.0,"key":"SMITH"},{"data":"ats:Shadow Assault","floor":32,"key":"SMITH"},{"floor":41,"key":"REST"},{"floor":46,"key":"REST"},{"data":"ats:Song Of Battle","floor":49,"key":"SMITH"}],"circlet_count":0,"master_deck":["ats:Rat Pack+1","ats:Disruption Kick","ats:Echo Reverb","ats:Roar Of Ursus+1","ats:Fractured Body","ats:Calcification+1","ats:Ambush","ats:Soul Rend","ats:Nebulous Foxfire","ats:Volcano","ats:Shadow Assault+1","ats:Durian+1","ats:True Silver Slash","ats:Dogmatic Field","ats:Wolf Pack+1","ats:Mental Burst","ats:Absolute Focus+1","ats:Very Hot Blade","ats:Cat Scratch+1","ats:Curse Doll+1","ReplayTheSpireMod:IOU","ats:Very Hot Blade+1","ats:Blood Oath+1","ats:Very Hot Blade+1","ats:Wolf Pack+1","Wraith","ats:Very Hot Blade+1","ReplayTheSpireMod:IOU","ReplayTheSpireMod:IOU","ats:Song Of Battle+1","ats:Ignite+1","Voices","ats:Leaping Hammer+1"],"relics":["ats:Sanity Plus","DaveBox","OriginationStaff","SynthV:TestCard","Replay:Wax Seal","Mummified Hand","Happy Flower","ats:Originium","Letter Opener","NightmareShop","FaceOfCleric","Gremlin Food","ats:Assault","Durian","Replay:Rubber Ducky","CaptainsWheel","Counterbalance","DaCapo","Orichalcum","Ring of Hypnosis","Ring of Panic"],"acts_visited":["Exordium","TheCity","TheBeyond"],"potions_floor_usage":[33,38,40,40,40,50],"damage_taken":[{"damage":12.0,"enemies":"ats:Genji","floor":1.0,"turns":7.0},{"damage":5.0,"enemies":"Small Slimes","floor":5.0,"turns":4.0},{"damage":0.0,"enemies":"2 Louse","floor":8.0,"turns":1.0},{"damage":5.0,"enemies":"Gremlin Gang","floor":10.0,"turns":4.0},{"damage":4.0,"enemies":"Large Slime","floor":11.0,"turns":5.0},{"damage":16.0,"enemies":"Blue Slaver","floor":13.0,"turns":4.0},{"damage":8.0,"enemies":"Lagavulin","floor":14.0,"turns":5.0},{"damage":70.0,"enemies":"Fading Forest","floor":16.0,"turns":10.0},{"damage":2.0,"enemies":"Spheric Guardian","floor":18.0,"turns":3.0},{"damage":5.0,"enemies":"Chosen","floor":20.0,"turns":4.0},{"damage":7.0,"enemies":"3 Cultists","floor":22.0,"turns":4.0},{"damage":31.0,"enemies":"Replay:Snechameleon","floor":24.0,"turns":6.0},{"damage":11.0,"enemies":"Snake Plant","floor":27.0,"turns":5.0},{"damage":10,"enemies":"Centurion and Healer","floor":28,"turns":4},{"damage":0,"enemies":"Snecko","floor":29,"turns":4},{"damage":0,"enemies":"Shelled Parasite and Fungi","floor":30,"turns":2},{"damage":2,"enemies":"Centurion and Healer","floor":31,"turns":5},{"damage":29,"enemies":"Pondfish","floor":33,"turns":9},{"damage":26,"enemies":"3 Darklings","floor":35,"turns":6},{"damage":54,"enemies":"2 Orb Walkers","floor":36,"turns":5},{"damage":13,"enemies":"3 Shapes","floor":38,"turns":4},{"damage":21,"enemies":"Nemesis","floor":40,"turns":8},{"damage":15,"enemies":"Spire Growth","floor":42,"turns":6},{"damage":15,"enemies":"4 Shapes","floor":44,"turns":2},{"damage":0,"enemies":"Jaw Worm Horde","floor":47,"turns":3},{"damage":15,"enemies":"Sphere and 2 Shapes","floor":48,"turns":5},{"damage":94,"enemies":"Replay:Hell Engine","floor":50,"turns":14}],"seed_played":"-2425098010432476902","potions_obtained":[{"floor":1.0,"key":"Block Potion"},{"floor":10.0,"key":"Fire Potion"},{"floor":13.0,"key":"Elixir"},{"floor":14.0,"key":"ats:Burn Big Potion"},{"floor":16.0,"key":"AttackPotion"},{"floor":27.0,"key":"Ancient Potion"},{"floor":29,"key":"SkillPotion"},{"floor":30,"key":"PanachePotion"},{"floor":33,"key":"Block Potion"},{"floor":38,"key":"Languid Potion"},{"floor":44,"key":"Energy Potion"}],"is_trial":false,"path_per_floor":["M","?","?","$","M","R","?","M","T","M","M","R","M","E","R","B",null,"M","?","M","?","M","R","E","$","T","M","M","M","M","M","R","B",null,"M","?","?","M","$","E","R","M","T","M","?","R","M","M","R","B"],"character_chosen":"DOCTOR_CLASS","items_purchased":["Replay:Wax Seal","Mummified Hand","ats:Assault","Durian","Counterbalance"],"campfire_rested":2,"item_purchase_floors":[4,4,25,25,39],"current_hp_per_floor":[70,69,58,58,61,61,61,61,61,57,60,59,44,57,56,21,54,52,52,48,48,50,49,39,44,44,38,52,52,52,51,51,51,50,45,27,27,20,20,24,38,47,46,32,32,44,44,44,43,0,0],"gold":14,"neow_bonus":"","is_daily":true,"chose_seed":false,"campfire_upgraded":6,"win_rate":0.0,"timestamp":1612762377,"path_taken":["M","?","?","$","M","R","?","M","T","M","M","R","M","E","R","BOSS","M","?","M","?","M","R","E","$","T","M","M","M","?","M","R","BOSS","M","?","?","M","$","E","R","M","T","M","?","R","M","M","R","BOSS"],"items_purchased_type":["Relic","Relic","Relic","Relic","Relic"],"build_version":"2020-12-22","purchased_purges":1,"victory":false,"max_hp_per_floor":[70,69,68,67,66,65,64,63,62,61,60,59,58,57,56,55,54,53,52,51,50,50,49,49,53,52,52,52,52,52,52,51,51,50,50,50,49,49,48,48,47,47,46,46,45,44,44,44,43,43,43],"card_choices":[{"not_picked":["ats:Powerful Strike","ats:Spore Proliferation"],"picked":"ats:Mental Burst","floor":1.0},{"not_picked":["ats:Poison Spread","ats:Leaping Hammer","ats:Shell Defense","ats:Cat Scratch"],"picked":"ats:Absolute Focus","floor":5.0},{"not_picked":["ats:Shadow Raid","ats:Absolute Focus","ats:Flexible Camouflage","ats:Closed Bolt Burst Fire","ats:Blood Oath"],"picked":"SKIP","floor":8.0},{"not_picked":["ats:Collapsing Strike","ats:Encircling Forest","ats:Cat Scratch","ats:Steam Pump","ats:Shadow Raid"],"picked":"SKIP","floor":10.0},{"not_picked":["ats:Sashimi Platter","ats:Guard Mode","ats:Thorns","ats:Cat Scratch"],"picked":"ats:Very Hot Blade","floor":11.0},{"not_picked":["ats:Closed Bolt Burst Fire","ats:Leaping Hammer","ats:Cat Scratch","ats:Soul Absorption","ats:Directed Diagnosis"],"picked":"SKIP","floor":13.0},{"not_picked":["ats:Rat Pack","ats:Assault Order","ats:Consecutive Shot Auto","ats:Closed Bolt Burst Fire","ats:Shell Defense"],"picked":"SKIP","floor":14.0},{"not_picked":["ats:Rapid Magazine","ats:Guard Mode","ats:Powerful Strike","ats:Spore Proliferation+1"],"picked":"ats:Cat Scratch+1","floor":18.0},{"not_picked":["ats:Very Hot Blade","ats:Magnetic Hammer","ats:Neurotoxin+1","ats:Encircling Forest","ats:Calcification"],"picked":"SKIP","floor":20.0},{"not_picked":["ats:Serious Mode","ats:LN2 Cannon+1","ats:Flexible Camouflage","ats:Red Shift+1"],"picked":"ats:Curse Doll+1","floor":22.0},{"not_picked":["ats:Leaping Hammer","ats:Apocalypse","ats:Cat Scratch","ats:Explosion Area Strengthen","ats:Collapsing Strike+1"],"picked":"SKIP","floor":24.0},{"not_picked":["ats:Flexible Camouflage","ats:Overload+1","ats:Apocalypse","ats:Dogmatic Field"],"picked":"ats:Very Hot Blade+1","floor":27.0},{"not_picked":["ats:Poison Spread","ats:Apocalypse","ats:Spore Proliferation","ats:Flexible Camouflage"],"picked":"ats:Blood Oath+1","floor":28},{"not_picked":["ats:Beaten Up","ats:Red Shift","ats:Overload","ats:Support Order","ats:Cat Scratch+1"],"picked":"SKIP","floor":29},{"not_picked":["ats:Automatic Cover","ats:Poison Spread","ats:Red Shift","ats:Guard Mode","ats:Revitalization"],"picked":"SKIP","floor":30},{"not_picked":["ats:Closed Bolt Burst Fire","ats:Beaten Up","ats:Consecutive Shot Auto","ats:Healing Strengthening"],"picked":"ats:Very Hot Blade+1","floor":31},{"not_picked":["ats:Nebulous Foxfire","ats:Calcification","ats:Echo Reverb","ats:Ambush"],"picked":"ats:Wolf Pack","floor":33},{"not_picked":["ats:Guard Mode","ats:Very Hot Blade+1","ats:Phantom","ats:Revitalization+1","ats:Rapid Magazine+1"],"picked":"SKIP","floor":35},{"not_picked":["ats:Apocalypse+1","ats:Poison Spread+1","ats:Consecutive Shot Auto","ats:Closed Bolt Burst Fire+1"],"picked":"ats:Very Hot Blade+1","floor":38},{"not_picked":["ats:Healing Drone","ats:Hammer On","ats:Apocalypse","ats:Assault Order+1"],"picked":"ats:Song Of Battle","floor":40},{"not_picked":["ats:Hook Shot","ats:Sashimi Platter","ats:Hammer On+1","ats:Charging Defense"],"picked":"ats:Ignite+1","floor":42},{"not_picked":["ats:Revitalization","ats:Curse Doll+1","ats:Hammer On","ats:Explosion Area Strengthen","ats:Leaping Hammer"],"picked":"SKIP","floor":44},{"not_picked":["ats:Poison Spread+1","ats:Explosion Area Strengthen+1","ats:Ignite","ats:Blood Oath","ats:Apocalypse+1"],"picked":"SKIP","floor":47},{"not_picked":["ats:Absolute Focus+1","ats:Curse Doll","ats:Automatic Cover","ats:Shell Defense+1"],"picked":"ats:Leaping Hammer+1","floor":48}],"player_experience":83194,"relics_obtained":[{"floor":1.0,"key":"SynthV:TestCard"},{"floor":9.0,"key":"Happy Flower"},{"floor":14.0,"key":"ats:Originium"},{"floor":14.0,"key":"Letter Opener"},{"floor":24.0,"key":"ats:Originium"},{"floor":24.0,"key":"Gremlin Food"},{"floor":26.0,"key":"Replay:Rubber Ducky"},{"floor":36,"key":"CaptainsWheel"},{"floor":40,"key":"ats:Originium"},{"floor":40,"key":"DaCapo"},{"floor":43,"key":"Orichalcum"},{"floor":45,"key":"Ring of Hypnosis"},{"floor":45,"key":"Ring of Panic"}],"event_choices":[{"damage_healed":0.0,"max_hp_gain":0.0,"max_hp_loss":0.0,"gold_gain":75.0,"event_name":"World of Goop","player_choice":"Gather Gold","floor":3.0,"gold_loss":0.0,"damage_taken":11.0},{"damage_healed":0.0,"max_hp_gain":0.0,"max_hp_loss":0.0,"gold_gain":0.0,"event_name":"Ghosts","player_choice":"Ignored","floor":19.0,"gold_loss":0.0,"damage_taken":0.0},{"damage_healed":0.0,"max_hp_gain":0.0,"max_hp_loss":0.0,"gold_gain":0.0,"event_name":"FaceTrader","player_choice":"Trade","floor":21.0,"gold_loss":0.0,"damage_taken":0.0,"relics_obtained":["FaceOfCleric"]},{"damage_healed":0,"gold_gain":0,"player_choice":"Fight","damage_taken":0,"max_hp_gain":0,"max_hp_loss":0,"event_name":"Mysterious Sphere","floor":36,"gold_loss":0},{"damage_healed":0,"gold_gain":0,"player_choice":"Ignored","damage_taken":0,"max_hp_gain":0,"max_hp_loss":0,"event_name":"OrinTheCat","floor":37,"gold_loss":0}],"is_beta":false,"boss_relics":[{"not_picked":["FixedStarFall","Astrolabe"],"picked":"NightmareShop"},{"not_picked":["TimeKeys","Busted Crown"],"picked":"ats:Sanity Plus"}],"items_purged_floors":[25],"is_endless":false,"potions_floor_spawned":[1,10,13,14,16,27,29,30,33,36,38,44],"killed_by":"Replay:Hell Engine","ascension_level":0}}