{"host":"tj6tjcyqgbd0xj5u","time":1612745774,"event":{"mods":["Aspiration","BaseMod","Better Match","BetterRewards","Challenge The Spire","Conspire","Defuse TimeMaze Blight","Dota2Spire","Downfall","Energized Spire","Evolution","GifTheSpireLib","Good Game Mod","Halation","Hubris","Hyrulean Relics","Infinite Spire","Minty Spire (QoL Compilation)","Reliquary","Replay The Spire","Reworked Bosses","Spikes Relics","StS++","StSLib","Stuff the Spire"],"gold_per_floor":[111,130,193,193,112,112,142,162,240,240,250,279,130,165,165,165,165],"floor_reached":16,"language":"ENG","playtime":576,"items_purged":[],"score":153,"play_id":"a3fdc003-f6b1-422d-8cde-2345ab385776","local_time":"20210207205614","is_ascension_mode":true,"campfire_choices":[{"data":"True Grit","floor":6,"key":"SMITH"},{"floor":10,"key":"REST"},{"floor":15,"key":"REST"}],"circlet_count":0,"master_deck":["StSpp:TheBiggerTheyAre","StSpp:TheBiggerTheyAre","StSpp:TheBiggerTheyAre","Strike_R","Strike_R","Defend_R","Defend_R+1","Defend_R","Defend_R+1","Bash","Juggernaut","Wild Strike","Twin Strike+1","True Grit+1","Absolvement+1","Sword Boomerang","Slimebound:FlameTackle","Sentinel","ReplayTheSpireMod:Strike From Hell"],"relics":["Burning Blood","EVO:Axolotl","REME:ComplimentaryCards","aspiration:Nostalgia","m_BurningSludge","reliquary:Buckler","Gremlin Horn","Blue Candle","Dota2Spire:AghanimScepter","Quantum Egg","Simple Rune","Garlic"],"acts_visited":["Exordium"],"potions_floor_usage":[7,11,16,16],"damage_taken":[{"damage":14,"enemies":"Jaw Worm","floor":1,"turns":5},{"damage":12,"enemies":"conspire:RoseBush","floor":2,"turns":3},{"damage":31,"enemies":"Lagavulin","floor":7,"turns":5},{"damage":0,"enemies":"Small Slimes","floor":8,"turns":3},{"damage":3,"enemies":"2 Fungi Beasts","floor":11,"turns":2},{"damage":13,"enemies":"3 Sentries","floor":12,"turns":4},{"damage":36,"enemies":"Lagavulin","floor":14,"turns":5},{"damage":53,"enemies":"The Guardian","floor":16,"turns":6}],"seed_played":"4056649749027324683","potions_obtained":[{"floor":3,"key":"LiquidBronze"},{"floor":3,"key":"Elixir"},{"floor":8,"key":"LifebloodPotion"},{"floor":14,"key":"AttackPotion"}],"is_trial":false,"path_per_floor":["M","M","?","?","$","R","E","M","T","R","M","E","$","E","R","B"],"character_chosen":"IRONCLAD","items_purchased":["True Grit","Absolvement","Simple Rune"],"campfire_rested":2,"item_purchase_floors":[5,5,13],"current_hp_per_floor":[64,58,58,55,55,55,30,36,36,60,63,56,56,26,50,0,0],"gold":165,"neow_bonus":"NOSTALGIA","is_daily":false,"chose_seed":false,"campfire_upgraded":1,"win_rate":0.0,"timestamp":1612745774,"path_taken":["M","M","?","?","$","R","E","M","T","R","M","E","$","E","R","BOSS"],"items_purchased_type":["Card","Card","Relic"],"build_version":"2020-12-22","purchased_purges":0,"victory":false,"max_hp_per_floor":[80,80,80,80,80,80,80,80,80,80,80,80,80,80,80,80,80],"card_choices":[{"not_picked":["Anger","StuffTheSpire:Slingshot"],"picked":"Wild Strike","floor":1},{"not_picked":["hubris:ReadiedAction","Flex","StSpp:Sprint"],"picked":"SKIP","floor":2},{"not_picked":["StSpp:Succumb","Shockwave"],"picked":"Twin Strike","floor":3},{"not_picked":["Flame Barrier","StuffTheSpire:RagingBull"],"picked":"Sword Boomerang","floor":7},{"not_picked":["Feel No Pain","Thunderclap"],"picked":"Slimebound:FlameTackle","floor":8},{"not_picked":["Clothesline","Run Through","Bloodletting"],"picked":"SKIP","floor":11},{"not_picked":["Pummel","Anger"],"picked":"Sentinel","floor":12},{"not_picked":["Ghostly Armor","Body Slam"],"picked":"ReplayTheSpireMod:Strike From Hell","floor":14}],"player_experience":130560,"relics_obtained":[{"floor":3,"key":"reliquary:Buckler"},{"floor":7,"key":"Blue Candle"},{"floor":9,"key":"Dota2Spire:AghanimScepter"},{"floor":12,"key":"Quantum Egg"},{"floor":14,"key":"Garlic"}],"event_choices":[{"damage_healed":0,"gold_gain":0,"player_choice":"Success","damage_taken":3,"relics_obtained":["Gremlin Horn"],"max_hp_gain":0,"max_hp_loss":0,"event_name":"Scrap Ooze","floor":4,"gold_loss":0}],"is_beta":false,"boss_relics":[],"items_purged_floors":[],"is_endless":false,"potions_floor_spawned":[8,14],"killed_by":"The Guardian","ascension_level":6}}