{"host":"8anmd7ibyxevnonj","time":1612799919,"event":{"mods":["BaseMod","Curses Come First","Downfall","Minty Spire (QoL Compilation)","StSLib"],"gold_per_floor":[0,11,11,23,23,33,33,46,61,46,46,61,61,87,107,211,211,211,229,255,255,265,265,265,265,297,297,312,312,56,67,87,87,87,87],"floor_reached":33,"language":"ENG","playtime":2344,"items_purged":[],"score":293,"play_id":"8bd1e5f2-3072-46cc-af48-e982b54980c4","local_time":"20210208165839","is_ascension_mode":false,"campfire_choices":[{"data":"Guardian:TwinSlam","floor":1,"key":"SMITH"},{"data":"Guardian:StasisStrike","floor":11,"key":"SMITH"},{"data":"Guardian:Repulse","floor":13,"key":"SMITH"},{"data":"Guardian:DonusPower","floor":18,"key":"SMITH"},{"data":"Guardian:DecasProtection","floor":23,"key":"SMITH"},{"data":"Guardian:PiercingHide","floor":25,"key":"SMITH"},{"floor":27,"key":"REST"}],"circlet_count":0,"master_deck":["Guardian:Strike_Guardian","Guardian:Strike_Guardian+1","Guardian:Strike_Guardian+1","Guardian:Strike_Guardian","Guardian:Defend_Guardian","Guardian:Defend_Guardian","Guardian:Defend_Guardian","Guardian:Defend_Guardian","Guardian:CurlUp","Guardian:TwinSlam+1","Guardian:PiercingHide+1","Guardian:Suspension","Guardian:StasisStrike+1","Guardian:Repulse+1","Guardian:SpikerProtocol","Guardian:DonusPower+1","Guardian:MultiBeam","Guardian:RevengeProtocol","Guardian:DecasProtection+1","Guardian:Recover+1","Guardian:Recover","Guardian:BronzeOrb+1","Guardian:TemporalShield+1","Guardian:FloatingOrbs","Guardian:SphericShield","Guardian:ArmoredProtocol+1"],"relics":["Guardian:ModeShifter","Spirit Poop","Meat on the Bone","Bottled Lightning","Black Star","Red Mask","Whetstone","Gambling Chip","Nunchaku","Mummified Hand"],"acts_visited":["Exordium","TheCity"],"potions_floor_usage":[19,28],"damage_taken":[{"damage":1,"enemies":"2 Louse","floor":2,"turns":2},{"damage":8,"enemies":"Cultist","floor":4,"turns":4},{"damage":0,"enemies":"Small Slimes","floor":6,"turns":4},{"damage":6,"enemies":"3 Louse","floor":8,"turns":4},{"damage":10,"enemies":"Lots of Slimes","floor":9,"turns":4},{"damage":4,"enemies":"downfall:FleeingMerchant","floor":10,"turns":4},{"damage":5,"enemies":"2 Fungi Beasts","floor":12,"turns":4},{"damage":7,"enemies":"Gremlin Nob","floor":14,"turns":5},{"damage":15,"enemies":"Exordium Thugs","floor":15,"turns":6},{"damage":44,"enemies":"IC_STATUS_ARCHETYPE","floor":16,"turns":12},{"damage":10,"enemies":"3 Byrds","floor":19,"turns":5},{"damage":34,"enemies":"Masked Bandits","floor":20,"turns":6},{"damage":5,"enemies":"Shell Parasite","floor":22,"turns":7},{"damage":34,"enemies":"Gremlin Leader","floor":26,"turns":11},{"damage":13,"enemies":"Snake Plant","floor":28,"turns":4},{"damage":0,"enemies":"downfall:FleeingMerchant","floor":30,"turns":4},{"damage":8,"enemies":"Shelled Parasite and Fungi","floor":31,"turns":6},{"damage":15,"enemies":"Centurion and Healer","floor":32,"turns":7},{"damage":56,"enemies":"DF_ARCHETYPE_CLAW","floor":33,"turns":8}],"seed_played":"-3220106036594254389","potions_obtained":[{"floor":4,"key":"Guardian:BlockOnCardUsePotion"},{"floor":8,"key":"GamblersBrew"},{"floor":9,"key":"Energy Potion"},{"floor":12,"key":"Strength Potion"},{"floor":16,"key":"Block Potion"},{"floor":20,"key":"FearPotion"},{"floor":21,"key":"Slimebound:ThreeZeroPotion"},{"floor":32,"key":"Ancient Potion"}],"is_trial":false,"path_per_floor":["R","M","?","M","?","M","T","M","M","$","R","M","R","E","M","B",null,"R","M","?","?","M","R","T","R","E","R","M","?","$","M","M","B"],"character_chosen":"GUARDIAN","items_purchased":["Mummified Hand"],"campfire_rested":1,"item_purchase_floors":[30],"current_hp_per_floor":[96,95,105,97,97,97,97,91,81,77,77,72,72,65,62,30,106,106,96,62,62,57,57,57,57,35,66,65,50,62,54,51,0,0,0],"gold":87,"neow_bonus":"TWENTY_PERCENT_HP_BONUS","is_daily":false,"chose_seed":false,"campfire_upgraded":6,"win_rate":0.0,"timestamp":1612799919,"path_taken":["R","M","?","M","?","M","T","M","?","$","R","M","R","E","M","BOSS","R","M","?","?","?","R","T","R","E","R","M","?","$","M","M","BOSS"],"items_purchased_type":["Relic"],"build_version":"2020-12-13","purchased_purges":0,"victory":false,"max_hp_per_floor":[96,96,106,106,106,106,106,106,106,106,106,106,106,106,106,106,106,106,106,106,106,106,106,106,106,106,106,106,106,106,106,106,106,106,106],"card_choices":[{"not_picked":["Guardian:Planning","Guardian:CrystalBeam"],"picked":"Guardian:Gem_Green","floor":2},{"not_picked":["Guardian:CrystalBeam","Guardian:RefractedBeam"],"picked":"Guardian:PiercingHide","floor":4},{"not_picked":["Guardian:PrismaticBarrier","Guardian:Harden"],"picked":"Guardian:Suspension","floor":6},{"not_picked":["Guardian:Orbwalk","Guardian:ArmoredProtocol"],"picked":"Guardian:StasisStrike","floor":8},{"not_picked":["Guardian:Gem_Blue","Guardian:ArmoredProtocol"],"picked":"Guardian:Repulse","floor":9},{"not_picked":["Guardian:VentSteam","Guardian:Gem_Red"],"picked":"Guardian:Gem_Purple","floor":10},{"not_picked":["Guardian:Gem_Yellow","Guardian:Incinerate"],"picked":"Guardian:SpikerProtocol","floor":12},{"not_picked":["Guardian:ChargeCore","Guardian:GuardianWhirl"],"picked":"Guardian:DonusPower","floor":14},{"not_picked":["Guardian:Suspension","Guardian:TemporalShield"],"picked":"Guardian:MultiBeam","floor":15},{"not_picked":["Guardian:HyperBeam_Guardian","Guardian:TimeSifter"],"picked":"Guardian:RevengeProtocol","floor":16},{"not_picked":["Guardian:VentSteam","Guardian:ShieldCharger"],"picked":"Guardian:DecasProtection","floor":19},{"not_picked":["Guardian:TemporalShield","Guardian:TimeBomb"],"picked":"Guardian:Recover+1","floor":20},{"not_picked":["Guardian:DecasProtection","Guardian:Gem_Lightblue"],"picked":"Guardian:Recover","floor":22},{"not_picked":["Guardian:CrystalBeam","Guardian:BodySlam+1"],"picked":"Guardian:BronzeOrb+1","floor":26},{"not_picked":["Guardian:Repulse","Guardian:CrystalBeam"],"picked":"Guardian:TemporalShield+1","floor":28},{"not_picked":["Guardian:Gem_Lightblue","Guardian:PrimingBeam"],"picked":"Guardian:FloatingOrbs","floor":30},{"not_picked":["Guardian:Gem_White","Guardian:MultiBeam"],"picked":"Guardian:SphericShield","floor":31},{"not_picked":["Guardian:Gem_Crimson","Guardian:Suspension"],"picked":"Guardian:ArmoredProtocol+1","floor":32}],"player_experience":94344,"relics_obtained":[{"floor":7,"key":"Meat on the Bone"},{"floor":14,"key":"Bottled Lightning"},{"floor":20,"key":"Red Mask"},{"floor":24,"key":"Whetstone"},{"floor":26,"key":"Gambling Chip"},{"floor":26,"key":"Nunchaku"}],"event_choices":[{"damage_healed":0,"gold_gain":0,"player_choice":"Box","damage_taken":0,"relics_obtained":["Pear"],"max_hp_gain":0,"max_hp_loss":0,"event_name":"Big Fish","floor":3,"gold_loss":0,"cards_obtained":["Regret"]},{"cards_removed":["Regret"],"damage_healed":0,"gold_gain":0,"player_choice":"Offered Curse","damage_taken":0,"relics_obtained":["Spirit Poop"],"max_hp_gain":0,"max_hp_loss":0,"event_name":"Bonfire Elementals","floor":5,"gold_loss":0},{"damage_healed":0,"gold_gain":0,"player_choice":"Fought Bandits","damage_taken":0,"max_hp_gain":0,"max_hp_loss":0,"event_name":"Masked Bandits","floor":20,"gold_loss":0}],"is_beta":false,"boss_relics":[{"not_picked":["Sozu","Philosopher\u0027s Stone"],"picked":"Black Star"}],"items_purged_floors":[],"is_endless":false,"potions_floor_spawned":[4,8,9,12,15,16,20,22,32],"killed_by":"DF_ARCHETYPE_CLAW","ascension_level":0}}