{"host":"a1eatafr7pisesky","time":1612785031,"event":{"mods":["AchievementEnabler","BaseMod","Colored Map","Keyboard Shortcuts","Minty Spire (QoL Compilation)","Say the Spire","StSLib","SuperFastMode","everything is the same but u backflip on backflip"],"gold_per_floor":[367,379,46,46,58,93,93,113,113,13,26,26,64,64,64,64,64],"floor_reached":16,"language":"KOR","playtime":305,"items_purged":["Injury","Defend_B"],"score":193,"play_id":"10e83d98-ec0b-4599-bbd4-7d117ae94e88","local_time":"20210208205031","is_ascension_mode":true,"campfire_choices":[{"floor":12.0,"key":"REST"},{"data":"Glacier","floor":15.0,"key":"SMITH"}],"circlet_count":0,"master_deck":["AscendersBane","Strike_B","Strike_B","Strike_B","Defend_B","Defend_B","Defend_B","Zap","Dualcast","Glacier+1","Darkness","Cold Snap","Sweeping Beam","White Noise","Glacier","Aggregate"],"relics":["Cracked Core","Question Card","Dead Branch","WingedGreaves","CeramicFish"],"acts_visited":["Exordium"],"potions_floor_usage":[16,16],"damage_taken":[{"damage":1.0,"enemies":"2 Louse","floor":1.0,"turns":2.0},{"damage":11.0,"enemies":"Jaw Worm","floor":2.0,"turns":4.0},{"damage":0.0,"enemies":"Cultist","floor":5.0,"turns":3.0},{"damage":24.0,"enemies":"Gremlin Nob","floor":6.0,"turns":5.0},{"damage":2.0,"enemies":"Blue Slaver","floor":8.0,"turns":4.0},{"damage":22.0,"enemies":"Lots of Slimes","floor":11.0,"turns":4.0},{"damage":10.0,"enemies":"3 Sentries","floor":13.0,"turns":6.0},{"damage":30,"enemies":"The Guardian","floor":16,"turns":2}],"seed_played":"-1033345955290581134","potions_obtained":[{"floor":2.0,"key":"PowerPotion"},{"floor":6.0,"key":"Swift Potion"},{"floor":13.0,"key":"Fire Potion"},{"floor":14.0,"key":"Fruit Juice"},{"floor":14.0,"key":"PotionOfCapacity"}],"is_trial":false,"path_per_floor":["M","M","$","?","M","E","T","M","T","$","M","R","E","?","R","B"],"character_chosen":"DEFECT","items_purchased":["Question Card"],"campfire_rested":1,"item_purchase_floors":[3],"current_hp_per_floor":[63,52,52,52,52,28,28,26,26,26,4,25,15,20,20,0,0],"gold":64,"neow_bonus":"TWO_FIFTY_GOLD","is_daily":false,"chose_seed":false,"campfire_upgraded":1,"win_rate":0.0,"timestamp":1612785031,"path_taken":["M","M","$","?","M","E","?","M","T","?","?","R","E","?","R","BOSS"],"items_purchased_type":["Relic"],"build_version":"2020-12-22","purchased_purges":2,"victory":false,"max_hp_per_floor":[71,71,71,71,71,71,71,71,71,71,71,71,71,76,76,76,76],"card_choices":[{"not_picked":["Stack","Auto Shields","Redo"],"picked":"SKIP","floor":1.0},{"not_picked":["Aggregate","Leap"],"picked":"Glacier","floor":2.0},{"not_picked":["Compile Driver","Turbo","Hologram"],"picked":"Cold Snap","floor":5.0},{"not_picked":["Conserve Battery","Storm","Hyperbeam"],"picked":"Sweeping Beam","floor":6.0},{"not_picked":["Consume","Gash","Beam Cell"],"picked":"White Noise","floor":8.0},{"not_picked":["Gash","Steam Power","Rebound"],"picked":"Glacier","floor":11.0},{"not_picked":["Streamline","Compile Driver","Hello World"],"picked":"Aggregate","floor":13.0}],"player_experience":423388,"relics_obtained":[{"floor":6.0,"key":"Dead Branch"},{"floor":7.0,"key":"WingedGreaves"},{"floor":13.0,"key":"CeramicFish"}],"event_choices":[{"damage_healed":0.0,"max_hp_gain":0.0,"max_hp_loss":0.0,"gold_gain":0.0,"cards_transformed":["Strike_B"],"event_name":"Living Wall","player_choice":"Change","floor":4.0,"gold_loss":0.0,"damage_taken":0.0,"cards_obtained":["Darkness"]},{"damage_healed":0.0,"max_hp_gain":0.0,"max_hp_loss":0.0,"gold_gain":0.0,"event_name":"Lab","player_choice":"Got Potions","floor":14.0,"gold_loss":0.0,"damage_taken":0.0}],"is_beta":false,"boss_relics":[],"items_purged_floors":[3,10],"is_endless":false,"potions_floor_spawned":[2,6,13],"killed_by":"The Guardian","ascension_level":15}}