{"host":"dtz8fhk52srfoofc","time":1612780726,"event":{"mods":["2.2 Compatiblity","AchievementEnabler","Aspiration","BaseMod","Beaked The Cultist","Better Altar","Better Match","Better Note","Better Sensory Stone","Better Third Choice","BetterRewards","Colored Map","Colored Powertips","Energized Spire","Gold Saver","Gremlin Skip","Highlight Path","Infinite Spire","Minty Spire (QoL Compilation)","Permanent Neow","Quick Restart","Rare Cards Sparkle","Remove Card Discount Mod","Shop Mod","Somnambulant","Spicy Shops","StSLib","Steal the Spire","The Mystic","The Wild Card","TheHero","Transform Curses","Unceasing Turn Reminder","everything is the same but u backflip on backflip"],"gold_per_floor":[755,25,79,91,109,109,128,128,128,128,148,167,188,205,205,316,316,332,6,25,44,67,67,93,93,93,114,114,125,125,144,144,253,253,270,283,299,301,301,301,301,330,403,427,43,55,55,66,66,164,164,164],"floor_reached":51,"language":"ENG","playtime":4415,"items_purged":["Clumsy","Writhe"],"score":679,"play_id":"b86b6bb2-27aa-4f7f-b52d-993b5b0f517c","local_time":"20210208043846","is_ascension_mode":false,"campfire_choices":[{"data":"animeID:SkinnyGum","floor":6.0,"key":"SMITH"},{"data":"animeID:Bakugo","floor":8.0,"key":"SMITH"},{"data":"animeID:ToruHagakure","floor":10.0,"key":"SMITH"},{"data":"animeID:TodorokiShoto","floor":15.0,"key":"SMITH"},{"data":"animeID:FullCowl","floor":23.0,"key":"SMITH"},{"floor":28.0,"key":"REST"},{"data":"animeID:RedRiot","floor":32.0,"key":"SMITH"},{"data":"animeID:Hawks","floor":40,"key":"SMITH"},{"floor":49,"key":"REST"}],"circlet_count":0,"master_deck":["animeID:Deku","animeID:Bakugo+1","animeID:Smash","animeID:Smash","animeID:Smash","animeID:Smash","animeID:DefendMH","animeID:DefendMH","animeID:DefendMH","animeID:Mezo","animeID:SkinnyGum+1","animeID:HowitzerImpact","animeID:DelawareSmash","animeID:Cementoss","animeID:ToruHagakure+1","animeID:DetroitDelaware","animeID:TodorokiShoto+1","animeID:Uraraka","animeID:Twice","animeID:RedRiot+1","animeID:TodorokiShoto+1","animeID:FullCowl+1","animeID:Rappa","animeID:Mina","animeID:DelawareSmash","animeID:Kendo+1","animeID:Mina+1","animeID:FatGum","animeID:TetsuTetsu","animeID:EraserHead+1","infinitespire:Fortify","infinitespire:Punishment","animeID:Twice+1","animeID:Hawks+1","animeID:TetsuTetsu+1","animeID:ShootStyle","animeID:DelawareSmash+1","infinitespire:Collect","animeID:Kirishima+1","Necronomicurse","animeID:Twice+1","animeID:Tengai+1","animeID:Hawks"],"relics":["Nunchaku","aspiration:HummingbirdHeart","aspiration:Lifesprig","infinitespire:EmpoweringShard","infinitespire:PuzzleCube","somnambulantmod: DreamJournal","Champion Belt","Unceasing Top","Mark of Pain","Toolbox","Brimstone","aspiration:RitualStick","betterThird:SlimedRelic","Necronomicon","Ring of the Snake","infinitespire:Lychee Nut","Orichalcum","infinitespire:Chaos","Ice Cream","aspiration:FetidBarrel","aspiration:RunicSpoon"],"acts_visited":["Exordium","TheCity","TheBeyond","Exordium"],"potions_floor_usage":[50],"damage_taken":[{"damage":5.0,"enemies":"Cultist","floor":1.0,"turns":4.0},{"damage":0.0,"enemies":"Jaw Worm","floor":4.0,"turns":2.0},{"damage":2.0,"enemies":"Small Slimes","floor":5.0,"turns":3.0},{"damage":0.0,"enemies":"Exordium Wildlife","floor":7.0,"turns":3.0},{"damage":0.0,"enemies":"2 Fungi Beasts","floor":11.0,"turns":2.0},{"damage":0.0,"enemies":"3 Louse","floor":12.0,"turns":2.0},{"damage":2.0,"enemies":"Blue Slaver","floor":13.0,"turns":3.0},{"damage":8.0,"enemies":"Exordium Thugs","floor":14.0,"turns":3.0},{"damage":15.0,"enemies":"The Guardian","floor":16.0,"turns":7.0},{"damage":0.0,"enemies":"Spheric Guardian","floor":18.0,"turns":6.0},{"damage":27.0,"enemies":"2 Thieves","floor":20.0,"turns":4.0},{"damage":6.0,"enemies":"Snecko","floor":21.0,"turns":5.0},{"damage":19.0,"enemies":"3 Cultists","floor":22.0,"turns":4.0},{"damage":27.0,"enemies":"Chosen and Byrds","floor":24.0,"turns":5.0},{"damage":12.0,"enemies":"Cultist and Chosen","floor":27.0,"turns":5.0},{"damage":0.0,"enemies":"3 Cultists","floor":29.0,"turns":6.0},{"damage":3.0,"enemies":"Centurion and Healer","floor":31.0,"turns":4.0},{"damage":52.0,"enemies":"Automaton","floor":33.0,"turns":8.0},{"damage":0,"enemies":"3 Darklings","floor":35,"turns":7},{"damage":0,"enemies":"3 Shapes","floor":36,"turns":4},{"damage":0,"enemies":"Spire Growth","floor":37,"turns":5},{"damage":0,"enemies":"Nightmare","floor":42,"turns":9},{"damage":12,"enemies":"Sphere and 2 Shapes","floor":44,"turns":5},{"damage":0,"enemies":"4 Shapes","floor":46,"turns":4},{"damage":0,"enemies":"3 Darklings","floor":48,"turns":4},{"damage":8,"enemies":"Time Eater","floor":50,"turns":6}],"seed_played":"8209160671682700146","potions_obtained":[{"floor":1.0,"key":"LiquidMemories"},{"floor":4.0,"key":"EssenceOfSteel"},{"floor":5.0,"key":"SpeedPotion"},{"floor":21.0,"key":"PowerPotion"},{"floor":22.0,"key":"Energy Potion"},{"floor":25.0,"key":"EntropicBrew"},{"floor":25.0,"key":"LiquidMemories"},{"floor":27.0,"key":"AttackPotion"},{"floor":29.0,"key":"Fire Potion"},{"floor":46,"key":"SpeedPotion"},{"floor":48,"key":"Explosive Potion"},{"floor":50,"key":"Block Potion"}],"is_trial":false,"path_per_floor":["M","$","T","M","M","R","M","R","T","R","M","M","M","M","R","B",null,"M","$","M","M","M","R","M","?","T","M","R","M","AVR","M","R","B",null,"M","M","M","?","?","R","?","NM","T","M","$","M","T","M","R","B",null],"character_chosen":"THE_HERO","items_purchased":["ClockworkSouvenir","animeID:SkinnyGum","animeID:HowitzerImpact","infinitespire:Midas Blood","Oddly Smooth Stone","HornCleat","Boot","animeID:FullCowl","animeID:Rappa","animeID:Mina","infinitespire:Chaos","Ice Cream"],"campfire_rested":2,"item_purchase_floors":[2,2,2,2,2,2,19,19,19,19,45,45],"current_hp_per_floor":[75,75,75,75,75,75,75,75,75,75,75,75,75,75,75,68,75,75,75,56,60,51,51,34,34,34,33,55,73,73,75,75,31,75,75,75,75,59,59,59,75,75,75,75,56,56,56,56,58,53,58,58],"gold":164,"neow_bonus":"NOSTALGIA","is_daily":false,"chose_seed":false,"campfire_upgraded":7,"win_rate":0.0,"timestamp":1612780726,"path_taken":["M","$","?","M","M","R","M","R","T","R","M","?","M","M","R","BOSS","M","$","M","M","M","R","M","?","T","M","R","M","AVR","M","R","BOSS","M","M","M","?","?","R","?","NM","T","?","?","?","?","M","R","BOSS"],"items_purchased_type":["Relic","Card","Card","Relic","Relic","Relic","Relic","Card","Card","Card","Relic","Relic"],"build_version":"2020-12-22","purchased_purges":2,"victory":false,"max_hp_per_floor":[75,75,75,75,75,75,75,75,75,75,75,75,75,75,75,75,75,75,75,75,75,75,75,75,75,75,75,75,75,75,75,75,75,75,75,75,75,75,75,75,75,75,75,75,56,56,56,56,58,58,58,58],"card_choices":[{"not_picked":["animeID:EraserHead","animeID:HighFive"],"picked":"animeID:Mezo","floor":1.0},{"not_picked":["animeID:Mineta","animeID:Nomu"],"picked":"animeID:DelawareSmash","floor":4.0},{"not_picked":["animeID:Kurono","animeID:Muscular"],"picked":"animeID:Cementoss","floor":5.0},{"not_picked":["animeID:Kirishima","animeID:Momo"],"picked":"animeID:ToruHagakure","floor":7.0},{"not_picked":["animeID:Kirishima","animeID:Deku"],"picked":"animeID:DetroitDelaware","floor":11.0},{"not_picked":["animeID:ToruHagakure","animeID:DelawareSmash"],"picked":"animeID:TodorokiShoto","floor":12.0},{"not_picked":["animeID:DelawareSmash","animeID:EraserHead"],"picked":"animeID:Uraraka","floor":13.0},{"not_picked":["animeID:Cementoss","animeID:Mina"],"picked":"animeID:Twice","floor":14.0},{"not_picked":["animeID:Shigaraki","animeID:PlusUltra"],"picked":"animeID:RedRiot","floor":16.0},{"not_picked":["animeID:Stain","animeID:Aoyama"],"picked":"animeID:TodorokiShoto","floor":18.0},{"not_picked":["animeID:Kendo+1","animeID:Tengai+1"],"picked":"animeID:DelawareSmash","floor":20.0},{"not_picked":["animeID:Muscular","animeID:Aoyama"],"picked":"animeID:Kendo+1","floor":21.0},{"not_picked":["animeID:Uraraka","animeID:SkinnyGum"],"picked":"animeID:Mina+1","floor":22.0},{"not_picked":["animeID:DelawareSmash+1","animeID:Iida"],"picked":"animeID:FatGum","floor":24.0},{"not_picked":["animeID:Deku","animeID:Twice"],"picked":"animeID:TetsuTetsu","floor":27.0},{"not_picked":["animeID:Tengai","animeID:Ojiro"],"picked":"animeID:EraserHead+1","floor":29.0},{"not_picked":["animeID:MirioTogata","animeID:Muscular+1"],"picked":"animeID:Twice+1","floor":31.0},{"not_picked":["animeID:PresentMic","animeID:RedRiot"],"picked":"animeID:Hawks","floor":33.0},{"not_picked":["animeID:Ojiro+1","animeID:Mezo"],"picked":"animeID:TetsuTetsu+1","floor":35},{"not_picked":["animeID:Mina","animeID:Aoyama+1"],"picked":"animeID:ShootStyle","floor":36},{"not_picked":["animeID:Nomu+1","animeID:Momo"],"picked":"animeID:DelawareSmash+1","floor":37},{"not_picked":["infinitespire:Starlight","infinitespire:UltimateForm"],"picked":"infinitespire:Collect","floor":38},{"not_picked":["animeID:ShootStyle","animeID:Twice+1"],"picked":"animeID:Kirishima+1","floor":42},{"not_picked":["animeID:Mineta","animeID:GranTorino","animeID:Tomura+1"],"picked":"SKIP","floor":44},{"not_picked":["animeID:MtLady+1","animeID:Ojiro+1"],"picked":"animeID:Twice+1","floor":46},{"not_picked":["animeID:Kirishima","animeID:GranTorino"],"picked":"animeID:Tengai+1","floor":48},{"not_picked":["animeID:Chisaki","animeID:Eri"],"picked":"animeID:Hawks","floor":50}],"player_experience":201595,"relics_obtained":[{"floor":3.0,"key":"Lantern"},{"floor":9.0,"key":"TungstenRod"},{"floor":26.0,"key":"Incense Burner"},{"floor":42,"key":"Bottled Lightning"},{"floor":43,"key":"aspiration:FrozenJewel"},{"floor":47,"key":"aspiration:FetidBarrel"}],"event_choices":[{"damage_healed":0.0,"max_hp_gain":0.0,"max_hp_loss":0.0,"gold_gain":0.0,"event_name":"Lab","player_choice":"Got Potions","floor":25.0,"gold_loss":0.0,"damage_taken":0.0},{"cards_removed":["animeID:DefendMH"],"damage_healed":0,"gold_gain":0,"player_choice":"Removed Skill","damage_taken":0,"max_hp_gain":0,"max_hp_loss":0,"event_name":"Falling","floor":39,"gold_loss":0},{"damage_healed":19,"gold_gain":0,"player_choice":"Writhe","damage_taken":0,"max_hp_gain":0,"max_hp_loss":0,"event_name":"Winding Halls","floor":41,"gold_loss":0,"cards_obtained":["Writhe"]}],"is_beta":false,"boss_relics":[{"not_picked":["aspiration:DefectSkillbook","energizedSpire:EnergizedDie"],"picked":"energizedSpire:MagnifyingGlass"},{"not_picked":["beaked:SacredDeck","aspiration:RitualDagger"],"picked":"Sozu"},{"not_picked":["Snecko Eye","energizedSpire:RedRose"],"picked":"aspiration:RunicSpoon"}],"items_purged_floors":[2,45],"is_endless":true,"potions_floor_spawned":[1,4,5,13,20,21,22,27,29,37,42,46,48,50],"ascension_level":0}}