{"host":"qgrlfjrqk9z96gfi","time":1612753034,"event":{"mods":["BaseMod","Block Reminder","Colored Map","Custom Start","DeckTracker","Minty Spire (QoL Compilation)"],"gold_per_floor":[116,76,51,201,276,306,306,336,389,407,438,22,91,106,106,179,179,156,173,173,199,226,257,257,283,309,324,324,336,346,357,357,431,431,450,465,41,58,58,58,93,107,133,146,95,128,146,126,126,126,126],"floor_reached":50,"language":"ENG","playtime":2070,"items_purged":["Doubt","Strike_G+1"],"score":1270,"play_id":"bd404b55-5e11-4761-baf3-3d3973281097","local_time":"20210207165714","is_ascension_mode":true,"campfire_choices":[{"data":"Noxious Fumes","floor":7.0,"key":"SMITH"},{"floor":15.0,"key":"REST"},{"floor":24.0,"key":"REST"},{"floor":28.0,"key":"REST"},{"floor":32.0,"key":"REST"},{"data":"Wraith Form v2","floor":40.0,"key":"SMITH"},{"floor":49,"key":"REST"}],"circlet_count":0,"master_deck":["AscendersBane","Strike_G+1","Strike_G+1","Strike_G+1","Strike_G+1","Defend_G+1","Defend_G+1","Defend_G+1","Defend_G+1","Defend_G+1","Survivor","Neutralize","Flying Knee","Noxious Fumes+1","Dagger Throw","PiercingWail","Distraction+1","Underhanded Strike","Terror+1","Bouncing Flask+1","Malaise+1","Dagger Spray","Footwork","Blur+1","Glass Knife","Acrobatics+1","Blade Dance+1","Cloak And Dagger+1","Calculated Gamble+1","PiercingWail+1","Wraith Form v2+1","Dash+1","Bullet Time+1","Footwork+1","Corpse Explosion+1","Terror+1","Caltrops+1","Backflip+1"],"relics":["Ring of the Snake","NeowsBlessing","Happy Flower","Toxic Egg 2","Strawberry","Mummified Hand","Paper Crane","HoveringKite","Red Mask","Vajra","TungstenRod","HornCleat","Snake Skull","Sozu","Sling","Gremlin Horn","Boot","Art of War"],"acts_visited":["Exordium","TheCity","TheBeyond"],"potions_floor_usage":[],"damage_taken":[{"damage":0.0,"enemies":"Cultist","floor":1.0,"turns":1.0},{"damage":0.0,"enemies":"3 Sentries","floor":6.0,"turns":1.0},{"damage":0.0,"enemies":"Gremlin Nob","floor":8.0,"turns":1.0},{"damage":1.0,"enemies":"Small Slimes","floor":10.0,"turns":4.0},{"damage":36.0,"enemies":"Lagavulin","floor":11.0,"turns":8.0},{"damage":3.0,"enemies":"Jaw Worm","floor":14.0,"turns":2.0},{"damage":48.0,"enemies":"Slime Boss","floor":16.0,"turns":11.0},{"damage":13.0,"enemies":"2 Thieves","floor":18.0,"turns":4.0},{"damage":0.0,"enemies":"3 Byrds","floor":19.0,"turns":5.0},{"damage":31.0,"enemies":"Masked Bandits","floor":21.0,"turns":4.0},{"damage":3.0,"enemies":"Slavers","floor":23.0,"turns":6.0},{"damage":9.0,"enemies":"Book of Stabbing","floor":25.0,"turns":6.0},{"damage":12.0,"enemies":"Cultist and Chosen","floor":27.0,"turns":7.0},{"damage":0.0,"enemies":"Snake Plant","floor":29.0,"turns":4.0},{"damage":0.0,"enemies":"Sentry and Sphere","floor":30.0,"turns":3.0},{"damage":4.0,"enemies":"Chosen and Byrds","floor":31.0,"turns":4.0},{"damage":28.0,"enemies":"Automaton","floor":33.0,"turns":9.0},{"damage":0.0,"enemies":"Orb Walker","floor":35.0,"turns":3.0},{"damage":1.0,"enemies":"3 Shapes","floor":36.0,"turns":5.0},{"damage":0.0,"enemies":"Sphere and 2 Shapes","floor":38.0,"turns":4.0},{"damage":13.0,"enemies":"Reptomancer","floor":41.0,"turns":7.0},{"damage":0.0,"enemies":"Jaw Worm Horde","floor":42.0,"turns":4.0},{"damage":1.0,"enemies":"Maw","floor":44.0,"turns":8.0},{"damage":33.0,"enemies":"Giant Head","floor":46.0,"turns":7.0},{"damage":0,"enemies":"Sphere and 2 Shapes","floor":47,"turns":4},{"damage":68,"enemies":"Time Eater","floor":50,"turns":12}],"seed_played":"-2006065806135442019","potions_obtained":[{"floor":8.0,"key":"Weak Potion"},{"floor":10.0,"key":"SkillPotion"},{"floor":11.0,"key":"FairyPotion"},{"floor":19.0,"key":"Dexterity Potion"},{"floor":21.0,"key":"Strength Potion"},{"floor":29.0,"key":"BlessingOfTheForge"},{"floor":31.0,"key":"DuplicationPotion"}],"is_trial":false,"path_per_floor":["M","$","$","?","?","E","R","E","T","M","E","$","?","M","R","B",null,"M","M","?","?","T","E","R","E","T","M","R","M","M","M","R","B",null,"M","M","$","M","?","R","E","M","T","M","$","E","M","?","R","B"],"character_chosen":"THE_SILENT","items_purchased":["Noxious Fumes","Dagger Throw","Paper Crane","Terror+1","Sling","Bullet Time+1","Backflip+1"],"campfire_rested":5,"item_purchase_floors":[2,3,12,12,37,37,45],"current_hp_per_floor":[59,59,59,59,48,48,48,48,55,54,18,18,18,15,36,12,58,45,45,45,14,14,11,32,23,23,11,32,32,32,28,49,21,60,60,59,59,59,83,83,70,70,70,69,69,36,36,36,60,0,0],"gold":126,"neow_bonus":"THREE_ENEMY_KILL","is_daily":false,"chose_seed":false,"campfire_upgraded":2,"win_rate":0.0,"timestamp":1612753034,"path_taken":["M","?","$","?","?","E","R","E","T","M","E","$","?","M","R","BOSS","M","M","?","?","?","E","R","E","T","M","R","M","?","M","R","BOSS","M","M","$","M","?","R","E","M","T","?","$","E","M","?","R","BOSS"],"items_purchased_type":["Card","Card","Relic","Card","Relic","Card","Card"],"build_version":"2020-12-22","purchased_purges":2,"victory":false,"max_hp_per_floor":[66,66,66,66,66,66,66,66,73,73,73,73,73,73,73,73,73,73,73,73,73,73,73,73,73,73,73,73,73,73,73,73,73,73,73,73,73,73,83,83,83,83,83,83,83,83,83,83,83,83,83],"card_choices":[{"not_picked":["Catalyst","Blur"],"picked":"Flying Knee","floor":1.0},{"not_picked":["Deadly Poison","Flechettes"],"picked":"PiercingWail","floor":6.0},{"not_picked":["Dagger Throw","Predator"],"picked":"Distraction+1","floor":8.0},{"not_picked":["Acrobatics+1","Quick Slash"],"picked":"Underhanded Strike","floor":10.0},{"not_picked":["Sucker Punch","Unload","Storm of Steel+1"],"picked":"SKIP","floor":11.0},{"not_picked":["Sucker Punch","Storm of Steel+1"],"picked":"Unload","floor":11.0},{"not_picked":["Deadly Poison+1","Bane"],"picked":"Bouncing Flask+1","floor":14.0},{"not_picked":["A Thousand Cuts","Envenom"],"picked":"Malaise+1","floor":16.0},{"not_picked":["Quick Slash","Deadly Poison+1"],"picked":"Dagger Spray","floor":18.0},{"not_picked":["Dagger Spray+1","Quick Slash+1"],"picked":"Footwork","floor":19.0},{"not_picked":["Flechettes","Sucker Punch"],"picked":"Blur+1","floor":21.0},{"not_picked":["Noxious Fumes","Prepared+1"],"picked":"Glass Knife","floor":23.0},{"not_picked":["Poisoned Stab","Dodge and Roll+1"],"picked":"Acrobatics+1","floor":25.0},{"not_picked":["Infinite Blades","Prepared+1"],"picked":"Blade Dance+1","floor":27.0},{"not_picked":["Poisoned Stab","Dagger Throw"],"picked":"Cloak And Dagger+1","floor":29.0},{"not_picked":["Quick Slash","Skewer"],"picked":"Calculated Gamble+1","floor":30.0},{"not_picked":["Quick Slash+1","Prepared+1"],"picked":"PiercingWail+1","floor":31.0},{"not_picked":["Glass Knife","Bullet Time+1"],"picked":"Wraith Form v2","floor":33.0},{"not_picked":["Cloak And Dagger+1","Acrobatics+1"],"picked":"Dash+1","floor":35.0},{"not_picked":["Endless Agony","Bane","Acrobatics+1"],"picked":"SKIP","floor":36.0},{"not_picked":["Prepared+1","Quick Slash+1"],"picked":"Footwork+1","floor":38.0},{"not_picked":["Bane","Infinite Blades+1"],"picked":"Corpse Explosion+1","floor":41.0},{"not_picked":["Slice","Underhanded Strike"],"picked":"Terror+1","floor":42.0},{"not_picked":["Outmaneuver+1","Footwork"],"picked":"Caltrops+1","floor":44.0},{"not_picked":["Riddle With Holes+1","Unload","Footwork"],"picked":"SKIP","floor":46.0},{"not_picked":["Bane","Dagger Spray+1","PiercingWail+1"],"picked":"SKIP","floor":47}],"player_experience":1120025,"relics_obtained":[{"floor":6.0,"key":"Happy Flower"},{"floor":8.0,"key":"Toxic Egg 2"},{"floor":9.0,"key":"Strawberry"},{"floor":11.0,"key":"Mummified Hand"},{"floor":21.0,"key":"Red Mask"},{"floor":22.0,"key":"Vajra"},{"floor":23.0,"key":"TungstenRod"},{"floor":25.0,"key":"HornCleat"},{"floor":26.0,"key":"Snake Skull"},{"floor":41.0,"key":"Gremlin Horn"},{"floor":43.0,"key":"Boot"},{"floor":46.0,"key":"Art of War"}],"event_choices":[{"damage_healed":0.0,"max_hp_gain":0.0,"max_hp_loss":0.0,"gold_gain":150.0,"event_name":"Liars Game","player_choice":"AGREE","floor":4.0,"gold_loss":0.0,"damage_taken":0.0,"cards_obtained":["Doubt"]},{"damage_healed":0.0,"max_hp_gain":0.0,"max_hp_loss":0.0,"gold_gain":75.0,"event_name":"World of Goop","player_choice":"Gather Gold","floor":5.0,"gold_loss":0.0,"damage_taken":11.0},{"damage_healed":0.0,"max_hp_gain":0.0,"max_hp_loss":0.0,"gold_gain":69.0,"event_name":"Golden Wing","player_choice":"Gained Gold","floor":13.0,"gold_loss":0.0,"damage_taken":0.0},{"damage_healed":0.0,"max_hp_gain":0.0,"max_hp_loss":0.0,"gold_gain":0.0,"event_name":"Back to Basics","player_choice":"Simplicity","floor":20.0,"gold_loss":0.0,"damage_taken":0.0,"cards_upgraded":["Strike_G","Strike_G","Strike_G","Strike_G","Strike_G","Defend_G","Defend_G","Defend_G","Defend_G","Defend_G"]},{"damage_healed":0.0,"max_hp_gain":0.0,"max_hp_loss":0.0,"gold_gain":0.0,"event_name":"Masked Bandits","player_choice":"Fought Bandits","floor":21.0,"gold_loss":0.0,"damage_taken":0.0},{"cards_removed":["Unload"],"damage_healed":14.0,"max_hp_gain":10.0,"max_hp_loss":0.0,"gold_gain":0.0,"event_name":"Bonfire Elementals","player_choice":"Offered Rare","floor":39.0,"gold_loss":0.0,"damage_taken":0.0},{"damage_healed":0,"gold_gain":0,"player_choice":"Bought 1 Potion","damage_taken":0,"max_hp_gain":0,"max_hp_loss":0,"event_name":"The Woman in Blue","floor":48,"gold_loss":0}],"is_beta":false,"boss_relics":[{"not_picked":["SlaversCollar","WristBlade"],"picked":"HoveringKite"},{"not_picked":["Black Star","Velvet Choker"],"picked":"Sozu"}],"items_purged_floors":[12,37],"is_endless":false,"potions_floor_spawned":[8,10,11,14,19,21,29,31,33,36,44,46,47],"killed_by":"Time Eater","ascension_level":20}}