{"host":"vh33hu3wddwn6yt6","time":1612824009,"event":{"mods":["AchievementEnabler","Act Like it!","Aspiration","BaseMod","Better Altar","Better Match","Better Note","Better Sensory Stone","Better Skull","Better Third Choice","BetterRewards","Bossed Relics","Downfall","Hermit","Hubris","Infinite Spire","Minty Spire (QoL Compilation)","Permanent Neow","Replay The Spire","Shade Mod","Shop Mod","Spicy Shops","StSLib","SuperFastMode","The Blackbeard","The Necromancer","The Runesmith","The Servant 0.9.4","TheBandit","Wandering Minibosses"],"gold_per_floor":[110,110,121,53,71,71,105,122,122,157,257,257,274,291,291,389,389,409,419,419,419,433,433,433],"floor_reached":23,"language":"DEU","playtime":633,"items_purged":[],"score":213,"play_id":"a9ea6075-adde-49a5-b1d2-1588ca240dda","local_time":"20210208234009","is_ascension_mode":true,"campfire_choices":[{"data":"Runesmith:PoweredAnvil","floor":6,"key":"SMITH"},{"floor":12,"key":"REST"},{"data":"Runesmith:Fortify","floor":15,"key":"SMITH"}],"circlet_count":0,"master_deck":["MoonPhase+1","Runesmith:Strike_RS","Runesmith:Strike_RS","Runesmith:Strike_RS","Runesmith:Defend_RS","Runesmith:Defend_RS","Runesmith:Defend_RS","Runesmith:CraftFirestone","Runesmith:Fortify+1","Runesmith:PoweredAnvil+1"],"relics":["Runesmith:BrokenRuby","hubris:Icosahedron","infinitespire:Eraser","Replay:WaspNest","MealTicket","Empty Cage","hubris:Backtick","Mummified Hand","hubris:FunFungus"],"acts_visited":["Exordium","TheCity"],"potions_floor_usage":[10,10,16,16,18,22],"damage_taken":[{"damage":0,"enemies":"Small Slimes","floor":1,"turns":4},{"damage":1,"enemies":"Cultist","floor":3,"turns":4},{"damage":13,"enemies":"Jaw Worm","floor":5,"turns":4},{"damage":9,"enemies":"Lagavulin","floor":7,"turns":9},{"damage":10,"enemies":"3 Louse","floor":8,"turns":3},{"damage":24,"enemies":"Gremlin Nob","floor":10,"turns":5},{"damage":12,"enemies":"Large Slime","floor":13,"turns":7},{"damage":0,"enemies":"2 Fungi Beasts","floor":14,"turns":5},{"damage":1,"enemies":"The Guardian","floor":16,"turns":8},{"damage":10,"enemies":"2 Thieves","floor":18,"turns":4},{"damage":20,"enemies":"Chosen","floor":19,"turns":5},{"damage":19,"enemies":"Sentry and Sphere","floor":22,"turns":6},{"damage":35,"enemies":"Gremlin Leader","floor":23,"turns":7}],"seed_played":"2870741061295558949","potions_obtained":[{"floor":5,"key":"DuplicationPotion"},{"floor":7,"key":"FearPotion"},{"floor":10,"key":"Explosive Potion"},{"floor":13,"key":"PowerPotion"},{"floor":14,"key":"SkillPotion"},{"floor":19,"key":"Fire Potion"}],"is_trial":false,"path_per_floor":["M","?","M","$","M","R","E","M","T","E","?","R","M","M","R","B",null,"M","M","?","AVR","M","E"],"character_chosen":"RUNESMITH_CLASS","items_purchased":["Runesmith:PoweredAnvil"],"campfire_rested":1,"item_purchase_floors":[4],"current_hp_per_floor":[77,77,76,76,63,63,54,44,44,20,20,43,31,31,31,30,77,67,47,47,47,30,0,0],"gold":433,"neow_bonus":"TEN_PERCENT_HP_BONUS","is_daily":false,"chose_seed":false,"campfire_upgraded":2,"win_rate":0.0,"timestamp":1612824009,"path_taken":["M","?","M","$","M","R","E","M","T","E","?","R","M","?","R","BOSS","M","M","?","AVR","M","E"],"items_purchased_type":["Card"],"build_version":"2020-12-22","purchased_purges":0,"victory":false,"max_hp_per_floor":[77,77,77,77,77,77,77,77,77,77,77,77,77,77,77,77,77,77,77,77,77,77,77,77],"card_choices":[{"not_picked":["Runesmith:EnergizedChisel","Runesmith:CraftObretio","Runesmith:HammerThrow"],"picked":"SKIP","floor":1},{"not_picked":["Runesmith:CraftVitae","Runesmith:ChargedHammer","Runesmith:Attraction"],"picked":"SKIP","floor":3},{"not_picked":["Runesmith:BackupBattery","Runesmith:CraftMagma","Runesmith:Firestorm"],"picked":"SKIP","floor":5},{"not_picked":["Runesmith:Superposition","aspiration:UnbridledHammer","Runesmith:EnergizedChisel"],"picked":"SKIP","floor":7},{"not_picked":["aspiration:UnbridledHammer","Runesmith:GoWithTheFlow","Runesmith:RunicBlueprint"],"picked":"SKIP","floor":8},{"not_picked":["Runesmith:RuneHurl","Runesmith:CraftMedicinae","Runesmith:ShiftingStrike"],"picked":"SKIP","floor":10},{"not_picked":["Runesmith:EnergizedChisel","Runesmith:Attraction","Runesmith:CraftProtectio"],"picked":"SKIP","floor":13},{"not_picked":["Runesmith:CraftProtectio","Runesmith:CraftIncendium","Runesmith:Prism"],"picked":"SKIP","floor":14},{"not_picked":["Runesmith:HammerThrow","Runesmith:CraftIncendium","Runesmith:BackupBattery"],"picked":"SKIP","floor":18},{"not_picked":["Runesmith:RunicBlueprint+1","Runesmith:ReplicatingBarrier","Runesmith:Empowerment"],"picked":"SKIP","floor":19},{"not_picked":["Runesmith:Augment","Runesmith:Permafrost","Runesmith:Repurpose"],"picked":"SKIP","floor":22}],"player_experience":657471,"relics_obtained":[{"floor":7,"key":"infinitespire:Eraser"},{"floor":9,"key":"Replay:WaspNest"},{"floor":10,"key":"MealTicket"}],"event_choices":[{"damage_healed":0,"gold_gain":100,"player_choice":"Pray","damage_taken":0,"max_hp_gain":0,"max_hp_loss":0,"event_name":"Golden Shrine","floor":11,"gold_loss":0},{"damage_healed":0,"gold_gain":0,"player_choice":"Ignored","damage_taken":0,"max_hp_gain":0,"max_hp_loss":0,"event_name":"betterNote:BetterNote","floor":20,"gold_loss":0,"cards_obtained":["Defend_S"]}],"is_beta":false,"boss_relics":[{"not_picked":["hubris:RunicObelisk","hubris:CrackedHourglass"],"picked":"Empty Cage"}],"items_purged_floors":[],"is_endless":false,"potions_floor_spawned":[5,7,10,13,14,19],"killed_by":"Gremlin Leader","ascension_level":1}}