{"host":"mg6qqnp83j5r6p2r","time":1612807328,"event":{"mods":["BaseMod","Colored Map","Colored Powertips","Highlight Path","Minty Spire (QoL Compilation)","Rare Cards Sparkle","Relic Sorter","Relic Stats","StSLib"],"gold_per_floor":[116,127,127,127,137,170,170,204,227,255,255,255,430,444,444,444,444],"floor_reached":16,"language":"ENG","playtime":633,"items_purged":[],"score":136,"play_id":"9492dc70-5acd-4a83-980a-9cab012dc538","local_time":"20210208120208","is_ascension_mode":true,"campfire_choices":[{"floor":7,"key":"REST"},{"floor":11,"key":"REST"},{"floor":15,"key":"REST"}],"circlet_count":0,"master_deck":["Strike_G+1","Strike_G","Strike_G","Strike_G","Strike_G","Defend_G","Defend_G","Defend_G","Defend_G","Defend_G","Survivor","Neutralize+1","Dagger Throw","Footwork","Cloak And Dagger","Tactician","Footwork","Blur","Regret","Doubt"],"relics":["Ring of the Snake","Nunchaku","Bag of Preparation","Bag of Marbles","Blue Candle","Juzu Bracelet","Singing Bowl"],"acts_visited":["Exordium"],"potions_floor_usage":[6,6,14],"damage_taken":[{"damage":0,"enemies":"Small Slimes","floor":1,"turns":3},{"damage":0,"enemies":"2 Louse","floor":2,"turns":2},{"damage":0,"enemies":"Cultist","floor":5,"turns":3},{"damage":10,"enemies":"Gremlin Nob","floor":6,"turns":4},{"damage":22,"enemies":"Lagavulin","floor":8,"turns":11},{"damage":14,"enemies":"Gremlin Nob","floor":10,"turns":5},{"damage":12,"enemies":"Large Slime","floor":14,"turns":6},{"damage":60,"enemies":"Slime Boss","floor":16,"turns":12}],"seed_played":"3861876291574788545","potions_obtained":[{"floor":2,"key":"Swift Potion"},{"floor":5,"key":"ColorlessPotion"},{"floor":10,"key":"Weak Potion"}],"is_trial":false,"path_per_floor":["M","M","?","?","M","E","R","E","T","E","R","?","?","M","R","B"],"character_chosen":"THE_SILENT","items_purchased":[],"campfire_rested":3,"item_purchase_floors":[],"current_hp_per_floor":[70,70,58,44,44,34,55,33,33,19,40,40,40,30,51,0,0],"gold":444,"neow_bonus":"RANDOM_COMMON_RELIC","is_daily":false,"chose_seed":false,"campfire_upgraded":0,"win_rate":0.0,"timestamp":1612807328,"path_taken":["M","M","?","?","M","E","R","E","T","E","R","?","?","M","R","BOSS"],"items_purchased_type":[],"build_version":"2020-12-22","purchased_purges":0,"victory":false,"max_hp_per_floor":[70,70,70,70,70,70,70,70,70,70,70,70,70,72,72,72,72],"relic_stats":{"Nunchaku":[10],"Singing Bowl":2,"counters":[8,46],"Blue Candle":[4],"Bag of Preparation":[12],"Juzu Bracelet":0,"obtain_stats":[{"Nunchaku":0,"Singing Bowl":12,"Blue Candle":8,"Bag of Preparation":3,"Bag of Marbles":6,"Juzu Bracelet":10,"Ring of the Snake":0},{"Nunchaku":0,"Singing Bowl":6,"Blue Candle":5,"Bag of Preparation":2,"Bag of Marbles":4,"Juzu Bracelet":6,"Ring of the Snake":0},{"Nunchaku":0,"Singing Bowl":28,"Blue Candle":23,"Bag of Preparation":5,"Bag of Marbles":12,"Juzu Bracelet":28,"Ring of the Snake":0}],"Ring of the Snake":[16]},"card_choices":[{"not_picked":["Distraction","Heel Hook"],"picked":"Dagger Throw","floor":1},{"not_picked":["Dodge and Roll","Underhanded Strike"],"picked":"Footwork","floor":2},{"not_picked":["Prepared","PiercingWail"],"picked":"Cloak And Dagger","floor":5},{"not_picked":["Bane","Choke"],"picked":"Tactician","floor":6},{"not_picked":["Tactician","Escape Plan"],"picked":"Footwork","floor":8},{"not_picked":["Backstab","Heel Hook"],"picked":"Blur","floor":10},{"not_picked":["Outmaneuver","Dagger Spray","Wraith Form v2"],"picked":"Singing Bowl","floor":14}],"player_experience":238856,"relics_obtained":[{"floor":6,"key":"Bag of Marbles"},{"floor":8,"key":"Blue Candle"},{"floor":10,"key":"Juzu Bracelet"}],"event_choices":[{"damage_healed":0,"gold_gain":0,"player_choice":"Success","damage_taken":12,"relics_obtained":["Bag of Preparation"],"max_hp_gain":0,"max_hp_loss":0,"event_name":"Scrap Ooze","floor":3,"gold_loss":0},{"damage_healed":0,"gold_gain":0,"player_choice":"Entered Light","damage_taken":14,"max_hp_gain":0,"max_hp_loss":0,"event_name":"Shining Light","floor":4,"gold_loss":0,"cards_upgraded":["Strike_G","Neutralize"]},{"damage_healed":0,"gold_gain":0,"player_choice":"Box","damage_taken":0,"relics_obtained":["Singing Bowl"],"max_hp_gain":0,"max_hp_loss":0,"event_name":"Big Fish","floor":12,"gold_loss":0,"cards_obtained":["Regret"]},{"damage_healed":0,"gold_gain":175,"player_choice":"AGREE","damage_taken":0,"max_hp_gain":0,"max_hp_loss":0,"event_name":"Liars Game","floor":13,"gold_loss":0,"cards_obtained":["Doubt"]}],"is_beta":false,"boss_relics":[],"items_purged_floors":[],"is_endless":false,"potions_floor_spawned":[2,5,10],"killed_by":"Slime Boss","ascension_level":3}}