{"host":"22ezjknwheybwqtz","time":1612795479,"event":{"mods":["BaseMod","Downfall","Minty Spire (QoL Compilation)","Shop Mod","StSLib","The Necromancer","The Poker Player"],"gold_per_floor":[118,133,208,219,230,230,259,270,296,313,370,370,320,336,336,435,435,447,447,248,448,459,459,470,440,440,451,451,451],"floor_reached":28,"language":"ENG","playtime":1292,"items_purged":["Writhe"],"score":247,"play_id":"7e64e7c5-70d3-40a3-860e-ba7bf24403ee","local_time":"20210208224439","is_ascension_mode":false,"campfire_choices":[{"data":"Summon_Death_Knight","floor":6.0,"key":"SMITH"},{"floor":12.0,"key":"REST"},{"data":"Slay_Living","floor":15.0,"key":"SMITH"},{"data":"Summon_Undead_Army","floor":23.0,"key":"SMITH"}],"circlet_count":0,"master_deck":["Strike_W","Strike_W","Strike_W","Defend_W","Defend_W","Defend_W","Defend_W","Negative_Energy_Arrows","Bone_Wall","Parasite","Summon_Death_Knight+1","Slay_Living+1","Finger_Of_Death","Bone_Armor","Negative_Energy_Mist","Death_March_Dance","Consume_Illness","Detonate_Bones","CurseOfTheBell","Bone_Armor","Bone_Bullets","Summon_Undead_Army+1","Bone_Shift+1","Blood_Curse","Grasp_Heart"],"relics":["Vampire_Amulet","Potion Belt","Regal Pillow","Calling Bell","Blood Vial","InkBottle","TungstenRod","Dream Catcher"],"acts_visited":["Exordium","TheCity"],"potions_floor_usage":[28],"damage_taken":[{"damage":1.0,"enemies":"Cultist","floor":1.0,"turns":4.0},{"damage":10.0,"enemies":"Jaw Worm","floor":2.0,"turns":5.0},{"damage":0.0,"enemies":"2 Louse","floor":4.0,"turns":3.0},{"damage":5.0,"enemies":"Looter","floor":5.0,"turns":3.0},{"damage":30.0,"enemies":"3 Sentries","floor":7.0,"turns":8.0},{"damage":6.0,"enemies":"Exordium Thugs","floor":8.0,"turns":4.0},{"damage":7.0,"enemies":"2 Fungi Beasts","floor":10.0,"turns":5.0},{"damage":10.0,"enemies":"Lots of Slimes","floor":14.0,"turns":5.0},{"damage":32.0,"enemies":"The Guardian","floor":16.0,"turns":13.0},{"damage":19.0,"enemies":"3 Byrds","floor":18.0,"turns":8.0},{"damage":20.0,"enemies":"Shell Parasite","floor":22.0,"turns":8.0},{"damage":34.0,"enemies":"Chosen and Byrds","floor":24.0,"turns":7.0},{"damage":7,"enemies":"Snake Plant","floor":27,"turns":4},{"damage":26,"enemies":"Centurion and Healer","floor":28,"turns":5}],"seed_played":"-3167993697336914759","potions_obtained":[{"floor":4.0,"key":"Energy Potion"},{"floor":5.0,"key":"SpeedPotion"},{"floor":10.0,"key":"BlessingOfTheForge"},{"floor":14.0,"key":"SkillPotion"},{"floor":24.0,"key":"DuplicationPotion"},{"floor":25.0,"key":"Fire Potion"},{"floor":25.0,"key":"champ:CounterPotion"}],"is_trial":false,"path_per_floor":["M","M","?","M","M","R","E","M","T","M","?","R","?","M","R","B",null,"M","?","$","?","M","R","M","?","T","M","M"],"character_chosen":"NECROMANCER","items_purchased":["Bone_Bullets","Summon_Undead_Army"],"campfire_rested":1,"item_purchase_floors":[20,20],"current_hp_per_floor":[75,67,56,60,57,57,33,31,31,28,28,65,65,65,65,35,75,62,62,62,62,49,49,21,21,21,18,0,0],"gold":451,"neow_bonus":"THREE_RARE_CARDS","is_daily":false,"chose_seed":false,"campfire_upgraded":3,"win_rate":0.0,"timestamp":1612795479,"path_taken":["M","M","?","M","M","R","E","M","T","M","?","R","?","M","R","BOSS","M","?","$","?","M","R","?","?","T","?","M"],"items_purchased_type":["Card","Card"],"build_version":"2020-12-22","purchased_purges":1,"victory":false,"max_hp_per_floor":[75,75,75,75,75,75,75,75,75,75,75,75,75,75,75,75,75,75,75,75,75,75,75,75,75,75,75,75,75],"card_choices":[{"not_picked":["Cloudkill","Hellfire"],"picked":"Summon_Death_Knight","floor":0.0},{"not_picked":["Bone_Bullets","Pandemic"],"picked":"Slay_Living","floor":1.0},{"not_picked":["Chill_Blood","Blood_Shield","Life_Drain"],"picked":"SKIP","floor":2.0},{"not_picked":["Epidemic","Vampiric_Strike"],"picked":"Finger_Of_Death","floor":4.0},{"not_picked":["Negative_Energy_Bomb","Death_March_Dance"],"picked":"Bone_Armor","floor":5.0},{"not_picked":["Negative_Energy_Shield","Negative_Energy_Bomb"],"picked":"Negative_Energy_Mist","floor":7.0},{"not_picked":["Necrotic_Claws","Negative_Energy_Mist","Scare"],"picked":"SKIP","floor":8.0},{"not_picked":["Negative_Energy_Shield","Blood_Is_Power"],"picked":"Death_March_Dance","floor":10.0},{"not_picked":["Scare","Chill_Blood"],"picked":"Consume_Illness","floor":14.0},{"not_picked":["Blood_Magic","Negative_Energy_Bomb"],"picked":"Detonate_Bones","floor":16.0},{"not_picked":["Consume_Illness+1","Slay_Living"],"picked":"Bone_Armor","floor":18.0},{"not_picked":["Bone_Armor+1","Life_Drain+1"],"picked":"Bone_Shift+1","floor":22.0},{"not_picked":["Shackles_Of_Pain","Toxic_Smoke_Screen"],"picked":"Blood_Curse","floor":24.0},{"not_picked":["Acid_Javelin+1","Bone_Shift"],"picked":"Grasp_Heart","floor":27}],"player_experience":102265,"relics_obtained":[{"floor":7.0,"key":"Potion Belt"},{"floor":9.0,"key":"Regal Pillow"},{"floor":17.0,"key":"Blood Vial"},{"floor":17.0,"key":"InkBottle"},{"floor":17.0,"key":"TungstenRod"}],"event_choices":[{"damage_healed":0.0,"max_hp_gain":0.0,"max_hp_loss":0.0,"gold_gain":75.0,"event_name":"World of Goop","player_choice":"Gather Gold","floor":3.0,"gold_loss":0.0,"damage_taken":11.0},{"damage_healed":0.0,"max_hp_gain":0.0,"max_hp_loss":0.0,"gold_gain":57.0,"event_name":"Golden Wing","player_choice":"Gained Gold","floor":11.0,"gold_loss":0.0,"damage_taken":0.0},{"cards_removed":["Strike_W"],"damage_healed":0.0,"max_hp_gain":0.0,"max_hp_loss":0.0,"gold_gain":0.0,"event_name":"The Cleric","player_choice":"Card Removal","floor":13.0,"gold_loss":50.0,"damage_taken":0.0},{"damage_healed":0.0,"max_hp_gain":0.0,"max_hp_loss":0.0,"gold_gain":0.0,"event_name":"The Mausoleum","player_choice":"Opened","floor":19.0,"gold_loss":0.0,"damage_taken":0.0,"relics_obtained":["Dream Catcher"],"cards_obtained":["Writhe"]},{"damage_healed":0.0,"max_hp_gain":0.0,"max_hp_loss":0.0,"gold_gain":200.0,"event_name":"Wheel of Change","player_choice":"Gold","floor":21.0,"gold_loss":0.0,"damage_taken":0.0},{"damage_healed":0.0,"max_hp_gain":0.0,"max_hp_loss":0.0,"gold_gain":0.0,"event_name":"The Woman in Blue","player_choice":"Bought 2 Potions","floor":25.0,"gold_loss":0.0,"damage_taken":0.0}],"is_beta":false,"boss_relics":[{"not_picked":["bronze:MakeshiftBattery","Snecko Eye"],"picked":"Calling Bell"}],"items_purged_floors":[20],"is_endless":false,"potions_floor_spawned":[4,5,10,14,24],"killed_by":"Centurion and Healer","ascension_level":0}}