{"host":"52m1o8iwwagurbjs","time":1612789395,"event":{"mods":["AchievementEnabler","BaseMod","Bestiary","Challenge The Spire","Colored Powertips","GifTheSpireLib","Minty Spire (QoL Compilation)","Quick Restart","Relic Stats","StSLib"],"gold_per_floor":[109,12,287,11,31,31,60,60,60,88,100,100,129,140,140,140,140],"floor_reached":16,"language":"ENG","playtime":443,"items_purged":["Regret"],"score":149,"play_id":"4b5bea23-b0a3-4746-bc19-9b6926eb8f48","local_time":"20210208080315","is_ascension_mode":true,"campfire_choices":[{"data":"Body Slam","floor":6,"key":"SMITH"},{"data":"Strike_R","floor":12,"key":"PURGE"},{"data":"Strike_R","floor":15,"key":"PURGE"}],"circlet_count":0,"master_deck":["Strike_R","Strike_R","Strike_R","Defend_R","Defend_R","Defend_R","Defend_R","Bash","Thunderclap","Shrug It Off","Body Slam+1"],"relics":["Burning Blood","Strawberry","Smiling Mask","Ancient Tea Set","Toxic Egg 2","Peace Pipe","Happy Flower"],"acts_visited":["Exordium"],"potions_floor_usage":[5,10,10,13,13],"damage_taken":[{"damage":8,"enemies":"2 Louse","floor":1,"turns":2},{"damage":0,"enemies":"Cultist","floor":5,"turns":2},{"damage":28,"enemies":"Gremlin Nob","floor":7,"turns":4},{"damage":34,"enemies":"Lagavulin","floor":10,"turns":7},{"damage":1,"enemies":"Jaw Worm","floor":11,"turns":4},{"damage":17,"enemies":"3 Sentries","floor":13,"turns":7},{"damage":4,"enemies":"Blue Slaver","floor":14,"turns":5},{"damage":67,"enemies":"Hexaghost","floor":16,"turns":11}],"seed_played":"7204577238144001972","potions_obtained":[{"floor":1,"key":"Fruit Juice"},{"floor":7,"key":"Explosive Potion"},{"floor":11,"key":"BloodPotion"}],"is_trial":false,"path_per_floor":["M","$","?","$","M","R","E","T","T","E","M","R","E","M","R","B"],"character_chosen":"IRONCLAD","items_purchased":["Shrug It Off","AttackPotion","Strawberry","PowerPotion"],"campfire_rested":0,"item_purchase_floors":[2,2,4,4],"current_hp_per_floor":[86,86,86,93,95,95,73,73,73,50,55,55,64,66,66,0,0],"gold":140,"neow_bonus":"TEN_PERCENT_HP_BONUS","is_daily":false,"chose_seed":false,"campfire_upgraded":1,"win_rate":0.0,"timestamp":1612789395,"path_taken":["M","$","?","?","M","R","E","?","T","E","?","R","E","M","R","BOSS"],"items_purchased_type":["Card","Potion","Relic","Potion"],"build_version":"2020-12-22","purchased_purges":1,"victory":false,"max_hp_per_floor":[88,88,88,95,95,95,95,95,95,100,100,100,100,100,100,100,100],"relic_stats":{"Peace Pipe":2,"Happy Flower":[5],"counters":[8,42],"Smiling Mask":0,"obtain_stats":[{"Peace Pipe":10,"Happy Flower":13,"Strawberry":4,"Toxic Egg 2":9,"Smiling Mask":7,"Ancient Tea Set":8,"Burning Blood":0},{"Peace Pipe":4,"Happy Flower":6,"Strawberry":1,"Toxic Egg 2":3,"Smiling Mask":3,"Ancient Tea Set":3,"Burning Blood":0},{"Peace Pipe":15,"Happy Flower":26,"Strawberry":2,"Toxic Egg 2":8,"Smiling Mask":8,"Ancient Tea Set":8,"Burning Blood":0}],"Burning Blood":38},"card_choices":[{"not_picked":["Dark Embrace","Anger"],"picked":"Thunderclap","floor":1},{"not_picked":["Shrug It Off","Sword Boomerang"],"picked":"Body Slam","floor":5},{"not_picked":["Thunderclap","Havoc","Anger"],"picked":"SKIP","floor":7},{"not_picked":["Thunderclap","Armaments+1","Rage+1"],"picked":"SKIP","floor":10},{"not_picked":["Heavy Blade","Clash","Sword Boomerang"],"picked":"SKIP","floor":11},{"not_picked":["Rupture","Battle Trance+1","Hemokinesis"],"picked":"SKIP","floor":13},{"not_picked":["Rupture","Sword Boomerang","Iron Wave"],"picked":"SKIP","floor":14}],"player_experience":1328845,"relics_obtained":[{"floor":7,"key":"Smiling Mask"},{"floor":8,"key":"Ancient Tea Set"},{"floor":9,"key":"Toxic Egg 2"},{"floor":10,"key":"Peace Pipe"},{"floor":13,"key":"Happy Flower"}],"event_choices":[{"damage_healed":0,"gold_gain":275,"player_choice":"Desecrate","damage_taken":0,"max_hp_gain":0,"max_hp_loss":0,"event_name":"Golden Shrine","floor":3,"gold_loss":0,"cards_obtained":["Regret"]}],"is_beta":false,"boss_relics":[],"items_purged_floors":[4],"is_endless":false,"potions_floor_spawned":[1,7,11],"killed_by":"Hexaghost","ascension_level":1}}