{"host":"ji2m2homzj81ljx9","time":1612819290,"event":{"mods":["BaseMod","Bossed Relics","Colored Map","Colored Powertips","Downfall","Infinite Spire","Minty Spire (QoL Compilation)","Quick Restart","Relic Stats","Remove Card Discount Mod","Replay The Spire","Shop Mod","StSLib"],"gold_per_floor":[119,129,129,144,144,144,158,177,177,177,259,259,271,39,57,158,177,177,279,279,279,375,375,395,411,424,424,32,32,65,65,84,84,119,119,119,119,129,186,288,288,305,354,354,373,373,390,239,239,252,322,397,397,412,431,431,449,449,449],"floor_reached":60,"language":"ENG","playtime":2228,"items_purged":["Sickly","ReplayTheSpireMod:Splinters","Writhe"],"score":1335,"play_id":"0c3df0d5-d53d-4fa9-a1ab-04bf88e62e65","local_time":"20210208232130","is_ascension_mode":false,"campfire_choices":[{"data":"Bash","floor":6.0,"key":"SMITH"},{"data":"Barricade","floor":21,"key":"SMITH"},{"data":"infinitespire:Menacing","floor":29,"key":"SMITH"},{"data":"Body Slam","floor":31,"key":"SMITH"},{"data":"Sword Boomerang","floor":37,"key":"SMITH"},{"data":"Limit Break","floor":49,"key":"SMITH"},{"data":"Life Link","floor":53,"key":"SMITH"},{"data":"Inflame","floor":58,"key":"SMITH"}],"circlet_count":0,"master_deck":["Strike_R","Strike_R","Strike_R","Strike_R","Defend_R","Defend_R","Defend_R","Defend_R+1","Bash+1","Disarm+1","Infernal Blade+1","infinitespire:Menacing+1","Body Slam+1","Life Link+1","Inflame+1","Shrug It Off","Barricade+1","Juggernaut","Sword Boomerang+1","Whirlwind","Cleave+1","Limit Break+1","Fire Breathing+1"],"relics":["Burning Blood","Pen Nib","Replay:Accelerometer","FaceOfCleric","Bag of Marbles","ReplayTheSpireMod:CursedCoin","Tiny House","MerchantsRug","infinitespire:Bottled Soul","King of Hearts","Snack Pack","Pocketwatch","Thread and Needle","Black Star","Turnip","Medical Kit","infinitespire:BottledMercury","Gremlin Horn"],"acts_visited":["Exordium","TheCity","TheBeyond"],"potions_floor_usage":[22,22,30,30,43,43,59,59],"damage_taken":[{"damage":0.0,"enemies":"2 Louse","floor":1.0,"turns":3.0},{"damage":3.0,"enemies":"Jaw Worm","floor":2.0,"turns":3.0},{"damage":9.0,"enemies":"infinitespire:Voidling","floor":4.0,"turns":5.0},{"damage":3.0,"enemies":"Looter","floor":7.0,"turns":4.0},{"damage":4.0,"enemies":"2 Fungi Beasts","floor":8.0,"turns":4.0},{"damage":5.0,"enemies":"3 Louse","floor":13.0,"turns":4.0},{"damage":0.0,"enemies":"Looter","floor":15.0,"turns":2.0},{"damage":0,"enemies":"Exordium Wildlife","floor":17,"turns":2},{"damage":12,"enemies":"The Guardian","floor":19,"turns":10},{"damage":26,"enemies":"The Guardian","floor":22,"turns":10},{"damage":15,"enemies":"2 Thieves","floor":24,"turns":4},{"damage":7,"enemies":"3 Byrds","floor":25,"turns":6},{"damage":2,"enemies":"Snake Plant","floor":26,"turns":3},{"damage":69,"enemies":"Gremlin Leader","floor":30,"turns":10},{"damage":11,"enemies":"Centurion and Healer","floor":32,"turns":8},{"damage":11,"enemies":"Chosen and Byrds","floor":38,"turns":3},{"damage":6,"enemies":"Pondfish","floor":40,"turns":12},{"damage":9,"enemies":"3 Shapes","floor":42,"turns":3},{"damage":70,"enemies":"2 Orb Walkers","floor":43,"turns":5},{"damage":5,"enemies":"Orb Walker","floor":45,"turns":5},{"damage":5,"enemies":"Spire Growth","floor":47,"turns":6},{"damage":2,"enemies":"Writhing Mass","floor":50,"turns":8},{"damage":14,"enemies":"3 Darklings","floor":54,"turns":4},{"damage":0,"enemies":"Maw","floor":55,"turns":8},{"damage":0,"enemies":"Sphere and 2 Shapes","floor":57,"turns":5},{"damage":12,"enemies":"Time Eater","floor":59,"turns":11}],"seed_played":"-4989889579160322991","potions_obtained":[{"floor":4.0,"key":"Strength Potion"},{"floor":13.0,"key":"BlessingOfTheForge"},{"floor":22,"key":"SteroidPotion"},{"floor":25,"key":"BloodPotion"},{"floor":26,"key":"Weak Potion"},{"floor":38,"key":"Fire Potion"},{"floor":47,"key":"BlessingOfTheForge"},{"floor":50,"key":"Milkshake"},{"floor":55,"key":"Toxic Potion"}],"is_trial":false,"path_per_floor":["M","M","?","M","?","R","M","M","?","T","T","?","M","$","M","$","M","R_BF","B",null,"R","B",null,"M","M","M","?","$","R","E","R","M","T","?","?","?","R","M","R_BF","B",null,"M","?","?","M","?","M","$","R","M","T","T","R","M","M","?","M","R","B",null],"character_chosen":"IRONCLAD","items_purchased":["Bag of Marbles","Life Link","ReplayTheSpireMod:CursedCoin","Shrug It Off","MerchantsRug","infinitespire:Bottled Soul","King of Hearts","Medical Kit"],"campfire_rested":0,"item_purchase_floors":[14,14,16,16,28,28,28,48],"current_hp_per_floor":[80,80,80,80,73,73,76,78,58,58,58,58,60,60,67,67,74,83,78,78,78,59,85,77,77,82,82,82,82,37,37,33,33,33,63,63,63,59,59,66,92,90,29,29,33,57,61,61,61,66,66,66,66,63,70,70,81,81,80],"gold":449,"neow_bonus":"RANDOM_EVENT","is_daily":false,"chose_seed":false,"campfire_upgraded":8,"win_rate":0.0,"timestamp":1612819290,"path_taken":["M","M","?","M","?","R","M","M","?","T","T","?","M","$","M","$","?","R_BF","BOSS","R","BOSS","M","M","M","?","$","R","E","R","M","T","?","?","?","R","M","R_BF","BOSS","M","?","?","M","?","?","?","R","M","T","T","R","?","M","?","M","R","BOSS"],"items_purchased_type":["Relic","Card","Relic","Card","Relic","Relic","Relic","Relic"],"build_version":"2020-12-22","purchased_purges":3,"victory":true,"max_hp_per_floor":[80,80,80,80,80,80,80,80,80,80,80,80,81,81,82,82,83,83,84,84,84,85,85,86,87,88,88,88,88,89,89,90,90,90,90,90,90,91,91,92,92,93,94,94,95,95,96,96,96,97,97,97,97,98,99,99,100,100,101],"relic_stats":{"FaceOfCleric":21,"Gremlin Horn":[5,5],"counters":[26,148],"Pen Nib":[20],"Turnip":[8],"Black Star":0,"Medical Kit":[0],"obtain_stats":[{"Replay:Accelerometer":11,"MerchantsRug":28,"infinitespire:BottledMercury":51,"Tiny House":20,"Gremlin Horn":52,"ReplayTheSpireMod:CursedCoin":16,"Thread and Needle":34,"Pen Nib":10,"King of Hearts":28,"Medical Kit":48,"Burning Blood":0,"Pet Ghost":5,"FaceOfCleric":12,"infinitespire:Bottled Soul":28,"Turnip":43,"Bag of Marbles":14,"infinitespire:Burning Sword":23,"Snack Pack":30,"Black Star":41,"Pocketwatch":33},{"Replay:Accelerometer":5,"MerchantsRug":13,"infinitespire:BottledMercury":22,"Tiny House":9,"Gremlin Horn":22,"ReplayTheSpireMod:CursedCoin":7,"Thread and Needle":15,"Pen Nib":5,"King of Hearts":13,"Medical Kit":21,"Burning Blood":0,"Pet Ghost":3,"FaceOfCleric":5,"infinitespire:Bottled Soul":13,"Turnip":19,"Bag of Marbles":6,"infinitespire:Burning Sword":10,"Snack Pack":14,"Black Star":17,"Pocketwatch":15},{"Replay:Accelerometer":19,"MerchantsRug":60,"infinitespire:BottledMercury":120,"Tiny House":37,"Gremlin Horn":120,"ReplayTheSpireMod:CursedCoin":25,"Thread and Needle":78,"Pen Nib":19,"King of Hearts":60,"Medical Kit":112,"Burning Blood":0,"Pet Ghost":11,"FaceOfCleric":19,"infinitespire:Bottled Soul":60,"Turnip":101,"Bag of Marbles":23,"infinitespire:Burning Sword":47,"Snack Pack":70,"Black Star":93,"Pocketwatch":78}],"Burning Blood":141,"Pocketwatch":[90]},"card_choices":[{"not_picked":["Headbutt","Clash","Perfected Strike"],"picked":"SKIP","floor":1.0},{"not_picked":["Combust","Wild Strike","Sentinel"],"picked":"SKIP","floor":2.0},{"not_picked":["Flex","Clash","Battle Trance"],"picked":"SKIP","floor":4.0},{"not_picked":["Twin Strike","ReplayTheSpireMod:LeadingStrike"],"picked":"Infernal Blade","floor":7.0},{"not_picked":["Dark Embrace","Wild Strike","Heavy Blade"],"picked":"SKIP","floor":8.0},{"not_picked":["infinitespire:FutureSight","infinitespire:Fortify"],"picked":"infinitespire:Menacing","floor":9.0},{"not_picked":["ReplayTheSpireMod:Strike From Hell","Twin Strike"],"picked":"Body Slam","floor":13.0},{"not_picked":["Immolate","Clash"],"picked":"Inflame","floor":15.0},{"not_picked":["Havoc","Pommel Strike","Evolve"],"picked":"SKIP","floor":17},{"not_picked":["Hemogenesis","Double Tap"],"picked":"Barricade","floor":19},{"not_picked":["Replay:Many Hands","Hemogenesis"],"picked":"Juggernaut","floor":22},{"not_picked":["Dark Embrace","Abandon","Replay:Undeath\u0027s Touch+1"],"picked":"SKIP","floor":24},{"not_picked":["Headbutt","ReplayTheSpireMod:Limb From Limb"],"picked":"Sword Boomerang","floor":25},{"not_picked":["ReplayTheSpireMod:Stacked","Defy Death","Abandon"],"picked":"SKIP","floor":26},{"not_picked":["Heavy Blade","Reckless Charge+1","Warcry"],"picked":"SKIP","floor":30},{"not_picked":["Carnage","Headbutt"],"picked":"Whirlwind","floor":32},{"not_picked":["Bludgeon","Battle Trance"],"picked":"Cleave+1","floor":38},{"not_picked":["Eclipse","Double Tap"],"picked":"Limit Break","floor":40},{"not_picked":["Replay:Undeath\u0027s Touch","Thunderclap+1","ReplayTheSpireMod:Limb From Limb"],"picked":"SKIP","floor":42},{"not_picked":["Clothesline+1","Anger+1","ReplayTheSpireMod:Corrosion Curse"],"picked":"SKIP","floor":45},{"not_picked":["Headbutt+1","True Grit","Perfected Strike+1"],"picked":"SKIP","floor":47},{"not_picked":["Whirlwind+1","Clash","True Grit"],"picked":"SKIP","floor":50},{"not_picked":["Headbutt+1","Pommel Strike+1"],"picked":"Fire Breathing+1","floor":54},{"not_picked":["Thunderclap+1","Heavy Blade","Clash+1"],"picked":"SKIP","floor":55},{"not_picked":["Anger+1","Clothesline+1","Fire Breathing+1"],"picked":"SKIP","floor":57}],"player_experience":1108913,"relics_obtained":[{"floor":10.0,"key":"Pen Nib"},{"floor":11.0,"key":"Replay:Accelerometer"},{"floor":30,"key":"Snack Pack"},{"floor":33,"key":"Pocketwatch"},{"floor":34,"key":"Thread and Needle"},{"floor":43,"key":"Turnip"},{"floor":51,"key":"infinitespire:BottledMercury"},{"floor":52,"key":"Gremlin Horn"}],"event_choices":[{"damage_healed":0.0,"max_hp_gain":0.0,"max_hp_loss":0.0,"gold_gain":0.0,"event_name":"Scrap Ooze","player_choice":"Success","floor":5.0,"gold_loss":0.0,"damage_taken":7.0,"relics_obtained":["Pet Ghost"]},{"damage_healed":0.0,"max_hp_gain":0.0,"max_hp_loss":0.0,"gold_gain":0.0,"event_name":"FaceTrader","player_choice":"Trade","floor":12.0,"gold_loss":0.0,"damage_taken":0.0,"relics_obtained":["FaceOfCleric"]},{"damage_healed":0,"gold_gain":0,"player_choice":"Ignored","damage_taken":0,"max_hp_gain":0,"max_hp_loss":0,"event_name":"Vampires","floor":27,"gold_loss":0},{"damage_healed":30,"gold_gain":0,"player_choice":"Heal","damage_taken":0,"max_hp_gain":0,"max_hp_loss":0,"event_name":"The Library","floor":35,"gold_loss":0},{"damage_healed":0,"gold_gain":0,"player_choice":"Fight","damage_taken":0,"max_hp_gain":0,"max_hp_loss":0,"event_name":"Mysterious Sphere","floor":43,"gold_loss":0},{"damage_healed":24,"gold_gain":0,"player_choice":"Writhe","damage_taken":0,"max_hp_gain":0,"max_hp_loss":0,"event_name":"Winding Halls","floor":46,"gold_loss":0,"cards_obtained":["Writhe"]},{"damage_healed":0,"gold_gain":0,"player_choice":"Ignored","damage_taken":0,"max_hp_gain":0,"max_hp_loss":0,"event_name":"Tomb of Lord Red Mask","floor":56,"gold_loss":0}],"is_beta":false,"boss_relics":[{"not_picked":["Replay:Bronze Core","Painkiller Herb"],"picked":"Tiny House"},{"not_picked":["Honey Jar","Replay:Ancient Bell"],"picked":"infinitespire:Burning Sword"},{"not_picked":["Abe\u0027s Treasure","SacredBark"],"picked":"Black Star"}],"items_purged_floors":[16,48,48],"is_endless":false,"potions_floor_spawned":[4,13,22,25,26,38,47,50,55],"ascension_level":0}}