{"host":"y76clbnovzmw9ubx","time":1612793821,"event":{"mods":["AchievementEnabler","BaseMod","Minty Spire (QoL Compilation)","Permanent Neow","Relic Stats"],"gold_per_floor":[113,126,143,143,90,90,122,122,193,193,209,229,229,257,257,257,257],"floor_reached":16,"language":"ENG","playtime":1004,"items_purged":[],"score":220,"play_id":"75c7818b-da6d-48d3-853a-3af47867897b","local_time":"20210208091701","is_ascension_mode":true,"campfire_choices":[{"floor":6,"key":"REST"},{"floor":13,"key":"REST"},{"data":"After Image","floor":15,"key":"SMITH"}],"circlet_count":0,"master_deck":["AscendersBane","Strike_G","Strike_G","Strike_G","Strike_G","Defend_G","Defend_G","Defend_G","Defend_G","Defend_G+1","Survivor","Neutralize","After Image","Blade Dance","Blur","Footwork+1","After Image+1","Cloak And Dagger","Dagger Spray","Infinite Blades+1"],"relics":["Ring of the Snake","Question Card","Frozen Egg 2","InkBottle","Mango"],"acts_visited":["Exordium"],"potions_floor_usage":[7,7,16],"damage_taken":[{"damage":4,"enemies":"Jaw Worm","floor":1,"turns":8},{"damage":0,"enemies":"Small Slimes","floor":2,"turns":5},{"damage":0,"enemies":"Cultist","floor":3,"turns":4},{"damage":23,"enemies":"Lagavulin","floor":7,"turns":12},{"damage":0,"enemies":"3 Louse","floor":11,"turns":6},{"damage":0,"enemies":"Large Slime","floor":12,"turns":11},{"damage":10,"enemies":"3 Sentries","floor":14,"turns":11},{"damage":39,"enemies":"Hexaghost","floor":16,"turns":16}],"seed_played":"8678984065861704468","potions_obtained":[{"floor":2,"key":"Fire Potion"},{"floor":3,"key":"LiquidBronze"},{"floor":11,"key":"Block Potion"},{"floor":14,"key":"EssenceOfSteel"}],"is_trial":false,"path_per_floor":["M","M","M","?","?","R","E","T","T","?","M","M","R","E","R","B"],"character_chosen":"THE_SILENT","items_purchased":[],"campfire_rested":2,"item_purchase_floors":[],"current_hp_per_floor":[40,40,40,20,20,39,16,16,16,16,16,16,35,39,39,0,0],"gold":257,"neow_bonus":"THREE_RARE_CARDS","is_daily":false,"chose_seed":false,"campfire_upgraded":1,"win_rate":0.0,"timestamp":1612793821,"path_taken":["M","M","M","?","?","R","E","?","T","?","M","M","R","E","R","BOSS"],"items_purchased_type":[],"build_version":"2020-12-22","purchased_purges":0,"victory":false,"max_hp_per_floor":[66,66,66,66,66,66,66,66,66,66,66,66,66,80,80,80,80],"relic_stats":{"counters":[8,73],"Question Card":3,"obtain_stats":[{"Mango":14,"Frozen Egg 2":8,"Question Card":7,"InkBottle":9,"Ring of the Snake":0},{"Mango":7,"Frozen Egg 2":4,"Question Card":4,"InkBottle":4,"Ring of the Snake":0},{"Mango":57,"Frozen Egg 2":29,"Question Card":29,"InkBottle":29,"Ring of the Snake":0}],"InkBottle":[18],"Ring of the Snake":[16]},"card_choices":[{"not_picked":["Burst","Storm of Steel"],"picked":"After Image","floor":0},{"not_picked":["Underhanded Strike","Leg Sweep"],"picked":"Blade Dance","floor":1},{"not_picked":["Riddle With Holes","Outmaneuver"],"picked":"Blur","floor":2},{"not_picked":["Finisher","Backstab"],"picked":"Footwork","floor":3},{"not_picked":["Sucker Punch","Blade Dance"],"picked":"After Image","floor":7},{"not_picked":["Flechettes","Predator","Deflect"],"picked":"Cloak And Dagger","floor":11},{"not_picked":["Quick Slash","Reflex","Bouncing Flask"],"picked":"Dagger Spray","floor":12},{"not_picked":["Predator","Slice","Skewer"],"picked":"Infinite Blades+1","floor":14}],"player_experience":3211951,"relics_obtained":[{"floor":7,"key":"Question Card"},{"floor":8,"key":"Frozen Egg 2"},{"floor":9,"key":"InkBottle"},{"floor":14,"key":"Mango"}],"event_choices":[{"damage_healed":0,"gold_gain":0,"player_choice":"Entered Light","damage_taken":20,"max_hp_gain":0,"max_hp_loss":0,"event_name":"Shining Light","floor":4,"gold_loss":0,"cards_upgraded":["Defend_G","Footwork"]},{"damage_healed":0,"gold_gain":0,"player_choice":"Left Gold","damage_taken":0,"max_hp_gain":0,"max_hp_loss":0,"event_name":"World of Goop","floor":5,"gold_loss":53},{"cards_removed":["Strike_G"],"damage_healed":0,"gold_gain":0,"player_choice":"Offered Basic","damage_taken":0,"max_hp_gain":0,"max_hp_loss":0,"event_name":"Bonfire Elementals","floor":10,"gold_loss":0}],"is_beta":false,"boss_relics":[],"items_purged_floors":[],"is_endless":false,"potions_floor_spawned":[2,3,11,14],"killed_by":"Hexaghost","ascension_level":20}}