{"host":"52lujqhsyicpcskq","time":1612795978,"event":{"mods":["BaseMod","Colored Map","Minty Spire (QoL Compilation)","Permanent Neow","StSLib","SuperFastMode","everything is the same but u backflip on backflip"],"gold_per_floor":[15,29,44,144,155,155,185,202,226,248,248,248],"floor_reached":11,"language":"KOR","playtime":350,"items_purged":[],"score":127,"play_id":"f69b4f0b-7675-4a02-859b-11da98fb80e0","local_time":"20210208235258","is_ascension_mode":true,"campfire_choices":[{"data":"Dagger Spray","floor":6,"key":"SMITH"}],"circlet_count":0,"master_deck":["AscendersBane","Strike_G","Strike_G","Strike_G","Strike_G","Strike_G","Defend_G","Defend_G","Defend_G","Defend_G","Defend_G","Survivor","Neutralize","Sadistic Nature","Finisher","Flying Knee","Dagger Spray+1","Well Laid Plans","Dodge and Roll","Acrobatics","Blade Dance"],"relics":["Ring of the Snake","Omamori","CeramicFish"],"acts_visited":["Exordium"],"potions_floor_usage":[7,7,11],"damage_taken":[{"damage":2,"enemies":"Cultist","floor":1,"turns":4},{"damage":2,"enemies":"Small Slimes","floor":2,"turns":3},{"damage":0,"enemies":"2 Louse","floor":3,"turns":2},{"damage":5,"enemies":"Exordium Wildlife","floor":5,"turns":4},{"damage":15,"enemies":"Lagavulin","floor":7,"turns":6},{"damage":8,"enemies":"Looter","floor":8,"turns":5},{"damage":5,"enemies":"Large Slime","floor":10,"turns":6},{"damage":15,"enemies":"3 Sentries","floor":11,"turns":3}],"seed_played":"6193507099607979789","potions_obtained":[{"floor":3,"key":"CultistPotion"},{"floor":5,"key":"AttackPotion"},{"floor":7,"key":"Energy Potion"}],"is_trial":false,"path_per_floor":["M","M","M","?","M","R","E","M","T","M","E"],"character_chosen":"THE_SILENT","items_purchased":[],"campfire_rested":0,"item_purchase_floors":[],"current_hp_per_floor":[61,59,59,59,54,54,39,31,31,26,11,11],"gold":248,"neow_bonus":"RANDOM_COLORLESS_2","is_daily":false,"chose_seed":false,"campfire_upgraded":1,"win_rate":0.0,"timestamp":1612795978,"path_taken":["M","?","M","?","M","R","E","M","T","M","E"],"items_purchased_type":[],"build_version":"2020-12-22","purchased_purges":0,"victory":false,"max_hp_per_floor":[70,70,70,70,70,70,70,70,70,70,70,70],"card_choices":[{"not_picked":["Transmutation","Magnetism"],"picked":"Sadistic Nature","floor":0},{"not_picked":["Outmaneuver","Calculated Gamble"],"picked":"Finisher","floor":1},{"not_picked":["Catalyst","Deflect"],"picked":"Flying Knee","floor":2},{"not_picked":["Choke","Prepared"],"picked":"Dagger Spray","floor":3},{"not_picked":["Flying Knee","Outmaneuver"],"picked":"Well Laid Plans","floor":5},{"not_picked":["Sucker Punch","Doppelganger"],"picked":"Dodge and Roll","floor":7},{"not_picked":["Dodge and Roll","Underhanded Strike"],"picked":"Acrobatics","floor":8},{"not_picked":["Dash","Flying Knee"],"picked":"Blade Dance","floor":10}],"player_experience":770308,"relics_obtained":[{"floor":7,"key":"Omamori"},{"floor":9,"key":"CeramicFish"}],"event_choices":[{"damage_healed":0,"gold_gain":100,"player_choice":"Pray","damage_taken":0,"max_hp_gain":0,"max_hp_loss":0,"event_name":"Golden Shrine","floor":4,"gold_loss":0}],"is_beta":false,"boss_relics":[],"items_purged_floors":[],"is_endless":false,"potions_floor_spawned":[3,5,7],"killed_by":"3 Sentries","ascension_level":13}}