{"host":"m4pe905ae9bldoe7","time":1612788185,"event":{"mods":["BaseMod","Bestiary","Block Reminder","Downfall","Minty Spire (QoL Compilation)","StSLib"],"gold_per_floor":[112,112,122,74,74,113,134,186,210,254,266,305,317,344,356,368,368],"floor_reached":16,"language":"ENG","playtime":461,"items_purged":[],"score":233,"play_id":"704a6d1d-03c1-4f3c-bbbf-4188ff9ae5a4","local_time":"20210208134305","is_ascension_mode":true,"campfire_choices":[{"floor":11,"key":"REST"},{"data":"Fire Breathing","floor":15,"key":"SMITH"}],"circlet_count":0,"master_deck":["AscendersBane","Strike_R","Strike_R","Strike_R","Strike_R","Defend_R","Defend_R","Defend_R","Defend_R","Bash","True Grit","Shockwave","Thunderclap","Fire Breathing+1","Body Slam","Body Slam","Spot Weakness"],"relics":["Burning Blood","NeowsBlessing","Golden Idol","PreservedInsect","CeramicFish","MawBank"],"acts_visited":["Exordium"],"potions_floor_usage":[16,16],"damage_taken":[{"damage":0,"enemies":"Cultist","floor":1,"turns":1},{"damage":0,"enemies":"Jaw Worm","floor":3,"turns":1},{"damage":0,"enemies":"Lagavulin","floor":6,"turns":2},{"damage":14,"enemies":"Small Slimes","floor":7,"turns":4},{"damage":43,"enemies":"Gremlin Nob","floor":8,"turns":5},{"damage":11,"enemies":"Red Slaver","floor":10,"turns":6},{"damage":5,"enemies":"2 Fungi Beasts","floor":12,"turns":4},{"damage":31,"enemies":"Large Slime","floor":14,"turns":8},{"damage":46,"enemies":"Hexaghost","floor":16,"turns":9}],"seed_played":"-6363206340768620206","potions_obtained":[{"floor":1,"key":"hexamod:SoulburnPotion"},{"floor":8,"key":"AttackPotion"},{"floor":14,"key":"Block Potion"}],"is_trial":false,"path_per_floor":["M","?","M","$","?","E","M","E","T","M","R","M","?","M","R","B"],"character_chosen":"IRONCLAD","items_purchased":["Thunderclap"],"campfire_rested":1,"item_purchase_floors":[4],"current_hp_per_floor":[74,67,73,73,69,69,61,24,24,19,39,40,69,44,44,0,0],"gold":368,"neow_bonus":"THREE_ENEMY_KILL","is_daily":false,"chose_seed":false,"campfire_upgraded":1,"win_rate":0.0,"timestamp":1612788185,"path_taken":["M","?","M","$","?","E","M","E","T","M","R","M","?","M","R","BOSS"],"items_purchased_type":["Card"],"build_version":"2020-12-22","purchased_purges":0,"victory":false,"max_hp_per_floor":[75,75,75,75,69,69,69,69,69,69,69,69,69,69,69,69,69],"card_choices":[{"not_picked":["Sever Soul","Bloodletting"],"picked":"True Grit","floor":1},{"not_picked":["Heavy Blade","Clash"],"picked":"Shockwave","floor":3},{"not_picked":["Reaper","Thunderclap"],"picked":"Fire Breathing","floor":6},{"not_picked":["Headbutt","Shrug It Off"],"picked":"Body Slam","floor":7},{"not_picked":["Disarm","Infernal Blade"],"picked":"Dual Wield","floor":8},{"not_picked":["Warcry","Shockwave"],"picked":"Body Slam","floor":10},{"not_picked":["Warcry","Body Slam"],"picked":"Spot Weakness","floor":12},{"not_picked":["Twin Strike","Clothesline","Clash"],"picked":"SKIP","floor":14}],"player_experience":526750,"relics_obtained":[{"floor":6,"key":"PreservedInsect"},{"floor":8,"key":"CeramicFish"},{"floor":9,"key":"MawBank"}],"event_choices":[{"cards_removed":["Strike_R"],"damage_healed":0,"gold_gain":0,"player_choice":"Card Removal","damage_taken":7,"max_hp_gain":0,"max_hp_loss":0,"event_name":"Golden Wing","floor":2,"gold_loss":0},{"damage_healed":0,"gold_gain":0,"player_choice":"Lose Max HP","damage_taken":0,"relics_obtained":["Golden Idol"],"max_hp_gain":0,"max_hp_loss":6,"event_name":"Golden Idol","floor":5,"gold_loss":0},{"cards_removed":["Dual Wield"],"damage_healed":29,"gold_gain":0,"player_choice":"Offered Uncommon","damage_taken":0,"max_hp_gain":0,"max_hp_loss":0,"event_name":"Bonfire Elementals","floor":13,"gold_loss":0}],"is_beta":false,"boss_relics":[],"items_purged_floors":[],"is_endless":false,"potions_floor_spawned":[1,8,14],"killed_by":"Hexaghost","ascension_level":14}}