{"host":"qrbkigq52dd42dk0","time":1612819055,"event":{"mods":["AchievementEnabler","BaseMod","Colored Map","Colored Powertips","Minty Spire (QoL Compilation)","Morshu Shopkeeper - ENHANCED","Quick Restart","StSLib","SuperFastMode","The IronCluck","everything is the same but u backflip on backflip"],"gold_per_floor":[113,73,73,93,93,168,179,29,29,61,61,90,102,136,136,240,240,256,87,98,98,60,91,16,16,16,42,54,54,65,65,65,170,170,187,119,136,154,29,60,60,33,333,349,349,349,329,358,358,358,358,358,18,50,50,50],"floor_reached":55,"language":"ENG","playtime":2624,"items_purged":["Pain","Strike_G","Strike_G"],"score":882,"play_id":"1fbf7bc9-d080-4b42-890d-e57192bbea12","local_time":"20210208221735","is_ascension_mode":true,"campfire_choices":[{"data":"Footwork","floor":11.0,"key":"SMITH"},{"floor":15.0,"key":"REST"},{"floor":25.0,"key":"REST"},{"floor":32.0,"key":"REST"},{"floor":41,"key":"REST"},{"floor":49,"key":"RECALL"},{"floor":52,"key":"REST"}],"circlet_count":0,"master_deck":["Strike_G","Strike_G","Defend_G","Defend_G","Defend_G","Defend_G","Defend_G","Survivor","Neutralize","Glass Knife","Cloak And Dagger","Footwork","Blade Dance","Footwork+1","Heel Hook","A Thousand Cuts+1","Noxious Fumes+1","Caltrops+1","Leg Sweep","Necronomicurse","Accuracy+1","Expertise+1","Noxious Fumes+1","Cloak And Dagger","Catalyst","Storm of Steel","Infinite Blades+1","Underhanded Strike+1","Backflip","Backflip","Escape Plan+1","Footwork+1","Dodge and Roll","Choke"],"relics":["Ring of the Snake","WarpedTongs","Frozen Egg 2","Nunchaku","Anchor","Fusion Hammer","Necronomicon","Snake Skull","Mercury Hourglass","Bottled Lightning","Ninja Scroll","Busted Crown","Gambling Chip","Old Coin","Letter Opener","Mummified Hand","InkBottle"],"acts_visited":["Exordium","TheCity","TheBeyond","TheEnding"],"potions_floor_usage":[40,40],"damage_taken":[{"damage":0.0,"enemies":"2 Louse","floor":1.0,"turns":2.0},{"damage":3.0,"enemies":"Cultist","floor":4.0,"turns":4.0},{"damage":3.0,"enemies":"Small Slimes","floor":7.0,"turns":3.0},{"damage":13.0,"enemies":"Lagavulin","floor":10.0,"turns":9.0},{"damage":17.0,"enemies":"Gremlin Nob","floor":12.0,"turns":5.0},{"damage":0.0,"enemies":"Looter","floor":13.0,"turns":2.0},{"damage":8.0,"enemies":"Lagavulin","floor":14.0,"turns":6.0},{"damage":14.0,"enemies":"The Guardian","floor":16.0,"turns":16.0},{"damage":14.0,"enemies":"Spheric Guardian","floor":18.0,"turns":4.0},{"damage":0.0,"enemies":"3 Byrds","floor":20.0,"turns":2.0},{"damage":24.0,"enemies":"Slavers","floor":23.0,"turns":3.0},{"damage":0.0,"enemies":"Book of Stabbing","floor":27.0,"turns":4.0},{"damage":1.0,"enemies":"Snake Plant","floor":28.0,"turns":5.0},{"damage":19.0,"enemies":"3 Cultists","floor":30.0,"turns":4.0},{"damage":26.0,"enemies":"Collector","floor":33.0,"turns":8.0},{"damage":0,"enemies":"3 Darklings","floor":35,"turns":3},{"damage":0,"enemies":"3 Shapes","floor":37,"turns":3},{"damage":23,"enemies":"3 Darklings","floor":38,"turns":4},{"damage":45,"enemies":"Nemesis","floor":40,"turns":7},{"damage":8,"enemies":"Spire Growth","floor":44,"turns":4},{"damage":1,"enemies":"Giant Head","floor":48,"turns":6},{"damage":30,"enemies":"Donu and Deca","floor":50,"turns":6},{"damage":0,"enemies":"Shield and Spear","floor":54,"turns":4},{"damage":63,"enemies":"The Heart","floor":55,"turns":3}],"seed_played":"1459357932637900798","potions_obtained":[{"floor":7.0,"key":"SneckoOil"},{"floor":12.0,"key":"SkillPotion"},{"floor":18.0,"key":"EssenceOfSteel"},{"floor":23.0,"key":"DistilledChaos"},{"floor":44,"key":"LiquidBronze"},{"floor":47,"key":"GhostInAJar"}],"is_trial":false,"path_per_floor":["M","$","?","M","?","?","M","$","T","E","R","E","M","E","R","B",null,"M","$","M","?","$","E","?","R","T","E","M","$","M","?","R","B",null,"M","$","M","M","$","E","R","$","T","M","?","?","?","E","R","B",null,"R","$","E","B"],"character_chosen":"THE_SILENT","items_purchased":["Footwork","Footwork","Caltrops+1","Accuracy+1","Infinite Blades+1","Backflip","Footwork+1","Mummified Hand","Dodge and Roll"],"campfire_rested":5,"item_purchase_floors":[2,8,19,22,36,42,53,53,53],"current_hp_per_floor":[70,70,70,67,72,61,58,58,58,45,45,28,28,20,42,28,75,61,61,61,45,45,21,21,43,43,43,42,42,23,23,45,19,75,75,75,75,52,52,7,29,29,29,21,66,63,63,62,62,32,63,63,63,63,0,0],"gold":50,"neow_bonus":"ONE_RANDOM_RARE_CARD","is_daily":false,"chose_seed":false,"campfire_upgraded":1,"win_rate":0.0,"timestamp":1612819055,"path_taken":["M","$","?","?","?","?","M","$","T","E","R","E","M","E","R","BOSS","M","$","M","?","$","E","?","R","T","E","M","$","M","?","R","BOSS","M","$","M","M","$","E","R","$","T","M","?","?","?","E","R","BOSS","R","$","E","BOSS"],"items_purchased_type":["Card","Card","Card","Card","Card","Card","Card","Relic","Card"],"build_version":"2020-12-22","purchased_purges":3,"victory":false,"max_hp_per_floor":[70,70,70,70,75,75,75,75,75,75,75,75,75,75,75,75,75,75,75,75,75,75,75,75,75,75,75,75,75,75,75,75,75,75,75,75,75,75,75,75,75,75,75,75,66,63,63,63,63,63,63,63,63,63,63,63],"card_choices":[{"not_picked":["Deadly Poison","Outmaneuver"],"picked":"Cloak And Dagger","floor":1.0},{"not_picked":["Heel Hook","Acrobatics"],"picked":"Blade Dance","floor":4.0},{"not_picked":["Endless Agony","Deadly Poison","Underhanded Strike"],"picked":"SKIP","floor":7.0},{"not_picked":["Crippling Poison","Flying Knee","Sucker Punch"],"picked":"SKIP","floor":10.0},{"not_picked":["Outmaneuver","All Out Attack","Quick Slash"],"picked":"SKIP","floor":12.0},{"not_picked":["Reflex","Slice"],"picked":"Heel Hook","floor":13.0},{"not_picked":["Outmaneuver","Flechettes","Dagger Spray"],"picked":"SKIP","floor":14.0},{"not_picked":["After Image+1","Unload"],"picked":"A Thousand Cuts+1","floor":16.0},{"not_picked":["Deflect+1","Dodge and Roll"],"picked":"Noxious Fumes+1","floor":18.0},{"not_picked":["Distraction","Dodge and Roll"],"picked":"Leg Sweep","floor":20.0},{"not_picked":["Unload","Predator"],"picked":"Expertise+1","floor":23.0},{"not_picked":["Infinite Blades+1","Dagger Spray"],"picked":"Noxious Fumes+1","floor":27.0},{"not_picked":["Endless Agony+1","Backstab"],"picked":"Cloak And Dagger","floor":28.0},{"not_picked":["Underhanded Strike","Acrobatics+1"],"picked":"Catalyst","floor":30.0},{"not_picked":["Night Terror","Bullet Time"],"picked":"Storm of Steel","floor":33.0},{"not_picked":["Flechettes"],"picked":"SKIP","floor":35},{"not_picked":["Eviscerate"],"picked":"SKIP","floor":37},{"not_picked":[],"picked":"Underhanded Strike+1","floor":38},{"not_picked":["Outmaneuver+1"],"picked":"SKIP","floor":40},{"not_picked":[],"picked":"Backflip","floor":44},{"not_picked":[],"picked":"Escape Plan+1","floor":48},{"not_picked":[],"picked":"Choke","floor":54}],"player_experience":233181,"relics_obtained":[{"floor":10.0,"key":"Frozen Egg 2"},{"floor":12.0,"key":"Nunchaku"},{"floor":14.0,"key":"Anchor"},{"floor":21.0,"key":"Necronomicon"},{"floor":23.0,"key":"Snake Skull"},{"floor":26.0,"key":"Mercury Hourglass"},{"floor":27.0,"key":"Bottled Lightning"},{"floor":40,"key":"Gambling Chip"},{"floor":43,"key":"Old Coin"},{"floor":48,"key":"Letter Opener"},{"floor":54,"key":"InkBottle"}],"event_choices":[{"damage_healed":0.0,"max_hp_gain":0.0,"max_hp_loss":0.0,"gold_gain":0.0,"event_name":"Accursed Blacksmith","player_choice":"Rummage","floor":3.0,"gold_loss":0.0,"damage_taken":0.0,"relics_obtained":["WarpedTongs"],"cards_obtained":["Pain"]},{"damage_healed":0.0,"max_hp_gain":5.0,"max_hp_loss":0.0,"gold_gain":0.0,"event_name":"Big Fish","player_choice":"Donut","floor":5.0,"gold_loss":0.0,"damage_taken":0.0},{"damage_healed":0.0,"max_hp_gain":0.0,"max_hp_loss":0.0,"gold_gain":75.0,"event_name":"World of Goop","player_choice":"Gather Gold","floor":6.0,"gold_loss":0.0,"damage_taken":11.0},{"damage_healed":0.0,"max_hp_gain":0.0,"max_hp_loss":0.0,"gold_gain":0.0,"event_name":"Cursed Tome","player_choice":"Obtained Book","floor":21.0,"gold_loss":0.0,"damage_taken":16.0},{"cards_removed":["Strike_G"],"damage_healed":0.0,"max_hp_gain":0.0,"max_hp_loss":0.0,"gold_gain":0.0,"event_name":"Beggar","player_choice":"Gave Gold","floor":24.0,"gold_loss":75.0,"damage_taken":0.0},{"damage_healed":0.0,"max_hp_gain":0.0,"max_hp_loss":0.0,"gold_gain":0.0,"event_name":"The Mausoleum","player_choice":"Opened","floor":31.0,"gold_loss":0.0,"damage_taken":0.0,"relics_obtained":["Ninja Scroll"]},{"damage_healed":66,"gold_gain":0,"player_choice":"Heal","damage_taken":0,"max_hp_gain":0,"max_hp_loss":9,"event_name":"The Moai Head","floor":45,"gold_loss":0},{"damage_healed":0,"gold_gain":0,"player_choice":"Max HP","damage_taken":0,"max_hp_gain":0,"max_hp_loss":3,"event_name":"Winding Halls","floor":46,"gold_loss":0},{"damage_healed":0,"gold_gain":0,"player_choice":"Bought 1 Potion","damage_taken":0,"max_hp_gain":0,"max_hp_loss":0,"event_name":"The Woman in Blue","floor":47,"gold_loss":0}],"is_beta":false,"boss_relics":[{"not_picked":["Snecko Eye","HoveringKite"],"picked":"Fusion Hammer"},{"not_picked":["SlaversCollar","Velvet Choker"],"picked":"Busted Crown"}],"items_purged_floors":[8,19,39],"is_endless":false,"potions_floor_spawned":[7,12,18,23,27,30,37,44],"killed_by":"The Heart","ascension_level":2}}