{"host":"nfwmt9fllo89vsai","time":1612818997,"event":{"mods":["AchievementEnabler","BaseMod","BetterRewards","Colored Map","Colored Powertips","Curses Come First","Dark Map","Minty Spire (QoL Compilation)","Potion Indicator Mod","Quick Restart","Relic Stats","StSLib","SuperFastMode"],"gold_per_floor":[110,130,144,159,21,21,48,80,105,120,184,203,203,220,220,324,324,340,350,365,14,14,14,33,33,33,33,33,45,45,55,55,160,160,179,1178,1178,371,390,390,140,159,185,108,108,138,138,151,151,252,252,270,284,309,309,9,36,36,47,73,6,17,17,32,45,45,143,143,153,179,179,179],"floor_reached":71,"language":"ENG","playtime":3635,"items_purged":["Normality","Normality"],"score":1278,"play_id":"8dd6bbe1-1a29-4c0f-9323-b18e7a3048b3","local_time":"20210208141637","daily_mods":["Draft","Allstar","Heirloom","Time Dilation","Flight"],"is_ascension_mode":false,"campfire_choices":[{"floor":6.0,"key":"REST"},{"data":"Armaments","floor":13.0,"key":"SMITH"},{"floor":15.0,"key":"REST"},{"floor":23.0,"key":"REST"},{"floor":25.0,"key":"REST"},{"floor":28.0,"key":"REST"},{"floor":30.0,"key":"REST"},{"floor":32.0,"key":"REST"},{"floor":40.0,"key":"REST"},{"floor":45.0,"key":"REST"},{"floor":49.0,"key":"REST"},{"floor":58,"key":"REST"},{"floor":66,"key":"REST"}],"circlet_count":0,"master_deck":["Demon Form","Wraith Form v2","Echo Form","DevaForm","Headbutt","Intimidate","Pommel Strike","Armaments+1","Metallicize","Body Slam","Pommel Strike","Pommel Strike","Inflame","Wild Strike","Headbutt","Iron Wave","Armaments+1","Pommel Strike","Cleave","Headbutt","Shrug It Off","Seeing Red","Uppercut","Perfected Strike","Good Instincts","Body Slam","Shrug It Off","Twin Strike","Pommel Strike","Dropkick","Juggernaut","CurseOfTheBell","Bloodletting","Anger","Thunderclap","Cleave","Body Slam+1","Feed","Warcry","Madness","Madness","DevaForm","Inflame","Enlightenment","Armaments+1","Headbutt+1","Perfected Strike","Cleave+1","Hemokinesis+1","Disarm+1","Anger","Armaments","Feed","Quick Slash+1","Stack","Consecrate","Backflip","Inflame","Cloak And Dagger","Prepared","Dark Shackles","Doom and Gloom","Storm of Steel","ForeignInfluence","Seeing Red+1"],"relics":["Unceasing Top","Lizard Tail","Bag of Marbles","Art of War","Ancient Tea Set","Calling Bell","Oddly Smooth Stone","Sundial","StoneCalendar","Calipers","Regal Pillow","Black Star","DollysMirror","Pen Nib","Self Forming Clay","Anchor","Tiny Chest","Akabeko","Kunai","Astrolabe","Dream Catcher","PrismaticShard","Runic Cube"],"acts_visited":["Exordium","TheCity","TheBeyond","Exordium","TheCity"],"potions_floor_usage":[67],"damage_taken":[{"damage":0.0,"enemies":"Cultist","floor":1.0,"turns":4.0},{"damage":8.0,"enemies":"Jaw Worm","floor":2.0,"turns":3.0},{"damage":11.0,"enemies":"Small Slimes","floor":3.0,"turns":5.0},{"damage":23.0,"enemies":"Exordium Wildlife","floor":4.0,"turns":6.0},{"damage":0.0,"enemies":"Lagavulin","floor":7.0,"turns":7.0},{"damage":27.0,"enemies":"3 Sentries","floor":8.0,"turns":6.0},{"damage":0.0,"enemies":"Looter","floor":10.0,"turns":4.0},{"damage":7.0,"enemies":"2 Fungi Beasts","floor":12.0,"turns":3.0},{"damage":1.0,"enemies":"Blue Slaver","floor":14.0,"turns":2.0},{"damage":18.0,"enemies":"Hexaghost","floor":16.0,"turns":5.0},{"damage":4.0,"enemies":"Chosen","floor":18.0,"turns":4.0},{"damage":28.0,"enemies":"2 Thieves","floor":19.0,"turns":4.0},{"damage":8.0,"enemies":"Snecko","floor":20.0,"turns":3.0},{"damage":50.0,"enemies":"3 Cultists","floor":24.0,"turns":5.0},{"damage":36.0,"enemies":"Snake Plant","floor":29.0,"turns":3.0},{"damage":20.0,"enemies":"Chosen and Byrds","floor":31.0,"turns":4.0},{"damage":64.0,"enemies":"Champ","floor":33.0,"turns":7.0},{"damage":21.0,"enemies":"Orb Walker","floor":35.0,"turns":5.0},{"damage":44.0,"enemies":"3 Darklings","floor":39.0,"turns":6.0},{"damage":17.0,"enemies":"Sphere and 2 Shapes","floor":42.0,"turns":4.0},{"damage":44.0,"enemies":"Reptomancer","floor":46.0,"turns":7.0},{"damage":18.0,"enemies":"Jaw Worm Horde","floor":48.0,"turns":4.0},{"damage":89.0,"enemies":"Time Eater","floor":50.0,"turns":10.0},{"damage":0.0,"enemies":"Small Slimes","floor":52.0,"turns":1.0},{"damage":0.0,"enemies":"Cultist","floor":53.0,"turns":1.0},{"damage":4.0,"enemies":"Gremlin Nob","floor":54.0,"turns":2.0},{"damage":55,"enemies":"Lagavulin","floor":57,"turns":5},{"damage":0,"enemies":"2 Louse","floor":59,"turns":1},{"damage":3,"enemies":"Gremlin Nob","floor":60,"turns":2},{"damage":3,"enemies":"2 Fungi Beasts","floor":62,"turns":2},{"damage":11,"enemies":"3 Louse","floor":64,"turns":3},{"damage":14,"enemies":"Blue Slaver","floor":65,"turns":2},{"damage":21,"enemies":"The Guardian","floor":67,"turns":7},{"damage":40,"enemies":"Spheric Guardian","floor":69,"turns":4},{"damage":55,"enemies":"Book of Stabbing","floor":70,"turns":5},{"damage":0,"enemies":"3 Byrds","floor":71,"turns":1}],"seed_played":"-3641008786787577962","potions_obtained":[{"floor":3.0,"key":"SkillPotion"},{"floor":4.0,"key":"Weak Potion"},{"floor":8.0,"key":"ElixirPotion"},{"floor":10.0,"key":"CultistPotion"},{"floor":24.0,"key":"DuplicationPotion"},{"floor":29.0,"key":"BlessingOfTheForge"},{"floor":39.0,"key":"SteroidPotion"},{"floor":50.0,"key":"Strength Potion"},{"floor":62,"key":"HeartOfIron"},{"floor":65,"key":"BlessingOfTheForge"},{"floor":67,"key":"ElixirPotion"}],"is_trial":true,"path_per_floor":["M","M","M","M","$","R","E","E","T","M","?","M","R","M","R","B",null,"M","M","M","$","?","R","M","R","T","?","R","M","R","M","R","B",null,"M","?","?","$","M","R","$","M","T","$","R","E","?","M","R","B",null,"M","M","E","?","$","E","R","M","E","$","M","?","M","M","R","B",null,"M","E","M"],"character_chosen":"IRONCLAD","items_purchased":["Perfected Strike","Good Instincts","Calipers","Thunderclap","DollysMirror","Inflame","Pen Nib","Self Forming Clay","Enlightenment","DistilledChaos","Anchor","EssenceOfSteel","Dream Catcher","PrismaticShard","Inflame"],"campfire_rested":12,"item_purchase_floors":[5,5,21,21,38,38,38,38,38,38,41,44,56,56,61],"current_hp_per_floor":[80,72,61,38,38,62,62,35,35,35,35,28,28,27,51,33,80,76,48,40,40,40,64,14,38,38,23,63,27,67,47,85,21,85,64,64,53,53,12,53,53,36,36,36,77,33,33,18,60,45,91,91,91,87,101,101,46,91,91,88,88,89,68,57,43,89,68,105,65,10,10,10],"gold":179,"neow_bonus":"","is_daily":false,"chose_seed":false,"campfire_upgraded":1,"win_rate":0.0,"timestamp":1612818997,"path_taken":["M","M","M","M","$","R","E","E","T","M","?","M","R","M","R","BOSS","M","M","M","$","?","R","?","R","T","?","R","M","R","M","R","BOSS","M","?","?","$","M","R","$","M","T","?","R","E","?","?","R","BOSS","M","M","?","?","$","E","R","?","E","$","M","?","M","M","R","BOSS","M","?","M"],"items_purchased_type":["Card","Card","Relic","Card","Relic","Card","Relic","Relic","Card","Potion","Relic","Potion","Relic","Relic","Card"],"build_version":"2020-12-22","purchased_purges":2,"victory":false,"max_hp_per_floor":[80,80,80,80,80,80,80,80,80,80,80,80,80,80,80,80,80,80,80,80,80,80,80,80,80,80,85,85,85,85,85,85,85,85,85,85,85,85,88,88,88,88,88,88,88,88,88,91,91,91,91,91,91,91,101,101,101,101,101,101,101,105,105,105,105,105,105,105,105,105,105,105],"relic_stats":{"Regal Pillow":118,"counters":[36,147],"Self Forming Clay":[114],"Astrolabe":["Brutality","Hemokinesis","Disarm"],"StoneCalendar":[52],"Pen Nib":[15],"Lizard Tail":45,"Dream Catcher":2,"Sundial":[0],"Tiny Chest":2,"Art of War":[26],"Black Star":5,"Kunai":[25],"obtain_stats":[{"Regal Pillow":26,"Calipers":21,"Self Forming Clay":38,"Astrolabe":51,"Oddly Smooth Stone":17,"StoneCalendar":17,"Pen Nib":38,"Ancient Tea Set":9,"PrismaticShard":56,"Akabeko":46,"Calling Bell":17,"Lizard Tail":0,"Anchor":41,"Dream Catcher":56,"Sundial":17,"DollysMirror":38,"Tiny Chest":43,"Bag of Marbles":7,"Art of War":8,"Black Star":34,"Kunai":46,"Unceasing Top":0,"Runic Cube":68},{"Regal Pillow":14,"Calipers":13,"Self Forming Clay":18,"Astrolabe":23,"Oddly Smooth Stone":10,"StoneCalendar":10,"Pen Nib":18,"Ancient Tea Set":6,"PrismaticShard":26,"Akabeko":21,"Calling Bell":10,"Lizard Tail":0,"Anchor":19,"Dream Catcher":26,"Sundial":10,"DollysMirror":18,"Tiny Chest":20,"Bag of Marbles":5,"Art of War":6,"Black Star":17,"Kunai":21,"Unceasing Top":0,"Runic Cube":33},{"Regal Pillow":61,"Calipers":56,"Self Forming Clay":80,"Astrolabe":111,"Oddly Smooth Stone":45,"StoneCalendar":45,"Pen Nib":80,"Ancient Tea Set":31,"PrismaticShard":115,"Akabeko":97,"Calling Bell":45,"Lizard Tail":0,"Anchor":86,"Dream Catcher":115,"Sundial":45,"DollysMirror":80,"Tiny Chest":90,"Bag of Marbles":25,"Art of War":31,"Black Star":75,"Kunai":97,"Unceasing Top":0,"Runic Cube":137}],"Unceasing Top":[48],"Runic Cube":[8]},"card_choices":[{"not_picked":["Rupture","Shrug It Off"],"picked":"Headbutt","floor":0.0},{"not_picked":["Sword Boomerang","Havoc"],"picked":"Intimidate","floor":0.0},{"not_picked":["Uppercut","Shrug It Off"],"picked":"Pommel Strike","floor":0.0},{"not_picked":["True Grit","Hemokinesis"],"picked":"Armaments","floor":0.0},{"not_picked":["Warcry","Cleave"],"picked":"Metallicize","floor":0.0},{"not_picked":["Blood for Blood","Burning Pact"],"picked":"Body Slam","floor":0.0},{"not_picked":["Anger","Cleave"],"picked":"Pommel Strike","floor":0.0},{"not_picked":["Cleave","Whirlwind"],"picked":"Pommel Strike","floor":0.0},{"not_picked":["Iron Wave","Heavy Blade"],"picked":"Inflame","floor":0.0},{"not_picked":["Sever Soul","Evolve"],"picked":"Wild Strike","floor":0.0},{"not_picked":["Pommel Strike","True Grit"],"picked":"Headbutt","floor":0.0},{"not_picked":["Warcry","Feel No Pain"],"picked":"Iron Wave","floor":0.0},{"not_picked":["Whirlwind","Sword Boomerang"],"picked":"Armaments","floor":0.0},{"not_picked":["Havoc","Body Slam"],"picked":"Pommel Strike","floor":0.0},{"not_picked":["Wild Strike","Clash"],"picked":"Cleave","floor":0.0},{"not_picked":["Clash","Havoc"],"picked":"Headbutt","floor":1.0},{"not_picked":["Wild Strike","Ghostly Armor"],"picked":"Shrug It Off","floor":2.0},{"not_picked":["Flame Barrier","Thunderclap"],"picked":"Seeing Red","floor":3.0},{"not_picked":["Brutality","Cleave"],"picked":"Uppercut","floor":4.0},{"not_picked":["Cleave","Evolve"],"picked":"Body Slam","floor":7.0},{"not_picked":["Armaments","Hemokinesis"],"picked":"Shrug It Off","floor":8.0},{"not_picked":["Sword Boomerang","Dropkick"],"picked":"Twin Strike","floor":10.0},{"not_picked":["Hemokinesis","Blood for Blood"],"picked":"Pommel Strike","floor":12.0},{"not_picked":["Shrug It Off","True Grit"],"picked":"Dropkick","floor":14.0},{"not_picked":["Offering","Double Tap"],"picked":"Juggernaut","floor":16.0},{"not_picked":["Carnage","Cleave"],"picked":"Bloodletting","floor":18.0},{"not_picked":["Evolve+1","Shrug It Off"],"picked":"Anger","floor":19.0},{"not_picked":["Rage+1","Offering"],"picked":"Heavy Blade","floor":20.0},{"not_picked":["Iron Wave","Ghostly Armor"],"picked":"Cleave","floor":24.0},{"not_picked":["Burning Pact","Hemokinesis+1"],"picked":"Heavy Blade","floor":29.0},{"not_picked":["Carnage","Clothesline+1"],"picked":"Body Slam","floor":31.0},{"not_picked":["Juggernaut","Brutality"],"picked":"Feed","floor":33.0},{"not_picked":["True Grit","Headbutt"],"picked":"Warcry","floor":35.0},{"not_picked":["Thunderclap","Pommel Strike"],"picked":"Armaments+1","floor":39.0},{"not_picked":["Blood for Blood","Berserk"],"picked":"Headbutt+1","floor":42.0},{"not_picked":["Blood for Blood+1","Dropkick"],"picked":"Perfected Strike","floor":46.0},{"not_picked":["Clothesline","Heavy Blade"],"picked":"Cleave+1","floor":48.0},{"not_picked":["Fiend Fire","Berserk"],"picked":"Immolate","floor":50.0},{"not_picked":["Pommel Strike","Cleave"],"picked":"Anger","floor":52.0},{"not_picked":["Havoc","Sword Boomerang"],"picked":"Armaments","floor":53.0},{"not_picked":["Shockwave","Anger"],"picked":"Feed","floor":54.0},{"not_picked":["Blur","BowlingBash"],"picked":"Quick Slash","floor":57},{"not_picked":["Evolve","Ghostly Armor"],"picked":"Stack","floor":58},{"not_picked":["Anger","Riddle With Holes"],"picked":"Consecrate","floor":59},{"not_picked":["Rupture","Leg Sweep"],"picked":"Backflip","floor":60},{"not_picked":["Uppercut","Compile Driver"],"picked":"Cloak And Dagger","floor":62},{"not_picked":["Shrug It Off","Fusion"],"picked":"Prepared","floor":64},{"not_picked":["Heel Hook","Clothesline"],"picked":"Dark Shackles","floor":65},{"not_picked":["Havoc","Body Slam"],"picked":"Doom and Gloom","floor":66},{"not_picked":["Panache","Fission"],"picked":"Storm of Steel","floor":67},{"not_picked":["Barrage","Swift Strike"],"picked":"ForeignInfluence","floor":69},{"not_picked":["ClearTheMind","Spot Weakness"],"picked":"Seeing Red+1","floor":70}],"player_experience":35987,"relics_obtained":[{"floor":7.0,"key":"Bag of Marbles"},{"floor":8.0,"key":"Art of War"},{"floor":9.0,"key":"Ancient Tea Set"},{"floor":17.0,"key":"Oddly Smooth Stone"},{"floor":17.0,"key":"Sundial"},{"floor":17.0,"key":"StoneCalendar"},{"floor":26.0,"key":"Regal Pillow"},{"floor":43.0,"key":"Tiny Chest"},{"floor":46.0,"key":"Akabeko"},{"floor":46.0,"key":"Kunai"}],"event_choices":[{"damage_healed":0.0,"max_hp_gain":0.0,"max_hp_loss":0.0,"gold_gain":64.0,"event_name":"Golden Wing","player_choice":"Gained Gold","floor":11.0,"gold_loss":0.0,"damage_taken":0.0},{"damage_healed":0.0,"max_hp_gain":0.0,"max_hp_loss":0.0,"gold_gain":0.0,"event_name":"Upgrade Shrine","player_choice":"Upgraded","floor":22.0,"gold_loss":0.0,"damage_taken":0.0,"cards_upgraded":["Armaments"]},{"damage_healed":0.0,"max_hp_gain":5.0,"max_hp_loss":0.0,"gold_gain":0.0,"event_name":"Forgotten Altar","player_choice":"Shed Blood","floor":27.0,"gold_loss":0.0,"damage_taken":20.0},{"damage_healed":0.0,"max_hp_gain":0.0,"max_hp_loss":0.0,"gold_gain":999.0,"event_name":"MindBloom","player_choice":"Gold","floor":36.0,"gold_loss":0.0,"damage_taken":0.0,"cards_obtained":["Normality","Normality"]},{"damage_healed":0.0,"max_hp_gain":0.0,"max_hp_loss":0.0,"gold_gain":0.0,"event_name":"Winding Halls","player_choice":"Embrace Madness","floor":37.0,"gold_loss":0.0,"damage_taken":11.0,"cards_obtained":["Madness","Madness"]},{"damage_healed":0.0,"max_hp_gain":0.0,"max_hp_loss":0.0,"gold_gain":0.0,"event_name":"The Moai Head","player_choice":"Ignored","floor":47.0,"gold_loss":0.0,"damage_taken":0.0},{"cards_removed":["Brutality"],"damage_healed":4.0,"max_hp_gain":10.0,"max_hp_loss":0.0,"gold_gain":0.0,"event_name":"Bonfire Elementals","player_choice":"Offered Rare","floor":55.0,"gold_loss":0.0,"damage_taken":0.0},{"damage_healed":0,"gold_gain":0,"player_choice":"Entered Light","damage_taken":21,"max_hp_gain":0,"max_hp_loss":0,"event_name":"Shining Light","floor":63,"gold_loss":0,"cards_upgraded":["Quick Slash","Body Slam"]}],"is_beta":false,"boss_relics":[{"not_picked":["Runic Pyramid","SacredBark"],"picked":"Calling Bell"},{"not_picked":["Snecko Eye","Fusion Hammer"],"picked":"Black Star"},{"not_picked":["Runic Dome","Sozu"],"picked":"Astrolabe"},{"not_picked":["Fusion Hammer","Velvet Choker"],"picked":"Runic Cube"}],"items_purged_floors":[38,41],"is_endless":true,"potions_floor_spawned":[3,4,8,10,12,24,29,39,50,53,54,60,62,65,67,70],"killed_by":"3 Byrds","ascension_level":0}}