{"host":"n7gt2lywuauec2nz","time":1612773769,"event":{"mods":["100% Spire Juice","2.2 Compatiblity","Act Like it!","Aspiration","BaseMod","Better Third Choice","Colored Powertips","DeckTracker","GifTheSpireLib","Highlight Path","HololiveMod","Hubris","Infinite Spire","Minty Spire (QoL Compilation)","Quick Restart","Random Character Button","Relic Sorter","Replay The Spire","Retaliation","StSLib","Synergy Search","The IronCluck"],"gold_per_floor":[119,119,21,96,107,142,142,142,142],"floor_reached":8,"language":"ENG","playtime":586,"items_purged":[],"score":54,"play_id":"4cd8932a-baa1-4e94-a4f3-e815f52c72ef","local_time":"20210208004249","is_ascension_mode":false,"campfire_choices":[{"floor":7,"key":"REST"}],"circlet_count":0,"master_deck":["Moonworks:Strike","Moonworks:Strike","Moonworks:Strike","Moonworks:Strike","Moonworks:Defend","Moonworks:Defend","Moonworks:Defend","Moonworks:Defend","Moonworks:Ambush","Moonworks:LongDistanceShot","Moonworks:CloudOfSeagulls","Injury","Moonworks:CloudOfSeagulls+1","Moonworks:JonathanRush+1","Moonworks:Flamethrower","Moonworks:LulusLuckyEgg"],"relics":["Moonworks:Homemark","Philosopher\u0027s Stone","Molten Egg 2","aspiration:HummingbirdHeart"],"acts_visited":["Exordium"],"potions_floor_usage":[6,6],"damage_taken":[{"damage":2,"enemies":"Cultist","floor":1,"turns":3},{"damage":3,"enemies":"Small Slimes","floor":5,"turns":3},{"damage":27,"enemies":"Gremlin Nob","floor":6,"turns":4},{"damage":29,"enemies":"Lagavulin","floor":8,"turns":6}],"seed_played":"7190556668324998775","potions_obtained":[{"floor":1,"key":"Explosive Potion"},{"floor":5,"key":"SneckoOil"},{"floor":6,"key":"Energy Potion"}],"is_trial":false,"path_per_floor":["M","?","$","?","M","E","R","E"],"character_chosen":"THE_STARBREAKER","items_purchased":["Moonworks:CloudOfSeagulls+1","Moonworks:JonathanRush+1"],"campfire_rested":1,"item_purchase_floors":[3,3],"current_hp_per_floor":[58,58,58,47,44,17,35,6,6],"gold":142,"neow_bonus":"BOSS_RELIC","is_daily":false,"chose_seed":false,"campfire_upgraded":0,"win_rate":0.0,"timestamp":1612773769,"path_taken":["M","?","$","?","M","E","R","E"],"items_purchased_type":["Card","Card"],"build_version":"2020-12-22","purchased_purges":0,"victory":false,"max_hp_per_floor":[60,60,60,60,60,60,60,60,60],"card_choices":[{"not_picked":["Moonworks:SakisCookie","Moonworks:NicePresent"],"picked":"Moonworks:CloudOfSeagulls","floor":1},{"not_picked":["Moonworks:CloudOfSeagulls+1","Moonworks:ImOnFire"],"picked":"Moonworks:Flamethrower","floor":5},{"not_picked":["Moonworks:BigMagnum","Moonworks:RagingMadness"],"picked":"Moonworks:LulusLuckyEgg","floor":6}],"player_experience":131231,"relics_obtained":[{"floor":6,"key":"aspiration:HummingbirdHeart"}],"event_choices":[{"damage_healed":0,"gold_gain":75,"player_choice":"Gold","damage_taken":11,"max_hp_gain":0,"max_hp_loss":0,"event_name":"betterThird:BetterGoop","floor":4,"gold_loss":0}],"is_beta":false,"boss_relics":[],"items_purged_floors":[],"is_endless":false,"potions_floor_spawned":[1,5,6],"killed_by":"Lagavulin","ascension_level":0}}