{"host":"pgxgichrafn85q5c","time":1612795115,"event":{"mods":["BaseMod","Colored Powertips","Highlight Path","Lobotomy","Minty Spire (QoL Compilation)","StSLib"],"gold_per_floor":[114,124,23,23,39,39,83,108,108,283,99,99,112,133,133,254,254,284,314,344,356,383,395,450,462,499,526,538,460,486,521,533,545,545],"floor_reached":33,"language":"ZHS","playtime":1552,"items_purged":["Doubt"],"score":296,"play_id":"38c71301-6ff7-450e-841d-bbcbf9c6a7d5","local_time":"20210208223835","is_ascension_mode":false,"campfire_choices":[{"data":"Eruption","floor":6.0,"key":"SMITH"},{"data":"SignatureMove","floor":12.0,"key":"SMITH"},{"floor":15.0,"key":"REST"},{"floor":23.0,"key":"REST"},{"data":"PunishingBird","floor":25.0,"key":"PURGE"},{"floor":32,"key":"REST"}],"circlet_count":0,"master_deck":["Defend_P","BigBadWolf","BattleHymn","CrumblingArmor","BowlingBash+1","FlyingSleeves+1","WheelKick","OSAHOGD","Consecrate","SignatureMove+1","WindmillStrike","QueenOfHatred","Establishment","CurseOfTheBell","ThirdEye+1","DeceiveReality","CENSORED","MentalFortress+1","SpiritShield","InnerPeace+1","Bite","Bite","Bite","Bite","Bite","LessonLearned","PathToVictory+1"],"relics":["PureWater","CogitoBucket","Golden Idol","Whetstone","Bottled Tornado","Calling Bell","MawBank","Sundial","Peace Pipe","TungstenRod","Blood Vial","Bag of Preparation","ResearcherNote","AtMidnight"],"acts_visited":["Exordium","TheCity"],"potions_floor_usage":[31],"damage_taken":[{"damage":4.0,"enemies":"Jaw Worm","floor":1.0,"turns":3.0},{"damage":4.0,"enemies":"Small Slimes","floor":2.0,"turns":4.0},{"damage":0.0,"enemies":"Cultist","floor":5.0,"turns":3.0},{"damage":18.0,"enemies":"3 Sentries","floor":7.0,"turns":3.0},{"damage":0.0,"enemies":"Large Slime","floor":8.0,"turns":3.0},{"damage":23.0,"enemies":"Looter","floor":13.0,"turns":3.0},{"damage":7.0,"enemies":"3 Louse","floor":14.0,"turns":3.0},{"damage":5.0,"enemies":"Slime Boss","floor":16.0,"turns":3.0},{"damage":23.0,"enemies":"3 Byrds","floor":18.0,"turns":5.0},{"damage":21.0,"enemies":"Spheric Guardian","floor":19.0,"turns":3.0},{"damage":21.0,"enemies":"Snecko","floor":20.0,"turns":3.0},{"damage":21.0,"enemies":"Cultist and Chosen","floor":22.0,"turns":5.0},{"damage":60.0,"enemies":"Slavers","floor":24.0,"turns":2.0},{"damage":47.0,"enemies":"3 Cultists","floor":27.0,"turns":6.0},{"damage":0.0,"enemies":"Snake Plant","floor":30.0,"turns":2.0},{"damage":55,"enemies":"Chosen and Byrds","floor":31,"turns":5},{"damage":59,"enemies":"Champ","floor":33,"turns":9}],"seed_played":"1788546977146518724","potions_obtained":[{"floor":1.0,"key":"PowerPotion"},{"floor":7.0,"key":"SkillPotion"},{"floor":13.0,"key":"SkillPotion"},{"floor":16.0,"key":"SpeedPotion"},{"floor":18.0,"key":"StancePotion"},{"floor":22.0,"key":"FairyPotion"},{"floor":27.0,"key":"PowerPotion"}],"is_trial":false,"path_per_floor":["M","M","$","?","M","R","E","M","T","?","$","R","M","M","R","B",null,"M","M","M","?","M","R","E","R","T","M","?","?","M","M","R","B"],"character_chosen":"WATCHER","items_purchased":["BowlingBash","Fire Potion","SignatureMove","WindmillStrike"],"campfire_rested":3,"item_purchase_floors":[3,3,11,11],"current_hp_per_floor":[68,64,64,64,64,64,46,46,46,46,46,46,23,16,36,31,67,50,35,14,14,13,33,38,38,38,13,13,13,21,18,31,16,16],"gold":545,"neow_bonus":"","is_daily":false,"chose_seed":false,"campfire_upgraded":2,"win_rate":0.0,"timestamp":1612795115,"path_taken":["M","M","$","?","M","R","E","M","T","?","$","R","M","M","R","BOSS","M","M","M","?","M","R","E","R","T","M","?","?","M","M","R","BOSS"],"items_purchased_type":["Card","Potion","Card","Card"],"build_version":"2020-12-22","purchased_purges":1,"victory":false,"max_hp_per_floor":[72,72,72,67,67,67,67,67,67,67,67,67,67,67,67,67,67,67,67,67,67,67,67,67,67,67,67,46,46,46,46,46,46,46],"card_choices":[{"not_picked":["RedShoes","Scarecrow"],"picked":"BigBadWolf","floor":1.0},{"not_picked":["LikeWater","Crescendo"],"picked":"BattleHymn","floor":1.0},{"not_picked":["PunishingBird","SpiderBud"],"picked":"CrumblingArmor","floor":2.0},{"not_picked":["FollowUp","SashWhip"],"picked":"FlurryOfBlows","floor":2.0},{"not_picked":["ShyLook","MHz"],"picked":"Wellcheers","floor":5.0},{"not_picked":["BattleHymn","Prostrate"],"picked":"FlyingSleeves","floor":5.0},{"not_picked":["Bloodbath","Mercenary"],"picked":"Murderer","floor":7.0},{"not_picked":["SpiritShield","Halt"],"picked":"WheelKick","floor":7.0},{"not_picked":["FairyFestival","Mercenary"],"picked":"OSAHOGD","floor":8.0},{"not_picked":["WindmillStrike","EmptyMind"],"picked":"Consecrate","floor":8.0},{"not_picked":["Sanctity","EmptyMind","Consecrate"],"picked":"SKIP","floor":13.0},{"not_picked":["EmptyBody","ClearTheMind","Weave"],"picked":"SKIP","floor":14.0},{"not_picked":["Scorched","SpiderBud"],"picked":"QueenOfHatred","floor":16.0},{"not_picked":["Devotion","MasterReality"],"picked":"Establishment","floor":16.0},{"not_picked":["HeroicMonk","SingingMachine"],"picked":"PunishingBird","floor":18.0},{"not_picked":["Evaluate+1","BowlingBash"],"picked":"ThirdEye+1","floor":18.0},{"not_picked":["CrushJoints","EmptyFist"],"picked":"DeceiveReality","floor":19.0},{"not_picked":["Funeral","SpiderBud"],"picked":"CENSORED","floor":20.0},{"not_picked":["WaveOfTheHand","LikeWater"],"picked":"MentalFortress+1","floor":20.0},{"not_picked":["LaLuna","Bloodbath"],"picked":"DespairKnight","floor":22.0},{"not_picked":["FlurryOfBlows","JustLucky","WaveOfTheHand"],"picked":"SKIP","floor":22.0},{"not_picked":["Prostrate","EmptyBody"],"picked":"SpiritShield","floor":24.0},{"not_picked":["Vengeance","CrushJoints"],"picked":"InnerPeace+1","floor":27.0},{"not_picked":["Prostrate","ClearTheMind"],"picked":"LessonLearned","floor":30.0},{"not_picked":["ThirdEye","InnerPeace"],"picked":"PathToVictory+1","floor":31}],"player_experience":165739,"relics_obtained":[{"floor":7.0,"key":"Whetstone"},{"floor":9.0,"key":"Bottled Tornado"},{"floor":17.0,"key":"MawBank"},{"floor":17.0,"key":"Sundial"},{"floor":17.0,"key":"Peace Pipe"},{"floor":24.0,"key":"Blood Vial"},{"floor":26.0,"key":"Bag of Preparation"},{"floor":31,"key":"AtMidnight"}],"event_choices":[{"damage_healed":0.0,"max_hp_gain":0.0,"max_hp_loss":5.0,"gold_gain":0.0,"event_name":"Golden Idol","player_choice":"Lose Max HP","floor":4.0,"gold_loss":0.0,"damage_taken":0.0,"relics_obtained":["Golden Idol"]},{"damage_healed":0.0,"max_hp_gain":0.0,"max_hp_loss":0.0,"gold_gain":175.0,"event_name":"Liars Game","player_choice":"AGREE","floor":10.0,"gold_loss":0.0,"damage_taken":0.0,"cards_obtained":["Doubt"]},{"damage_healed":0.0,"max_hp_gain":0.0,"max_hp_loss":0.0,"gold_gain":0.0,"event_name":"The Mausoleum","player_choice":"Opened","floor":21.0,"gold_loss":0.0,"damage_taken":0.0,"relics_obtained":["TungstenRod"]},{"damage_healed":0.0,"max_hp_gain":0.0,"max_hp_loss":21.0,"gold_gain":0.0,"event_name":"Vampires","player_choice":"Became a vampire","floor":28.0,"gold_loss":0.0,"damage_taken":0.0,"cards_obtained":["Bite","Bite","Bite","Bite","Bite"]},{"cards_removed":["Murderer"],"damage_healed":0.0,"max_hp_gain":0.0,"max_hp_loss":0.0,"gold_gain":0.0,"event_name":"Designer","player_choice":"Upgrade and Remove","floor":29.0,"gold_loss":90.0,"damage_taken":0.0,"cards_upgraded":["FlyingSleeves"]}],"is_beta":false,"boss_relics":[{"not_picked":["Coffee Dripper","Tiny House"],"picked":"Calling Bell"}],"items_purged_floors":[11],"is_endless":false,"potions_floor_spawned":[1,7,13,16,18,22,27],"killed_by":"Champ","ascension_level":0}}