{"host":"0luxfixkkfk9wck3","time":1612814796,"event":{"mods":["BaseMod","DeckTracker","Downfall","Highlight Path","Minty Spire (QoL Compilation)","StSLib"],"gold_per_floor":[99,110,110,126,146,166,166,166,66,16,16,16,47,57,67,173,173,173,173,83,158,171,171,194,226,238,211,234,264,264,281,293,394,394,394,453,471,111,111,145,145,145,195,240,140,176,188,207,227,227],"floor_reached":51,"language":"ENG","playtime":7150,"items_purged":["downfall:Malfunctioning","downfall:Bewildered","sneckomod:Strike"],"score":1169,"play_id":"2047641c-2ada-480e-860e-1e1898b88b59","local_time":"20210208140636","is_ascension_mode":true,"campfire_choices":[{"data":"sneckomod:TailWhip","floor":1,"key":"SMITH"},{"data":"sneckomod:WideSting","floor":12,"key":"SMITH"},{"floor":30,"key":"REST"},{"floor":45,"key":"REST"}],"circlet_count":0,"master_deck":["AscendersBane","sneckomod:Strike","sneckomod:Defend","sneckomod:Defend","sneckomod:TailWhip+1","sneckomod:SnekBite+1","sneckomod:Unknown","sneckomod:SoulCleanse+1","sneckomod:UnknownStrike","sneckomod:QuickMove","sneckomod:WideSting+1","All For One+1","sneckomod:DangerNoodle","sneckomod:UnknownExhaust+1","hexamod:FirstSeal","sneckomod:UnknownRareAttack+1","expansioncontent:PrepareCrush","sneckomod:SlitherStrike","Mayhem+1","sneckomod:Unknown0Cost","sneckomod:UnknownX","sneckomod:UnendingSupply","HandOfGreed","sneckomod:UnknownWeak","sneckomod:UnknownStrength","sneckomod:Unknown0Cost","sneckomod:UnknownRarePower","Footwork","sneckomod:UnknownUncommonPower+1","sneckomod:UnknownUncommonPower+1","sneckomod:MasterEye","sneckomod:UnknownColorless","Sunder","sneckomod:UnknownStrength","sneckomod:MasterEye+1","sneckomod:UnknownBlock+1","sneckomod:UnknownWeak+1"],"relics":["sneckomod:SneckoSoul","downfall:HeartBlessingBlue","Blue Candle","Snecko Eye","sneckomod:BabySnecko","Pen Nib","sneckomod:ConfusingCodex","Calipers","Sozu","Happy Flower","Shuriken","Du-Vu Doll","Whetstone","downfall:HeartBlessingGreen"],"acts_visited":["Exordium","TheCity","TheBeyond"],"potions_floor_usage":[6,13,15,50,50],"damage_taken":[{"damage":2,"enemies":"Jaw Worm","floor":2,"turns":5},{"damage":0,"enemies":"Cultist","floor":4,"turns":2},{"damage":9,"enemies":"Small Slimes","floor":5,"turns":4},{"damage":1,"enemies":"2 Fungi Beasts","floor":6,"turns":3},{"damage":0,"enemies":"downfall:FleeingMerchant","floor":10,"turns":4},{"damage":15,"enemies":"3 Sentries","floor":13,"turns":6},{"damage":16,"enemies":"Red Slaver","floor":14,"turns":4},{"damage":9,"enemies":"Exordium Wildlife","floor":15,"turns":4},{"damage":28,"enemies":"DF_ARCHETYPE_STREAMLINE","floor":16,"turns":8},{"damage":1,"enemies":"downfall:FleeingMerchant","floor":20,"turns":4},{"damage":27,"enemies":"3 Byrds","floor":22,"turns":4},{"damage":30,"enemies":"Gremlin Leader","floor":25,"turns":4},{"damage":0,"enemies":"Spheric Guardian","floor":26,"turns":2},{"damage":16,"enemies":"downfall:FleeingMerchant","floor":27,"turns":3},{"damage":8,"enemies":"Cultist and Chosen","floor":28,"turns":2},{"damage":0,"enemies":"Book of Stabbing","floor":29,"turns":2},{"damage":3,"enemies":"3 Cultists","floor":31,"turns":3},{"damage":3,"enemies":"Chosen and Byrds","floor":32,"turns":3},{"damage":32,"enemies":"IC_MUSHROOM_ARCHETYPE","floor":33,"turns":7},{"damage":27,"enemies":"3 Shapes","floor":36,"turns":5},{"damage":0,"enemies":"Orb Walker","floor":37,"turns":1},{"damage":14,"enemies":"Writhing Mass","floor":40,"turns":4},{"damage":13,"enemies":"Writhing Mass","floor":43,"turns":3},{"damage":0,"enemies":"Giant Head","floor":44,"turns":6},{"damage":11,"enemies":"3 Darklings","floor":46,"turns":3},{"damage":5,"enemies":"Sphere and 2 Shapes","floor":47,"turns":5},{"damage":0,"enemies":"Transient","floor":48,"turns":5},{"damage":6,"enemies":"Spire Growth","floor":49,"turns":3},{"damage":6,"enemies":"WA_ARCHETYPE_DIVINITY","floor":50,"turns":10}],"seed_played":"2869948934673280598","potions_obtained":[{"floor":3,"key":"EssenceOfSteel"},{"floor":3,"key":"sneckomod:MuddlingPotion"},{"floor":3,"key":"CultistPotion"},{"floor":6,"key":"DuplicationPotion"},{"floor":14,"key":"Fire Potion"},{"floor":16,"key":"ColorlessPotion"},{"floor":20,"key":"bronze:BurnAndBuffPotion"}],"is_trial":false,"path_per_floor":["R","M","?","M","M","M","T","?","R","$","?","R","E","M","M","B",null,"R","?","$","?","M","R","T","E","M","$","M","E","R","M","M","B",null,"R","M","M","?","?","M","T","R","?","E","R","M","M","M","M","B",null],"character_chosen":"THE_SNECKO","items_purchased":["sneckomod:UnknownExhaust","sneckomod:UnendingSupply","HandOfGreed","Happy Flower","sneckomod:MasterEye"],"campfire_rested":2,"item_purchase_floors":[10,27,27,38,38],"current_hp_per_floor":[81,79,79,79,70,69,69,69,79,79,79,79,64,55,53,32,83,83,83,89,89,62,62,62,46,60,51,50,57,87,98,95,70,93,93,73,73,73,73,66,66,66,53,60,90,89,91,91,85,86],"gold":227,"neow_bonus":"TRANSFORM_CARD","is_daily":false,"chose_seed":false,"campfire_upgraded":2,"win_rate":0.0,"timestamp":1612814796,"path_taken":["R","M","?","M","M","?","T","?","R","$","?","R","E","M","M","BOSS","R","?","$","?","M","R","T","E","M","$","?","E","R","M","M","BOSS","R","M","M","?","?","M","T","R","?","E","R","M","M","M","M","BOSS"],"items_purchased_type":["Card","Card","Card","Relic","Card"],"build_version":"2020-12-22","purchased_purges":3,"victory":true,"max_hp_per_floor":[90,90,90,90,90,90,90,90,100,100,100,100,100,100,100,100,100,100,100,100,100,100,100,100,100,100,100,100,100,100,100,100,100,100,100,100,100,100,100,100,100,100,100,100,100,100,100,100,100,100],"card_choices":[{"not_picked":["sneckomod:SoulDraw","sneckomod:UnknownDraw"],"picked":"sneckomod:UnknownColorless","floor":2},{"not_picked":["sneckomod:DiceCrush","sneckomod:DiceBlock"],"picked":"sneckomod:UnknownStrike","floor":2},{"not_picked":["sneckomod:QuickMove","sneckomod:QuickBite"],"picked":"sneckomod:UnknownUncommonAttack","floor":4},{"not_picked":["sneckomod:RainOfDice","sneckomod:UnknownCommonAttack"],"picked":"sneckomod:QuickMove","floor":5},{"not_picked":["sneckomod:UnknownExhaust","sneckomod:SnekBeam"],"picked":"sneckomod:WideSting","floor":6},{"not_picked":["sneckomod:QuickBite","sneckomod:DiceBoulder"],"picked":"sneckomod:DangerNoodle","floor":10},{"not_picked":["sneckomod:TrashToTreasure","sneckomod:DiceBlock"],"picked":"sneckomod:UnknownBoss","floor":13},{"not_picked":["hexamod:ThirdSeal","hexamod:SecondSeal"],"picked":"hexamod:FirstSeal","floor":13},{"not_picked":["sneckomod:Nope","sneckomod:DiceBlock","sneckomod:IronFang"],"picked":"SKIP","floor":14},{"not_picked":["sneckomod:UnknownExhaust","sneckomod:SnakeSap"],"picked":"sneckomod:UnknownUncommonPower","floor":15},{"not_picked":["sneckomod:DangerNoodle","sneckomod:Cheat"],"picked":"sneckomod:UnknownRareAttack","floor":16},{"not_picked":["sneckomod:Unknown1Cost","sneckomod:SoulExchange","sneckomod:UnknownCommonSkill"],"picked":"SKIP","floor":20},{"not_picked":["sneckomod:UnknownVulnerable","sneckomod:Unknown1Cost"],"picked":"sneckomod:SlitherStrike","floor":22},{"not_picked":["sneckomod:UnknownClassGREEN","sneckomod:Nope"],"picked":"sneckomod:Unknown0Cost","floor":25},{"not_picked":["sneckomod:ImprovisedGuard","sneckomod:QuickBite"],"picked":"sneckomod:UnknownX","floor":26},{"not_picked":["sneckomod:DiceCrush","sneckomod:RainOfDice","sneckomod:Unknown1Cost"],"picked":"SKIP","floor":27},{"not_picked":["sneckomod:RainOfDice","sneckomod:MasterEye"],"picked":"sneckomod:UnknownWeak","floor":28},{"not_picked":["sneckomod:DiceBoulder","sneckomod:IronFang","sneckomod:UnknownStrike"],"picked":"SKIP","floor":29},{"not_picked":["sneckomod:CheapStock+1","sneckomod:SlitherStrike"],"picked":"sneckomod:UnknownStrength","floor":31},{"not_picked":["sneckomod:DiceCrush+1","sneckomod:Nope"],"picked":"sneckomod:Unknown0Cost","floor":32},{"not_picked":["sneckomod:UnknownRareSkill","sneckomod:DangerNoodle"],"picked":"sneckomod:UnknownRarePower","floor":33},{"not_picked":["sneckomod:UnknownCommonAttack","sneckomod:QuickMove"],"picked":"sneckomod:UnknownUncommonPower+1","floor":36},{"not_picked":["sneckomod:UnknownDraw+1","sneckomod:UnknownClassHEXA_GHOST_PURPLE"],"picked":"sneckomod:UnknownUncommonPower+1","floor":37},{"not_picked":["sneckomod:Unknown1Cost+1","sneckomod:UnknownClassGREEN"],"picked":"sneckomod:UnknownColorless","floor":40},{"not_picked":["sneckomod:UnknownCommonSkill","sneckomod:UnknownExhaust"],"picked":"sneckomod:UnknownStrength","floor":43},{"not_picked":["sneckomod:UnknownStrike","sneckomod:QuickBite"],"picked":"sneckomod:MasterEye+1","floor":44},{"not_picked":["sneckomod:UnknownClassGREEN","sneckomod:UnknownCommonAttack+1","sneckomod:MorePower"],"picked":"SKIP","floor":46},{"not_picked":["sneckomod:SoulDraw","sneckomod:Unknown0Cost"],"picked":"sneckomod:UnknownBlock+1","floor":47},{"not_picked":["sneckomod:Unknown2Cost+1","sneckomod:UnknownCommonSkill+1"],"picked":"sneckomod:UnknownWeak+1","floor":48},{"not_picked":["sneckomod:SoulRoll","sneckomod:GlitteringGambit","sneckomod:UnknownCommonSkill"],"picked":"SKIP","floor":49}],"player_experience":11633391,"relics_obtained":[{"floor":13,"key":"Blue Candle"},{"floor":24,"key":"Pen Nib"},{"floor":25,"key":"sneckomod:ConfusingCodex"},{"floor":29,"key":"Calipers"},{"floor":41,"key":"Shuriken"},{"floor":43,"key":"Du-Vu Doll"},{"floor":44,"key":"Whetstone"}],"event_choices":[{"damage_healed":0,"gold_gain":0,"player_choice":"Got Potions","damage_taken":0,"max_hp_gain":0,"max_hp_loss":0,"event_name":"Lab","floor":3,"gold_loss":0},{"damage_healed":0,"gold_gain":0,"player_choice":"Grow","damage_taken":0,"max_hp_gain":0,"max_hp_loss":0,"event_name":"Living Wall","floor":8,"gold_loss":0,"cards_upgraded":["sneckomod:SoulCleanse"]},{"cards_removed":["sneckomod:Defend"],"damage_healed":0,"gold_gain":0,"player_choice":"Removed Skill","damage_taken":0,"max_hp_gain":0,"max_hp_loss":0,"event_name":"Falling","floor":39,"gold_loss":0}],"is_beta":false,"boss_relics":[{"not_picked":["sneckomod:SneckoBoss","SlaversCollar"],"picked":"Snecko Eye"},{"not_picked":["Pandora\u0027s Box","Black Star"],"picked":"Sozu"}],"items_purged_floors":[20,27,38],"is_endless":false,"potions_floor_spawned":[4,5,14,16,22,29,32,33,43,44,47,48],"ascension_level":10}}