{"host":"aabv8rsjba1dk38u","time":1612787523,"event":{"mods":["Act Like it!","BaseMod","CapriCore","DeckTracker","Gensokyo","Hermit","HololiveMod","Koishi","Luminous","Marisa????????","Minty Spire (QoL Compilation)","Rare Cards Sparkle","Relic Stats","Remilia??????","StSLib","SuperFastMode","The Immortal","The Marked","The Senshi","The Servant 0.9.4","Waifu the Spire","WarShipGirlsR/????R mod"],"gold_per_floor":[117,117,117,134,59,86,99,119,143,153,153,170,170,183,183,283,283,272,95,95,113,113,113,130,130,130,140,172,172,182,194,194,194,194],"floor_reached":33,"language":"ENG","playtime":1202,"items_purged":["theSenshi:SailorKick","theSenshi:SailorKick"],"score":296,"play_id":"d7080719-a8c6-47f0-9e4b-3df0a0917ea5","local_time":"20210208193203","is_ascension_mode":false,"campfire_choices":[{"floor":11,"key":"REST"},{"floor":13,"key":"REST"},{"data":"theSenshi:NeptunesGrace","floor":15,"key":"SMITH"},{"floor":23,"key":"REST"},{"floor":25,"key":"REST"},{"floor":32,"key":"REST"}],"circlet_count":0,"master_deck":["theSenshi:SailorKick","theSenshi:SailorKick","theSenshi:SailorBlock","theSenshi:SailorBlock","theSenshi:SailorBlock","theSenshi:SailorBlock","theSenshi:RoseThrow","theSenshi:MoonPrismPowerMakeUp+1","theSenshi:NeptunesGrace+1","theSenshi:SailorMercuryAssists","theSenshi:MoonPunch","theSenshi:MoonPrincessHalation","theSenshi:SailorMarsAssists","theSenshi:MoonCrisisMakeUp","theSenshi:IWillPunishYou","theSenshi:SailorStarFighterAssists","theSenshi:TuxedoMaskAssists","J.A.X.","theSenshi:NeptunesGrace","theSenshi:KlutzyLuck+1","theSenshi:MoonGorgeousMeditation"],"relics":["theSenshi:TransformationBroochRelic","NeowsBlessing","theSenshi:CosmicHeartCompactRelic","Bag of Preparation","Velvet Choker","The Courier","Potion Belt"],"acts_visited":["Exordium","TheCity"],"potions_floor_usage":[16,16,16,24,28,30],"damage_taken":[{"damage":0,"enemies":"Jaw Worm","floor":1,"turns":1},{"damage":0,"enemies":"Small Slimes","floor":4,"turns":1},{"damage":0,"enemies":"Lagavulin","floor":6,"turns":1},{"damage":0,"enemies":"Cultist","floor":7,"turns":3},{"damage":11,"enemies":"Large Slime","floor":8,"turns":6},{"damage":14,"enemies":"2 Fungi Beasts","floor":10,"turns":5},{"damage":5,"enemies":"3 Louse","floor":12,"turns":4},{"damage":1,"enemies":"Blue Slaver","floor":14,"turns":3},{"damage":39,"enemies":"Hexaghost","floor":16,"turns":10},{"damage":14,"enemies":"2 Thieves","floor":18,"turns":4},{"damage":21,"enemies":"Spheric Guardian","floor":21,"turns":4},{"damage":16,"enemies":"Centurion and Healer","floor":24,"turns":5},{"damage":10,"enemies":"Snake Plant","floor":27,"turns":2},{"damage":45,"enemies":"Gremlin Leader","floor":28,"turns":7},{"damage":5,"enemies":"Chosen and Byrds","floor":30,"turns":5},{"damage":0,"enemies":"Snecko","floor":31,"turns":5},{"damage":44,"enemies":"Champ","floor":33,"turns":12}],"seed_played":"-7786495501312603871","potions_obtained":[{"floor":1,"key":"PowerPotion"},{"floor":4,"key":"BlessingOfTheForge"},{"floor":7,"key":"FearPotion"},{"floor":16,"key":"FearPotion"},{"floor":21,"key":"Block Potion"},{"floor":27,"key":"Dexterity Potion"},{"floor":28,"key":"Dexterity Potion"},{"floor":31,"key":"SteroidPotion"}],"is_trial":false,"path_per_floor":["M","?","?","M","$","E","M","M","T","M","R","M","R","M","R","B",null,"M","$","?","M","?","R","M","R","T","M","E","$","M","M","R","B"],"character_chosen":"THE_SENSHI","items_purchased":["theSenshi:TuxedoMaskAssists"],"campfire_rested":5,"item_purchase_floors":[19],"current_hp_per_floor":[75,75,75,75,75,75,75,64,64,50,72,67,75,74,74,35,75,61,61,61,40,40,62,46,68,68,58,13,13,8,8,30,0,0],"gold":194,"neow_bonus":"THREE_ENEMY_KILL","is_daily":false,"chose_seed":false,"campfire_upgraded":1,"win_rate":0.0,"timestamp":1612787523,"path_taken":["M","?","?","M","$","E","M","?","T","M","R","M","R","M","R","BOSS","M","$","?","M","?","R","M","R","T","M","E","$","M","M","R","BOSS"],"items_purchased_type":["Card"],"build_version":"2020-12-22","purchased_purges":2,"victory":false,"max_hp_per_floor":[75,75,75,75,75,75,75,75,75,75,75,75,75,75,75,75,75,75,75,75,75,75,75,75,75,75,75,75,75,75,75,75,75,75],"relic_stats":{"counters":[17,78],"Bag of Preparation":[24],"obtain_stats":[{"Potion Belt":28,"theSenshi:TransformationBroochRelic":0,"NeowsBlessing":0,"Velvet Choker":17,"The Courier":26,"Bag of Preparation":9,"theSenshi:CosmicHeartCompactRelic":6},{"Potion Belt":14,"theSenshi:TransformationBroochRelic":0,"NeowsBlessing":0,"Velvet Choker":9,"The Courier":12,"Bag of Preparation":5,"theSenshi:CosmicHeartCompactRelic":3},{"Potion Belt":56,"theSenshi:TransformationBroochRelic":0,"NeowsBlessing":0,"Velvet Choker":34,"The Courier":47,"Bag of Preparation":12,"theSenshi:CosmicHeartCompactRelic":3}]},"card_choices":[{"not_picked":["theSenshi:LateForSchool","theSenshi:MoonPower"],"picked":"theSenshi:NeptunesGrace","floor":1},{"not_picked":["theSenshi:MoonCosmicPowerMakeUp","theSenshi:UranusStrength"],"picked":"theSenshi:SailorMercuryAssists","floor":4},{"not_picked":["theSenshi:SailorVenusAssists","theSenshi:LunasBite"],"picked":"theSenshi:MoonPunch","floor":6},{"not_picked":["theSenshi:GatheringStrength","theSenshi:SailorPlanetPower","theSenshi:HesSoDreamy"],"picked":"SKIP","floor":7},{"not_picked":["theSenshi:SailorJupiterAssists","theSenshi:SailorPlanetAttack"],"picked":"theSenshi:MoonPrincessHalation","floor":8},{"not_picked":["theSenshi:MarsPride","theSenshi:KlutzyLuck"],"picked":"theSenshi:SailorMarsAssists","floor":10},{"not_picked":["theSenshi:EncouragingSpeech","theSenshi:TallSilhouette","theSenshi:SupersonicWaves"],"picked":"SKIP","floor":12},{"not_picked":["theSenshi:MoonTwilightFlash","theSenshi:TuxedoSmokingBomber"],"picked":"theSenshi:MoonCrisisMakeUp","floor":14},{"not_picked":["theSenshi:SailorStarHealerAssists","theSenshi:MoonEternalMakeUp"],"picked":"theSenshi:IWillPunishYou","floor":16},{"not_picked":["theSenshi:SchoolBag","theSenshi:MoonPunch"],"picked":"theSenshi:SailorStarFighterAssists","floor":18},{"not_picked":["theSenshi:SailorMercuryAssists+1","theSenshi:SailorJupiterAssists"],"picked":"theSenshi:NeptunesGrace","floor":21},{"not_picked":["theSenshi:MoonTwilightFlash","theSenshi:Sidestep+1"],"picked":"theSenshi:KlutzyLuck+1","floor":24},{"not_picked":["theSenshi:SailorVenusAssists","theSenshi:Sidestep","theSenshi:MoonPrincessHalation"],"picked":"SKIP","floor":27},{"not_picked":["theSenshi:CrisisMakeUp","theSenshi:MoonsReflection+1"],"picked":"theSenshi:MoonGorgeousMeditation","floor":28},{"not_picked":["theSenshi:SailorChibiMoonAssists","theSenshi:SailorStarMakerAssists","theSenshi:SailorJupiterAssists"],"picked":"SKIP","floor":30},{"not_picked":["theSenshi:MoonKick","theSenshi:GatheringStrength","theSenshi:SailorPlanetAttack"],"picked":"SKIP","floor":31}],"player_experience":242896,"relics_obtained":[{"floor":6,"key":"theSenshi:CosmicHeartCompactRelic"},{"floor":9,"key":"Bag of Preparation"},{"floor":26,"key":"The Courier"},{"floor":28,"key":"Potion Belt"}],"event_choices":[{"damage_healed":0,"gold_gain":0,"player_choice":"Fled","damage_taken":0,"max_hp_gain":0,"max_hp_loss":0,"event_name":"Scrap Ooze","floor":2,"gold_loss":0},{"damage_healed":0,"gold_gain":0,"player_choice":"Upgraded","damage_taken":0,"max_hp_gain":0,"max_hp_loss":0,"event_name":"Upgrade Shrine","floor":3,"gold_loss":0,"cards_upgraded":["theSenshi:MoonPrismPowerMakeUp"]},{"damage_healed":0,"gold_gain":0,"player_choice":"Obtain J.A.X.","damage_taken":0,"max_hp_gain":0,"max_hp_loss":0,"event_name":"Drug Dealer","floor":20,"gold_loss":0,"cards_obtained":["J.A.X."]},{"damage_healed":0,"gold_gain":0,"player_choice":"Ignored","damage_taken":0,"max_hp_gain":0,"max_hp_loss":0,"event_name":"The Mausoleum","floor":22,"gold_loss":0}],"is_beta":false,"boss_relics":[{"not_picked":["Hololive_Finger","Empty Cage"],"picked":"Velvet Choker"}],"items_purged_floors":[5,19],"is_endless":false,"potions_floor_spawned":[1,4,7,10,14,16,21,27,28,31],"killed_by":"Champ","ascension_level":0}}