{"host":"gbbz8f5svnnpwo8d","time":1612777268,"event":{"mods":["AchievementEnabler","AlwaysNeverKeys","BaseMod","Bestiary","Better Altar","Better Match","Better Note","Better Sensory Stone","Better Silent Start","Better Skull","Better Third Choice","Better Vampires","Better-Laid Plans","BetterRewards","Block Reminder","Bossed Relics","Colored Map","Colored Powertips","Curses Come First","Dark Map","Displayed Cursed Tome","GifTheSpireLib","Minty Spire (QoL Compilation)","MonsterHotkey","Permanent Neow","Potion Indicator Mod","Quick Restart","Random Character Button","Rare Cards Sparkle","Relic Stats","Shop Mod","Spicy Shops","Spire Birthday Party","StSLib","Transform Curses"],"gold_per_floor":[111,111,125,150,150,184,28,28,82,82,95,95,175,189,189,320,320,338,358,408,408,408,441,441,441,441,441,441,441],"floor_reached":28,"language":"ENG","playtime":2733,"items_purged":[],"score":334,"play_id":"6aaee1f9-8448-47f3-8ef5-0f81d575b717","local_time":"20210208024108","is_ascension_mode":false,"campfire_choices":[{"floor":8.0,"key":"REST"},{"data":"Sunder","floor":10.0,"key":"SMITH"},{"data":"White Noise","floor":12.0,"key":"SMITH"},{"floor":15.0,"key":"REST"},{"floor":24,"key":"REST"},{"data":"Echo Form","floor":27,"key":"SMITH"}],"circlet_count":0,"master_deck":["Strike_B","Strike_B","Strike_B","Strike_B","Defend_B","Defend_B","Defend_B","Defend_B","Zap","Dualcast","Sunder+1","Steam","Enlightenment+1","Steam","White Noise+1","Fusion","Melter","Echo Form+1","Undo+1","Turbo+1","Glacier"],"relics":["Cracked Core","Golden Idol","Orichalcum","Lantern","Juzu Bracelet","SlaversCollar","FaceOfCleric","Eternal Feather","TungstenRod"],"acts_visited":["Exordium","TheCity"],"potions_floor_usage":[],"damage_taken":[{"damage":6.0,"enemies":"Jaw Worm","floor":1.0,"turns":3.0},{"damage":0.0,"enemies":"Small Slimes","floor":3.0,"turns":3.0},{"damage":0.0,"enemies":"Cultist","floor":4.0,"turns":3.0},{"damage":17.0,"enemies":"3 Sentries","floor":6.0,"turns":6.0},{"damage":0.0,"enemies":"Looter","floor":11.0,"turns":1.0},{"damage":1.0,"enemies":"3 Louse","floor":14.0,"turns":3.0},{"damage":38.0,"enemies":"The Guardian","floor":16.0,"turns":14.0},{"damage":11.0,"enemies":"Shell Parasite","floor":18.0,"turns":4.0},{"damage":22.0,"enemies":"3 Byrds","floor":19.0,"turns":6.0},{"damage":28,"enemies":"Book of Stabbing","floor":23,"turns":5},{"damage":66,"enemies":"Gremlin Leader","floor":28,"turns":9}],"seed_played":"-1725424785347811628","potions_obtained":[{"floor":4.0,"key":"Ancient Potion"},{"floor":6.0,"key":"Weak Potion"},{"floor":14.0,"key":"Dexterity Potion"},{"floor":16.0,"key":"SteroidPotion"},{"floor":23,"key":"DuplicationPotion"}],"is_trial":false,"path_per_floor":["M","?","M","M","?","E","$","R","T","R","M","R","?","M","R","B",null,"M","M","?","?","?","E","R","?","T","R","E"],"character_chosen":"DEFECT","items_purchased":["Sunder","Steam","Enlightenment","Lantern"],"campfire_rested":3,"item_purchase_floors":[0,0,0,7],"current_hp_per_floor":[61,43,43,43,43,26,26,48,48,48,48,48,48,47,69,31,75,64,42,42,42,42,15,49,49,49,61,0,0],"gold":441,"neow_bonus":"","is_daily":false,"chose_seed":false,"campfire_upgraded":3,"win_rate":0.0,"timestamp":1612777268,"path_taken":["M","?","M","M","?","E","$","R","T","R","M","R","?","M","R","BOSS","M","M","?","?","?","E","R","?","T","R","E"],"items_purchased_type":["Card","Card","Card","Relic"],"build_version":"2020-12-22","purchased_purges":0,"victory":false,"max_hp_per_floor":[75,75,75,75,75,75,75,75,75,75,75,75,75,75,75,75,75,75,75,75,75,75,76,76,76,76,76,76,76],"relic_stats":{"FaceOfCleric":1,"counters":[46,191],"Golden Idol":62,"Eternal Feather":24,"Juzu Bracelet":2,"Orichalcum":[66],"obtain_stats":[{"Ice Cream":0,"Regal Pillow":43,"Lantern":7,"Mango":38,"Juzu Bracelet":36,"Cursed Key":17,"Sozu":34,"FaceOfCleric":21,"Red Mask":45,"Cracked Core":0,"MerchantsRug":0,"Lee\u0027s Waffle":38,"Happy Flower":13,"Golden Idol":2,"Oddly Smooth Stone":38,"Eternal Feather":23,"Odd Mushroom":7,"Orichalcum":6,"Question Card":9,"Peace Pipe":0,"SlaversCollar":17,"Shuriken":0,"Bloody Idol":21,"Art of War":9,"Nloth\u0027s Gift":21,"Symbiotic Virus":0,"TungstenRod":26},{"Ice Cream":24,"Regal Pillow":20,"Lantern":39,"Mango":19,"Juzu Bracelet":18,"Cursed Key":8,"Sozu":17,"FaceOfCleric":44,"Red Mask":21,"Cracked Core":0,"MerchantsRug":0,"Lee\u0027s Waffle":19,"Happy Flower":6,"Golden Idol":36,"Oddly Smooth Stone":19,"Eternal Feather":45,"Odd Mushroom":4,"Orichalcum":39,"Question Card":29,"Peace Pipe":0,"SlaversCollar":32,"Shuriken":24,"Bloody Idol":34,"Art of War":4,"Nloth\u0027s Gift":10,"Symbiotic Virus":0,"TungstenRod":45},{"Ice Cream":91,"Regal Pillow":74,"Lantern":149,"Mango":68,"Juzu Bracelet":64,"Cursed Key":21,"Sozu":60,"FaceOfCleric":177,"Red Mask":79,"Cracked Core":0,"MerchantsRug":0,"Lee\u0027s Waffle":68,"Happy Flower":13,"Golden Idol":137,"Oddly Smooth Stone":68,"Eternal Feather":182,"Odd Mushroom":9,"Orichalcum":149,"Question Card":104,"Peace Pipe":0,"SlaversCollar":123,"Shuriken":91,"Bloody Idol":130,"Art of War":9,"Nloth\u0027s Gift":29,"Symbiotic Virus":0,"TungstenRod":182}],"TungstenRod":8},"card_choices":[{"not_picked":["Redo","Coolheaded"],"picked":"Steam","floor":1.0},{"not_picked":["Beam Cell","Sweeping Beam"],"picked":"White Noise","floor":3.0},{"not_picked":["Redo","Leap"],"picked":"Fusion","floor":4.0},{"not_picked":["Sunder","Rip and Tear","Go for the Eyes"],"picked":"SKIP","floor":6.0},{"not_picked":["Hologram","Blizzard"],"picked":"Melter","floor":11.0},{"not_picked":["Leap","Ball Lightning","Stack"],"picked":"SKIP","floor":14.0},{"not_picked":["Thunder Strike","Creative AI"],"picked":"Echo Form","floor":16.0},{"not_picked":["Barrage","Conserve Battery+1"],"picked":"Undo+1","floor":18.0},{"not_picked":["Sweeping Beam","Tempest"],"picked":"Turbo+1","floor":19.0},{"not_picked":["Chill","Cold Snap+1"],"picked":"Glacier","floor":23}],"player_experience":3731859,"relics_obtained":[{"floor":6.0,"key":"Orichalcum"},{"floor":9.0,"key":"Juzu Bracelet"},{"floor":23,"key":"Eternal Feather"},{"floor":26,"key":"TungstenRod"}],"event_choices":[{"damage_healed":0.0,"max_hp_gain":0.0,"max_hp_loss":0.0,"gold_gain":0.0,"event_name":"Golden Idol","player_choice":"Take Damage","floor":2.0,"gold_loss":0.0,"damage_taken":18.0,"relics_obtained":["Golden Idol"]},{"damage_healed":0.0,"max_hp_gain":0.0,"max_hp_loss":0.0,"gold_gain":0.0,"event_name":"Upgrade Shrine","player_choice":"Upgraded","floor":5.0,"gold_loss":0.0,"damage_taken":0.0,"cards_upgraded":["Enlightenment"]},{"damage_healed":0.0,"max_hp_gain":0.0,"max_hp_loss":0.0,"gold_gain":80.0,"event_name":"Golden Wing","player_choice":"Gained Gold","floor":13.0,"gold_loss":0.0,"damage_taken":0.0},{"damage_healed":0,"gold_gain":100,"player_choice":"Bet on Murderer","damage_taken":0,"max_hp_gain":0,"max_hp_loss":0,"event_name":"The Joust","floor":20,"gold_loss":50},{"damage_healed":0,"gold_gain":0,"player_choice":"Trade","damage_taken":0,"relics_obtained":["FaceOfCleric"],"max_hp_gain":0,"max_hp_loss":0,"event_name":"FaceTrader","floor":21,"gold_loss":0},{"cards_removed":["Strike_B"],"damage_healed":0,"gold_gain":0,"player_choice":"Give","damage_taken":0,"max_hp_gain":0,"max_hp_loss":0,"event_name":"betterNote:BetterNote","floor":22,"gold_loss":0,"cards_obtained":["Strike_R"]},{"damage_healed":0,"gold_gain":0,"player_choice":"Ignored","damage_taken":0,"max_hp_gain":0,"max_hp_loss":0,"event_name":"Vampires","floor":25,"gold_loss":0}],"is_beta":false,"boss_relics":[{"not_picked":["Fusion Hammer","Snecko Eye"],"picked":"SlaversCollar"}],"items_purged_floors":[],"is_endless":false,"potions_floor_spawned":[4,6,14,16,23],"killed_by":"Gremlin Leader","ascension_level":0}}