{"host":"j5j96s76v36ug78u","time":1612792185,"event":{"mods":["BaseMod","Better Third Choice","Highlight Path","Minty Spire (QoL Compilation)","Potion Indicator Mod","Reliquary","StSLib","The Blackbeard","The Hierophant","The Servant 0.9.4","The Showman"],"gold_per_floor":[117,117,134,144,160,194,194,194,194,194,205,205,235,253,253,352,352,367,466,492,506,555,586,496,496,496],"floor_reached":25,"language":"ENG","playtime":2445,"items_purged":[],"score":231,"play_id":"48289e3d-c86b-4e7b-bc91-06c57f2c32f3","local_time":"20210208104945","is_ascension_mode":false,"campfire_choices":[{"data":"SpecialFormula","floor":8,"key":"SMITH"},{"data":"Potential","floor":10,"key":"SMITH"},{"floor":15,"key":"REST"}],"circlet_count":0,"master_deck":["Strike_S","Defend_S","Defend_S","Defend_S","Defend_S","KidneyShot","Exchange","BottledTime","StarChef","TimeWarp","Potential+1","SpecialFormula+1","TimeWarp","Melter","SoulSculpture","Starlight+1","FlawlessForm","Revamp","DoubleEdge","ForgedInTime","ShatteredReality"],"relics":["SplendidAttire","reliquary:PorcupineQuills","Nunchaku","Omamori","reliquary:BallBearing","Red Mask","Juzu Bracelet"],"acts_visited":["Exordium","TheCity"],"potions_floor_usage":[6,13,13,20,21,25],"damage_taken":[{"damage":0,"enemies":"Small Slimes","floor":1,"turns":4},{"damage":0,"enemies":"Cultist","floor":3,"turns":4},{"damage":1,"enemies":"2 Louse","floor":4,"turns":5},{"damage":13,"enemies":"Lots of Slimes","floor":5,"turns":6},{"damage":32,"enemies":"Gremlin Nob","floor":6,"turns":5},{"damage":12,"enemies":"2 Fungi Beasts","floor":11,"turns":4},{"damage":11,"enemies":"Lagavulin","floor":13,"turns":5},{"damage":10,"enemies":"Exordium Wildlife","floor":14,"turns":5},{"damage":25,"enemies":"Hexaghost","floor":16,"turns":9},{"damage":1,"enemies":"3 Byrds","floor":18,"turns":6},{"damage":27,"enemies":"Masked Bandits","floor":20,"turns":6},{"damage":35,"enemies":"2 Thieves","floor":21,"turns":3},{"damage":11,"enemies":"Book of Stabbing","floor":23,"turns":6},{"damage":17,"enemies":"3 Cultists","floor":25,"turns":3}],"seed_played":"5339383101879784125","potions_obtained":[{"floor":3,"key":"Weak Potion"},{"floor":5,"key":"GamblersBrew"},{"floor":6,"key":"Fire Potion"},{"floor":14,"key":"GamblersBrew"},{"floor":16,"key":"SpeedPotion"},{"floor":20,"key":"Explosive Potion"}],"is_trial":false,"path_per_floor":["M","?","M","M","M","E","?","R","T","R","M","?","E","M","R","B",null,"M","?","?","M","T","E","?","M"],"character_chosen":"THE_SERVANT","items_purchased":[],"campfire_rested":1,"item_purchase_floors":[],"current_hp_per_floor":[71,71,71,70,57,25,25,25,25,25,21,9,6,4,25,8,71,70,70,44,17,17,6,6,0,0],"gold":496,"neow_bonus":"TEN_PERCENT_HP_BONUS","is_daily":false,"chose_seed":false,"campfire_upgraded":2,"win_rate":0.0,"timestamp":1612792185,"path_taken":["M","?","?","M","M","E","?","R","T","R","?","?","E","M","R","BOSS","M","?","?","M","?","E","?","M"],"items_purchased_type":[],"build_version":"2020-12-22","purchased_purges":0,"victory":false,"max_hp_per_floor":[71,71,71,71,71,71,71,71,71,71,71,71,71,71,71,71,71,71,71,71,71,71,71,71,71,71],"card_choices":[{"not_picked":["MoonPhase","Rewind"],"picked":"BottledTime","floor":1},{"not_picked":["WasteNot","ShiftingGears"],"picked":"StarChef","floor":3},{"not_picked":["DoubleEdge","Rearm"],"picked":"TimeWarp","floor":4},{"not_picked":["FastForward","Ricochet"],"picked":"Potential","floor":5},{"not_picked":["Rewind","Unruled"],"picked":"SpecialFormula","floor":6},{"not_picked":["Collapse","Rewind"],"picked":"TimeWarp","floor":11},{"not_picked":["ShatteredReality","Potential"],"picked":"SoulSculpture","floor":13},{"not_picked":["Gouge","Hightail"],"picked":"Starlight","floor":14},{"not_picked":["FloweringNight","MurderousAura"],"picked":"FlawlessForm","floor":16},{"not_picked":["Snipe","Defy"],"picked":"Revamp","floor":18},{"not_picked":["Moonlight","Starlight"],"picked":"DoubleEdge","floor":20},{"not_picked":["Replace","Starlight"],"picked":"ForgedInTime","floor":21},{"not_picked":["Spin","Unruled"],"picked":"ShatteredReality","floor":23}],"player_experience":159709,"relics_obtained":[{"floor":6,"key":"reliquary:PorcupineQuills"},{"floor":9,"key":"Nunchaku"},{"floor":13,"key":"reliquary:BallBearing"},{"floor":20,"key":"Red Mask"},{"floor":23,"key":"Juzu Bracelet"}],"event_choices":[{"cards_removed":["Strike_S"],"damage_healed":0,"gold_gain":0,"player_choice":"Offered Basic","damage_taken":0,"max_hp_gain":0,"max_hp_loss":0,"event_name":"Bonfire Elementals","floor":2,"gold_loss":0},{"cards_removed":["Strike_S"],"damage_healed":0,"gold_gain":0,"player_choice":"Purged","damage_taken":0,"max_hp_gain":0,"max_hp_loss":0,"event_name":"Purifier","floor":7,"gold_loss":0},{"damage_healed":0,"gold_gain":99,"player_choice":"Steal","damage_taken":0,"max_hp_gain":0,"max_hp_loss":0,"event_name":"betterThird:BetterNest","floor":19,"gold_loss":0},{"damage_healed":0,"gold_gain":0,"player_choice":"Fought Bandits","damage_taken":0,"max_hp_gain":0,"max_hp_loss":0,"event_name":"Masked Bandits","floor":20,"gold_loss":0},{"cards_removed":["Strike_S"],"damage_healed":0,"gold_gain":0,"player_choice":"Upgrade and Remove","damage_taken":0,"max_hp_gain":0,"max_hp_loss":0,"event_name":"Designer","floor":24,"gold_loss":90,"cards_upgraded":["Starlight"]}],"is_beta":false,"boss_relics":[{"not_picked":["Runic Pyramid","reliquary:WritOfMandamus"],"picked":"SplendidAttire"}],"items_purged_floors":[],"is_endless":false,"potions_floor_spawned":[3,5,6,14,16,20],"killed_by":"3 Cultists","ascension_level":0}}