{"host":"ttt10ghevkhyjkzb","time":1612817268,"event":{"mods":["2.2 Compatiblity","AchievementEnabler","BaseMod","Googly Eyes","Minty Spire (QoL Compilation)","StSLib","The IronCluck"],"gold_per_floor":[13,13,13,32,32,32,76,76,145,70,91,69,69,102,102,222,222,216,231,231,247,172,172,135,175,175,175,199,212,212,236,236,361,361,376,376,376,457,473,473,511,574,625,477,501,520,76,97,97,97,97],"floor_reached":50,"language":"ENG","playtime":2041,"items_purged":["Strike_B"],"score":574,"play_id":"f36c2098-08dd-4199-a976-a6ef7055e731","local_time":"20210208214748","is_ascension_mode":true,"campfire_choices":[{"data":"White Noise","floor":6,"key":"SMITH"},{"data":"Zap","floor":8,"key":"SMITH"},{"data":"Gash","floor":13,"key":"SMITH"},{"data":"Gash","floor":15,"key":"SMITH"},{"floor":23,"key":"REST"},{"floor":27,"key":"REST"},{"data":"Loop","floor":30,"key":"SMITH"},{"floor":32,"key":"REST"},{"data":"Defragment","floor":40,"key":"SMITH"},{"floor":49,"key":"REST"}],"circlet_count":0,"master_deck":["Defend_B","Defend_B","Defend_B","Defend_B","Zap+1","Dualcast","White Noise+1","Beam Cell","Sunder","Gash+1","Gash+1","Darkness+1","Static Discharge","Necronomicurse","Loop+1","Defragment+1","Double Energy+1","Defragment+1","Multi-Cast","Good Instincts","Conserve Battery+1"],"relics":["Cracked Core","StoneCalendar","Golden Idol","Ice Cream","Bag of Preparation","Meat on the Bone","Anchor","Empty Cage","Necronomicon","Centennial Puzzle","Letter Opener","Inserter","Bottled Flame","Pear","Dead Branch","Nunchaku","Dream Catcher","Unceasing Top","Strawberry"],"acts_visited":["Exordium","TheCity","TheBeyond"],"potions_floor_usage":[16,41,41,46,50],"damage_taken":[{"damage":5,"enemies":"2 Louse","floor":1,"turns":2},{"damage":0,"enemies":"Small Slimes","floor":4,"turns":3},{"damage":16,"enemies":"Lagavulin","floor":7,"turns":7},{"damage":1,"enemies":"Jaw Worm","floor":11,"turns":2},{"damage":0,"enemies":"3 Sentries","floor":14,"turns":4},{"damage":15,"enemies":"Hexaghost","floor":16,"turns":7},{"damage":15,"enemies":"2 Thieves","floor":18,"turns":4},{"damage":15,"enemies":"Shell Parasite","floor":19,"turns":4},{"damage":20,"enemies":"Snecko","floor":21,"turns":4},{"damage":21,"enemies":"Slavers","floor":25,"turns":4},{"damage":0,"enemies":"Chosen and Byrds","floor":28,"turns":4},{"damage":13,"enemies":"3 Cultists","floor":29,"turns":3},{"damage":0,"enemies":"Centurion and Healer","floor":31,"turns":5},{"damage":32,"enemies":"Automaton","floor":33,"turns":6},{"damage":14,"enemies":"3 Shapes","floor":35,"turns":3},{"damage":7,"enemies":"Orb Walker","floor":39,"turns":3},{"damage":42,"enemies":"Giant Head","floor":41,"turns":6},{"damage":0,"enemies":"Mind Bloom Boss Battle","floor":42,"turns":4},{"damage":21,"enemies":"Jaw Worm Horde","floor":45,"turns":4},{"damage":9,"enemies":"Transient","floor":46,"turns":5},{"damage":16,"enemies":"Sphere and 2 Shapes","floor":48,"turns":4},{"damage":75,"enemies":"Awakened One","floor":50,"turns":5}],"seed_played":"399596840295355483","potions_obtained":[{"floor":4,"key":"BlessingOfTheForge"},{"floor":7,"key":"Swift Potion"},{"floor":14,"key":"BlessingOfTheForge"},{"floor":19,"key":"Energy Potion"},{"floor":21,"key":"LiquidMemories"},{"floor":42,"key":"FearPotion"},{"floor":45,"key":"Fire Potion"},{"floor":46,"key":"Energy Potion"}],"is_trial":false,"path_per_floor":["M","?","?","M","?","R","E","R","T","$","M","$","R","E","R","B",null,"M","M","?","M","?","R","$","E","T","R","M","M","R","M","R","B",null,"M","?","?","T","M","R","E","?","T","$","M","M","$","M","R","B"],"character_chosen":"DEFECT","items_purchased":["Gash","Loop","Dream Catcher","Unceasing Top","Strawberry"],"campfire_rested":4,"item_purchase_floors":[12,24,44,47,47],"current_hp_per_floor":[70,52,52,52,45,45,29,29,29,29,40,40,40,40,40,37,75,60,45,29,21,21,43,43,34,34,56,56,43,43,43,65,45,75,61,61,61,61,54,54,34,46,46,46,37,40,47,43,70,0,0],"gold":97,"neow_bonus":"ONE_RARE_RELIC","is_daily":false,"chose_seed":false,"campfire_upgraded":6,"win_rate":0.0,"timestamp":1612817268,"path_taken":["M","?","?","M","?","R","E","R","T","$","?","?","R","E","R","BOSS","M","?","?","M","?","R","$","E","T","R","M","M","R","M","R","BOSS","M","?","?","?","M","R","E","?","T","$","?","M","$","M","R","BOSS"],"items_purchased_type":["Card","Card","Relic","Relic","Relic"],"build_version":"2020-12-22","purchased_purges":1,"victory":false,"max_hp_per_floor":[75,75,75,75,75,75,75,75,75,75,75,75,75,75,75,75,75,75,75,75,75,75,75,75,75,75,75,75,75,75,75,75,75,75,75,75,75,75,75,75,85,85,85,85,85,85,92,92,92,92,92],"card_choices":[{"not_picked":["Steam","Capacitor"],"picked":"White Noise","floor":1},{"not_picked":["Turbo","Go for the Eyes"],"picked":"Beam Cell","floor":4},{"not_picked":["Hologram","Redo"],"picked":"Sunder","floor":7},{"not_picked":["Conserve Battery","Cold Snap"],"picked":"Gash","floor":11},{"not_picked":["Streamline","Compile Driver","Go for the Eyes"],"picked":"SKIP","floor":14},{"not_picked":["Sunder","Hologram"],"picked":"Darkness+1","floor":18},{"not_picked":["Coolheaded","Beam Cell"],"picked":"Static Discharge","floor":19},{"not_picked":["Reprogram+1","Barrage","Melter"],"picked":"SKIP","floor":21},{"not_picked":["Sweeping Beam","Cold Snap","Force Field"],"picked":"SKIP","floor":25},{"not_picked":["Double Energy+1","Hologram"],"picked":"Defragment+1","floor":28},{"not_picked":["Hologram","Cold Snap+1"],"picked":"Double Energy+1","floor":29},{"not_picked":["Stack","Steam Power"],"picked":"Defragment","floor":31},{"not_picked":["Meteor Strike","Fission"],"picked":"Multi-Cast","floor":33},{"not_picked":["Rebound+1","Stack+1","Beam Cell"],"picked":"SKIP","floor":35},{"not_picked":["Jack Of All Trades","Enlightenment"],"picked":"Good Instincts","floor":37},{"not_picked":["Recycle+1","Compile Driver+1","Ball Lightning"],"picked":"SKIP","floor":39},{"not_picked":["Stack","Chaos","Compile Driver"],"picked":"SKIP","floor":41},{"not_picked":["Turbo","Rip and Tear"],"picked":"Conserve Battery+1","floor":45},{"not_picked":["Beam Cell","Scrape","Streamline"],"picked":"SKIP","floor":46},{"not_picked":["Blizzard+1","Biased Cognition","Steam"],"picked":"SKIP","floor":48}],"player_experience":135232,"relics_obtained":[{"floor":7,"key":"Bag of Preparation"},{"floor":9,"key":"Meat on the Bone"},{"floor":14,"key":"Anchor"},{"floor":20,"key":"Necronomicon"},{"floor":25,"key":"Centennial Puzzle"},{"floor":26,"key":"Letter Opener"},{"floor":38,"key":"Bottled Flame"},{"floor":41,"key":"Pear"},{"floor":42,"key":"Dead Branch"},{"floor":43,"key":"Nunchaku"}],"event_choices":[{"damage_healed":0,"gold_gain":0,"player_choice":"Take Damage","damage_taken":18,"relics_obtained":["Golden Idol"],"max_hp_gain":0,"max_hp_loss":0,"event_name":"Golden Idol","floor":2,"gold_loss":0},{"damage_healed":0,"gold_gain":0,"player_choice":"Ignored","damage_taken":0,"max_hp_gain":0,"max_hp_loss":0,"event_name":"Liars Game","floor":3,"gold_loss":0},{"damage_healed":0,"gold_gain":0,"player_choice":"Success","damage_taken":7,"relics_obtained":["Ice Cream"],"max_hp_gain":0,"max_hp_loss":0,"event_name":"Scrap Ooze","floor":5,"gold_loss":0},{"damage_healed":0,"gold_gain":0,"player_choice":"Obtained Book","damage_taken":16,"max_hp_gain":0,"max_hp_loss":0,"event_name":"Cursed Tome","floor":20,"gold_loss":0},{"cards_removed":["Strike_B"],"damage_healed":0,"gold_gain":0,"player_choice":"Gave Gold","damage_taken":0,"max_hp_gain":0,"max_hp_loss":0,"event_name":"Beggar","floor":22,"gold_loss":75},{"damage_healed":0,"gold_gain":0,"player_choice":"Ignored","damage_taken":0,"max_hp_gain":0,"max_hp_loss":0,"event_name":"Tomb of Lord Red Mask","floor":36,"gold_loss":0},{"damage_healed":0,"gold_gain":0,"player_choice":"Memory 1","damage_taken":0,"max_hp_gain":0,"max_hp_loss":0,"event_name":"SensoryStone","floor":37,"gold_loss":0},{"damage_healed":0,"gold_gain":0,"player_choice":"Fight","damage_taken":0,"max_hp_gain":0,"max_hp_loss":0,"event_name":"MindBloom","floor":42,"gold_loss":0}],"is_beta":false,"boss_relics":[{"not_picked":["Calling Bell","Snecko Eye"],"picked":"Empty Cage"},{"not_picked":["Cursed Key","FrozenCore"],"picked":"Inserter"}],"items_purged_floors":[10],"is_endless":false,"potions_floor_spawned":[4,7,14,19,21,31,33,42,45,46,48],"killed_by":"Awakened One","ascension_level":1}}