{"host":"3498uni0c31c9bdm","time":1612798450,"event":{"mods":["BaseMod","Better Match","Better Note","Better Sensory Stone","Better Skull","Better Third Choice","Colored Map","Minty Spire (QoL Compilation)","Quick Restart","RNG Fix","Random Character Button","Replay The Spire","Shop Mod","Smile Girya","StSLib","Unceasing Turn Reminder"],"gold_per_floor":[13,27,27,27,47,47,63,63,86,118,130,162,174,221,233,349,361,387,244,244,50,33,68,68,98,123,123,123,123],"floor_reached":28,"language":"ENG","playtime":1239,"items_purged":[],"score":384,"play_id":"4374cfbf-fd21-402c-94a2-95d901ed82b8","local_time":"20210209023410","is_ascension_mode":true,"campfire_choices":[{"floor":6,"key":"RECALL"},{"floor":8,"key":"REST"},{"floor":15,"key":"REST"},{"floor":24,"key":"REST"},{"floor":27,"key":"REST"}],"circlet_count":0,"master_deck":["AscendersBane","Strike_G","Strike_G","Strike_G","Strike_G","Strike_G","Defend_G","Defend_G","Defend_G","Defend_G","Defend_G","Survivor","Neutralize","Footwork+1","Deadly Poison","Deadly Poison","Dagger Spray","Replay:Bag of Tricks","Burn","Dodge and Roll","Accuracy","Venomology","Infinite Blades","Necronomicurse","Blade Dance+1","Bane","Poisoned Stab"],"relics":["Ring of the Snake","Torii","Mirror","Anchor","SlaversCollar","Toy Ornithopter","Necronomicon","MerchantsRug","Happy Flower","Replay:Ringing Soul","CeramicFish"],"acts_visited":["Exordium","TheCity"],"potions_floor_usage":[14,16,22,22,22,23,25,25,28],"damage_taken":[{"damage":0,"enemies":"2 Louse","floor":1,"turns":6},{"damage":6,"enemies":"Small Slimes","floor":2,"turns":6},{"damage":1,"enemies":"Jaw Worm","floor":5,"turns":4},{"damage":1,"enemies":"Red Slaver","floor":7,"turns":4},{"damage":0,"enemies":"Looter","floor":10,"turns":4},{"damage":8,"enemies":"2 Fungi Beasts","floor":12,"turns":3},{"damage":22,"enemies":"3 Sentries","floor":14,"turns":9},{"damage":44,"enemies":"Fading Forest","floor":16,"turns":11},{"damage":20,"enemies":"Spheric Guardian","floor":18,"turns":5},{"damage":12,"enemies":"2 Thieves","floor":22,"turns":5},{"damage":18,"enemies":"Replay:Snechameleon","floor":23,"turns":7},{"damage":37,"enemies":"Book of Stabbing","floor":25,"turns":7},{"damage":44,"enemies":"Sentry and Sphere","floor":28,"turns":7}],"seed_played":"-4416177345490059911","potions_obtained":[{"floor":2,"key":"DuplicationPotion"},{"floor":14,"key":"Strength Potion"},{"floor":22,"key":"Fruit Juice"},{"floor":25,"key":"LiquidBronze"}],"is_trial":false,"path_per_floor":["M","M","$","?","M","R","M","R","T","M","?","M","T","E","R","B",null,"M","$","?","$","M","E","R","E","T","R","M"],"character_chosen":"THE_SILENT","items_purchased":["Toy Ornithopter","MerchantsRug","DistilledChaos"],"campfire_rested":4,"item_purchase_floors":[19,21,21],"current_hp_per_floor":[63,57,57,57,56,56,55,70,70,70,70,62,62,40,61,17,57,37,37,21,21,29,16,38,14,14,37,0,0],"gold":123,"neow_bonus":"ONE_RARE_RELIC","is_daily":false,"chose_seed":false,"campfire_upgraded":0,"win_rate":0.0,"timestamp":1612798450,"path_taken":["M","?","$","?","M","R","M","R","T","M","?","M","?","E","R","BOSS","M","$","?","$","M","E","R","E","T","R","?"],"items_purchased_type":["Relic","Relic","Potion"],"build_version":"2020-12-22","purchased_purges":0,"victory":false,"max_hp_per_floor":[70,70,70,70,70,70,70,70,70,70,70,70,70,70,70,70,70,70,70,70,70,75,75,75,78,78,78,78,78],"card_choices":[{"not_picked":["Toxin Wave","Bane"],"picked":"Footwork","floor":1},{"not_picked":["Acrobatics","Underhanded Strike"],"picked":"Deadly Poison","floor":2},{"not_picked":["Hidden Blade","Acrobatics"],"picked":"Deadly Poison","floor":5},{"not_picked":["Underhanded Strike","Hidden Blade"],"picked":"Dagger Spray","floor":7},{"not_picked":["Bane","ReplayTheSpireMod:Scrap Shanks"],"picked":"Replay:Bag of Tricks","floor":10},{"not_picked":["Hidden Blade","Prepared"],"picked":"Dodge and Roll","floor":12},{"not_picked":["Dodge and Roll","ReplayTheSpireMod:Scrap Shanks"],"picked":"Accuracy","floor":14},{"not_picked":["Corpse Explosion","A Thousand Cuts"],"picked":"Venomology","floor":16},{"not_picked":["ReplayTheSpireMod:Exploit Weakness+1","Backflip"],"picked":"Infinite Blades","floor":18},{"not_picked":["Prepared","Acrobatics+1"],"picked":"Blade Dance+1","floor":22},{"not_picked":["Dagger Spray","Malaise"],"picked":"Bane","floor":23},{"not_picked":["Dagger Spray","Deflect+1"],"picked":"Poisoned Stab","floor":25}],"player_experience":852517,"relics_obtained":[{"floor":9,"key":"MawBank"},{"floor":13,"key":"Mirror"},{"floor":14,"key":"Anchor"},{"floor":20,"key":"Necronomicon"},{"floor":23,"key":"Happy Flower"},{"floor":25,"key":"Replay:Ringing Soul"},{"floor":26,"key":"CeramicFish"}],"event_choices":[{"damage_healed":0,"gold_gain":0,"player_choice":"Grow","damage_taken":0,"max_hp_gain":0,"max_hp_loss":0,"event_name":"Living Wall","floor":4,"gold_loss":0,"cards_upgraded":["Footwork"]},{"damage_healed":70,"gold_gain":0,"player_choice":"Embrace Burn","damage_taken":0,"max_hp_gain":0,"max_hp_loss":70,"event_name":"betterThird:BetterShining","floor":11,"gold_loss":0},{"damage_healed":0,"gold_gain":0,"player_choice":"Obtained Book","damage_taken":16,"max_hp_gain":0,"max_hp_loss":0,"event_name":"Cursed Tome","floor":20,"gold_loss":0}],"is_beta":false,"boss_relics":[{"not_picked":["Fusion Hammer","WristBlade"],"picked":"SlaversCollar"}],"items_purged_floors":[],"is_endless":false,"potions_floor_spawned":[2,14,22,25],"killed_by":"Sentry and Sphere","ascension_level":10}}