{"host":"61y0z9o9vf3ujftj","time":1612758690,"event":{"mods":["BaseMod","Colored Map","Colored Powertips","GifTheSpireLib","HexUI Lib","Highlight Path","Minty Spire (QoL Compilation)","Permanent Neow","Relic Stats","StSLib","ojb\u0027s Info Mod"],"gold_per_floor":[119,133,47,47,65,98,127,166,201,213,236,277,310,341,353,440,452,476,488,518,548,576,588,600,600],"floor_reached":24,"language":"ENG","playtime":3246,"items_purged":[],"score":407,"play_id":"c31d066b-42cf-4292-b5ef-4138cf25df14","local_time":"20210207223130","is_ascension_mode":true,"campfire_choices":[{"data":"Carnage","floor":10.0,"key":"SMITH"},{"floor":15.0,"key":"REST"},{"data":"Second Wind","floor":23,"key":"SMITH"}],"circlet_count":0,"master_deck":["AscendersBane","Strike_R","Strike_R","Strike_R","Strike_R","Strike_R","Defend_R","Defend_R","Defend_R","Defend_R","Bash","Uppercut","Feel No Pain","Battle Trance","Combust","Ghostly Armor","Carnage+1","Headbutt","Shrug It Off","Burning Pact","Sever Soul+1","Second Wind+1","True Grit+1"],"relics":["Burning Blood","Dead Branch","MawBank","Bronze Scales","Strawberry","Regal Pillow","Odd Mushroom","Runic Pyramid"],"acts_visited":["Exordium","TheCity"],"potions_floor_usage":[22,24],"damage_taken":[{"damage":6.0,"enemies":"Cultist","floor":1.0,"turns":5.0},{"damage":7.0,"enemies":"2 Louse","floor":2.0,"turns":4.0},{"damage":6.0,"enemies":"Jaw Worm","floor":5.0,"turns":5.0},{"damage":41.0,"enemies":"Lagavulin","floor":6.0,"turns":9.0},{"damage":2.0,"enemies":"Blue Slaver","floor":7.0,"turns":6.0},{"damage":6.0,"enemies":"3 Sentries","floor":8.0,"turns":5.0},{"damage":7.0,"enemies":"Large Slime","floor":11.0,"turns":4.0},{"damage":23.0,"enemies":"Gremlin Nob","floor":12.0,"turns":4.0},{"damage":24.0,"enemies":"The Mushroom Lair","floor":13.0,"turns":5.0},{"damage":5.0,"enemies":"Lots of Slimes","floor":14.0,"turns":2.0},{"damage":37,"enemies":"The Guardian","floor":16,"turns":13},{"damage":1,"enemies":"Chosen","floor":18,"turns":9},{"damage":17,"enemies":"3 Byrds","floor":20,"turns":5},{"damage":8,"enemies":"Snecko","floor":21,"turns":5},{"damage":47,"enemies":"3 Cultists","floor":22,"turns":5},{"damage":28,"enemies":"Slavers","floor":24,"turns":1}],"seed_played":"-5206773994382446116","potions_obtained":[{"floor":1.0,"key":"Strength Potion"},{"floor":7.0,"key":"DistilledChaos"},{"floor":8.0,"key":"Regen Potion"},{"floor":11.0,"key":"LiquidMemories"},{"floor":21,"key":"BloodPotion"}],"is_trial":false,"path_per_floor":["M","M","$","$","M","E","M","E","T","R","M","E","?","M","R","B",null,"M","?","M","M","M","R","E"],"character_chosen":"IRONCLAD","items_purchased":["Battle Trance"],"campfire_rested":1,"item_purchase_floors":[3],"current_hp_per_floor":[68,67,67,67,67,32,36,36,43,43,42,25,7,8,45,14,60,65,61,50,48,22,22,0,0],"gold":600,"neow_bonus":"ONE_RARE_RELIC","is_daily":false,"chose_seed":false,"campfire_upgraded":2,"win_rate":0.0,"timestamp":1612758690,"path_taken":["M","M","?","$","M","E","M","E","T","R","M","E","?","M","R","BOSS","M","?","?","M","M","R","E"],"items_purchased_type":["Card"],"build_version":"2020-12-22","purchased_purges":0,"victory":false,"max_hp_per_floor":[68,68,68,68,68,68,68,68,75,75,75,75,75,75,75,75,75,75,75,75,75,75,75,75,75],"relic_stats":{"Regal Pillow":15,"counters":[16,87],"Dead Branch":[74],"Bronze Scales":[187],"MawBank":216,"obtain_stats":[{"Regal Pillow":12,"Dead Branch":0,"Bronze Scales":8,"Strawberry":9,"Odd Mushroom":13,"MawBank":6,"Burning Blood":0,"Runic Pyramid":17},{"Regal Pillow":8,"Dead Branch":0,"Bronze Scales":6,"Strawberry":6,"Odd Mushroom":9,"MawBank":4,"Burning Blood":0,"Runic Pyramid":11},{"Regal Pillow":42,"Dead Branch":0,"Bronze Scales":34,"Strawberry":34,"Odd Mushroom":47,"MawBank":23,"Burning Blood":0,"Runic Pyramid":62}],"Burning Blood":90},"card_choices":[{"not_picked":["Clothesline","Havoc"],"picked":"Uppercut","floor":1.0},{"not_picked":["Havoc","Pommel Strike"],"picked":"Feel No Pain","floor":2.0},{"not_picked":["Twin Strike","Armaments"],"picked":"Combust","floor":5.0},{"not_picked":["Flex","Pommel Strike"],"picked":"Ghostly Armor","floor":6.0},{"not_picked":["Armaments","Fire Breathing"],"picked":"Carnage","floor":7.0},{"not_picked":["Sword Boomerang","Juggernaut"],"picked":"Headbutt","floor":8.0},{"not_picked":["Intimidate","Flex"],"picked":"Shrug It Off","floor":11.0},{"not_picked":["Rampage","Clash","Flex"],"picked":"SKIP","floor":12.0},{"not_picked":["Heavy Blade","True Grit"],"picked":"Burning Pact","floor":13.0},{"not_picked":["Thunderclap","Headbutt","Cleave"],"picked":"SKIP","floor":14.0},{"not_picked":["Searing Blow","Perfected Strike","Iron Wave"],"picked":"SKIP","floor":18},{"not_picked":["Dual Wield","Clothesline"],"picked":"Sever Soul+1","floor":20},{"not_picked":["Body Slam","Pommel Strike"],"picked":"Second Wind","floor":21},{"not_picked":["Heavy Blade+1","Shockwave"],"picked":"True Grit+1","floor":22}],"player_experience":549439,"relics_obtained":[{"floor":6.0,"key":"MawBank"},{"floor":8.0,"key":"Bronze Scales"},{"floor":9.0,"key":"Strawberry"},{"floor":12.0,"key":"Regal Pillow"},{"floor":13.0,"key":"Odd Mushroom"}],"event_choices":[{"damage_healed":0.0,"max_hp_gain":0.0,"max_hp_loss":0.0,"gold_gain":0.0,"event_name":"Mushrooms","player_choice":"Fought Mushrooms","floor":13.0,"gold_loss":0.0,"damage_taken":0.0},{"damage_healed":0,"gold_gain":0,"player_choice":"Bought 0 Potions","damage_taken":0,"max_hp_gain":0,"max_hp_loss":0,"event_name":"The Woman in Blue","floor":19,"gold_loss":0}],"is_beta":false,"boss_relics":[{"not_picked":["Runic Cube","Astrolabe"],"picked":"Runic Pyramid"}],"items_purged_floors":[],"is_endless":false,"potions_floor_spawned":[1,7,8,11,21],"killed_by":"Slavers","ascension_level":17}}