{"host":"xp27heuvanyklt0b","time":1612779012,"event":{"mods":["100% Spire Juice","BaseMod","CapriCore","Koishi","Lobotomy","Minty Spire (QoL Compilation)","StSLib","The Immortal"],"gold_per_floor":[116,132,132,150,150,150,50,85,18,32,47,78,78,93,93,188,68,80,97,97,97,117,117,152,152,32,48,62,77,77,89,89,188,68,86,46,46,57,70,70,70],"floor_reached":40,"language":"KOR","playtime":2418,"items_purged":[],"score":479,"play_id":"ab5402b2-597d-45dd-a1a9-87996bcde041","local_time":"20210208191012","is_ascension_mode":false,"campfire_choices":[{"floor":6,"key":"REST"},{"floor":15,"key":"REST"},{"floor":23,"key":"RECALL"},{"floor":25,"key":"REST"},{"floor":32,"key":"REST"}],"circlet_count":0,"master_deck":["Moonworks:Strike","Moonworks:Strike","Moonworks:Strike","Moonworks:Strike+1","Moonworks:Defend","Moonworks:Defend","Moonworks:Defend","Moonworks:Defend","Moonworks:Ambush","Moonworks:LongDistanceShot","Moonworks:IndiscriminateFireSupport","Moonworks:EvilSpyWorkPreparation","Moonworks:ShieldCounter","Moonworks:NicePresent","Moonworks:x16BigRocket","Moonworks:RedAndBlue","Moonworks:JonathanRush","Moonworks:BindingChains","Moonworks:OutOfAmmo","Moonworks:CompletionReward","Moonworks:SubspaceTunnel","Moonworks:LulusLuckyEgg","Moonworks:WindyEnchantment+1","J.A.X.+1","Moonworks:DeployBits+1","Moonworks:Assault","Moonworks:StiffCrystal","Moonworks:ImOnFire+1","Moonworks:RagingMadness+1","Moonworks:IntelligenceOfficer+1","Moonworks:RocketCannon","Moonworks:NicePresent+1","Moonworks:CloudOfSeagulls+1","Moonworks:AnotherUltimateWeapon"],"relics":["Moonworks:SBBomb","Moonworks:Homemark","Regal Pillow","Mummified Hand","Akabeko","Pear","Red Mask","Letter Opener","Philosopher\u0027s Stone"],"acts_visited":["Exordium","TheCity","TheBeyond"],"potions_floor_usage":[16,39,40],"damage_taken":[{"damage":0,"enemies":"2 Louse","floor":1,"turns":5},{"damage":6,"enemies":"Jaw Worm","floor":2,"turns":2},{"damage":0,"enemies":"Cultist","floor":4,"turns":3},{"damage":16,"enemies":"Large Slime","floor":7,"turns":6},{"damage":9,"enemies":"Gremlin Nob","floor":8,"turns":4},{"damage":0,"enemies":"Looter","floor":10,"turns":3},{"damage":5,"enemies":"Exordium Wildlife","floor":11,"turns":4},{"damage":8,"enemies":"Lagavulin","floor":12,"turns":5},{"damage":0,"enemies":"3 Louse","floor":14,"turns":1},{"damage":51,"enemies":"Slime Boss","floor":16,"turns":4},{"damage":10,"enemies":"3 Byrds","floor":18,"turns":4},{"damage":5,"enemies":"Shell Parasite","floor":19,"turns":3},{"damage":3,"enemies":"Cultist and Chosen","floor":22,"turns":6},{"damage":28,"enemies":"Masked Bandits","floor":24,"turns":4},{"damage":0,"enemies":"Sentry and Sphere","floor":27,"turns":1},{"damage":0,"enemies":"3 Cultists","floor":28,"turns":4},{"damage":14,"enemies":"Shelled Parasite and Fungi","floor":29,"turns":5},{"damage":3,"enemies":"Centurion and Healer","floor":31,"turns":5},{"damage":27,"enemies":"Collector","floor":33,"turns":9},{"damage":18,"enemies":"Orb Walker","floor":35,"turns":3},{"damage":12,"enemies":"3 Shapes","floor":38,"turns":3},{"damage":23,"enemies":"Writhing Mass","floor":39,"turns":5},{"damage":56,"enemies":"Giant Head","floor":40,"turns":6}],"seed_played":"6224560950028311429","potions_obtained":[{"floor":2,"key":"Regen Potion"},{"floor":4,"key":"Regen Potion"},{"floor":10,"key":"Energy Potion"},{"floor":12,"key":"Moonworks:OneHundredPercentOrangeJuicePotion"},{"floor":18,"key":"SneckoOil"},{"floor":22,"key":"BlessingOfTheForge"},{"floor":39,"key":"Dexterity Potion"}],"is_trial":false,"path_per_floor":["M","M","?","M","?","R","M","E","T","M","M","E","?","M","R","B",null,"M","M","T","?","M","R","?","R","T","M","M","M","?","M","R","B",null,"M","?","$","M","M","E"],"character_chosen":"THE_STARBREAKER","items_purchased":[],"campfire_rested":4,"item_purchase_floors":[],"current_hp_per_floor":[60,54,54,54,47,60,44,35,35,35,30,22,22,22,55,4,60,50,45,55,55,52,52,24,60,60,60,60,46,33,30,67,40,75,57,57,57,45,31,0,0],"gold":70,"neow_bonus":"RANDOM_COMMON_RELIC","is_daily":false,"chose_seed":false,"campfire_upgraded":0,"win_rate":0.0,"timestamp":1612779012,"path_taken":["M","M","?","M","?","R","M","E","T","M","M","E","?","M","R","BOSS","M","M","?","?","M","R","?","R","T","M","?","M","?","M","R","BOSS","M","?","?","M","M","E"],"items_purchased_type":[],"build_version":"2020-12-22","purchased_purges":0,"victory":false,"max_hp_per_floor":[60,60,60,60,60,60,60,60,60,60,60,60,60,60,60,60,60,60,60,70,70,70,70,70,70,70,70,70,70,75,75,75,75,75,75,75,75,75,75,75,75],"card_choices":[{"not_picked":["Moonworks:CloudOfSeagulls","Moonworks:TacticalRetreat"],"picked":"Moonworks:IndiscriminateFireSupport","floor":1},{"not_picked":["Moonworks:FullSpeedAlicianrone","Moonworks:ImOnFire"],"picked":"Moonworks:EvilSpyWorkPreparation","floor":2},{"not_picked":["Moonworks:IndiscriminateFireSupport","Moonworks:BigMagnum"],"picked":"Moonworks:ShieldCounter","floor":4},{"not_picked":["Moonworks:DeployBits","Moonworks:IndiscriminateFireSupport"],"picked":"Moonworks:NicePresent","floor":7},{"not_picked":["Moonworks:Blazing","Moonworks:NicePresent"],"picked":"Moonworks:x16BigRocket","floor":8},{"not_picked":["Moonworks:ImOnFire","Moonworks:DevilHand"],"picked":"Moonworks:RedAndBlue","floor":10},{"not_picked":["Moonworks:IndiscriminateFireSupport","Moonworks:TreasureThief"],"picked":"Moonworks:JonathanRush","floor":11},{"not_picked":["Moonworks:IndiscriminateFireSupport","Moonworks:EvilSpyWorkPreparation"],"picked":"Moonworks:BindingChains","floor":12},{"not_picked":["Moonworks:SealedMemories","Moonworks:BigMagnum"],"picked":"Moonworks:CompletionReward","floor":14},{"not_picked":["Moonworks:Blazing","Moonworks:SinkOrSwim"],"picked":"Moonworks:SubspaceTunnel","floor":16},{"not_picked":["Moonworks:SealedMemories","Moonworks:DeployBits+1"],"picked":"Moonworks:LulusLuckyEgg","floor":18},{"not_picked":["Moonworks:EvilSpyWorkPreparation","Moonworks:DeployBits"],"picked":"Moonworks:WindyEnchantment+1","floor":19},{"not_picked":["Moonworks:JonathanRush","Moonworks:BigMagnum"],"picked":"Moonworks:DeployBits+1","floor":22},{"not_picked":["Moonworks:LulusLuckyEgg","Moonworks:IndiscriminateFireSupport"],"picked":"Moonworks:Assault","floor":24},{"not_picked":["Moonworks:NicePresent","Moonworks:BeyondHell"],"picked":"Moonworks:StiffCrystal","floor":27},{"not_picked":["Moonworks:IndiscriminateFireSupport+1","Moonworks:DeployBits"],"picked":"Moonworks:ImOnFire+1","floor":28},{"not_picked":["Moonworks:GoAway","Moonworks:NicePresent"],"picked":"Moonworks:RagingMadness+1","floor":29},{"not_picked":["Moonworks:LulusLuckyEgg","Moonworks:BigMagnum"],"picked":"Moonworks:IntelligenceOfficer+1","floor":31},{"not_picked":["Moonworks:AnotherUltimateWeapon","Moonworks:FinalBattle"],"picked":"Moonworks:RocketCannon","floor":33},{"not_picked":["Moonworks:LulusLuckyEgg","Moonworks:Assault"],"picked":"Moonworks:NicePresent+1","floor":35},{"not_picked":["Moonworks:LulusLuckyEgg+1","Moonworks:BigMagnum"],"picked":"Moonworks:CloudOfSeagulls+1","floor":38},{"not_picked":["Moonworks:CloudOfSeagulls","Moonworks:DeployBits"],"picked":"Moonworks:AnotherUltimateWeapon","floor":39}],"player_experience":171062,"relics_obtained":[{"floor":8,"key":"Mummified Hand"},{"floor":12,"key":"Akabeko"},{"floor":20,"key":"Pear"},{"floor":24,"key":"Red Mask"},{"floor":26,"key":"Letter Opener"}],"event_choices":[{"damage_healed":0,"gold_gain":0,"player_choice":"Ignored","damage_taken":0,"max_hp_gain":0,"max_hp_loss":0,"event_name":"Shining Light","floor":3,"gold_loss":0},{"damage_healed":0,"gold_gain":0,"player_choice":"Fled","damage_taken":7,"max_hp_gain":0,"max_hp_loss":0,"event_name":"Scrap Ooze","floor":5,"gold_loss":0},{"damage_healed":0,"gold_gain":0,"player_choice":"1 cards matched","damage_taken":0,"max_hp_gain":0,"max_hp_loss":0,"event_name":"Match and Keep!","floor":13,"gold_loss":0,"cards_obtained":["Moonworks:OutOfAmmo"]},{"damage_healed":0,"gold_gain":0,"player_choice":"Obtain J.A.X.","damage_taken":0,"max_hp_gain":0,"max_hp_loss":0,"event_name":"Drug Dealer","floor":21,"gold_loss":0,"cards_obtained":["J.A.X."]},{"damage_healed":0,"gold_gain":0,"player_choice":"Fought Bandits","damage_taken":0,"max_hp_gain":0,"max_hp_loss":0,"event_name":"Masked Bandits","floor":24,"gold_loss":0},{"damage_healed":0,"gold_gain":0,"player_choice":"Shed Blood","damage_taken":18,"max_hp_gain":5,"max_hp_loss":0,"event_name":"Forgotten Altar","floor":30,"gold_loss":0},{"damage_healed":0,"gold_gain":0,"player_choice":"Upgraded Two","damage_taken":0,"max_hp_gain":0,"max_hp_loss":0,"event_name":"Designer","floor":36,"gold_loss":40,"cards_upgraded":["Moonworks:Strike","J.A.X."]}],"is_beta":false,"boss_relics":[{"not_picked":["Velvet Choker","Fusion Hammer"],"picked":"Moonworks:SBBomb"},{"not_picked":["Coffee Dripper","Pandora\u0027s Box"],"picked":"Philosopher\u0027s Stone"}],"items_purged_floors":[],"is_endless":false,"potions_floor_spawned":[2,4,10,12,18,22,27,29,31,39],"killed_by":"Giant Head","ascension_level":0}}