{"host":"o9lehcdjc4u6j9un","time":1612789839,"event":{"mods":["BaseMod","Better-Laid Plans","Colored Map","Downfall","Hermit","Koishi","Marisa£®ÏF”Í°°ƒß¿Ì…≥£©","Minty Spire (QoL Compilation)","Remilia£®¿Ÿ√◊¿Ú—«£©","StSLib","The Alterego","The Runesmith","The Senshi"],"gold_per_floor":[110,110,120,120,120,120,139,139,139,64,82,125,125,125,125],"floor_reached":14,"language":"ZHS","playtime":895,"items_purged":["alterego_mod:Strike"],"score":113,"play_id":"493798ea-9d78-48c7-8801-e2b14c9c2126","local_time":"20210208211039","is_ascension_mode":false,"campfire_choices":[{"data":"alterego_mod:PerceptionDisorder","floor":6,"key":"SMITH"},{"data":"alterego_mod:1TonWallop","floor":8,"key":"SMITH"}],"circlet_count":0,"master_deck":["alterego_mod:Strike","alterego_mod:Strike","alterego_mod:Strike","alterego_mod:Defend","alterego_mod:Defend","alterego_mod:Defend","alterego_mod:Defend","alterego_mod:Impale","alterego_mod:BigMeatyClaws","alterego_mod:BrynhildrsRune","alterego_mod:PerceptionDisorder+1","alterego_mod:Birthday","alterego_mod:Complex","alterego_mod:Support","alterego_mod:Jiggle","alterego_mod:1TonWallop+1","alterego_mod:Maid","alterego_mod:BiFurious","alterego_mod:Table","alterego_mod:Belts"],"relics":["alterego_mod:MasochisticConstitution","Golden Idol","Prayer Wheel","PreservedInsect","SsserpentHead"],"acts_visited":["Exordium"],"potions_floor_usage":[3,14,14],"damage_taken":[{"damage":9,"enemies":"Cultist","floor":1,"turns":4},{"damage":15,"enemies":"Jaw Worm","floor":3,"turns":3},{"damage":5,"enemies":"2 Louse","floor":7,"turns":3},{"damage":14,"enemies":"Red Slaver","floor":11,"turns":3},{"damage":23,"enemies":"3 Sentries","floor":12,"turns":5},{"damage":0,"enemies":"Lagavulin","floor":14,"turns":2}],"seed_played":"-707923341701671557","potions_obtained":[{"floor":3,"key":"Fruit Juice"},{"floor":5,"key":"SkillPotion"},{"floor":5,"key":"Energy Potion"},{"floor":5,"key":"Dexterity Potion"}],"is_trial":false,"path_per_floor":["M","?","M","?","?","R","M","R","T","$","M","E","?","E"],"character_chosen":"The_Alterego","items_purchased":[],"campfire_rested":0,"item_purchase_floors":[],"current_hp_per_floor":[55,55,53,31,31,31,41,41,41,41,28,29,29,31,31],"gold":125,"neow_bonus":"TWENTY_PERCENT_HP_BONUS","is_daily":false,"chose_seed":false,"campfire_upgraded":2,"win_rate":0.0,"timestamp":1612789839,"path_taken":["M","?","M","?","?","R","?","R","T","$","M","E","?","E"],"items_purchased_type":[],"build_version":"2020-12-22","purchased_purges":1,"victory":false,"max_hp_per_floor":[85,85,91,91,91,91,92,92,92,92,93,94,94,94,94],"card_choices":[{"not_picked":["alterego_mod:Punishment","alterego_mod:Skirt"],"picked":"alterego_mod:PerceptionDisorder","floor":1},{"not_picked":["alterego_mod:PresenceConcealment","alterego_mod:HighServant"],"picked":"alterego_mod:Maid","floor":3},{"not_picked":["alterego_mod:RidiculouslyBig","alterego_mod:DiscoLights","alterego_mod:PresenceConcealment"],"picked":"SKIP","floor":7},{"not_picked":["alterego_mod:Nekomimi","alterego_mod:DestructionOfProperty"],"picked":"alterego_mod:BiFurious","floor":11},{"not_picked":["alterego_mod:SuperDuperMasochism","alterego_mod:RocketPunch"],"picked":"alterego_mod:Table","floor":11},{"not_picked":["alterego_mod:Rip","alterego_mod:MagicResistance"],"picked":"alterego_mod:Belts","floor":12}],"player_experience":119616,"relics_obtained":[{"floor":9,"key":"Prayer Wheel"},{"floor":12,"key":"PreservedInsect"}],"event_choices":[{"damage_healed":0,"gold_gain":0,"player_choice":"Take Damage","damage_taken":22,"relics_obtained":["Golden Idol"],"max_hp_gain":0,"max_hp_loss":0,"event_name":"Golden Idol","floor":4,"gold_loss":0},{"damage_healed":0,"gold_gain":0,"player_choice":"Got Potions","damage_taken":0,"max_hp_gain":0,"max_hp_loss":0,"event_name":"Lab","floor":5,"gold_loss":0},{"damage_healed":0,"gold_gain":0,"player_choice":"Trade","damage_taken":0,"relics_obtained":["SsserpentHead"],"max_hp_gain":0,"max_hp_loss":0,"event_name":"FaceTrader","floor":13,"gold_loss":0}],"is_beta":false,"boss_relics":[],"items_purged_floors":[10],"is_endless":false,"potions_floor_spawned":[3],"killed_by":"Lagavulin","ascension_level":0}}