{"host":"drjz7zl15rqtgg20","time":1612815628,"event":{"mods":["BaseMod","Colored Map","Downfall","Minty Spire (QoL Compilation)","Permanent Neow","Quick Restart","StSLib"],"gold_per_floor":[99,111,171,187,187,23,74,89,89,89,123,141,173,198,214,310,310,210,244,254,12,32,52,52,85,85,116,131,131,131,157,169,269,269,169,183,198,198,198,400,400,67,67,67,67,87,87,103,115,115],"floor_reached":51,"language":"ENG","playtime":3833,"items_purged":["bronze:Strike","bronze:Replicate"],"score":776,"play_id":"84f3e4f3-7e82-487a-af00-6cff40bd4381","local_time":"20210208152028","is_ascension_mode":true,"campfire_choices":[{"floor":1,"key":"RECALL"},{"floor":10,"key":"REST"},{"data":"bronze:AlphaBuild","floor":18,"key":"SMITH"},{"floor":30,"key":"REST"},{"data":"bronze:Format","floor":35,"key":"SMITH"},{"data":"expansioncontent:PolyBeam","floor":43,"key":"SMITH"},{"data":"bronze:BronzeOrb","floor":45,"key":"SMITH"},{"data":"bronze:ForceShield","floor":47,"key":"SMITH"}],"circlet_count":0,"master_deck":["bronze:Defend","bronze:Defend","bronze:Defend","bronze:Goto+1","bronze:OilSpill","bronze:BronzeOrb+1","bronze:FineTuning","bronze:Iterate","bronze:OilSpill","bronze:Shell","bronze:Shell","bronze:Terminator","bronze:ChosenStrike","bronze:MaxOutput+1","bronze:AlphaBuild+1","bronze:GetLatest+1","bronze:InfiniteBeams+1","bronze:FineTuning","bronze:FollowUp","bronze:Refactor","bronze:Repulsor+1","bronze:ForceShield+1","bronze:GetLatest+1","bronze:Format+1","expansioncontent:PolyBeam+1","bronze:ThunderWave","Writhe","Shame","bronze:Shell+1"],"relics":["bronze:BronzeCore","Gambling Chip","Vajra","Dream Catcher","downfall:ShatteredFragment","Eternal Feather","Frozen Egg 2","Odd Mushroom","Empty Cage","downfall:HeartBlessingRed","Red Mask","Membership Card","Shuriken","Boot","Toy Ornithopter","Omamori","Runic Dome","downfall:HeartBlessingGreen","downfall:ExtraCursedKey","Bag of Preparation","bronze:BottledCode"],"acts_visited":["Exordium","TheCity","TheBeyond"],"potions_floor_usage":[23,27,48],"damage_taken":[{"damage":6,"enemies":"Jaw Worm","floor":2,"turns":3},{"damage":8,"enemies":"Gremlin Nob","floor":3,"turns":3},{"damage":2,"enemies":"Small Slimes","floor":4,"turns":3},{"damage":0,"enemies":"downfall:FleeingMerchant","floor":6,"turns":4},{"damage":0,"enemies":"2 Louse","floor":8,"turns":2},{"damage":16,"enemies":"Lagavulin","floor":11,"turns":5},{"damage":0,"enemies":"Red Slaver","floor":12,"turns":1},{"damage":5,"enemies":"Gremlin Nob","floor":13,"turns":3},{"damage":7,"enemies":"The Mushroom Lair","floor":14,"turns":3},{"damage":1,"enemies":"2 Fungi Beasts","floor":15,"turns":2},{"damage":16,"enemies":"WA_ARCHETYPE_RETAIN","floor":16,"turns":3},{"damage":0,"enemies":"Masked Bandits","floor":19,"turns":2},{"damage":0,"enemies":"Shell Parasite","floor":20,"turns":2},{"damage":10,"enemies":"downfall:FleeingMerchant","floor":21,"turns":4},{"damage":0,"enemies":"3 Byrds","floor":22,"turns":2},{"damage":2,"enemies":"Centurion and Healer","floor":23,"turns":3},{"damage":38,"enemies":"Gremlin Leader","floor":25,"turns":6},{"damage":6,"enemies":"Slavers","floor":27,"turns":4},{"damage":6,"enemies":"Snake Plant","floor":28,"turns":4},{"damage":20,"enemies":"Book of Stabbing","floor":31,"turns":3},{"damage":0,"enemies":"Cultist and Chosen","floor":32,"turns":2},{"damage":13,"enemies":"SI_MIRROR_ARCHETYPE","floor":33,"turns":8},{"damage":15,"enemies":"3 Shapes","floor":36,"turns":5},{"damage":0,"enemies":"3 Darklings","floor":37,"turns":4},{"damage":0,"enemies":"downfall:FleeingMerchant","floor":40,"turns":1},{"damage":0,"enemies":"Jaw Worm Horde","floor":46,"turns":2},{"damage":1,"enemies":"Writhing Mass","floor":48,"turns":4},{"damage":3,"enemies":"4 Shapes","floor":49,"turns":3},{"damage":0,"enemies":"DF_ARCHETYPE_ORBS","floor":50,"turns":8}],"seed_played":"-3108258455197039149","potions_obtained":[{"floor":2,"key":"FearPotion"},{"floor":3,"key":"hexamod:SoulburnPotion"},{"floor":12,"key":"BlessingOfTheForge"},{"floor":23,"key":"PowerPotion"},{"floor":27,"key":"BlessingOfTheForge"},{"floor":32,"key":"Swift Potion"}],"is_trial":false,"path_per_floor":["R","M","?","M","?","$","T","M","?","R","E","M","E","?","M","B",null,"R","?","M","$","M","M","T","E","?","E","M","?","R","E","M","B",null,"R","M","M","?","?","$","T","?","R","?","R","M","R","M","M","B",null],"character_chosen":"THE_AUTOMATON","items_purchased":["Vajra","Membership Card","bronze:InfiniteBeams+1","Bag of Preparation"],"campfire_rested":2,"item_purchase_floors":[6,21,21,40],"current_hp_per_floor":[70,64,56,54,54,54,54,54,33,54,38,38,33,26,25,9,70,70,70,70,60,60,58,58,20,20,14,8,8,41,21,21,8,70,70,55,55,55,60,60,60,84,84,74,74,74,74,74,71,71],"gold":115,"neow_bonus":"UPGRADE_CARD","is_daily":false,"chose_seed":false,"campfire_upgraded":5,"win_rate":0.0,"timestamp":1612815628,"path_taken":["R","M","?","M","?","$","T","M","?","R","E","M","E","?","M","BOSS","R","?","M","$","M","M","T","E","?","E","?","?","R","E","M","BOSS","R","M","M","?","?","$","T","?","R","?","R","M","R","M","M","BOSS"],"items_purchased_type":["Relic","Relic","Card","Relic"],"build_version":"2020-12-22","purchased_purges":2,"victory":true,"max_hp_per_floor":[70,70,70,70,70,70,70,70,70,70,70,70,70,70,70,70,70,70,70,70,70,70,70,70,70,70,70,70,70,70,70,70,70,70,70,70,70,70,75,75,75,84,84,74,74,74,74,74,74,74],"card_choices":[{"not_picked":["bronze:DelayedGuard","bronze:WildBeam"],"picked":"bronze:OilSpill","floor":2},{"not_picked":["bronze:Backtrace","bronze:WildBeam"],"picked":"bronze:BronzeOrb","floor":3},{"not_picked":["bronze:ChildClass","bronze:Deprecate"],"picked":"bronze:FineTuning","floor":4},{"not_picked":["bronze:Virus","bronze:Backtrace"],"picked":"bronze:Iterate","floor":6},{"not_picked":["bronze:Branch","bronze:WhirlingStrike"],"picked":"bronze:OilSpill","floor":8},{"not_picked":["bronze:Separator","bronze:CutThrough"],"picked":"bronze:Shell","floor":10},{"not_picked":["bronze:Philosophize","bronze:Constructor"],"picked":"bronze:Shell","floor":11},{"not_picked":["bronze:Refactor","bronze:Turbo"],"picked":"bronze:Terminator","floor":12},{"not_picked":["bronze:Repair","bronze:Shell"],"picked":"bronze:ChosenStrike","floor":13},{"not_picked":["bronze:Safeguard","bronze:OilSpill"],"picked":"bronze:MaxOutput+1","floor":14},{"not_picked":["bronze:Backtrace","bronze:OilSpill","bronze:HardenedForm+1"],"picked":"SKIP","floor":15},{"not_picked":["bronze:RecursiveStrike","bronze:FindAndReplace"],"picked":"bronze:AlphaBuild","floor":16},{"not_picked":["bronze:ChosenStrike","bronze:Repair"],"picked":"bronze:GetLatest+1","floor":19},{"not_picked":["bronze:Iterate","bronze:WildBeam","bronze:Shield"],"picked":"SKIP","floor":20},{"not_picked":["bronze:NullPointer","bronze:CutThrough+1","bronze:Iterate"],"picked":"SKIP","floor":21},{"not_picked":["bronze:Separator","bronze:DarkDash"],"picked":"bronze:FineTuning","floor":22},{"not_picked":["bronze:BuggyMess","bronze:FineTuning","bronze:BitShift"],"picked":"SKIP","floor":23},{"not_picked":["bronze:CutThrough+1","bronze:Constructor+1"],"picked":"bronze:FollowUp","floor":25},{"not_picked":["bronze:BronzeOrb","bronze:BitShift"],"picked":"bronze:Repulsor+1","floor":27},{"not_picked":["bronze:TinkerersToolbox","bronze:Philosophize+1"],"picked":"bronze:ForceShield","floor":28},{"not_picked":["bronze:MaxOutput+1","bronze:OilSpill+1"],"picked":"bronze:GetLatest+1","floor":30},{"not_picked":["bronze:BronzeOrb","bronze:CloningBeam","bronze:WildBeam+1"],"picked":"SKIP","floor":31},{"not_picked":["bronze:OilSpill","bronze:Shield","bronze:WildBeam"],"picked":"SKIP","floor":32},{"not_picked":["bronze:AlphaBuild","bronze:HyperBeam"],"picked":"bronze:Format","floor":33},{"not_picked":["bronze:BugBarrage+1","bronze:Frontload","bronze:DelayedSlice"],"picked":"SKIP","floor":36},{"not_picked":["bronze:Deprecate+1","bronze:DelayedSlice","bronze:Invalidate+1"],"picked":"SKIP","floor":37},{"not_picked":["expansioncontent:InvincibleStrength","expansioncontent:LastStand"],"picked":"expansioncontent:PolyBeam","floor":38},{"not_picked":["bronze:BugBarrage+1","bronze:AlphaBuild","bronze:Constructor"],"picked":"SKIP","floor":40},{"not_picked":["bronze:Turbo+1","bronze:ChildClass+1","bronze:WhirlingStrike+1"],"picked":"SKIP","floor":46},{"not_picked":["bronze:BuggyMess","bronze:DelayedSlice+1"],"picked":"bronze:Shell+1","floor":48},{"not_picked":["bronze:FineTuning","bronze:GetLatest+1","bronze:Backtrace+1"],"picked":"SKIP","floor":49}],"player_experience":667919,"relics_obtained":[{"floor":3,"key":"Gambling Chip"},{"floor":7,"key":"Dream Catcher"},{"floor":11,"key":"Eternal Feather"},{"floor":13,"key":"Frozen Egg 2"},{"floor":14,"key":"Odd Mushroom"},{"floor":19,"key":"Red Mask"},{"floor":24,"key":"Shuriken"},{"floor":25,"key":"Boot"},{"floor":27,"key":"Toy Ornithopter"},{"floor":31,"key":"Omamori"}],"event_choices":[{"damage_healed":0,"gold_gain":0,"player_choice":"Fought Mushrooms","damage_taken":0,"max_hp_gain":0,"max_hp_loss":0,"event_name":"Mushrooms","floor":14,"gold_loss":0},{"damage_healed":0,"gold_gain":0,"player_choice":"Fought Bandits","damage_taken":0,"max_hp_gain":0,"max_hp_loss":0,"event_name":"Masked Bandits","floor":19,"gold_loss":0}],"is_beta":false,"boss_relics":[{"not_picked":["Tiny House","Runic Pyramid"],"picked":"Empty Cage"},{"not_picked":["Coffee Dripper","SacredBark"],"picked":"Runic Dome"}],"items_purged_floors":[21,40],"is_endless":false,"potions_floor_spawned":[2,3,12,13,16,22,23,25,27,28,32,46],"ascension_level":1}}