{"host":"8i4doyxqctgl5qb0","time":1612820598,"event":{"mods":["AchievementEnabler","BaseMod","Block Reminder","Colored Powertips","Downfall","Minty Spire (QoL Compilation)","Permanent Neow","Potion Indicator Mod","Rare Cards Sparkle","StSLib","SuperFastMode","The Jungle"],"gold_per_floor":[111,29,40,115,127,127,127,127,127,143,162,162,174,23,23,126,126,141,141,158,175,28,28,28,28,28,28,38,54,88,88,88,183,183,197,215,67,67,79,79,39,57,57,57,57,8,8,22,22,22,22],"floor_reached":50,"language":"ZHS","playtime":1956,"items_purged":[],"score":751,"play_id":"764cf831-4e41-47bc-9de8-7da35831d808","local_time":"20210209054318","is_ascension_mode":true,"campfire_choices":[{"data":"Zap","floor":6.0,"key":"SMITH"},{"data":"Undo","floor":12.0,"key":"SMITH"},{"floor":15.0,"key":"REST"},{"data":"Dualcast","floor":23.0,"key":"SMITH"},{"floor":25.0,"key":"REST"},{"data":"Hologram","floor":27.0,"key":"SMITH"},{"data":"Heatsinks","floor":32.0,"key":"SMITH"},{"data":"Turbo","floor":40.0,"key":"SMITH"},{"floor":47,"key":"RECALL"},{"data":"Stack","floor":49,"key":"SMITH"}],"circlet_count":0,"master_deck":["AscendersBane","Strike_B+1","Strike_B+1","Strike_B+1","Defend_B+1","Defend_B+1","Defend_B+1","Defend_B+1","Zap+1","Dualcast+1","Turbo+1","Self Repair+1","Force Field+1","Hello World+1","Undo+1","Biased Cognition+1","Hello World+1","Electrodynamics+1","Lockon+1","Conserve Battery+1","Hologram+1","Defragment+1","Force Field+1","Barrage+1","Sunder+1","Undo+1","Heatsinks+1","Machine Learning+1","Biased Cognition+1","Force Field+1","BootSequence+1","Recycle+1","Leap+1","Stack+1"],"relics":["Cracked Core","Pear","Ice Cream","MealTicket","Busted Crown","Enchiridion","Ancient Tea Set","Blue Candle","SlaversCollar","DollysMirror","Art of War","Mark of the Bloom"],"acts_visited":["Exordium","TheCity","TheBeyond"],"potions_floor_usage":[50],"damage_taken":[{"damage":1.0,"enemies":"Cultist","floor":1.0,"turns":4.0},{"damage":3.0,"enemies":"Jaw Worm","floor":3.0,"turns":5.0},{"damage":7.0,"enemies":"Small Slimes","floor":5.0,"turns":4.0},{"damage":4.0,"enemies":"Looter","floor":10.0,"turns":5.0},{"damage":7.0,"enemies":"2 Fungi Beasts","floor":11.0,"turns":4.0},{"damage":17.0,"enemies":"Lots of Slimes","floor":13.0,"turns":5.0},{"damage":48.0,"enemies":"The Guardian","floor":16.0,"turns":11.0},{"damage":18.0,"enemies":"Spheric Guardian","floor":18.0,"turns":4.0},{"damage":0.0,"enemies":"3 Byrds","floor":20.0,"turns":1.0},{"damage":30.0,"enemies":"Shelled Parasite and Fungi","floor":21.0,"turns":7.0},{"damage":0.0,"enemies":"Sentry and Sphere","floor":28.0,"turns":7.0},{"damage":1.0,"enemies":"Snecko","floor":29.0,"turns":4.0},{"damage":10.0,"enemies":"Gremlin Leader","floor":30.0,"turns":5.0},{"damage":28.0,"enemies":"Champ","floor":33.0,"turns":11.0},{"damage":9.0,"enemies":"3 Darklings","floor":35.0,"turns":4.0},{"damage":0.0,"enemies":"3 Shapes","floor":36.0,"turns":3.0},{"damage":0.0,"enemies":"Jaw Worm Horde","floor":39.0,"turns":2.0},{"damage":9.0,"enemies":"4 Shapes","floor":42.0,"turns":5.0},{"damage":0.0,"enemies":"Spire Growth","floor":44.0,"turns":3.0},{"damage":0,"enemies":"Maw","floor":48,"turns":7},{"damage":111,"enemies":"Time Eater","floor":50,"turns":13}],"seed_played":"-4765993035114070403","potions_obtained":[{"floor":5.0,"key":"PowerPotion"},{"floor":13.0,"key":"Energy Potion"},{"floor":16.0,"key":"FearPotion"},{"floor":20.0,"key":"LiquidBronze"},{"floor":30.0,"key":"Swift Potion"},{"floor":36.0,"key":"SmokeBomb"}],"is_trial":false,"path_per_floor":["M","$","M","?","M","R","?","?","T","M","M","R","M","$","R","B",null,"M","$","M","M","$","R","?","R","T","R","M","M","E","?","R","B",null,"M","M","$","?","M","R","$","M","T","M","?","$","R","M","R","B"],"character_chosen":"DEFECT","items_purchased":["Self Repair","MealTicket","Defragment","Force Field","DollysMirror","Recycle","AttackPotion"],"campfire_rested":2,"item_purchase_floors":[2,14,22,22,37,41,46],"current_hp_per_floor":[63,63,67,56,56,56,66,66,66,69,69,69,59,59,88,47,86,75,90,90,67,82,82,66,95,95,95,99,99,96,96,96,75,93,91,98,99,99,99,99,99,97,97,97,97,97,97,97,97,0,0],"gold":22,"neow_bonus":"TWENTY_PERCENT_HP_BONUS","is_daily":false,"chose_seed":false,"campfire_upgraded":7,"win_rate":0.0,"timestamp":1612820598,"path_taken":["M","?","?","?","M","R","?","?","T","M","M","R","M","$","R","BOSS","M","$","M","M","$","R","?","R","T","R","M","M","E","?","R","BOSS","M","M","$","?","M","R","$","?","T","M","?","$","R","M","R","BOSS"],"items_purchased_type":["Card","Relic","Card","Card","Relic","Card","Potion"],"build_version":"2020-12-22","purchased_purges":0,"victory":false,"max_hp_per_floor":[89,89,89,89,89,89,99,99,99,99,99,99,99,99,99,99,99,99,99,99,99,99,99,99,99,99,99,99,99,99,99,99,99,99,99,99,99,99,99,99,99,99,99,99,99,99,99,99,99,99,99],"card_choices":[{"not_picked":["Ball Lightning","Rebound"],"picked":"Turbo","floor":1.0},{"not_picked":["Turbo","Ball Lightning"],"picked":"Force Field","floor":3.0},{"not_picked":["Beam Cell","Gash"],"picked":"Hello World","floor":5.0},{"not_picked":["Steam","Defragment"],"picked":"Biased Cognition","floor":10.0},{"not_picked":["Go for the Eyes","Beam Cell"],"picked":"Hello World","floor":11.0},{"not_picked":["Gash","Stack","Turbo"],"picked":"SKIP","floor":13.0},{"not_picked":["Core Surge","Machine Learning"],"picked":"Electrodynamics","floor":16.0},{"not_picked":[],"picked":"Lockon","floor":18.0},{"not_picked":[],"picked":"Conserve Battery+1","floor":20.0},{"not_picked":[],"picked":"Hologram","floor":21.0},{"not_picked":[],"picked":"Barrage","floor":28.0},{"not_picked":[],"picked":"Sunder","floor":29.0},{"not_picked":[],"picked":"Undo+1","floor":30.0},{"not_picked":[],"picked":"Machine Learning","floor":33.0},{"not_picked":["Rebound+1"],"picked":"SKIP","floor":35.0},{"not_picked":["Coolheaded"],"picked":"SKIP","floor":36.0},{"not_picked":[],"picked":"BootSequence","floor":39.0},{"not_picked":[],"picked":"Leap+1","floor":42.0},{"not_picked":[],"picked":"Stack","floor":48}],"player_experience":280797,"relics_obtained":[{"floor":9.0,"key":"Ice Cream"},{"floor":24.0,"key":"Enchiridion"},{"floor":26.0,"key":"Ancient Tea Set"},{"floor":30.0,"key":"Blue Candle"},{"floor":43.0,"key":"Art of War"}],"event_choices":[{"damage_healed":0.0,"max_hp_gain":0.0,"max_hp_loss":0.0,"gold_gain":75.0,"event_name":"World of Goop","player_choice":"Gather Gold","floor":4.0,"gold_loss":0.0,"damage_taken":11.0},{"damage_healed":0.0,"max_hp_gain":0.0,"max_hp_loss":0.0,"gold_gain":0.0,"event_name":"Dead Adventurer","player_choice":"Searched \u00272\u0027 times","floor":7.0,"gold_loss":0.0,"damage_taken":0.0,"relics_obtained":["Pear"]},{"damage_healed":0.0,"max_hp_gain":0.0,"max_hp_loss":0.0,"gold_gain":0.0,"cards_transformed":["Strike_B"],"event_name":"Living Wall","player_choice":"Change","floor":8.0,"gold_loss":0.0,"damage_taken":0.0,"cards_obtained":["Undo"]},{"damage_healed":0.0,"max_hp_gain":0.0,"max_hp_loss":0.0,"gold_gain":0.0,"event_name":"Cursed Tome","player_choice":"Obtained Book","floor":24.0,"gold_loss":0.0,"damage_taken":16.0},{"damage_healed":0.0,"max_hp_gain":0.0,"max_hp_loss":0.0,"gold_gain":0.0,"event_name":"The Library","player_choice":"Read","floor":31.0,"gold_loss":0.0,"damage_taken":0.0,"cards_obtained":["Heatsinks"]},{"damage_healed":0.0,"max_hp_gain":0.0,"max_hp_loss":0.0,"gold_gain":0.0,"event_name":"Duplicator","player_choice":"Copied","floor":38.0,"gold_loss":0.0,"damage_taken":0.0,"cards_obtained":["Force Field"]},{"damage_healed":0.0,"max_hp_gain":0.0,"max_hp_loss":0.0,"gold_gain":0.0,"event_name":"MindBloom","player_choice":"Upgrade","floor":45.0,"gold_loss":0.0,"damage_taken":0.0,"cards_upgraded":["Strike_B","Strike_B","Strike_B","Defend_B","Defend_B","Defend_B","Defend_B","Self Repair","Force Field","Hello World","Biased Cognition","Hello World","Electrodynamics","Lockon","Defragment","Force Field","Barrage","Sunder","Machine Learning","Biased Cognition","Force Field","BootSequence","Recycle"],"relics_obtained":["Mark of the Bloom"]}],"is_beta":false,"boss_relics":[{"not_picked":["Runic Dome","Coffee Dripper"],"picked":"Busted Crown"},{"not_picked":["Velvet Choker","Fusion Hammer"],"picked":"SlaversCollar"}],"items_purged_floors":[],"is_endless":false,"potions_floor_spawned":[5,13,16,20,28,30,36,39],"killed_by":"Time Eater","ascension_level":12}}