{"host":"j4g6ia6asvpyu2b0","time":1612790077,"event":{"mods":["BaseMod","Colored Map","Minty Spire (QoL Compilation)","Permanent Neow","Quick Restart","Relic Stats","StSLib","Unceasing Turn Reminder"],"gold_per_floor":[116,135,310,310,326,326,359,377,377,394,394,426,445,465,465,568,568,585,597,611,629,629,656,656,656],"floor_reached":24,"language":"ENG","playtime":1084,"items_purged":[],"score":267,"play_id":"c61ff984-3036-4506-8934-46a57e234772","local_time":"20210208061437","is_ascension_mode":true,"campfire_choices":[{"data":"Well Laid Plans","floor":6.0,"key":"SMITH"},{"data":"Malaise","floor":11.0,"key":"SMITH"},{"data":"Deadly Poison","floor":15,"key":"SMITH"}],"circlet_count":0,"master_deck":["Strike_G","Strike_G","Strike_G","Strike_G","Strike_G","Defend_G","Defend_G","Defend_G","Defend_G","Defend_G","Survivor","Neutralize","Well Laid Plans+1","Quick Slash","Cloak And Dagger","Skewer","PiercingWail","Malaise+1","Tactician+1","Deadly Poison+1","Dagger Throw","Night Terror","Concentrate","Quick Slash","Escape Plan","Flying Knee+1","Poisoned Stab+1"],"relics":["Ring of the Snake","Akabeko","Tingsha","Calipers","Fusion Hammer","Omamori"],"acts_visited":["Exordium","TheCity"],"potions_floor_usage":[20,21,21],"damage_taken":[{"damage":0.0,"enemies":"2 Louse","floor":1.0,"turns":4.0},{"damage":0.0,"enemies":"Cultist","floor":2.0,"turns":4.0},{"damage":1.0,"enemies":"Small Slimes","floor":5.0,"turns":3.0},{"damage":14.0,"enemies":"3 Sentries","floor":7.0,"turns":12.0},{"damage":10.0,"enemies":"Red Slaver","floor":8.0,"turns":2.0},{"damage":3.0,"enemies":"Looter","floor":10.0,"turns":3.0},{"damage":8,"enemies":"Lagavulin","floor":12,"turns":10},{"damage":17,"enemies":"Lots of Slimes","floor":13,"turns":4},{"damage":0,"enemies":"Blue Slaver","floor":14,"turns":4},{"damage":11,"enemies":"The Guardian","floor":16,"turns":16},{"damage":0,"enemies":"Shell Parasite","floor":18,"turns":7},{"damage":0,"enemies":"Spheric Guardian","floor":19,"turns":1},{"damage":0,"enemies":"Shelled Parasite and Fungi","floor":20,"turns":3},{"damage":7,"enemies":"Cultist and Chosen","floor":21,"turns":4},{"damage":36,"enemies":"Slavers","floor":23,"turns":6},{"damage":29,"enemies":"Sentry and Sphere","floor":24,"turns":5}],"seed_played":"2394883531766608209","potions_obtained":[{"floor":7.0,"key":"ColorlessPotion"},{"floor":10.0,"key":"LiquidBronze"},{"floor":13,"key":"DuplicationPotion"},{"floor":19,"key":"DuplicationPotion"},{"floor":20,"key":"FearPotion"}],"is_trial":false,"path_per_floor":["M","M","?","?","M","R","E","M","T","M","R","E","M","M","R","B",null,"M","M","M","M","?","E","M"],"character_chosen":"THE_SILENT","items_purchased":[],"campfire_rested":0,"item_purchase_floors":[],"current_hp_per_floor":[70,70,70,70,69,69,55,45,45,42,42,34,17,17,17,6,70,70,70,70,63,63,27,0,0],"gold":656,"neow_bonus":"RANDOM_COMMON_RELIC","is_daily":false,"chose_seed":false,"campfire_upgraded":3,"win_rate":0.0,"timestamp":1612790077,"path_taken":["M","M","?","?","M","R","E","?","T","M","R","E","M","M","R","BOSS","M","M","M","?","?","E","?"],"items_purchased_type":[],"build_version":"2020-12-22","purchased_purges":0,"victory":false,"max_hp_per_floor":[70,70,70,70,70,70,70,70,70,70,70,70,70,70,70,70,70,70,70,70,70,70,70,70,70],"relic_stats":{"counters":[16,88],"Tingsha":[43],"obtain_stats":[{"Calipers":12,"Tingsha":7,"Fusion Hammer":17,"Omamori":23,"Akabeko":0,"Ring of the Snake":0},{"Calipers":7,"Tingsha":4,"Fusion Hammer":10,"Omamori":15,"Akabeko":0,"Ring of the Snake":0},{"Calipers":38,"Tingsha":23,"Fusion Hammer":62,"Omamori":83,"Akabeko":0,"Ring of the Snake":0}],"Ring of the Snake":[32]},"card_choices":[{"not_picked":["Prepared","Sucker Punch"],"picked":"Well Laid Plans","floor":1.0},{"not_picked":["Prepared","Bane"],"picked":"Quick Slash","floor":2.0},{"not_picked":["Outmaneuver","Slice"],"picked":"Cloak And Dagger","floor":5.0},{"not_picked":["Blur","Quick Slash"],"picked":"Skewer","floor":7.0},{"not_picked":["Well Laid Plans","Concentrate"],"picked":"PiercingWail","floor":8.0},{"not_picked":["Blade Dance","Backflip"],"picked":"Malaise","floor":10.0},{"not_picked":["Dodge and Roll","Blade Dance"],"picked":"Tactician","floor":12},{"not_picked":["Bane","Choke"],"picked":"Deadly Poison","floor":13},{"not_picked":["Backflip","Dagger Spray"],"picked":"Dagger Throw","floor":14},{"not_picked":["Grand Finale","Phantasmal Killer"],"picked":"Night Terror","floor":16},{"not_picked":["Catalyst","Skewer"],"picked":"Concentrate","floor":18},{"not_picked":["Outmaneuver","All Out Attack"],"picked":"Quick Slash","floor":19},{"not_picked":["Heel Hook","Underhanded Strike"],"picked":"Escape Plan","floor":20},{"not_picked":["Masterful Stab","Distraction"],"picked":"Flying Knee+1","floor":21},{"not_picked":["Doppelganger","Accuracy"],"picked":"Poisoned Stab+1","floor":23}],"player_experience":1182660,"relics_obtained":[{"floor":7.0,"key":"Tingsha"},{"floor":12,"key":"Calipers"},{"floor":23,"key":"Omamori"}],"event_choices":[{"damage_healed":0.0,"max_hp_gain":0.0,"max_hp_loss":0.0,"gold_gain":175.0,"event_name":"Liars Game","player_choice":"AGREE","floor":3.0,"gold_loss":0.0,"damage_taken":0.0,"cards_obtained":["Doubt"]},{"cards_removed":["Doubt"],"damage_healed":0.0,"max_hp_gain":0.0,"max_hp_loss":0.0,"gold_gain":0.0,"event_name":"Fountain of Cleansing","player_choice":"Removed Curses","floor":4.0,"gold_loss":0.0,"damage_taken":0.0},{"damage_healed":0,"gold_gain":0,"player_choice":"Upgraded","damage_taken":0,"max_hp_gain":0,"max_hp_loss":0,"event_name":"Upgrade Shrine","floor":22,"gold_loss":0,"cards_upgraded":["Tactician"]}],"is_beta":false,"boss_relics":[{"not_picked":["Runic Pyramid","SacredBark"],"picked":"Fusion Hammer"}],"items_purged_floors":[],"is_endless":false,"potions_floor_spawned":[7,10,13,19,20],"killed_by":"Sentry and Sphere","ascension_level":3}}