{"host":"tetq3wi5anb97imq","time":1612813364,"event":{"mods":["BaseMod","Block Reminder","Minty Spire (QoL Compilation)","Quick Restart","StSLib","SuperFastMode"],"gold_per_floor":[113,38,38,38,108,108,126,158,212,230,263,285,311,358,370,382,382],"floor_reached":16,"language":"ENG","playtime":343,"items_purged":[],"score":240,"play_id":"d2a9b517-ca7d-4889-99c5-593c80d0ae1e","local_time":"20210208174244","is_ascension_mode":true,"campfire_choices":[{"data":"Footwork","floor":6,"key":"SMITH"},{"data":"Skewer","floor":15,"key":"SMITH"}],"circlet_count":0,"master_deck":["AscendersBane","Strike_G","Strike_G","Strike_G","Strike_G","Strike_G","Defend_G","Defend_G","Defend_G","Defend_G","Defend_G","Survivor","Neutralize","Footwork+1","Backstab","Backstab","Skewer+1","Glass Knife","Dagger Throw","Backflip","Footwork","Backstab"],"relics":["Ring of the Snake","NeowsBlessing","SsserpentHead","Omamori","Orichalcum","MawBank","Eternal Feather"],"acts_visited":["Exordium"],"potions_floor_usage":[8,10,14,16,16],"damage_taken":[{"damage":0,"enemies":"Small Slimes","floor":1,"turns":1},{"damage":0,"enemies":"Cultist","floor":5,"turns":1},{"damage":0,"enemies":"Jaw Worm","floor":7,"turns":1},{"damage":12,"enemies":"3 Sentries","floor":8,"turns":11},{"damage":0,"enemies":"Lots of Slimes","floor":10,"turns":4},{"damage":24,"enemies":"Lagavulin","floor":11,"turns":6},{"damage":0,"enemies":"Blue Slaver","floor":13,"turns":3},{"damage":12,"enemies":"3 Sentries","floor":14,"turns":7},{"damage":24,"enemies":"Hexaghost","floor":16,"turns":9}],"seed_played":"5872404070868974750","potions_obtained":[{"floor":5,"key":"DistilledChaos"},{"floor":7,"key":"EssenceOfSteel"},{"floor":12,"key":"FairyPotion"},{"floor":12,"key":"Strength Potion"},{"floor":13,"key":"FearPotion"},{"floor":14,"key":"ColorlessPotion"}],"is_trial":false,"path_per_floor":["M","$","?","$","M","R","M","E","T","M","E","?","M","E","R","B"],"character_chosen":"THE_SILENT","items_purchased":["Backstab"],"campfire_rested":0,"item_purchase_floors":[2],"current_hp_per_floor":[59,59,59,59,59,59,59,47,47,47,23,23,23,11,23,0,0],"gold":382,"neow_bonus":"THREE_ENEMY_KILL","is_daily":false,"chose_seed":false,"campfire_upgraded":2,"win_rate":0.0,"timestamp":1612813364,"path_taken":["M","$","?","$","?","R","M","E","T","M","E","?","M","E","R","BOSS"],"items_purchased_type":["Card"],"build_version":"2020-12-22","purchased_purges":0,"victory":false,"max_hp_per_floor":[66,66,66,66,66,66,66,66,66,66,66,66,66,66,66,66,66],"card_choices":[{"not_picked":["PiercingWail","Bane"],"picked":"Footwork","floor":1},{"not_picked":["Masterful Stab","Dagger Spray"],"picked":"Backstab","floor":5},{"not_picked":["Dagger Spray","Finisher"],"picked":"Skewer","floor":7},{"not_picked":["Cloak And Dagger","Blur"],"picked":"Glass Knife","floor":8},{"not_picked":["Blade Dance","Quick Slash"],"picked":"Dagger Throw","floor":10},{"not_picked":["Masterful Stab","Cloak And Dagger"],"picked":"Backflip","floor":11},{"not_picked":["Dagger Throw","Calculated Gamble"],"picked":"Footwork","floor":13},{"not_picked":["Sucker Punch","Underhanded Strike"],"picked":"Backstab","floor":14}],"player_experience":1650854,"relics_obtained":[{"floor":8,"key":"Omamori"},{"floor":9,"key":"Orichalcum"},{"floor":11,"key":"MawBank"},{"floor":14,"key":"Eternal Feather"}],"event_choices":[{"damage_healed":0,"gold_gain":0,"player_choice":"Trade","damage_taken":0,"relics_obtained":["SsserpentHead"],"max_hp_gain":0,"max_hp_loss":0,"event_name":"FaceTrader","floor":3,"gold_loss":0},{"damage_healed":0,"gold_gain":0,"player_choice":"Bought 3 Potions","damage_taken":0,"max_hp_gain":0,"max_hp_loss":0,"event_name":"The Woman in Blue","floor":12,"gold_loss":0}],"is_beta":false,"boss_relics":[],"items_purged_floors":[],"is_endless":false,"potions_floor_spawned":[5,7,13,14],"killed_by":"Hexaghost","ascension_level":20}}