{"host":"6h0diz2ap0m56grs","time":1612816660,"event":{"mods":["2.2 Compatiblity","BaseMod","Colored Map","Marisa????????","Minty Spire (QoL Compilation)","Quick Restart","Replay The Spire","Shop Mod","StSLib","The Necromancer","The Servant 0.9.4"],"gold_per_floor":[113,127,202,50,123,152,199,239,275,287,326,338,350,387,399,507,519,545,591,250,269,286,286,286,317,317,349,349,378,378,378],"floor_reached":30,"language":"ENG","playtime":956,"items_purged":[],"score":467,"play_id":"f3192d87-cf83-4460-86e8-4c7d4d2fe4fc","local_time":"20210208143740","daily_mods":["SealedDeck","Heirloom","Time Dilation","Flight"],"is_ascension_mode":true,"campfire_choices":[{"data":"Summon_Undead_Army","floor":12,"key":"SMITH"},{"data":"Skeleton_Dragon","floor":13,"key":"SMITH"},{"data":"Deaths_Shadow","floor":15,"key":"SMITH"},{"data":"Summon_Lich","floor":23,"key":"SMITH"},{"data":"Deaths_Shadow","floor":24,"key":"SMITH"},{"data":"Summon_Undead_Army","floor":28,"key":"SMITH"}],"circlet_count":0,"master_deck":["Necrotic_Claws","Slay_Living","Toxic_Smoke_Screen","Toxic_Smoke_Screen","Bones_to_Steel","Deaths_Shadow+1","Negative_Energy_Shield","Bone_Armory","Negative_Energy_Shield","Summon_Undead_Army+1","Skeleton_Dragon+1","Acid_Javelin","Negative_Energy_Sphere","Stop_Heart+1","Deaths_Shadow+1","Summon_Vampire_Lady","Bone_Armor+1","Summon_Lich+1","Summon_Undead_Army+1","Bone_Armor+1","Spectral_Armor+1"],"relics":["Snecko Eye","Ring of Chaos","replay:Trail_Library","TungstenRod","ReplayTheSpireMod:TigerMarble","Toxic Egg 2","Centennial Puzzle","Juzu Bracelet","Mercury Hourglass","Painkiller Herb","Red Mask","Membership Card","MerchantsRug","Calipers","MealTicket","Replay:Multitool","Omamori","Boot"],"acts_visited":["Exordium","TheCity"],"potions_floor_usage":[],"damage_taken":[{"damage":0,"enemies":"Jaw Worm","floor":1,"turns":3},{"damage":0,"enemies":"2 Louse","floor":2,"turns":2},{"damage":2,"enemies":"3 Sentries","floor":6,"turns":3},{"damage":0,"enemies":"Gremlin Nob","floor":7,"turns":3},{"damage":8,"enemies":"3 Sentries","floor":8,"turns":4},{"damage":0,"enemies":"Lagavulin","floor":11,"turns":4},{"damage":0,"enemies":"3 Sentries","floor":14,"turns":3},{"damage":6,"enemies":"Hexaghost","floor":16,"turns":5},{"damage":0,"enemies":"2 Thieves","floor":18,"turns":2},{"damage":0,"enemies":"Masked Bandits","floor":19,"turns":2},{"damage":0,"enemies":"Shell Parasite","floor":21,"turns":3},{"damage":0,"enemies":"Shelled Parasite and Fungi","floor":22,"turns":2},{"damage":3,"enemies":"Slavers","floor":25,"turns":3},{"damage":0,"enemies":"Gremlin Leader","floor":27,"turns":4},{"damage":6,"enemies":"Book of Stabbing","floor":29,"turns":3},{"damage":0,"enemies":"Slavers","floor":30,"turns":1}],"seed_played":"-2563121792496216843","potions_obtained":[{"floor":6,"key":"Weak Potion"},{"floor":8,"key":"CultistPotion"},{"floor":16,"key":"SpeedPotion"},{"floor":22,"key":"PowerPotion"},{"floor":27,"key":"Milkshake"}],"is_trial":true,"path_per_floor":["M","M","?","$","?","E","E","E","T","?","E","R","R","E","R","B",null,"?","?","T","?","?","T","T","E","T","E","T","E","E"],"character_chosen":"NECROMANCER","items_purchased":["Skeleton_Dragon","Membership Card","MerchantsRug","Calipers","Summon_Lich"],"campfire_rested":0,"item_purchase_floors":[4,20,20,20,20],"current_hp_per_floor":[75,75,65,65,65,63,63,55,55,55,55,55,55,55,55,49,75,75,75,75,75,75,75,75,72,72,75,75,72,72,72],"gold":378,"neow_bonus":"","is_daily":false,"chose_seed":false,"campfire_upgraded":6,"win_rate":0.0,"timestamp":1612816660,"path_taken":["M","M","?","$","?","E","E","E","T","?","E","R","R","E","R","BOSS","?","?","T","?","?","T","T","E","T","E","T","E","E"],"items_purchased_type":["Card","Relic","Relic","Relic","Card"],"build_version":"2020-12-22","purchased_purges":0,"victory":false,"max_hp_per_floor":[75,75,75,75,75,75,75,75,75,75,75,75,75,75,75,75,75,75,75,75,75,75,75,75,75,75,75,75,75,75,75],"card_choices":[{"not_picked":["Blood_Is_Power","Negative_Energy_Javelin","Bone_Shift"],"picked":"SKIP","floor":1},{"not_picked":["Negative_Energy_Shield","Necromantic_Selection","Corrupt"],"picked":"SKIP","floor":2},{"not_picked":["Negative_Energy_Shield","Necromantic_Selection","Corrupt"],"picked":"SKIP","floor":2},{"not_picked":["Requiem","Toxic_Smoke_Screen"],"picked":"Acid_Javelin","floor":6},{"not_picked":["Negative_Energy_Shield","Necromantic_Selection","Vampiric_Strike"],"picked":"SKIP","floor":7},{"not_picked":["Deaths_Shadow","Death_Coil"],"picked":"Negative_Energy_Sphere","floor":8},{"not_picked":["Vampiric_Strike","Negative_Energy_Mist+1"],"picked":"Deaths_Shadow","floor":11},{"not_picked":["Shade_Step+1","Epidemic+1","Corrupt+1"],"picked":"SKIP","floor":14},{"not_picked":["Blood_Magic","Grasp_Heart"],"picked":"Summon_Vampire_Lady","floor":16},{"not_picked":["Blood_for_Blood","Shade_Step+1"],"picked":"Bone_Armor+1","floor":18},{"not_picked":["Necrotic_Claws","Slay_Living","Uncharnel+1"],"picked":"SKIP","floor":21},{"not_picked":["Bone_Bullets","Scare+1","Vampiric_Strike"],"picked":"SKIP","floor":22},{"not_picked":["Stop_Heart+1","Negative_Energy_Shield+1"],"picked":"Summon_Undead_Army","floor":25},{"not_picked":["Scare+1","Vampiric_Strike","Requiem"],"picked":"SKIP","floor":27},{"not_picked":["Shackles_Of_Pain+1","Scare+1"],"picked":"Spectral_Armor+1","floor":29}],"player_experience":325317,"relics_obtained":[{"floor":6,"key":"MawBank"},{"floor":7,"key":"ReplayTheSpireMod:TigerMarble"},{"floor":8,"key":"Toxic Egg 2"},{"floor":9,"key":"Centennial Puzzle"},{"floor":11,"key":"Juzu Bracelet"},{"floor":14,"key":"Mercury Hourglass"},{"floor":19,"key":"Red Mask"},{"floor":25,"key":"MealTicket"},{"floor":26,"key":"Replay:Multitool"},{"floor":27,"key":"Omamori"},{"floor":29,"key":"Boot"}],"event_choices":[{"damage_healed":0,"gold_gain":75,"player_choice":"Gather Gold","damage_taken":11,"max_hp_gain":0,"max_hp_loss":0,"event_name":"World of Goop","floor":3,"gold_loss":0},{"damage_healed":0,"gold_gain":73,"player_choice":"Gained Gold","damage_taken":0,"max_hp_gain":0,"max_hp_loss":0,"event_name":"Golden Wing","floor":5,"gold_loss":0},{"damage_healed":0,"gold_gain":0,"player_choice":"Ignored","damage_taken":0,"max_hp_gain":0,"max_hp_loss":0,"event_name":"Liars Game","floor":10,"gold_loss":0},{"damage_healed":0,"gold_gain":0,"player_choice":"Fought Bandits","damage_taken":0,"max_hp_gain":0,"max_hp_loss":0,"event_name":"Masked Bandits","floor":19,"gold_loss":0}],"is_beta":false,"boss_relics":[{"not_picked":["Tiny House","Replay:Bronze Core"],"picked":"Painkiller Herb"}],"items_purged_floors":[],"is_endless":false,"potions_floor_spawned":[6,8,16,21,22,27,29],"killed_by":"Slavers","ascension_level":1}}