{"host":"ygrzus95cf6ziorx","time":1612828171,"event":{"mods":["2.2 Compatiblity","Act Like it!","Aspiration","BaseMod","Better Skull","Bossed Relics","CapriCore","Conspire","Curses Come First","Defuse TimeMaze Blight","Downfall","Energized Spire","Fiend Mod","Friendly Minions","GifTheSpireLib","Glutton Mod","GungeonMod","Halation","Hermit","HexUI Lib","Highlight Path","Hubris","Infinite Spire","Jedi Mod","JesterMod","Kiyohime????","Koishi","Lobotomy","LobotomyExtend","Minty Spire (QoL Compilation)","MostiFishMod","Prisma Mod","Quarter Circle Forward PUNCH!","Relic Sorter","Reliquary","Remilia??????","Replay The Spire","Retaliation","Shop Mod","Small Relic Pack","Spicy Shops","Spikes Relics","StS++","StSLib","Stuff the Spire","SuperFastMode","Synergy Search","The Bladedancer","The Bug Knight","The Exalted","The Immortal","The Judge","The Jungle","The Necromancer","The Wild Card","TheBandit","Trackpad","Uncapped","thorton"],"gold_per_floor":[113,39,51,51,51,51,81,81,107,137,166,196,225,260,260,365,365,376,376,376,376,28,55,82,82,82,112,144,175,186,216,216,321],"floor_reached":17,"language":"ENG","playtime":1693,"items_purged":["StuffTheSpire:BumpUp","StuffTheSpire:BumpUp","Noxious Fumes"],"score":849,"play_id":"cd0fdd04-fd40-4ed2-99fd-1d80489e5abf","local_time":"20210209024931","daily_mods":["Draft","Heirloom","Flight","DeadlyEvents","Elite Swarm","Lethality"],"is_ascension_mode":true,"campfire_choices":[{"data":"Cloak And Dagger","floor":6,"key":"SMITH"},{"data":"jedi:studyshivs","floor":8,"key":"SMITH"},{"data":"Cloak And Dagger","floor":15,"key":"SMITH"},{"data":"Cloak And Dagger","floor":8,"key":"SMITH"},{"data":"MostiFishMod:LethalBlade","floor":15,"key":"SMITH"}],"circlet_count":0,"master_deck":["Flying Knee","Deflect","Backflip","Dagger Spray","Dagger Spray","StSpp:PoisonousPunch","StuffTheSpire:Injection","Blade Dance","Cloak And Dagger+1","StuffTheSpire:Incantation","Dodge and Roll","Cloak And Dagger+1","Poisoned Stab","jedi:studyshivs+1","Die Die Die","MostiFishMod:LethalBlade+1","Cloak And Dagger+1","Hidden Blade","Die Die Die","jedi:studyshivs","A Thousand Cuts"],"relics":["Ring of the Snake","DaveBox","hubris:AstralHammer","SynthV:TestCard","hexamod:BolsterEngine","hubris:PeanutButter","CrustySpines","hubris:TenFootPole","Pocketwatch","Bromod:ArcaneMomentum","DemoMod:ResourcefulSack","qcfpunch:Not_Strongest_Fighting_Style_Guidebook","qcfpunch:Red_Beret","DemoMod:GlassGuonStoneRelic","qcfpunch:Crimson_Sash","LaetitiaHeart","SynthV:TestCard","LetterFromLob","WristBlade","StSpp:Monolith","halation:PinkSoulGem","MerchantsRug","qcfpunch:Chain_With_Nametags","trackpad:GuardianSpirit","Bottled Tornado","Blue Candle","DemoMod:Bottle","DemoMod:MemoryAlloy","trackpad:PetRock"],"acts_visited":["Exordium","Exordium"],"potions_floor_usage":[13,16,16,16],"damage_taken":[{"damage":0,"enemies":"Cultist","floor":1,"turns":2},{"damage":1,"enemies":"Jaw Worm","floor":3,"turns":2},{"damage":0,"enemies":"Gremlin Nob","floor":7,"turns":2},{"damage":0,"enemies":"HollowMod:MossKnight","floor":10,"turns":2},{"damage":0,"enemies":"Replay:BlueRogue","floor":11,"turns":2},{"damage":0,"enemies":"3 Sentries","floor":12,"turns":2},{"damage":0,"enemies":"Lagavulin","floor":13,"turns":2},{"damage":0,"enemies":"3 Sentries","floor":14,"turns":2},{"damage":21,"enemies":"The Guardian","floor":16,"turns":5},{"damage":0,"enemies":"theJungle:MUSHROOMGANG","floor":18,"turns":1},{"damage":0,"enemies":"Cultist","floor":1,"turns":2},{"damage":0,"enemies":"3 Sentries","floor":6,"turns":1},{"damage":0,"enemies":"Lagavulin","floor":7,"turns":2},{"damage":0,"enemies":"Gremlin Nob","floor":10,"turns":2},{"damage":0,"enemies":"3 Sentries","floor":11,"turns":1},{"damage":0,"enemies":"Lagavulin","floor":12,"turns":2},{"damage":0,"enemies":"Small Slimes","floor":13,"turns":1},{"damage":0,"enemies":"HollowMod:MossKnight","floor":14,"turns":1},{"damage":0,"enemies":"The Guardian","floor":16,"turns":3}],"seed_played":"-755652013147607788","potions_obtained":[{"floor":3,"key":"ColorlessPotion"},{"floor":12,"key":"FearPotion"},{"floor":14,"key":"Toxic Potion"},{"floor":16,"key":"CunningPotion"},{"floor":1,"key":"Languid Potion"},{"floor":10,"key":"Guardian:BlockOnCardUsePotion"},{"floor":13,"key":"sneckomod:MuddlingPotion"},{"floor":16,"key":"Fruit Juice"}],"is_trial":true,"path_per_floor":["M","?","M","T","?","R","E","R","T","E","E","E","E","E","R","B",null,"M","M","AVR","?","?","$","E","E","R","T","E","E","E","M","E","R","B",null],"character_chosen":"THE_SILENT","items_purchased":["MerchantsRug","Hidden Blade"],"campfire_rested":0,"item_purchase_floors":[5,5],"current_hp_per_floor":[70,70,69,69,69,69,69,69,69,69,69,69,69,69,69,48,70,70,70,70,70,70,70,70,70,70,70,70,70,70,70,70,70],"gold":321,"neow_bonus":"","is_daily":false,"chose_seed":false,"campfire_upgraded":5,"win_rate":0.0,"timestamp":1612828171,"path_taken":["M","?","?","?","?","R","E","R","T","E","E","E","?","E","R","BOSS","M","M","AVR","?","?","$","E","E","R","T","E","E","E","?","?","R","BOSS"],"items_purchased_type":["Relic","Card"],"build_version":"2020-12-22","purchased_purges":3,"victory":true,"max_hp_per_floor":[70,70,70,70,70,70,70,70,70,70,70,70,70,70,70,70,70,70,70,70,70,70,70,70,70,70,70,70,70,70,70,70,70],"card_choices":[{"not_picked":["Deflect","Prepared"],"picked":"Flying Knee","floor":0},{"not_picked":["Sucker Punch","jedi:poisonivy"],"picked":"StuffTheSpire:BumpUp","floor":0},{"not_picked":["hubris:SlightOfHand","StSpp:SpareBlade"],"picked":"Noxious Fumes","floor":0},{"not_picked":["Slice","StuffTheSpire:ReptileScales"],"picked":"Deflect","floor":0},{"not_picked":["StuffTheSpire:BumpUp","Prepared"],"picked":"Backflip","floor":0},{"not_picked":["Deflect","StuffTheSpire:Incantation"],"picked":"Dagger Spray","floor":0},{"not_picked":["Deadly Poison","StuffTheSpire:Incursion"],"picked":"Dagger Spray","floor":0},{"not_picked":["StuffTheSpire:Repulse","StSpp:Lure"],"picked":"StSpp:PoisonousPunch","floor":0},{"not_picked":["Concentrate","StSpp:Anticipation"],"picked":"StuffTheSpire:Injection","floor":0},{"not_picked":["Deadly Poison","Flying Knee"],"picked":"Blade Dance","floor":0},{"not_picked":["Prepared","jedi:pocketpoison"],"picked":"Cloak And Dagger","floor":0},{"not_picked":["StuffTheSpire:ClusterCrunch","StuffTheSpire:Incursion"],"picked":"StuffTheSpire:Incantation","floor":0},{"not_picked":["Skewer","Distraction"],"picked":"Dodge and Roll","floor":0},{"not_picked":["StuffTheSpire:MirrorStance","hubris:SlightOfHand"],"picked":"StuffTheSpire:BumpUp","floor":0},{"not_picked":["hubris:Sniper","Acrobatics"],"picked":"Cloak And Dagger","floor":0},{"not_picked":["Dagger Throw","Dagger Spray","Deadly Poison"],"picked":"SKIP","floor":1},{"not_picked":["StuffTheSpire:Python","Setup","hubris:SlightOfHand","Tools of the Trade"],"picked":"Poisoned Stab","floor":3},{"not_picked":["MostiFishMod:Wind","ReplayTheSpireMod:From All Sides","MostiFishMod:FullyArmed","Bullet Time"],"picked":"jedi:studyshivs","floor":7},{"not_picked":["jedi:studypoison","aspiration:Lunge","Night Terror","StSpp:AbandonFlesh","Wraith Form v2"],"picked":"SKIP","floor":10},{"not_picked":["ReplayTheSpireMod:From All Sides","jedi:brewingpoison","infinitespire:Neurotoxin","Grand Finale","Storm of Steel"],"picked":"SKIP","floor":11},{"not_picked":["MostiFishMod:Opportunism","Envenom","Doppelganger","Wraith Form v2"],"picked":"Die Die Die","floor":12},{"not_picked":["Tools of the Trade","StSpp:AbandonFlesh","infinitespire:Neurotoxin","MostiFishMod:FullyArmed","Doppelganger"],"picked":"SKIP","floor":13},{"not_picked":["Bullet Time","Glass Knife","MostiFishMod:Dislodge","jedi:rejectivetoxin","MostiFishMod:GrandStart"],"picked":"SKIP","floor":14},{"not_picked":["MostiFishMod:HiddenBlade","MostiFishMod:SpreadingSpore","infinitespire:Neurotoxin","MostiFishMod:Confrontation"],"picked":"MostiFishMod:LethalBlade","floor":16},{"not_picked":["StSpp:PoisonousPunch","Flying Knee","StuffTheSpire:Repulse","Terror"],"picked":"Cloak And Dagger","floor":1},{"not_picked":["StSpp:AbandonFlesh","MostiFishMod:ShivMaster","Poison Darts","Corpse Explosion","MostiFishMod:FullyArmed","Bullet Time"],"picked":"Die Die Die","floor":6},{"not_picked":["MostiFishMod:Neurotoxin","infinitespire:Neurotoxin","Glass Knife","jedi:studyshivs","Malaise","Atom Bomb"],"picked":"MostiFishMod:FullyArmed","floor":7},{"not_picked":["Phantasmal Killer","jedi:studypoison","Corpse Explosion","infinitespire:Neurotoxin","MostiFishMod:SpreadingSpore","Envenom","Malaise"],"picked":"SKIP","floor":10},{"not_picked":["Tools of the Trade","Die Die Die","Unload","MostiFishMod:SpreadingSpore","After Image","MostiFishMod:Dislodge","StSpp:SwitchWeapon"],"picked":"SKIP","floor":11},{"not_picked":["MostiFishMod:Dislodge","MostiFishMod:Confrontation","Wraith Form v2","After Image","MostiFishMod:GrandStart","MostiFishMod:HiddenBlade","Malaise"],"picked":"SKIP","floor":12},{"not_picked":["StSpp:Dive","Reflex","Outmaneuver","Quick Slash","Backflip","Well Laid Plans","StSpp:AbandonFlesh"],"picked":"SKIP","floor":13},{"not_picked":["StuffTheSpire:FinalStruggle","MostiFishMod:FullyArmed","After Image","Storm of Steel","Malaise","aspiration:Lunge"],"picked":"jedi:studyshivs","floor":14},{"not_picked":["ReplayTheSpireMod:Necrosis","MostiFishMod:HiddenBlade","Corpse Explosion","Die Die Die","StSpp:Landslide","MostiFishMod:WinterMarkForm"],"picked":"A Thousand Cuts","floor":16}],"player_experience":190830,"relics_obtained":[{"floor":1,"key":"LetterFromLob"},{"floor":1,"key":"SynthV:TestCard"},{"floor":4,"key":"hubris:PeanutButter"},{"floor":7,"key":"CrustySpines"},{"floor":9,"key":"hubris:TenFootPole"},{"floor":10,"key":"Pocketwatch"},{"floor":11,"key":"Bromod:ArcaneMomentum"},{"floor":12,"key":"DemoMod:ResourcefulSack"},{"floor":13,"key":"qcfpunch:Not_Strongest_Fighting_Style_Guidebook"},{"floor":14,"key":"qcfpunch:Red_Beret"},{"floor":1,"key":"SynthV:TestCard"},{"floor":1,"key":"LetterFromLob"},{"floor":6,"key":"qcfpunch:Chain_With_Nametags"},{"floor":7,"key":"trackpad:GuardianSpirit"},{"floor":9,"key":"Bottled Tornado"},{"floor":10,"key":"Blue Candle"},{"floor":11,"key":"DemoMod:Bottle"},{"floor":12,"key":"DemoMod:MemoryAlloy"},{"floor":14,"key":"trackpad:PetRock"}],"event_choices":[{"damage_healed":0,"gold_gain":0,"player_choice":"Paid Gold","damage_taken":0,"relics_obtained":["hexamod:BolsterEngine"],"max_hp_gain":0,"max_hp_loss":0,"event_name":"WeMeetAgain","floor":2,"gold_loss":74},{"damage_healed":0,"gold_gain":0,"player_choice":"Leave","damage_taken":0,"max_hp_gain":0,"max_hp_loss":0,"event_name":"conspire:Investor","floor":5,"gold_loss":0},{"damage_healed":0,"gold_gain":0,"player_choice":"Ignored","damage_taken":0,"max_hp_gain":0,"max_hp_loss":0,"event_name":"Liars Game","floor":3,"gold_loss":0}],"is_beta":false,"boss_relics":[{"not_picked":["qcfpunch:Dark_Gi","infinitespire:Cupcake"],"picked":"qcfpunch:Crimson_Sash"}],"items_purged_floors":[2,5,5],"is_endless":false,"potions_floor_spawned":[3,12,14,16,1,7,10,13,14,16],"ascension_level":1}}