{"host":"s8caws4n06h39s1x","time":1612809185,"event":{"mods":["BaseMod","Colored Powertips","Highlight Path","Minty Spire (QoL Compilation)","Quick Restart"],"gold_per_floor":[112,129,129,142,162,188,208,208,208,208,218,246,258,286,286,391,391,405,419,334,72,72,72,98,98,98,98,98,23,36,36,36,137,137,153,0,54,54,74,74,101,115,115,115,165,165,199,199,199,295,295,312,323,384,403,353,382,22,22,22,22,22,40,40,52,52,147,147,165,165,345,361,380,380,414,414,445,445,461,496,496,120,120,222,222,236,236,256,256,270,299,299,332,366,384,399,399,409,419,419,518,518,532,551,79,152,164,190,190,209,237,237,253,270,270,288,288,387,437,455,467,494,15,27,61,61,92,118,135,164,179,34,67,67,169,169,183,183,183,203,214,248,248,278,309,20,20,20],"floor_reached":147,"language":"ENG","playtime":6256,"items_purged":["Pain"],"score":4169,"play_id":"bc67cee0-c7ab-4017-854b-f4bcefc7f84b","local_time":"20210208193305","daily_mods":["Draft","Heirloom"],"is_ascension_mode":true,"campfire_choices":[{"data":"Storm","floor":10,"key":"SMITH"},{"data":"Amplify","floor":15,"key":"SMITH"},{"data":"Biased Cognition","floor":23,"key":"SMITH"},{"floor":27,"key":"REST"},{"data":"Biased Cognition","floor":32,"key":"SMITH"},{"data":"Defragment","floor":40,"key":"SMITH"},{"data":"Thunder Strike","floor":44,"key":"SMITH"},{"data":"Creative AI","floor":46,"key":"SMITH"},{"data":"Hello World","floor":49,"key":"SMITH"},{"data":"Echo Form","floor":61,"key":"SMITH"},{"data":"Blizzard","floor":64,"key":"SMITH"},{"data":"Hello World","floor":66,"key":"SMITH"},{"data":"1","floor":74,"key":"LIFT"},{"data":"Conserve Battery","floor":81,"key":"SMITH"},{"data":"Static Discharge","floor":83,"key":"SMITH"},{"data":"Electrodynamics","floor":92,"key":"SMITH"},{"floor":100,"key":"REST"},{"data":"Hello World","floor":109,"key":"SMITH"},{"data":"Electrodynamics","floor":112,"key":"SMITH"},{"data":"Hello World","floor":117,"key":"SMITH"},{"data":"Storm","floor":126,"key":"SMITH"},{"data":"Loop","floor":134,"key":"SMITH"},{"floor":143,"key":"REST"}],"circlet_count":2,"master_deck":["Force Field","Glacier","Steam","Glacier","Coolheaded","Redo","Storm+1","Heatsinks","Ball Lightning","BootSequence","Turbo","Glacier","Chaos","Conserve Battery+1","Conserve Battery","Turbo+1","Hello World+1","Self Repair","Biased Cognition+1","Cold Snap+1","Hello World+1","Amplify+1","Biased Cognition+1","Steam Power","Ball Lightning+1","Amplify+1","Conserve Battery+1","Heatsinks","Turbo+1","White Noise+1","Creative AI+1","Glacier+1","Heatsinks+1","Defragment+1","Thunder Strike+1","Redo+1","Defragment+1","Conserve Battery+1","Echo Form+1","White Noise+1","Blizzard+1","Ball Lightning","Thunder Strike+1","Self Repair","Tempest+1","Storm+1","Conserve Battery+1","Loop+1","Glacier+1","Static Discharge+1","Electrodynamics+1","Storm+1","Amplify+1","Flash of Steel","Force Field+1","Heatsinks+1","Amplify+1","Creative AI","White Noise+1","Defragment","Static Discharge","Machine Learning","Electrodynamics+1","Loop","Defragment","Loop","Hello World+1","White Noise+1","Turbo+1","Turbo+1","Thunder Strike","Hello World+1","Machine Learning","Blizzard","Storm+1","Storm","Buffer","Hello World","Thunder Strike","Storm+1","Amplify+1","Madness+1","Amplify+1","Defragment+1"],"relics":["FrozenCore","Torii","Orichalcum","WarpedTongs","Kunai","Pear","Pantograph","Inserter","Toxic Egg 2","MutagenicStrength","Whetstone","Shuriken","White Beast Statue","Cursed Key","Red Mask","Prayer Wheel","Strawberry","Mercury Hourglass","Mummified Hand","Happy Flower","Sozu","Bottled Flame","DollysMirror","Anchor","Bottled Lightning","Spirit Poop","Circlet","Nloth\u0027s Gift","Omamori","Sling","SacredBark","Nuclear Battery","MealTicket","StoneCalendar","Odd Mushroom","Tiny House","Symbiotic Virus","Bag of Marbles","Medical Kit","Philosopher\u0027s Stone","Peace Pipe"],"acts_visited":["Exordium","TheCity","TheBeyond","Exordium","TheCity","TheBeyond","Exordium","TheCity","TheBeyond"],"potions_floor_usage":[7],"damage_taken":[{"damage":0,"enemies":"Jaw Worm","floor":1,"turns":6},{"damage":0,"enemies":"Small Slimes","floor":2,"turns":4},{"damage":0,"enemies":"Cultist","floor":4,"turns":6},{"damage":0,"enemies":"3 Louse","floor":5,"turns":4},{"damage":0,"enemies":"Gremlin Nob","floor":6,"turns":5},{"damage":0,"enemies":"Looter","floor":7,"turns":4},{"damage":0,"enemies":"2 Fungi Beasts","floor":11,"turns":2},{"damage":4,"enemies":"Lagavulin","floor":12,"turns":5},{"damage":0,"enemies":"Large Slime","floor":13,"turns":3},{"damage":7,"enemies":"3 Sentries","floor":14,"turns":6},{"damage":1,"enemies":"Slime Boss","floor":16,"turns":4},{"damage":4,"enemies":"Chosen","floor":18,"turns":4},{"damage":7,"enemies":"2 Thieves","floor":19,"turns":4},{"damage":3,"enemies":"Book of Stabbing","floor":24,"turns":3},{"damage":0,"enemies":"3 Cultists","floor":30,"turns":4},{"damage":1,"enemies":"Collector","floor":33,"turns":5},{"damage":1,"enemies":"Orb Walker","floor":35,"turns":3},{"damage":1,"enemies":"2 Orb Walkers","floor":37,"turns":4},{"damage":0,"enemies":"3 Darklings","floor":39,"turns":2},{"damage":0,"enemies":"Reptomancer","floor":41,"turns":2},{"damage":0,"enemies":"Jaw Worm Horde","floor":42,"turns":4},{"damage":0,"enemies":"Mind Bloom Boss Battle","floor":45,"turns":5},{"damage":0,"enemies":"Nemesis","floor":47,"turns":5},{"damage":0,"enemies":"Awakened One","floor":50,"turns":4},{"damage":0,"enemies":"Jaw Worm","floor":52,"turns":2},{"damage":0,"enemies":"2 Louse","floor":53,"turns":2},{"damage":0,"enemies":"3 Sentries","floor":54,"turns":2},{"damage":0,"enemies":"Cultist","floor":55,"turns":3},{"damage":1,"enemies":"3 Sentries","floor":57,"turns":2},{"damage":0,"enemies":"Looter","floor":63,"turns":2},{"damage":0,"enemies":"3 Louse","floor":65,"turns":2},{"damage":0,"enemies":"The Guardian","floor":67,"turns":4},{"damage":0,"enemies":"Chosen","floor":69,"turns":3},{"damage":0,"enemies":"3 Byrds","floor":72,"turns":2},{"damage":0,"enemies":"Sentry and Sphere","floor":73,"turns":2},{"damage":0,"enemies":"Book of Stabbing","floor":75,"turns":3},{"damage":0,"enemies":"Gremlin Leader","floor":77,"turns":3},{"damage":1,"enemies":"Snake Plant","floor":79,"turns":2},{"damage":1,"enemies":"Book of Stabbing","floor":80,"turns":3},{"damage":17,"enemies":"Collector","floor":84,"turns":3},{"damage":11,"enemies":"3 Shapes","floor":86,"turns":2},{"damage":0,"enemies":"Orb Walker","floor":88,"turns":1},{"damage":0,"enemies":"Transient","floor":90,"turns":5},{"damage":24,"enemies":"Reptomancer","floor":91,"turns":3},{"damage":7,"enemies":"Giant Head","floor":93,"turns":3},{"damage":0,"enemies":"Reptomancer","floor":94,"turns":2},{"damage":1,"enemies":"4 Shapes","floor":95,"turns":2},{"damage":0,"enemies":"Writhing Mass","floor":96,"turns":2},{"damage":1,"enemies":"Jaw Worm Horde","floor":98,"turns":2},{"damage":0,"enemies":"Transient","floor":99,"turns":3},{"damage":15,"enemies":"Donu and Deca","floor":101,"turns":3},{"damage":0,"enemies":"Jaw Worm","floor":103,"turns":1},{"damage":0,"enemies":"Cultist","floor":104,"turns":1},{"damage":0,"enemies":"Small Slimes","floor":107,"turns":1},{"damage":0,"enemies":"The Mushroom Lair","floor":108,"turns":1},{"damage":0,"enemies":"Exordium Thugs","floor":110,"turns":1},{"damage":0,"enemies":"3 Sentries","floor":111,"turns":2},{"damage":0,"enemies":"2 Fungi Beasts","floor":113,"turns":1},{"damage":0,"enemies":"Large Slime","floor":114,"turns":1},{"damage":0,"enemies":"Blue Slaver","floor":116,"turns":1},{"damage":72,"enemies":"Hexaghost","floor":118,"turns":3},{"damage":0,"enemies":"Chosen","floor":120,"turns":1},{"damage":0,"enemies":"Shell Parasite","floor":121,"turns":1},{"damage":0,"enemies":"Masked Bandits","floor":122,"turns":1},{"damage":0,"enemies":"Centurion and Healer","floor":124,"turns":1},{"damage":1,"enemies":"Slavers","floor":125,"turns":2},{"damage":24,"enemies":"Gremlin Leader","floor":127,"turns":2},{"damage":0,"enemies":"Slavers","floor":128,"turns":1},{"damage":0,"enemies":"Snake Plant","floor":129,"turns":1},{"damage":0,"enemies":"Book of Stabbing","floor":130,"turns":2},{"damage":0,"enemies":"Chosen and Byrds","floor":131,"turns":1},{"damage":1,"enemies":"Slavers","floor":133,"turns":2},{"damage":20,"enemies":"Automaton","floor":135,"turns":3},{"damage":0,"enemies":"3 Shapes","floor":137,"turns":2},{"damage":0,"enemies":"Orb Walker","floor":140,"turns":1},{"damage":0,"enemies":"Transient","floor":141,"turns":4},{"damage":84,"enemies":"Nemesis","floor":142,"turns":3},{"damage":23,"enemies":"Giant Head","floor":144,"turns":4},{"damage":14,"enemies":"Nemesis","floor":145,"turns":2},{"damage":51,"enemies":"Maw","floor":147,"turns":2}],"seed_played":"-1744039242162488581","potions_obtained":[{"floor":1,"key":"Block Potion"},{"floor":5,"key":"DistilledChaos"},{"floor":11,"key":"PotionOfCapacity"},{"floor":12,"key":"DuplicationPotion"},{"floor":30,"key":"EntropicBrew"},{"floor":39,"key":"Strength Potion"}],"is_trial":true,"path_per_floor":["M","M","?","M","M","E","M","?","T","R","M","E","M","E","R","B",null,"M","M","?","$","?","R","E","?","T","R","T","$","M","?","R","B",null,"M","?","?","?","M","R","E","M","T","R","?","R","E","?","R","B",null,"M","M","?","M","?","E","$","?","T","R","?","M","R","M","R","B",null,"M","?","?","M","M","R","E","?","E","?","M","E","R","$","R","B",null,"M","?","M","?","M","E","R","E","E","M","M","?","M","M","R","B",null,"M","M","$","?","M","?","R","M","E","R","M","M","?","M","R","B",null,"M","M","?","$","M","E","R","E","E","M","E","M","$","E","R","B",null,"M","?","?","M","M","E","R","E","E","$","M"],"character_chosen":"DEFECT","items_purchased":["Amplify+1","Conserve Battery+1","Heatsinks","DollysMirror","Anchor","Self Repair","Omamori","Sling","Static Discharge","MealTicket","StoneCalendar","Loop","Symbiotic Virus","Bag of Marbles","Storm","Medical Kit","Peace Pipe"],"campfire_rested":3,"item_purchase_floors":[21,21,21,58,58,58,82,82,82,105,105,105,123,123,123,132,146],"current_hp_per_floor":[75,75,75,75,75,75,75,75,75,75,75,85,85,85,85,85,85,85,85,85,85,85,85,82,66,66,90,90,90,90,90,90,90,90,89,89,90,97,97,97,97,97,97,97,97,97,97,97,97,97,97,97,97,97,97,94,93,93,93,93,93,93,94,94,94,94,94,94,94,94,75,75,75,75,75,75,89,89,88,94,94,94,94,77,94,83,83,83,83,94,70,70,70,70,69,69,69,68,78,94,86,94,94,94,94,94,94,94,94,94,94,94,94,94,94,94,94,22,99,99,99,99,99,99,98,98,81,81,81,81,81,96,95,95,79,99,99,99,99,99,99,15,44,21,7,22,0,0],"gold":20,"neow_bonus":"","is_daily":false,"chose_seed":false,"campfire_upgraded":19,"win_rate":0.0,"timestamp":1612809185,"path_taken":["M","M","?","M","M","E","M","?","T","R","M","E","M","E","R","BOSS","M","M","?","$","?","R","E","?","T","R","?","$","M","?","R","BOSS","M","?","?","?","?","R","E","M","T","R","?","R","E","?","R","BOSS","M","M","?","M","?","E","$","?","T","R","?","?","R","M","R","BOSS","M","?","?","?","M","R","E","?","E","?","?","E","R","$","R","BOSS","M","?","M","?","M","E","R","E","E","M","M","?","?","M","R","BOSS","M","M","$","?","M","?","R","M","E","R","M","M","?","M","R","BOSS","M","M","?","$","M","E","R","E","E","M","E","M","$","E","R","BOSS","M","?","?","M","M","E","R","E","E","$","M"],"items_purchased_type":["Card","Card","Card","Relic","Relic","Card","Relic","Relic","Card","Relic","Relic","Card","Relic","Relic","Card","Relic","Relic"],"build_version":"2020-12-22","purchased_purges":1,"victory":false,"max_hp_per_floor":[75,75,75,75,75,75,75,75,75,75,75,85,85,85,85,85,85,85,85,85,85,85,85,85,90,90,90,90,90,90,90,90,90,90,90,90,90,97,97,97,97,97,97,97,97,97,97,97,97,97,97,97,97,97,97,94,94,94,94,94,94,94,94,94,94,94,94,94,94,94,94,94,94,94,94,94,94,94,94,94,94,94,94,94,94,94,94,94,94,94,94,94,94,94,94,94,94,94,94,94,94,94,94,94,94,94,94,94,94,94,94,94,94,94,94,94,94,94,99,99,99,99,99,99,99,99,99,99,99,99,99,99,99,99,99,99,99,99,99,99,99,99,99,99,99,99,99,99],"card_choices":[{"not_picked":["Steam","Barrage"],"picked":"Force Field","floor":0},{"not_picked":["Leap","Sweeping Beam"],"picked":"Glacier","floor":0},{"not_picked":["Beam Cell","Reinforced Body"],"picked":"Steam","floor":0},{"not_picked":["Redo","Stack"],"picked":"Glacier","floor":0},{"not_picked":["Stack","Steam"],"picked":"Coolheaded","floor":0},{"not_picked":["Compile Driver","Rip and Tear"],"picked":"Redo","floor":0},{"not_picked":["Barrage","Fusion"],"picked":"Storm","floor":0},{"not_picked":["Conserve Battery","Double Energy"],"picked":"Heatsinks","floor":0},{"not_picked":["Streamline","Tempest"],"picked":"Ball Lightning","floor":0},{"not_picked":["Go for the Eyes","Redo"],"picked":"BootSequence","floor":0},{"not_picked":["Beam Cell","Compile Driver"],"picked":"Turbo","floor":0},{"not_picked":["Reprogram","Stack"],"picked":"Glacier","floor":0},{"not_picked":["Go for the Eyes","Barrage"],"picked":"Chaos","floor":0},{"not_picked":["Leap","Stack"],"picked":"Conserve Battery","floor":0},{"not_picked":["Go for the Eyes","Scrape"],"picked":"Conserve Battery","floor":0},{"not_picked":["Aggregate","FTL"],"picked":"Turbo","floor":1},{"not_picked":["Redo","Turbo"],"picked":"Hello World","floor":2},{"not_picked":["Steam","Hologram"],"picked":"Self Repair","floor":4},{"not_picked":["Sweeping Beam","BootSequence"],"picked":"Ball Lightning","floor":5},{"not_picked":["Beam Cell","Double Energy"],"picked":"Biased Cognition","floor":6},{"not_picked":["Genetic Algorithm","Undo"],"picked":"Cold Snap","floor":7},{"not_picked":["Rebound","Compile Driver"],"picked":"Cold Snap","floor":11},{"not_picked":["Amplify","Beam Cell"],"picked":"Cold Snap","floor":12},{"not_picked":["Hologram","Sweeping Beam"],"picked":"Hello World","floor":13},{"not_picked":["Consume","Rip and Tear"],"picked":"Amplify","floor":14},{"not_picked":["Hyperbeam","All For One"],"picked":"Biased Cognition","floor":16},{"not_picked":["Rebound","Stack"],"picked":"Steam Power","floor":18},{"not_picked":["Reprogram","Gash"],"picked":"Ball Lightning","floor":19},{"not_picked":["Rebound","Stack+1"],"picked":"Turbo+1","floor":24},{"not_picked":["Turbo+1","Rebound+1"],"picked":"White Noise+1","floor":30},{"not_picked":["Meteor Strike","Reboot+1"],"picked":"Creative AI","floor":33},{"not_picked":["Stack+1","Sweeping Beam+1"],"picked":"Glacier+1","floor":35},{"not_picked":["Leap+1","Stack+1"],"picked":"Heatsinks+1","floor":37},{"not_picked":["Leap+1","Rebound+1"],"picked":"Defragment","floor":39},{"not_picked":["Streamline","Beam Cell+1","Genetic Algorithm+1"],"picked":"SKIP","floor":39},{"not_picked":["Defragment","Chaos+1"],"picked":"Thunder Strike","floor":41},{"not_picked":["Barrage+1","Coolheaded+1"],"picked":"Redo+1","floor":42},{"not_picked":["Turbo+1","Melter"],"picked":"Defragment+1","floor":42},{"not_picked":["Sunder+1","Coolheaded+1"],"picked":"Conserve Battery+1","floor":45},{"not_picked":["Compile Driver","Streamline"],"picked":"Coolheaded+1","floor":47},{"not_picked":["Creative AI","Hyperbeam"],"picked":"Echo Form","floor":50},{"not_picked":["Sweeping Beam","Rebound","Reprogram+1"],"picked":"SKIP","floor":52},{"not_picked":["Hologram+1","Aggregate+1","Coolheaded+1"],"picked":"SKIP","floor":52},{"not_picked":["Sweeping Beam","Beam Cell"],"picked":"White Noise+1","floor":53},{"not_picked":["Gash","Rebound","Leap+1"],"picked":"SKIP","floor":53},{"not_picked":["FTL","Redo+1"],"picked":"Blizzard","floor":55},{"not_picked":["Glacier+1","Streamline","Double Energy+1"],"picked":"SKIP","floor":55},{"not_picked":["Darkness+1","Aggregate+1"],"picked":"Ball Lightning","floor":57},{"not_picked":["Rebound","Ball Lightning","Stack+1"],"picked":"SKIP","floor":63},{"not_picked":["Skim+1","Reinforced Body+1","FTL"],"picked":"SKIP","floor":63},{"not_picked":["Glacier+1","Darkness+1"],"picked":"Tempest+1","floor":65},{"not_picked":["Turbo+1","Leap+1","Consume+1"],"picked":"SKIP","floor":65},{"not_picked":["Hello World","Genetic Algorithm+1"],"picked":"Storm+1","floor":69},{"not_picked":["Heatsinks","Go for the Eyes","Conserve Battery+1"],"picked":"SKIP","floor":69},{"not_picked":["Melter","Compile Driver"],"picked":"Conserve Battery+1","floor":72},{"not_picked":["Leap+1","Rebound","BootSequence+1"],"picked":"SKIP","floor":72},{"not_picked":["Coolheaded+1","Fusion+1","Cold Snap"],"picked":"SKIP","floor":73},{"not_picked":["Cold Snap","Turbo+1","BootSequence+1"],"picked":"SKIP","floor":73},{"not_picked":["Aggregate+1","Coolheaded+1","Hyperbeam"],"picked":"SKIP","floor":75},{"not_picked":["Stack+1","Hello World"],"picked":"Loop","floor":77},{"not_picked":["Reinforced Body+1","Rainbow+1"],"picked":"Glacier+1","floor":79},{"not_picked":["Turbo+1","Aggregate+1","Sweeping Beam"],"picked":"SKIP","floor":79},{"not_picked":["Beam Cell","Consume+1","Meteor Strike"],"picked":"SKIP","floor":80},{"not_picked":["All For One","Multi-Cast+1"],"picked":"Electrodynamics","floor":84},{"not_picked":["Blizzard","Gash+1"],"picked":"Storm+1","floor":86},{"not_picked":["Double Energy+1","Coolheaded+1"],"picked":"Amplify+1","floor":86},{"not_picked":["Transmutation+1","Thinking Ahead+1"],"picked":"Flash of Steel","floor":87},{"not_picked":["Conserve Battery+1","Go for the Eyes+1"],"picked":"Force Field+1","floor":88},{"not_picked":["Lockon+1","Reinforced Body+1","Gash"],"picked":"SKIP","floor":88},{"not_picked":["Recycle+1","Chaos+1"],"picked":"Heatsinks+1","floor":90},{"not_picked":["Redo+1","Chill+1","Scrape"],"picked":"SKIP","floor":90},{"not_picked":["Defragment+1","Aggregate+1"],"picked":"Amplify+1","floor":91},{"not_picked":["Buffer","Auto Shields+1"],"picked":"Creative AI","floor":93},{"not_picked":["Steam+1","Barrage+1"],"picked":"White Noise+1","floor":94},{"not_picked":["Compile Driver+1","Redo+1","Sunder+1"],"picked":"SKIP","floor":95},{"not_picked":["Stack+1","Go for the Eyes","Coolheaded+1"],"picked":"SKIP","floor":95},{"not_picked":["Fusion+1","Go for the Eyes+1","Conserve Battery+1"],"picked":"SKIP","floor":96},{"not_picked":["FTL+1","Rebound+1","Sunder+1"],"picked":"SKIP","floor":96},{"not_picked":["Beam Cell","Sunder"],"picked":"Static Discharge","floor":98},{"not_picked":["Compile Driver+1","Steam Power+1","Stack+1"],"picked":"SKIP","floor":98},{"not_picked":["Consume+1","Genetic Algorithm+1"],"picked":"Machine Learning","floor":99},{"not_picked":["Cold Snap","Compile Driver+1","Coolheaded+1"],"picked":"SKIP","floor":99},{"not_picked":["Rainbow+1","Multi-Cast+1"],"picked":"Electrodynamics","floor":101},{"not_picked":["Gash","Blizzard"],"picked":"Loop","floor":103},{"not_picked":["Leap+1","Sunder","Ball Lightning"],"picked":"SKIP","floor":103},{"not_picked":["Machine Learning","Melter"],"picked":"Defragment","floor":104},{"not_picked":["Leap+1","Sweeping Beam","Steam+1"],"picked":"SKIP","floor":104},{"not_picked":["Sweeping Beam","BootSequence+1"],"picked":"Hello World","floor":107},{"not_picked":["Ball Lightning","Stack+1"],"picked":"White Noise+1","floor":107},{"not_picked":["Chill+1","Rebound"],"picked":"Turbo+1","floor":110},{"not_picked":["Barrage","Coolheaded+1"],"picked":"Turbo+1","floor":110},{"not_picked":["Multi-Cast+1","Core Surge","All For One"],"picked":"SKIP","floor":111},{"not_picked":["Barrage","FTL","Chill+1"],"picked":"SKIP","floor":113},{"not_picked":["Barrage","Redo+1","Sweeping Beam"],"picked":"SKIP","floor":113},{"not_picked":["Steam Power+1","Darkness+1"],"picked":"Thunder Strike","floor":114},{"not_picked":["Hologram+1","Turbo+1","Rainbow+1"],"picked":"SKIP","floor":114},{"not_picked":["Coolheaded+1","Leap+1"],"picked":"Hello World","floor":116},{"not_picked":["Undo+1","Sunder","Glacier+1"],"picked":"SKIP","floor":116},{"not_picked":["Multi-Cast+1","Seek+1"],"picked":"Machine Learning","floor":118},{"not_picked":["Steam Power+1","Leap+1","Sweeping Beam"],"picked":"SKIP","floor":120},{"not_picked":["Streamline+1","Conserve Battery+1","Sunder"],"picked":"SKIP","floor":120},{"not_picked":["Stack+1","Undo+1"],"picked":"Blizzard","floor":121},{"not_picked":["Conserve Battery+1","Gash","Reboot+1"],"picked":"SKIP","floor":121},{"not_picked":["Glacier+1","Gash+1"],"picked":"Storm","floor":124},{"not_picked":["Conserve Battery+1","Recycle+1","Stack+1"],"picked":"SKIP","floor":124},{"not_picked":["All For One","Hologram+1"],"picked":"Buffer","floor":125},{"not_picked":["Reinforced Body+1","Conserve Battery+1"],"picked":"Hello World","floor":127},{"not_picked":["Hologram+1","Core Surge","Reboot+1"],"picked":"SKIP","floor":128},{"not_picked":["Sunder","Stack+1","Reprogram+1"],"picked":"SKIP","floor":129},{"not_picked":["Go for the Eyes","Genetic Algorithm+1","Ball Lightning"],"picked":"SKIP","floor":129},{"not_picked":["Cold Snap","Coolheaded+1"],"picked":"Thunder Strike","floor":130},{"not_picked":["Chaos+1","Consume+1"],"picked":"Storm+1","floor":131},{"not_picked":["Gash","Barrage","Sunder"],"picked":"SKIP","floor":131},{"not_picked":["Ball Lightning+1","Rebound"],"picked":"Amplify+1","floor":133},{"not_picked":["Doom and Gloom","Melter+1","Leap+1"],"picked":"SKIP","floor":137},{"not_picked":["Streamline+1","Beam Cell+1","Steam Power+1"],"picked":"SKIP","floor":137},{"not_picked":["Jack Of All Trades+1","Mind Blast"],"picked":"Madness+1","floor":139},{"not_picked":["Streamline+1","Ball Lightning+1","Tempest+1"],"picked":"SKIP","floor":140},{"not_picked":["Conserve Battery+1","Coolheaded+1","Blizzard"],"picked":"SKIP","floor":140},{"not_picked":["Double Energy+1","Ball Lightning+1","Multi-Cast+1"],"picked":"SKIP","floor":141},{"not_picked":["Compile Driver+1","Streamline+1","Gash"],"picked":"SKIP","floor":141},{"not_picked":["Double Energy+1","Force Field+1"],"picked":"Amplify+1","floor":142},{"not_picked":["Reboot+1","Stack+1"],"picked":"Defragment+1","floor":144},{"not_picked":["Streamline+1","Compile Driver","Steam Power+1"],"picked":"SKIP","floor":145}],"player_experience":482200,"relics_obtained":[{"floor":6,"key":"Orichalcum"},{"floor":9,"key":"Kunai"},{"floor":12,"key":"Pear"},{"floor":14,"key":"Pantograph"},{"floor":24,"key":"Whetstone"},{"floor":26,"key":"Shuriken"},{"floor":28,"key":"White Beast Statue"},{"floor":37,"key":"Prayer Wheel"},{"floor":41,"key":"Mercury Hourglass"},{"floor":43,"key":"Mummified Hand"},{"floor":45,"key":"Girya"},{"floor":47,"key":"Happy Flower"},{"floor":54,"key":"Bottled Flame"},{"floor":60,"key":"Bottled Lightning"},{"floor":108,"key":"Odd Mushroom"},{"floor":122,"key":"Circlet"}],"event_choices":[{"damage_healed":0,"gold_gain":0,"player_choice":"Ignored","damage_taken":0,"max_hp_gain":0,"max_hp_loss":0,"event_name":"Golden Wing","floor":3,"gold_loss":0},{"damage_healed":0,"gold_gain":0,"player_choice":"Rummage","damage_taken":0,"relics_obtained":["WarpedTongs"],"max_hp_gain":0,"max_hp_loss":0,"event_name":"Accursed Blacksmith","floor":8,"gold_loss":0,"cards_obtained":["Pain"]},{"damage_healed":0,"gold_gain":0,"player_choice":"Obtained Relic","damage_taken":0,"relics_obtained":["Toxic Egg 2"],"max_hp_gain":0,"max_hp_loss":0,"event_name":"Addict","floor":20,"gold_loss":85},{"damage_healed":0,"gold_gain":0,"player_choice":"Inject Mutagens","damage_taken":0,"relics_obtained":["MutagenicStrength"],"max_hp_gain":0,"max_hp_loss":0,"event_name":"Drug Dealer","floor":22,"gold_loss":0},{"damage_healed":0,"gold_gain":0,"player_choice":"Shed Blood","damage_taken":21,"max_hp_gain":5,"max_hp_loss":0,"event_name":"Forgotten Altar","floor":25,"gold_loss":0},{"damage_healed":0,"gold_gain":0,"player_choice":"Ignored","damage_taken":0,"max_hp_gain":0,"max_hp_loss":0,"event_name":"Ghosts","floor":31,"gold_loss":0},{"damage_healed":0,"gold_gain":0,"player_choice":"Paid","damage_taken":0,"relics_obtained":["Red Mask"],"max_hp_gain":0,"max_hp_loss":0,"event_name":"Tomb of Lord Red Mask","floor":36,"gold_loss":153},{"damage_healed":0,"gold_gain":0,"player_choice":"Fight","damage_taken":0,"max_hp_gain":0,"max_hp_loss":0,"event_name":"Mysterious Sphere","floor":37,"gold_loss":0},{"damage_healed":0,"gold_gain":0,"player_choice":"Gave Potion","damage_taken":0,"relics_obtained":["Strawberry"],"max_hp_gain":0,"max_hp_loss":0,"event_name":"WeMeetAgain","floor":38,"gold_loss":0},{"damage_healed":0,"gold_gain":0,"player_choice":"Fight","damage_taken":0,"max_hp_gain":0,"max_hp_loss":0,"event_name":"MindBloom","floor":45,"gold_loss":0},{"cards_removed":["Cold Snap"],"damage_healed":0,"gold_gain":0,"player_choice":"Removed Attack","damage_taken":0,"max_hp_gain":0,"max_hp_loss":0,"event_name":"Falling","floor":48,"gold_loss":0},{"damage_healed":0,"gold_gain":0,"player_choice":"Searched \u00272\u0027 times","damage_taken":0,"max_hp_gain":0,"max_hp_loss":0,"event_name":"Dead Adventurer","floor":54,"gold_loss":0},{"cards_removed":["Parasite"],"damage_healed":0,"gold_gain":0,"player_choice":"Card Removal","damage_taken":0,"max_hp_gain":0,"max_hp_loss":0,"event_name":"The Cleric","floor":56,"gold_loss":50},{"damage_healed":0,"gold_gain":0,"player_choice":"Ignored","damage_taken":0,"max_hp_gain":0,"max_hp_loss":0,"event_name":"Liars Game","floor":59,"gold_loss":0},{"cards_removed":["Regret"],"damage_healed":0,"gold_gain":0,"player_choice":"Offered Curse","damage_taken":0,"relics_obtained":["Spirit Poop"],"max_hp_gain":0,"max_hp_loss":0,"event_name":"Bonfire Elementals","floor":62,"gold_loss":0},{"damage_healed":0,"gold_gain":0,"player_choice":"Ignored","damage_taken":0,"max_hp_gain":0,"max_hp_loss":0,"event_name":"Vampires","floor":70,"gold_loss":0},{"damage_healed":0,"gold_gain":180,"player_choice":"GOLD GOLD ","damage_taken":19,"max_hp_gain":0,"max_hp_loss":0,"event_name":"Knowing Skull","floor":71,"potions_obtained":[],"gold_loss":0,"cards_obtained":[]},{"damage_healed":0,"gold_gain":0,"player_choice":"Inject Mutagens","damage_taken":0,"relics_obtained":["Circlet"],"max_hp_gain":0,"max_hp_loss":0,"event_name":"Drug Dealer","floor":76,"gold_loss":0},{"damage_healed":0,"gold_gain":0,"player_choice":"Traded Relic","damage_taken":0,"relics_obtained":["Nloth\u0027s Gift"],"max_hp_gain":0,"max_hp_loss":0,"event_name":"N\u0027loth","floor":78,"relics_lost":["Girya"],"gold_loss":0},{"damage_healed":0,"gold_gain":0,"player_choice":"Memory 1","damage_taken":0,"max_hp_gain":0,"max_hp_loss":0,"event_name":"SensoryStone","floor":87,"gold_loss":0},{"cards_removed":["Ball Lightning"],"damage_healed":0,"gold_gain":0,"player_choice":"Removed Attack","damage_taken":0,"max_hp_gain":0,"max_hp_loss":0,"event_name":"Falling","floor":89,"gold_loss":0},{"damage_healed":0,"gold_gain":0,"cards_transformed":["Coolheaded"],"player_choice":"Transformed","damage_taken":0,"max_hp_gain":0,"max_hp_loss":0,"event_name":"Transmorgrifier","floor":97,"gold_loss":0,"cards_obtained":["Defragment"]},{"damage_healed":0,"gold_gain":73,"player_choice":"Gained Gold","damage_taken":0,"max_hp_gain":0,"max_hp_loss":0,"event_name":"Golden Wing","floor":106,"gold_loss":0},{"damage_healed":0,"gold_gain":0,"player_choice":"Fought Mushrooms","damage_taken":0,"max_hp_gain":0,"max_hp_loss":0,"event_name":"Mushrooms","floor":108,"gold_loss":0},{"damage_healed":0,"gold_gain":0,"player_choice":"Got Potions","damage_taken":0,"max_hp_gain":0,"max_hp_loss":0,"event_name":"Lab","floor":115,"gold_loss":0},{"damage_healed":0,"gold_gain":0,"player_choice":"Fought Bandits","damage_taken":0,"max_hp_gain":0,"max_hp_loss":0,"event_name":"Masked Bandits","floor":122,"gold_loss":0},{"cards_removed":["Cold Snap"],"damage_healed":0,"gold_gain":0,"player_choice":"Removed Attack","damage_taken":0,"max_hp_gain":0,"max_hp_loss":0,"event_name":"Falling","floor":138,"gold_loss":0},{"damage_healed":0,"gold_gain":0,"player_choice":"Memory 1","damage_taken":0,"max_hp_gain":0,"max_hp_loss":0,"event_name":"SensoryStone","floor":139,"gold_loss":0}],"is_beta":false,"boss_relics":[{"not_picked":["Coffee Dripper","Calling Bell"],"picked":"Inserter"},{"not_picked":["Runic Dome","Astrolabe"],"picked":"Cursed Key"},{"not_picked":["Philosopher\u0027s Stone","Tiny House"],"picked":"Sozu"},{"not_picked":["Tiny House","Calling Bell"],"picked":"FrozenCore"},{"not_picked":["Astrolabe","Runic Dome"],"picked":"SacredBark"},{"not_picked":["Empty Cage","SlaversCollar"],"picked":"Nuclear Battery"},{"not_picked":["Runic Dome","Velvet Choker"],"picked":"Tiny House"},{"not_picked":["Calling Bell","Fusion Hammer"],"picked":"Philosopher\u0027s Stone"}],"items_purged_floors":[29],"is_endless":true,"potions_floor_spawned":[1,5,11,12,14,16,18,30,33,35,37,39,41,42,45,47,50,52,53,54,55,57,63,65,67,69,72,73,75,77,79,80,84,86,88,90,91,93,94,95,96,98,99,101,103,104,107,108,110,111,113,114,116,118,120,121,122,124,125,127,128,129,130,131,133,135,137,140,141,142,144,145],"killed_by":"Maw","ascension_level":1}}