{"host":"6h0diz2ap0m56grs","time":1612765148,"event":{"mods":["2.2 Compatiblity","BaseMod","Colored Map","Marisa????????","Minty Spire (QoL Compilation)","Quick Restart","Replay The Spire","Shop Mod","StSLib","The Servant 0.9.4"],"gold_per_floor":[116,132,132,149,149,192,236,270,270,303,334,334,334,38,38,161,161,180,180,180,180,27,61,96,136,148,187,225,237,264,302,314,441,453,485,497,499,520,114,170,210,256,280,340,385,385,429,448,448,458],"floor_reached":51,"language":"ENG","playtime":2530,"items_purged":[],"score":1617,"play_id":"1a297454-ed21-476f-b4f9-f514c254d3bd","local_time":"20210208001908","daily_mods":["SealedDeck","Heirloom","Time Dilation","Flight"],"is_ascension_mode":true,"campfire_choices":[{"data":"Consume","floor":12,"key":"SMITH"},{"data":"BasicCrystalCard","floor":13,"key":"SMITH"},{"data":"Crystallizer","floor":15,"key":"SMITH"},{"data":"Defragment","floor":29,"key":"SMITH"},{"data":"Doom and Gloom","floor":32,"key":"SMITH"},{"data":"BasicCrystalCard","floor":46,"key":"SMITH"},{"data":"Barrage","floor":46,"key":"SMITH"},{"data":"Chill","floor":49,"key":"SMITH"},{"data":"Conserve Battery","floor":49,"key":"SMITH"}],"circlet_count":0,"master_deck":["Leap","Leap","Sweeping Beam","Crystallizer+1","Compile Driver","Conserve Battery+1","Genetic Algorithm","BasicCrystalCard+1","Cold Snap","Consume+1","Ball Lightning","BasicCrystalCard+1","Conserve Battery","Electrodynamics+1","Ball Lightning","Defragment+1","Doom and Gloom+1","Chill+1","Defragment+1","BasicCrystalCard+1","Barrage+1","Core Surge+1","Consume+1"],"relics":["Cracked Core","replay:Trail_Library","Gambling Chip","Bloody Idol","Singing Bowl","Golden Egg","Bag of Preparation","Kunai","Orichalcum","Anchor","SlaversCollar","Replay:Antivirus Software","ReplayTheSpireMod:Shallot","Pet Ghost","The Courier","Letter Opener","Replay:Bandana","Painkiller Herb","MerchantsRug","Carrot","Bottled Tornado","FossilizedHelix","Bag of Marbles","Regal Pillow","Replay:Mystery Machine","Replay:Arrowhead","Dream Catcher"],"acts_visited":["Exordium","TheCity","TheBeyond"],"potions_floor_usage":[7,50,50,50,50,50,50,50],"damage_taken":[{"damage":0,"enemies":"2 Louse","floor":1,"turns":3},{"damage":0,"enemies":"Cultist","floor":2,"turns":4},{"damage":0,"enemies":"Jaw Worm","floor":4,"turns":4},{"damage":0,"enemies":"Gremlin Nob","floor":6,"turns":5},{"damage":11,"enemies":"3 Sentries","floor":7,"turns":6},{"damage":0,"enemies":"Lagavulin","floor":8,"turns":7},{"damage":0,"enemies":"Gremlin Nob","floor":10,"turns":4},{"damage":7,"enemies":"Lagavulin","floor":11,"turns":9},{"damage":0,"enemies":"Fading Forest","floor":16,"turns":11},{"damage":0,"enemies":"Chosen","floor":18,"turns":4},{"damage":0,"enemies":"Book of Stabbing","floor":23,"turns":6},{"damage":0,"enemies":"Gremlin Leader","floor":24,"turns":5},{"damage":0,"enemies":"Slavers","floor":25,"turns":3},{"damage":0,"enemies":"Gremlin Leader","floor":27,"turns":4},{"damage":0,"enemies":"Slavers","floor":28,"turns":3},{"damage":0,"enemies":"Spheric Guardian","floor":30,"turns":3},{"damage":0,"enemies":"Chosen and Byrds","floor":31,"turns":4},{"damage":0,"enemies":"Pondfish","floor":33,"turns":11},{"damage":1,"enemies":"Orb Walker","floor":35,"turns":4},{"damage":0,"enemies":"3 Darklings","floor":38,"turns":3},{"damage":0,"enemies":"Reptomancer","floor":40,"turns":5},{"damage":0,"enemies":"Nemesis","floor":41,"turns":7},{"damage":1,"enemies":"R_Hoarder","floor":42,"turns":7},{"damage":0,"enemies":"Mind Bloom Boss Battle","floor":44,"turns":4},{"damage":0,"enemies":"Reptomancer","floor":45,"turns":4},{"damage":0,"enemies":"Nemesis","floor":47,"turns":5},{"damage":0,"enemies":"Writhing Mass","floor":48,"turns":4},{"damage":0,"enemies":"Replay:Hell Engine","floor":50,"turns":9}],"seed_played":"-3457494362017547435","potions_obtained":[{"floor":6,"key":"Explosive Potion"},{"floor":8,"key":"SpeedPotion"},{"floor":10,"key":"PowerPotion"},{"floor":11,"key":"PotionOfCapacity"},{"floor":16,"key":"Energy Potion"},{"floor":41,"key":"EssenceOfSteel"},{"floor":47,"key":"EntropicBrew"}],"is_trial":true,"path_per_floor":["M","M","?","M","?","E","E","E","T","E","E","R","R","$","R","B",null,"M","?","?","?","$","E","E","E","T","E","E","R","M","M","R","B",null,"?","?","T","?","T","E","E","E","T","?","E","T","E","?","T","B",null],"character_chosen":"DEFECT","items_purchased":["Orichalcum","Anchor","Replay:Antivirus Software","MerchantsRug","Carrot","Bottled Tornado"],"campfire_rested":0,"item_purchase_floors":[14,14,22,37,39,39],"current_hp_per_floor":[75,75,75,75,57,57,48,50,50,59,54,54,54,54,54,64,90,90,90,90,90,90,92,94,94,94,96,98,98,100,102,102,104,104,106,101,101,101,101,101,103,105,105,105,105,105,105,107,107,107],"gold":458,"neow_bonus":"","is_daily":false,"chose_seed":false,"campfire_upgraded":9,"win_rate":0.0,"timestamp":1612765148,"path_taken":["M","M","?","?","?","E","E","E","T","E","E","R","R","$","R","BOSS","M","?","?","?","$","E","E","E","T","E","E","R","M","M","R","BOSS","?","?","T","?","T","E","E","E","T","?","E","T","E","?","T","BOSS"],"items_purchased_type":["Relic","Relic","Relic","Relic","Relic","Relic"],"build_version":"2020-12-22","purchased_purges":0,"victory":true,"max_hp_per_floor":[75,75,75,75,75,75,77,79,79,88,90,90,90,90,90,90,90,90,90,90,90,90,92,94,94,94,96,98,98,100,102,102,104,104,106,101,101,101,101,101,103,105,105,105,105,105,105,107,107,107],"card_choices":[{"not_picked":["ReplayTheSpireMod:System Scan","Go for the Eyes","Redo"],"picked":"SKIP","floor":1},{"not_picked":["Rebound","Sweeping Beam"],"picked":"Ball Lightning","floor":2},{"not_picked":["Turbo","Melter","Compile Driver"],"picked":"SKIP","floor":4},{"not_picked":["Sunder","Coolheaded"],"picked":"BasicCrystalCard","floor":6},{"not_picked":["FTL","Lockon","Reinforced Body"],"picked":"Singing Bowl","floor":7},{"not_picked":["Streamline","Reprogram","Sweeping Beam"],"picked":"Singing Bowl","floor":8},{"not_picked":["Turbo","ReplayTheSpireMod:System Scan","ReplayTheSpireMod:Fabricate Wheel"],"picked":"Singing Bowl","floor":10},{"not_picked":["Compile Driver","Blizzard","Go for the Eyes"],"picked":"Singing Bowl","floor":11},{"not_picked":["Machine Learning","Rainbow"],"picked":"Electrodynamics","floor":16},{"not_picked":["Leap+1","Genetic Algorithm"],"picked":"Ball Lightning","floor":18},{"not_picked":["Sweeping Beam","Go for the Eyes","Reinforced Body"],"picked":"Singing Bowl","floor":23},{"not_picked":["Redo+1","Go for the Eyes","Loop"],"picked":"Singing Bowl","floor":24},{"not_picked":["Redo","Stack+1"],"picked":"Defragment","floor":25},{"not_picked":["ReplaySolidLightProjector","Force Field","Gash"],"picked":"Singing Bowl","floor":27},{"not_picked":["Lockon+1","Rebound","Genetic Algorithm"],"picked":"Singing Bowl","floor":28},{"not_picked":["Streamline","Rainbow","Ball Lightning"],"picked":"Singing Bowl","floor":30},{"not_picked":["Gash","Conserve Battery","Hologram+1"],"picked":"Singing Bowl","floor":31},{"not_picked":["Buffer","Thunder Strike","Rainbow"],"picked":"Singing Bowl","floor":33},{"not_picked":["Turbo+1","ReplaySolidLightProjector+1","Redo+1"],"picked":"Singing Bowl","floor":35},{"not_picked":["Hologram+1","Chaos"],"picked":"Chill","floor":38},{"not_picked":["ReplayTheSpireMod:Calculation Training","Loop+1"],"picked":"Defragment+1","floor":40},{"not_picked":["Recycle","Turbo+1","Blizzard"],"picked":"Singing Bowl","floor":41},{"not_picked":["Storm","Rainbow","Reboot"],"picked":"Singing Bowl","floor":42},{"not_picked":["Time Bomb+1","Cold Snap+1"],"picked":"Barrage","floor":44},{"not_picked":["ReplaySort+1","Conserve Battery+1"],"picked":"Core Surge","floor":45},{"not_picked":["Ball Lightning+1","Turbo"],"picked":"Consume+1","floor":47},{"not_picked":["ReplaySolidLightProjector+1","Coolheaded","Static Discharge+1"],"picked":"Singing Bowl","floor":48}],"player_experience":237581,"relics_obtained":[{"floor":6,"key":"Singing Bowl"},{"floor":7,"key":"Golden Egg"},{"floor":8,"key":"Bag of Preparation"},{"floor":9,"key":"Kunai"},{"floor":10,"key":"Strawberry"},{"floor":11,"key":"Toy Ornithopter"},{"floor":23,"key":"ReplayTheSpireMod:Shallot"},{"floor":24,"key":"MawBank"},{"floor":25,"key":"Pet Ghost"},{"floor":26,"key":"The Courier"},{"floor":27,"key":"Letter Opener"},{"floor":28,"key":"Replay:Bandana"},{"floor":40,"key":"FossilizedHelix"},{"floor":41,"key":"Bag of Marbles"},{"floor":42,"key":"Regal Pillow"},{"floor":43,"key":"Replay:Mystery Machine"},{"floor":44,"key":"Replay:Arrowhead"},{"floor":47,"key":"Dream Catcher"}],"event_choices":[{"damage_healed":0,"gold_gain":0,"player_choice":"Forge","damage_taken":0,"max_hp_gain":0,"max_hp_loss":0,"event_name":"Accursed Blacksmith","floor":3,"gold_loss":0,"cards_upgraded":["BasicCrystalCard"]},{"damage_healed":0,"gold_gain":0,"player_choice":"Take Damage","damage_taken":18,"relics_obtained":["Golden Idol"],"max_hp_gain":0,"max_hp_loss":0,"event_name":"Golden Idol","floor":5,"gold_loss":0},{"damage_healed":0,"gold_gain":0,"player_choice":"Gave Idol","damage_taken":0,"relics_obtained":["Bloody Idol"],"max_hp_gain":0,"max_hp_loss":0,"event_name":"Forgotten Altar","floor":20,"relics_lost":["Golden Idol"],"gold_loss":0},{"damage_healed":0,"gold_gain":0,"player_choice":"Ignored","damage_taken":0,"max_hp_gain":0,"max_hp_loss":0,"event_name":"Ghosts","floor":21,"gold_loss":0},{"damage_healed":0,"gold_gain":0,"player_choice":"Max HP","damage_taken":0,"max_hp_gain":0,"max_hp_loss":5,"event_name":"Winding Halls","floor":36,"gold_loss":0},{"damage_healed":0,"gold_gain":0,"player_choice":"Fight","damage_taken":0,"max_hp_gain":0,"max_hp_loss":0,"event_name":"MindBloom","floor":44,"gold_loss":0}],"is_beta":false,"boss_relics":[{"not_picked":["Replay:Ancient Bell","Calling Bell"],"picked":"SlaversCollar"},{"not_picked":["Inserter","Black Star"],"picked":"Painkiller Herb"}],"items_purged_floors":[],"is_endless":false,"potions_floor_spawned":[6,8,10,11,16,24,25,31,38,41,47,48],"ascension_level":1}}