{"host":"gnfs9pc52tj5b2xa","time":1612772919,"event":{"mods":["BaseMod","Minty Spire (QoL Compilation)","Relic Sorter","Relic Stats","Slay the Relics Exporter","ojb\u0027s Better Paths Mod","ojb\u0027s Info Mod"],"gold_per_floor":[113,78,102,122,122,122,134,168,236,270,6,32,42,59,59,133,133,147,167,187,187,203,230,230,240,312,347,367,115,150,161,161,161,161],"floor_reached":33,"language":"ENG","playtime":2815,"items_purged":[],"score":658,"play_id":"e8a0c13e-6c8c-4ae6-871b-92c16b0fc7d0","local_time":"20210208002839","is_ascension_mode":true,"campfire_choices":[{"data":"Armaments","floor":6,"key":"SMITH"},{"data":"Disarm","floor":15,"key":"SMITH"},{"data":"Bash","floor":24,"key":"SMITH"},{"data":"Metallicize","floor":32,"key":"SMITH"}],"circlet_count":0,"master_deck":["AscendersBane","Strike_R","Strike_R","Strike_R","Strike_R","Strike_R","Defend_R","Defend_R","Defend_R","Defend_R","Bash+1","Armaments+1","Iron Wave","Perfected Strike","Hemokinesis","Metallicize+1","Pommel Strike","Flame Barrier","Disarm+1","Impervious","Body Slam","Hemokinesis","Metallicize","PanicButton","Shrug It Off"],"relics":["Burning Blood","Centennial Puzzle","Omamori","StrikeDummy","Nunchaku","Meat on the Bone","Turnip","Coffee Dripper","Pen Nib","Bottled Flame","Bottled Tornado","OrangePellets","Pantograph"],"acts_visited":["Exordium","TheCity"],"potions_floor_usage":[19,23,33,33],"damage_taken":[{"damage":4,"enemies":"Jaw Worm","floor":1,"turns":6},{"damage":1,"enemies":"Cultist","floor":4,"turns":3},{"damage":3,"enemies":"2 Louse","floor":7,"turns":3},{"damage":24,"enemies":"Gremlin Nob","floor":8,"turns":4},{"damage":20,"enemies":"3 Sentries","floor":10,"turns":7},{"damage":10,"enemies":"Gremlin Nob","floor":12,"turns":3},{"damage":10,"enemies":"Exordium Wildlife","floor":13,"turns":2},{"damage":17,"enemies":"Gremlin Gang","floor":14,"turns":12},{"damage":23,"enemies":"Hexaghost","floor":16,"turns":8},{"damage":17,"enemies":"Shell Parasite","floor":18,"turns":4},{"damage":26,"enemies":"2 Thieves","floor":19,"turns":4},{"damage":24,"enemies":"Sentry and Sphere","floor":20,"turns":7},{"damage":21,"enemies":"Snecko","floor":22,"turns":6},{"damage":52,"enemies":"Gremlin Leader","floor":23,"turns":10},{"damage":16,"enemies":"3 Cultists","floor":25,"turns":7},{"damage":39,"enemies":"Slavers","floor":27,"turns":6},{"damage":7,"enemies":"Snake Plant","floor":28,"turns":3},{"damage":31,"enemies":"Book of Stabbing","floor":30,"turns":5},{"damage":3,"enemies":"Centurion and Healer","floor":31,"turns":11},{"damage":101,"enemies":"Collector","floor":33,"turns":11}],"seed_played":"-338087167491766741","potions_obtained":[{"floor":4,"key":"Dexterity Potion"},{"floor":12,"key":"SteroidPotion"},{"floor":13,"key":"GamblersBrew"},{"floor":14,"key":"FairyPotion"},{"floor":20,"key":"Explosive Potion"},{"floor":22,"key":"FearPotion"},{"floor":27,"key":"Dexterity Potion"},{"floor":31,"key":"Weak Potion"}],"is_trial":false,"path_per_floor":["M","?","T","M","$","R","M","E","T","E","$","E","M","M","R","B",null,"M","M","M","?","M","E","R","M","T","E","M","$","E","M","R","B"],"character_chosen":"IRONCLAD","items_purchased":["Meat on the Bone","OrangePellets","PanicButton"],"campfire_rested":0,"item_purchase_floors":[11,29,29],"current_hp_per_floor":[66,88,88,89,89,89,89,71,71,57,57,53,61,62,62,57,81,70,62,56,56,53,19,19,21,21,39,50,50,37,52,52,0,0],"gold":161,"neow_bonus":"TWENTY_PERCENT_HP_BONUS","is_daily":false,"chose_seed":false,"campfire_upgraded":4,"win_rate":0.0,"timestamp":1612772919,"path_taken":["M","?","?","M","$","R","M","E","T","E","?","E","?","M","R","BOSS","M","?","M","?","M","E","R","M","T","E","M","$","E","M","R","BOSS"],"items_purchased_type":["Relic","Relic","Card"],"build_version":"2020-12-22","purchased_purges":0,"victory":false,"max_hp_per_floor":[89,89,89,89,89,89,89,89,89,89,89,89,89,89,89,89,89,89,89,89,89,89,89,89,89,89,89,89,89,89,89,89,89,89],"relic_stats":{"OrangePellets":[2],"Centennial Puzzle":[57],"Nunchaku":[18],"counters":[20,122],"Pantograph":25,"Turnip":[22],"Pen Nib":[8],"obtain_stats":[{"Pen Nib":23,"Omamori":8,"Bottled Tornado":27,"Burning Blood":0,"OrangePellets":29,"Centennial Puzzle":3,"Nunchaku":10,"Bottled Flame":26,"Pantograph":30,"Turnip":12,"Coffee Dripper":17,"StrikeDummy":9,"Meat on the Bone":11},{"Pen Nib":14,"Omamori":4,"Bottled Tornado":16,"Burning Blood":0,"OrangePellets":17,"Centennial Puzzle":1,"Nunchaku":5,"Bottled Flame":15,"Pantograph":18,"Turnip":6,"Coffee Dripper":9,"StrikeDummy":4,"Meat on the Bone":5},{"Pen Nib":79,"Omamori":16,"Bottled Tornado":92,"Burning Blood":0,"OrangePellets":95,"Centennial Puzzle":6,"Nunchaku":23,"Bottled Flame":86,"Pantograph":100,"Turnip":26,"Coffee Dripper":48,"StrikeDummy":16,"Meat on the Bone":23}],"Burning Blood":107,"Meat on the Bone":144},"card_choices":[{"not_picked":["Warcry","Heavy Blade"],"picked":"Armaments","floor":1},{"not_picked":["Cleave","Havoc"],"picked":"Iron Wave","floor":4},{"not_picked":["Sword Boomerang","Dual Wield"],"picked":"Perfected Strike","floor":7},{"not_picked":["Shrug It Off","Sword Boomerang"],"picked":"Hemokinesis","floor":8},{"not_picked":["Power Through","Clothesline"],"picked":"Metallicize","floor":10},{"not_picked":["Burning Pact","Cleave"],"picked":"Pommel Strike","floor":12},{"not_picked":["Power Through","Evolve"],"picked":"Flame Barrier","floor":13},{"not_picked":["Perfected Strike","Flex"],"picked":"Disarm","floor":14},{"not_picked":["Barricade","Bludgeon"],"picked":"Impervious","floor":16},{"not_picked":["Twin Strike+1","Heavy Blade"],"picked":"Body Slam","floor":18},{"not_picked":["Reaper","Dropkick","True Grit"],"picked":"SKIP","floor":19},{"not_picked":["Shockwave","Sword Boomerang"],"picked":"Hemokinesis","floor":20},{"not_picked":["Flex","Pummel","True Grit"],"picked":"SKIP","floor":22},{"not_picked":["Warcry+1","Dual Wield","Demon Form"],"picked":"SKIP","floor":23},{"not_picked":["Cleave","Feel No Pain"],"picked":"Metallicize","floor":25},{"not_picked":["Bloodletting","Entrench","Cleave"],"picked":"SKIP","floor":27},{"not_picked":["Rage","Ghostly Armor","Flex"],"picked":"SKIP","floor":28},{"not_picked":["Demon Form","Clash"],"picked":"Shrug It Off","floor":30},{"not_picked":["Sword Boomerang","Wild Strike","Evolve"],"picked":"SKIP","floor":31}],"player_experience":1289882,"relics_obtained":[{"floor":3,"key":"Centennial Puzzle"},{"floor":8,"key":"Omamori"},{"floor":9,"key":"StrikeDummy"},{"floor":10,"key":"Nunchaku"},{"floor":12,"key":"Turnip"},{"floor":23,"key":"Pen Nib"},{"floor":26,"key":"Bottled Flame"},{"floor":27,"key":"Bottled Tornado"},{"floor":30,"key":"Pantograph"}],"event_choices":[{"damage_healed":22,"gold_gain":0,"player_choice":"Healed","damage_taken":0,"max_hp_gain":0,"max_hp_loss":0,"event_name":"The Cleric","floor":2,"gold_loss":35},{"damage_healed":0,"gold_gain":0,"player_choice":"Ignored","damage_taken":0,"max_hp_gain":0,"max_hp_loss":0,"event_name":"Ghosts","floor":21,"gold_loss":0}],"is_beta":false,"boss_relics":[{"not_picked":["Calling Bell","Ectoplasm"],"picked":"Coffee Dripper"}],"items_purged_floors":[],"is_endless":false,"potions_floor_spawned":[4,12,13,14,18,20,22,27,31],"killed_by":"Collector","ascension_level":20}}