{"host":"kvo7eymyd21g9abd","time":1612811005,"event":{"mods":["AchievementEnabler","BaseMod","Bestiary","Colored Map","Minty Spire (QoL Compilation)","StSLib"],"gold_per_floor":[113,131,50,65,82,82,96,96,120,132,132],"floor_reached":10,"language":"ENG","playtime":336,"items_purged":[],"score":70,"play_id":"aff90708-298a-4c2f-892f-e1829f6ffb04","local_time":"20210208140325","is_ascension_mode":false,"campfire_choices":[{"floor":6,"key":"RECALL"}],"circlet_count":0,"master_deck":["Strike_B","Strike_B","Strike_B","Strike_B","Defend_B","Defend_B","Defend_B","Defend_B","Zap","Dualcast","Buffer","Scrape","Scrape","Dark Shackles","Self Repair","Reboot"],"relics":["Cracked Core","MawBank"],"acts_visited":["Exordium"],"potions_floor_usage":[8,8],"damage_taken":[{"damage":3,"enemies":"2 Louse","floor":1,"turns":2},{"damage":6,"enemies":"Cultist","floor":2,"turns":4},{"damage":0,"enemies":"Small Slimes","floor":4,"turns":3},{"damage":4,"enemies":"Exordium Wildlife","floor":5,"turns":4},{"damage":30,"enemies":"Gremlin Gang","floor":7,"turns":7},{"damage":40,"enemies":"Gremlin Nob","floor":8,"turns":6},{"damage":22,"enemies":"Lagavulin","floor":10,"turns":5}],"seed_played":"6105147395366177831","potions_obtained":[{"floor":4,"key":"PotionOfCapacity"},{"floor":5,"key":"Weak Potion"},{"floor":7,"key":"SmokeBomb"}],"is_trial":false,"path_per_floor":["M","M","$","M","M","R","M","E","T","E"],"character_chosen":"DEFECT","items_purchased":["Dark Shackles"],"campfire_rested":0,"item_purchase_floors":[3],"current_hp_per_floor":[72,66,66,66,69,69,46,13,13,0,0],"gold":132,"neow_bonus":"ONE_RANDOM_RARE_CARD","is_daily":false,"chose_seed":false,"campfire_upgraded":0,"win_rate":0.0,"timestamp":1612811005,"path_taken":["M","M","$","M","M","R","M","E","T","E"],"items_purchased_type":["Card"],"build_version":"2020-12-22","purchased_purges":0,"victory":false,"max_hp_per_floor":[75,75,75,75,75,75,75,75,75,75,75],"card_choices":[{"not_picked":["Gash","Ball Lightning"],"picked":"Scrape","floor":1},{"not_picked":["Aggregate","Static Discharge"],"picked":"Scrape","floor":2},{"not_picked":["Glacier","Redo"],"picked":"Self Repair","floor":4},{"not_picked":["Heatsinks","Fusion","Turbo"],"picked":"SKIP","floor":5},{"not_picked":["Turbo","Compile Driver"],"picked":"Reboot","floor":7}],"player_experience":449558,"relics_obtained":[{"floor":9,"key":"MawBank"}],"event_choices":[],"is_beta":false,"boss_relics":[],"items_purged_floors":[],"is_endless":false,"potions_floor_spawned":[4,5,7],"killed_by":"Lagavulin","ascension_level":0}}