{"host":"8a3jzv7qxg3y7b6t","time":1612765128,"event":{"mods":["BaseMod","Better Third Choice","Downfall","Hermit","Minty Spire (QoL Compilation)","Relic Stats","StSLib","The Bug Knight","The Cursed"],"gold_per_floor":[109,109,125,125,125,125,125],"floor_reached":6,"language":"ENG","playtime":239,"items_purged":[],"score":39,"play_id":"6c5f42f6-be35-45fc-8f4b-5439a63ca883","local_time":"20210207221848","is_ascension_mode":true,"campfire_choices":[],"circlet_count":0,"master_deck":["Strike_G","Strike_G","Strike_G","Strike_G","Strike_G","Defend_G","Defend_G","Defend_G","Defend_G","Defend_G","Survivor","Neutralize","Noxious Fumes","Burn","Masterful Stab","Regret"],"relics":["Ring of the Snake","Akabeko","Ninja Scroll"],"acts_visited":["Exordium"],"potions_floor_usage":[],"damage_taken":[{"damage":11,"enemies":"Jaw Worm","floor":1,"turns":5},{"damage":13,"enemies":"Small Slimes","floor":3,"turns":5},{"damage":17,"enemies":"3 Sentries","floor":6,"turns":5}],"seed_played":"-3358582433523066632","potions_obtained":[{"floor":3,"key":"Weak Potion"}],"is_trial":false,"path_per_floor":["M","?","M","?","?","E"],"character_chosen":"THE_SILENT","items_purchased":[],"campfire_rested":0,"item_purchase_floors":[],"current_hp_per_floor":[66,66,53,20,20,3,3],"gold":125,"neow_bonus":"TEN_PERCENT_HP_BONUS","is_daily":false,"chose_seed":false,"campfire_upgraded":0,"win_rate":0.0,"timestamp":1612765128,"path_taken":["M","?","M","?","?","E"],"items_purchased_type":[],"build_version":"2020-12-22","purchased_purges":0,"victory":false,"max_hp_per_floor":[77,77,77,77,77,77,77],"relic_stats":{"counters":[3,15],"obtain_stats":[{"Ninja Scroll":5,"Akabeko":4,"Ring of the Snake":0},{"Ninja Scroll":2,"Akabeko":2,"Ring of the Snake":0},{"Ninja Scroll":10,"Akabeko":10,"Ring of the Snake":0}],"Ring of the Snake":[6]},"card_choices":[{"not_picked":["Dagger Spray","Underhanded Strike"],"picked":"Noxious Fumes","floor":1},{"not_picked":["Quick Slash","Deflect"],"picked":"Masterful Stab","floor":3}],"player_experience":667749,"relics_obtained":[],"event_choices":[{"damage_healed":66,"gold_gain":0,"player_choice":"Embrace Burn","damage_taken":0,"max_hp_gain":0,"max_hp_loss":77,"event_name":"betterThird:BetterShining","floor":2,"gold_loss":0},{"damage_healed":0,"gold_gain":0,"player_choice":"Relic ","damage_taken":33,"max_hp_gain":0,"max_hp_loss":0,"event_name":"betterThird:BetterScrap","floor":4,"gold_loss":0,"cards_obtained":["Brutality"]},{"damage_healed":0,"gold_gain":0,"player_choice":"Box","damage_taken":0,"relics_obtained":["Ninja Scroll"],"max_hp_gain":0,"max_hp_loss":0,"event_name":"Big Fish","floor":5,"gold_loss":0,"cards_obtained":["Regret"]}],"is_beta":false,"boss_relics":[],"items_purged_floors":[],"is_endless":false,"potions_floor_spawned":[3],"killed_by":"3 Sentries","ascension_level":3}}