{"host":"f6w7z8zvb0mi4wy9","time":1612810831,"event":{"mods":["BaseMod","Colored Map","Minty Spire (QoL Compilation)","READ ME - Guardian Mod","StSLib","SuperFastMode","The Jungle"],"gold_per_floor":[112,43,60,60,122,122,147,161,161,171,202,202,237,249,261,368,380,409,421,451,482,519,531,570,582,621,664,676,724,764,341,341,447,447,475,493,153,162,186,186,225,241,316,357,383,418,418,440,440,440,440,440,20,63,63],"floor_reached":56,"language":"KOR","playtime":1675,"items_purged":["Strike_B","Strike_B","Defend_B"],"score":1723,"play_id":"4974612b-581d-4334-b8ba-286d23e053c7","local_time":"20210209040031","is_ascension_mode":true,"campfire_choices":[{"data":"Dualcast","floor":6.0,"key":"SMITH"},{"data":"Scrape","floor":12.0,"key":"SMITH"},{"floor":15.0,"key":"RECALL"},{"data":"Fission","floor":23.0,"key":"SMITH"},{"data":"Hologram","floor":25.0,"key":"SMITH"},{"data":"Sunder","floor":28.0,"key":"SMITH"},{"floor":32.0,"key":"REST"},{"data":"Defend_B","floor":40,"key":"PURGE"},{"data":"Strike_B","floor":47,"key":"PURGE"},{"data":"Strike_B","floor":49,"key":"PURGE"},{"data":"Defend_B","floor":52,"key":"PURGE"}],"circlet_count":0,"master_deck":["Defend_B","Zap+1","Dualcast+1","Go for the Eyes","FTL","Scrape+1","Go for the Eyes","All For One","Steam","Fission+1","Steam","Hologram+1","Reboot","Steam","Gash","Blind","Seek","Gash+1","Madness","Madness","Chaos","Go for the Eyes","Beam Cell+1","Gash+1","White Noise+1","BootSequence","FTL+1","Gash+1"],"relics":["Cracked Core","NeowsBlessing","Gremlin Horn","Cables","Vajra","MawBank","Black Star","Toy Ornithopter","Unceasing Top","MealTicket","Smiling Mask","CeramicFish","DataDisk","Oddly Smooth Stone","Tiny Chest","OrangePellets","Nuclear Battery","Peace Pipe","HornCleat","Darkstone Periapt","Molten Egg 2","Bronze Scales","Potion Belt","Thread and Needle","Pear","Mummified Hand","Mercury Hourglass","Ginger"],"acts_visited":["Exordium","TheCity","TheBeyond","TheEnding"],"potions_floor_usage":[42,50,50,55,55,55,55],"damage_taken":[{"damage":0.0,"enemies":"Cultist","floor":1.0,"turns":1.0},{"damage":0.0,"enemies":"Jaw Worm","floor":3.0,"turns":1.0},{"damage":0.0,"enemies":"Gremlin Nob","floor":7.0,"turns":1.0},{"damage":0.0,"enemies":"Small Slimes","floor":8.0,"turns":2.0},{"damage":0.0,"enemies":"Exordium Thugs","floor":10.0,"turns":3.0},{"damage":11.0,"enemies":"Lagavulin","floor":11.0,"turns":6.0},{"damage":12.0,"enemies":"Gremlin Nob","floor":13.0,"turns":3.0},{"damage":9.0,"enemies":"Hexaghost","floor":16.0,"turns":6.0},{"damage":18.0,"enemies":"Shell Parasite","floor":18.0,"turns":5.0},{"damage":3.0,"enemies":"3 Byrds","floor":20.0,"turns":3.0},{"damage":12.0,"enemies":"Cultist and Chosen","floor":21.0,"turns":8.0},{"damage":3.0,"enemies":"Slavers","floor":24.0,"turns":4.0},{"damage":0.0,"enemies":"Gremlin Leader","floor":27.0,"turns":5.0},{"damage":19.0,"enemies":"Slavers","floor":29.0,"turns":4.0},{"damage":0.0,"enemies":"Snecko","floor":30.0,"turns":3.0},{"damage":30.0,"enemies":"Automaton","floor":33.0,"turns":9.0},{"damage":0.0,"enemies":"Orb Walker","floor":35.0,"turns":1.0},{"damage":0,"enemies":"3 Shapes","floor":39,"turns":1},{"damage":0,"enemies":"Giant Head","floor":41,"turns":4},{"damage":0,"enemies":"Maw","floor":42,"turns":4},{"damage":0,"enemies":"Reptomancer","floor":44,"turns":1},{"damage":0,"enemies":"3 Darklings","floor":45,"turns":1},{"damage":0,"enemies":"Giant Head","floor":46,"turns":1},{"damage":0,"enemies":"4 Shapes","floor":48,"turns":1},{"damage":0,"enemies":"Awakened One","floor":50,"turns":6},{"damage":0,"enemies":"Shield and Spear","floor":54,"turns":1},{"damage":91,"enemies":"The Heart","floor":55,"turns":8}],"seed_played":"2315811718877041011","potions_obtained":[{"floor":3.0,"key":"PowerPotion"},{"floor":7.0,"key":"Ancient Potion"},{"floor":11.0,"key":"Dexterity Potion"},{"floor":16.0,"key":"EssenceOfSteel"},{"floor":21.0,"key":"ColorlessPotion"},{"floor":33.0,"key":"PowerPotion"},{"floor":39,"key":"Regen Potion"},{"floor":44,"key":"FocusPotion"},{"floor":45,"key":"EssenceOfSteel"},{"floor":46,"key":"SkillPotion"}],"is_trial":false,"path_per_floor":["M","$","M","?","?","R","E","M","T","M","E","R","E","?","R","B",null,"M","?","M","M","T","R","E","R","T","E","R","E","M","$","R","B",null,"M","?","$","?","M","R","E","M","T","E","M","E","R","M","R","B",null,"R","$","E","B",null],"character_chosen":"DEFECT","items_purchased":["FTL","Blind","Tiny Chest","OrangePellets","Peace Pipe","Mummified Hand","DistilledChaos","Energy Potion"],"campfire_rested":1,"item_purchase_floors":[2,31,31,31,37,53,53,53],"current_hp_per_floor":[75,75,75,75,75,75,75,75,75,75,64,64,52,57,57,48,80,62,62,59,47,47,47,44,44,44,44,44,30,35,50,74,49,80,80,70,80,80,80,80,80,80,80,80,80,90,90,90,90,90,90,90,90,90,21],"gold":63,"neow_bonus":"THREE_ENEMY_KILL","is_daily":false,"chose_seed":false,"campfire_upgraded":5,"win_rate":0.0,"timestamp":1612810831,"path_taken":["M","?","M","?","?","R","E","M","T","?","E","R","E","?","R","BOSS","M","?","M","M","?","R","E","R","T","E","R","E","M","$","R","BOSS","M","?","$","?","M","R","E","?","T","E","M","E","R","M","R","BOSS","R","$","E","BOSS"],"items_purchased_type":["Card","Card","Relic","Relic","Relic","Relic","Potion","Potion"],"build_version":"2020-12-22","purchased_purges":3,"victory":true,"max_hp_per_floor":[75,75,75,75,75,75,75,75,75,75,75,75,75,80,80,80,80,80,80,80,80,80,80,80,80,80,80,80,80,80,80,80,80,80,80,80,80,80,80,80,80,80,80,80,80,90,90,90,90,90,90,90,90,90,90],"card_choices":[{"not_picked":["Leap","Rebound"],"picked":"Go for the Eyes","floor":1.0},{"not_picked":["Go for the Eyes","Redo"],"picked":"Sunder","floor":3.0},{"not_picked":["Skim","Sunder"],"picked":"Scrape","floor":7.0},{"not_picked":["Stack","Steam Power"],"picked":"Go for the Eyes","floor":8.0},{"not_picked":["Coolheaded","Fusion","Doom and Gloom"],"picked":"SKIP","floor":10.0},{"not_picked":["Gash","Loop"],"picked":"All For One","floor":11.0},{"not_picked":["Go for the Eyes","Cold Snap"],"picked":"Steam","floor":13.0},{"not_picked":["Electrodynamics","Meteor Strike"],"picked":"Fission","floor":16.0},{"not_picked":["Coolheaded","Cold Snap","Storm"],"picked":"SKIP","floor":18.0},{"not_picked":["Leap+1","Turbo"],"picked":"Steam","floor":20.0},{"not_picked":["Sweeping Beam+1","Rebound"],"picked":"Hologram","floor":21.0},{"not_picked":["Loop","Hologram"],"picked":"Reboot","floor":24.0},{"not_picked":["Melter+1","Consume","Aggregate"],"picked":"SKIP","floor":27.0},{"not_picked":["Rebound","Heatsinks"],"picked":"Steam","floor":29.0},{"not_picked":["Turbo","Steam+1"],"picked":"Gash","floor":30.0},{"not_picked":["Meteor Strike","Biased Cognition"],"picked":"Seek","floor":33.0},{"not_picked":["Steam+1","Streamline"],"picked":"Gash+1","floor":35.0},{"not_picked":["Redo","Storm"],"picked":"Go for the Eyes","floor":39},{"not_picked":["BootSequence+1","Compile Driver+1"],"picked":"Beam Cell+1","floor":41},{"not_picked":["Ball Lightning+1","Streamline+1","Tempest"],"picked":"SKIP","floor":42},{"not_picked":["Seek","Redo"],"picked":"Gash+1","floor":44},{"not_picked":["Defragment","Coolheaded"],"picked":"White Noise+1","floor":45},{"not_picked":["Turbo","Reprogram+1"],"picked":"BootSequence","floor":46},{"not_picked":["Redo+1","Streamline+1"],"picked":"FTL+1","floor":48},{"not_picked":["Steam","Meteor Strike+1"],"picked":"Gash+1","floor":54}],"player_experience":918678,"relics_obtained":[{"floor":7.0,"key":"Gremlin Horn"},{"floor":9.0,"key":"Cables"},{"floor":11.0,"key":"Vajra"},{"floor":13.0,"key":"MawBank"},{"floor":24.0,"key":"Toy Ornithopter"},{"floor":24.0,"key":"Unceasing Top"},{"floor":26.0,"key":"MealTicket"},{"floor":27.0,"key":"Smiling Mask"},{"floor":27.0,"key":"CeramicFish"},{"floor":29.0,"key":"DataDisk"},{"floor":29.0,"key":"Oddly Smooth Stone"},{"floor":41,"key":"HornCleat"},{"floor":41,"key":"Darkstone Periapt"},{"floor":43,"key":"Molten Egg 2"},{"floor":44,"key":"Bronze Scales"},{"floor":44,"key":"Potion Belt"},{"floor":46,"key":"Thread and Needle"},{"floor":46,"key":"Pear"},{"floor":54,"key":"Mercury Hourglass"},{"floor":54,"key":"Ginger"}],"event_choices":[{"damage_healed":0.0,"max_hp_gain":0.0,"max_hp_loss":0.0,"gold_gain":0.0,"event_name":"Living Wall","player_choice":"Grow","floor":4.0,"gold_loss":0.0,"damage_taken":0.0,"cards_upgraded":["Zap"]},{"damage_healed":0.0,"max_hp_gain":0.0,"max_hp_loss":0.0,"gold_gain":62.0,"event_name":"Golden Wing","player_choice":"Gained Gold","floor":5.0,"gold_loss":0.0,"damage_taken":0.0},{"damage_healed":0.0,"max_hp_gain":5.0,"max_hp_loss":0.0,"gold_gain":0.0,"event_name":"Big Fish","player_choice":"Donut","floor":14.0,"gold_loss":0.0,"damage_taken":0.0},{"damage_healed":0.0,"max_hp_gain":0.0,"max_hp_loss":0.0,"gold_gain":0.0,"event_name":"Cursed Tome","player_choice":"Ignored","floor":19.0,"gold_loss":0.0,"damage_taken":0.0},{"damage_healed":0.0,"max_hp_gain":0.0,"max_hp_loss":0.0,"gold_gain":0.0,"event_name":"Winding Halls","player_choice":"Embrace Madness","floor":36.0,"gold_loss":0.0,"damage_taken":10.0,"cards_obtained":["Madness","Madness"]},{"damage_healed":0,"gold_gain":0,"cards_transformed":["Sunder"],"player_choice":"Transformed","damage_taken":0,"max_hp_gain":0,"max_hp_loss":0,"event_name":"Transmorgrifier","floor":38,"gold_loss":0,"cards_obtained":["Chaos"]}],"is_beta":false,"boss_relics":[{"not_picked":["Empty Cage","Velvet Choker"],"picked":"Black Star"},{"not_picked":["SacredBark","Inserter"],"picked":"Nuclear Battery"}],"items_purged_floors":[31,37,53],"is_endless":false,"potions_floor_spawned":[3,7,11,16,21,27,33,39,44,45,46],"ascension_level":1}}