{"host":"jt4xaqerixsfdsye","time":1612810047,"event":{"mods":["BaseMod","Downfall","Minty Spire (QoL Compilation)","StSLib"],"gold_per_floor":[99,113,113,124,139,154,154,154,166,176,176,186,186,9,26,26,26,26],"floor_reached":16,"language":"ENG","playtime":1806,"items_purged":["downfall:Malfunctioning"],"score":96,"play_id":"fee5c3ec-a475-492c-b094-295f9dcde7c9","local_time":"20210208194727","is_ascension_mode":false,"campfire_choices":[{"data":"sneckomod:CheapStock","floor":8,"key":"SMITH"},{"data":"sneckomod:Unknown0Cost","floor":11,"key":"SMITH"}],"circlet_count":0,"master_deck":["sneckomod:Strike","sneckomod:Strike","sneckomod:Strike","sneckomod:Defend+1","sneckomod:Defend","sneckomod:Defend","sneckomod:TailWhip","sneckomod:SnekBite+1","sneckomod:Unknown","Slimebound:LivingWall","sneckomod:WideSting","sneckomod:Unknown","sneckomod:Mudshield+1","sneckomod:CheapStock+1","sneckomod:Unknown0Cost+1","sneckomod:QuickMove","sneckomod:WideSting","sneckomod:QuickBite","sneckomod:SoulExchange","sneckomod:Unknown2Cost","sneckomod:IronFang","sneckomod:RainOfDice"],"relics":["sneckomod:SneckoSoul","Bag of Marbles"],"acts_visited":["Exordium"],"potions_floor_usage":[12,14,14,16],"damage_taken":[{"damage":0.0,"enemies":"Jaw Worm","floor":2.0,"turns":3.0},{"damage":0.0,"enemies":"Cultist","floor":4.0,"turns":3.0},{"damage":6.0,"enemies":"2 Louse","floor":5.0,"turns":2.0},{"damage":29.0,"enemies":"Exordium Wildlife","floor":6.0,"turns":5.0},{"damage":1,"enemies":"2 Fungi Beasts","floor":9,"turns":3},{"damage":7,"enemies":"Blue Slaver","floor":10,"turns":4},{"damage":18,"enemies":"Large Slime","floor":12,"turns":7},{"damage":10,"enemies":"downfall:FleeingMerchant","floor":14,"turns":4},{"damage":13,"enemies":"Exordium Wildlife","floor":15,"turns":2},{"damage":29,"enemies":"DF_ARCHETYPE_STREAMLINE","floor":16,"turns":4}],"seed_played":"-1059959202763371787","potions_obtained":[{"floor":2.0,"key":"Block Potion"},{"floor":5.0,"key":"LiquidBronze"},{"floor":12,"key":"Fire Potion"},{"floor":15,"key":"PowerPotion"}],"is_trial":false,"path_per_floor":["R","M","?","M","M","M","T","R","M","M","R","M","?","$","M","B"],"character_chosen":"THE_SNECKO","items_purchased":["sneckomod:Unknown2Cost","sneckomod:IronFang"],"campfire_rested":0,"item_purchase_floors":[14,14],"current_hp_per_floor":[99,99,99,99,93,74,74,74,73,66,66,48,48,38,25,0,0,0],"gold":26,"neow_bonus":"TEN_PERCENT_HP_BONUS","is_daily":false,"chose_seed":false,"campfire_upgraded":2,"win_rate":0.0,"timestamp":1612810047,"path_taken":["R","M","?","M","M","M","T","R","?","M","R","M","?","$","M","BOSS"],"items_purchased_type":["Card","Card"],"build_version":"2020-12-22","purchased_purges":1,"victory":false,"max_hp_per_floor":[99,99,99,99,99,99,99,99,99,99,99,99,99,99,99,99,99,99],"card_choices":[{"not_picked":["sneckomod:SoulDraw","sneckomod:RainOfDice"],"picked":"sneckomod:WideSting","floor":2.0},{"not_picked":["sneckomod:UnknownX","sneckomod:UnknownStrike"],"picked":"sneckomod:Mudshield","floor":4.0},{"not_picked":["sneckomod:UnknownBlock","sneckomod:SoulRoll"],"picked":"sneckomod:CheapStock","floor":5.0},{"not_picked":["sneckomod:SnekBeam","sneckomod:Unknown2Cost"],"picked":"sneckomod:Unknown0Cost","floor":6.0},{"not_picked":["sneckomod:UnknownBlock","sneckomod:DiceCrush"],"picked":"sneckomod:QuickMove","floor":9},{"not_picked":["sneckomod:SoulCleanse","sneckomod:UnknownClassGREEN"],"picked":"sneckomod:WideSting","floor":10},{"not_picked":["sneckomod:Unknown1Cost","sneckomod:UnknownExhaust"],"picked":"sneckomod:QuickBite","floor":12},{"not_picked":["sneckomod:UnknownDraw","sneckomod:WideSting"],"picked":"sneckomod:SoulExchange","floor":14},{"not_picked":["sneckomod:Unknown0Cost","sneckomod:SoulCleanse"],"picked":"sneckomod:RainOfDice","floor":15}],"player_experience":185799,"relics_obtained":[{"floor":7.0,"key":"Bag of Marbles"}],"event_choices":[],"is_beta":false,"boss_relics":[],"items_purged_floors":[14],"is_endless":false,"potions_floor_spawned":[2,5,12,15],"killed_by":"DF_ARCHETYPE_STREAMLINE","ascension_level":0}}