{"host":"yrtk68ixj64vhhh3","time":1612780505,"event":{"mods":["2.2 Compatiblity","AchievementEnabler","Aspiration","BaseMod","Better Altar","Better Match","Better Note","Better Silent Start","Better Skull","Better Third Choice","Colored Map","Colored Powertips","Conspire","Dio Mod","Downfall","Energized Spire","Hubris","Infinite Spire","Minty Spire (QoL Compilation)","Prisma Mod","RNG Fix","Random Character Button","Random Character Mod","Reliquary","StSLib","Steal the Spire","Td1madao Mod","The Animator","The Bug Knight","The Mystic","The Poker Player","The Wild Card","TheBandit","TheHero"],"gold_per_floor":[109,120,120,131,131,131,166,183,264,33,33,45,45,57,57,160,160,171,191,191,290,290,290,306,317,341,341,96,96,96,96],"floor_reached":30,"language":"ENG","playtime":2390,"items_purged":[],"score":230,"play_id":"1eac8f3b-271e-4211-b73b-508162dc0453","local_time":"20210208233505","is_ascension_mode":false,"campfire_choices":[{"floor":6,"key":"REST"},{"floor":13,"key":"REST"},{"data":"mysticmod:Dedication","floor":15,"key":"SMITH"},{"data":"mysticmod:GeminiForm","floor":23,"key":"SMITH"},{"floor":27,"key":"REST"},{"floor":29,"key":"REST"}],"circlet_count":0,"master_deck":["mysticmod:Strike_Mystic","mysticmod:Strike_Mystic","mysticmod:Strike_Mystic","mysticmod:Strike_Mystic","mysticmod:Defend_Mystic","mysticmod:Defend_Mystic","mysticmod:Defend_Mystic","mysticmod:Defend_Mystic","mysticmod:ArcaneDodge","mysticmod:ShockingGrasp+1","mysticmod:Sideswipe","mysticmod:Riposte","mysticmod:Daze","Genetic Algorithm","mysticmod:VorpalThrust","mysticmod:CorrosiveTouch","mysticmod:BladedDash","Madness","mysticmod:Dedication+1","Regret","mysticmod:Doublecast","mysticmod:EbbAndFlow","mysticmod:GeminiForm+1","mysticmod:TomeOfSpells","mysticmod:Snowball","mysticmod:LightningBolt","mysticmod:StyleChange","mysticmod:ArcaneAccuracy","Madness","mysticmod:PowerAttack"],"relics":["mysticmod:SpellBook","hubris:Towel","hubris:FoxTail","Vajra","hubris:PeanutButter","Oddly Smooth Stone","mysticmod:DeckOfManyThings","MutagenicStrength","infinitespire:Beetle Shell"],"acts_visited":["Exordium","TheCity"],"potions_floor_usage":[16,16,16,30],"damage_taken":[{"damage":1,"enemies":"Jaw Worm","floor":1,"turns":4},{"damage":0,"enemies":"conspire:RoseBush","floor":2,"turns":2},{"damage":0,"enemies":"Cultist","floor":4,"turns":3},{"damage":32,"enemies":"Lagavulin","floor":7,"turns":8},{"damage":1,"enemies":"3 Louse","floor":8,"turns":4},{"damage":9,"enemies":"Large Slime","floor":12,"turns":6},{"damage":0,"enemies":"Blue Slaver","floor":14,"turns":4},{"damage":15,"enemies":"The Guardian","floor":16,"turns":11},{"damage":10,"enemies":"conspire:FuzzyDice","floor":18,"turns":7},{"damage":5,"enemies":"Chosen","floor":19,"turns":6},{"damage":14,"enemies":"Centurion and Healer","floor":24,"turns":8},{"damage":41,"enemies":"Shelled Parasite and Fungi","floor":25,"turns":6},{"damage":65,"enemies":"Slavers","floor":30,"turns":3}],"seed_played":"-6065172233350696098","potions_obtained":[{"floor":4,"key":"ColorlessPotion"},{"floor":7,"key":"SpeedPotion"},{"floor":14,"key":"Dexterity Potion"},{"floor":16,"key":"Block Potion"},{"floor":24,"key":"bronze:BurnAndBuffPotion"},{"floor":25,"key":"BlessingOfTheForge"}],"is_trial":false,"path_per_floor":["M","M","?","M","?","R","E","M","T","$","?","M","R","M","R","B",null,"M","M","?","?","?","R","M","M","T","R","$","R","E"],"character_chosen":"MYSTIC_CLASS","items_purchased":["mysticmod:BladedDash","Madness","mysticmod:Dedication","mysticmod:ArcaneAccuracy","Madness","mysticmod:PowerAttack"],"campfire_rested":4,"item_purchase_floors":[10,10,10,28,28,28],"current_hp_per_floor":[76,76,76,76,50,73,41,40,40,40,40,31,54,54,54,39,77,67,62,62,62,62,62,48,7,7,30,30,53,0,0],"gold":96,"neow_bonus":"UPGRADE_CARD","is_daily":false,"chose_seed":false,"campfire_upgraded":2,"win_rate":0.0,"timestamp":1612780505,"path_taken":["M","?","?","?","?","R","E","M","T","$","?","M","R","M","R","BOSS","M","M","?","?","?","R","M","?","T","R","$","R","E"],"items_purchased_type":["Card","Card","Card","Card","Card","Card"],"build_version":"2020-12-22","purchased_purges":0,"victory":false,"max_hp_per_floor":[77,77,77,77,77,77,77,77,77,77,77,77,77,77,77,77,77,77,77,77,77,77,77,77,77,77,77,77,77,77,77],"card_choices":[{"not_picked":["mysticmod:Grapple","mysticmod:PureInstinct"],"picked":"mysticmod:Sideswipe","floor":1},{"not_picked":["mysticmod:FloatingDisk","mysticmod:Probe"],"picked":"mysticmod:Riposte","floor":2},{"not_picked":["mysticmod:FiveFootStep","mysticmod:Grapple"],"picked":"mysticmod:Daze","floor":4},{"not_picked":["mysticmod:Shield","mysticmod:Probe"],"picked":"mysticmod:VorpalThrust","floor":7},{"not_picked":["mysticmod:Probe","mysticmod:HunkerDown"],"picked":"mysticmod:CorrosiveTouch","floor":8},{"not_picked":["mysticmod:Grapple","mysticmod:IllusionOfCalm"],"picked":"mysticmod:Doublecast","floor":12},{"not_picked":["mysticmod:Stoneskin","mysticmod:CorrosiveTouch"],"picked":"mysticmod:EbbAndFlow","floor":14},{"not_picked":["mysticmod:Spellstrike","mysticmod:KnowledgePool"],"picked":"mysticmod:GeminiForm","floor":16},{"not_picked":["mysticmod:Shield","mysticmod:Disengage"],"picked":"mysticmod:TomeOfSpells","floor":18},{"not_picked":["mysticmod:Fireball","mysticmod:BladedDash+1"],"picked":"mysticmod:Snowball","floor":19},{"not_picked":["mysticmod:PreparedCaster","mysticmod:Riposte+1"],"picked":"mysticmod:LightningBolt","floor":24},{"not_picked":["mysticmod:CorrosiveTouch","mysticmod:SpellCombat"],"picked":"mysticmod:StyleChange","floor":25}],"player_experience":785573,"relics_obtained":[{"floor":7,"key":"Vajra"},{"floor":9,"key":"hubris:PeanutButter"},{"floor":26,"key":"infinitespire:Beetle Shell"}],"event_choices":[{"damage_healed":0,"gold_gain":0,"player_choice":"Box","damage_taken":0,"relics_obtained":["Oddly Smooth Stone"],"max_hp_gain":0,"max_hp_loss":0,"event_name":"Big Fish","floor":11,"gold_loss":0,"cards_obtained":["Regret"]},{"damage_healed":0,"gold_gain":0,"player_choice":"Ignored","damage_taken":0,"max_hp_gain":0,"max_hp_loss":0,"event_name":"betterNote:BetterNote","floor":20,"gold_loss":0,"cards_obtained":["PrismaMod:MiyuCheapChannelHeal"]},{"damage_healed":0,"gold_gain":99,"player_choice":"Steal","damage_taken":0,"max_hp_gain":0,"max_hp_loss":0,"event_name":"betterThird:BetterNest","floor":21,"gold_loss":0},{"damage_healed":0,"gold_gain":0,"player_choice":"Inject Mutagens","damage_taken":0,"relics_obtained":["MutagenicStrength"],"max_hp_gain":0,"max_hp_loss":0,"event_name":"Drug Dealer","floor":22,"gold_loss":0}],"is_beta":false,"boss_relics":[{"not_picked":["Tiny House","hubris:GrandSneckoEye"],"picked":"mysticmod:DeckOfManyThings"}],"items_purged_floors":[],"is_endless":false,"potions_floor_spawned":[4,7,14,16,24,25],"killed_by":"Slavers","ascension_level":0}}