{"host":"42037lo9e0pj78nv","time":1612758544,"event":{"mods":["AchievementEnabler","BaseMod","Downfall","Hermit","Highlight Path","Minty Spire (QoL Compilation)","Replay The Spire","Robot Space Explorer","Shop Mod","StSLib","The Marked","The Necromancer"],"gold_per_floor":[117,117,136,136,152,152,168,186,213,213,233,278,278,243,243,348,348,368,467,467,526,538,538,538,538,538,548,548,648,662,662,662,681,681,681,681],"floor_reached":35,"language":"ENG","playtime":2993,"items_purged":[],"score":247,"play_id":"a9905cd8-ec8b-490a-b26a-67d997c2d9f0","local_time":"20210207202904","is_ascension_mode":false,"campfire_choices":[{"floor":6,"key":"RECALL"},{"floor":10,"key":"REST"},{"data":"theMarked:SoldierOfQuellstein","floor":13,"key":"SMITH"},{"data":"theMarked:SwordAndMagic","floor":15,"key":"SMITH"},{"floor":23,"key":"REST"},{"data":"ReplayTheSpireMod:Faulty Equipment","floor":25,"key":"SMITH"},{"floor":28,"key":"REST"},{"floor":34,"key":"REST"}],"circlet_count":0,"master_deck":["theMarked:Strike","theMarked:Strike+1","theMarked:Strike","theMarked:Strike","theMarked:Defend","theMarked:Defend","theMarked:Defend","theMarked:Defend","theMarked:SoldierOfQuellstein+1","theMarked:EmpowerWeapon","theMarked:ChainLightning","theMarked:Electrify","theMarked:SwordAndMagic+1","theMarked:Parry","theMarked:StartUp","theMarked:Aftermath","theMarked:ThrowWeapon","Replay:Hysterical Blindness","downfall:Bewildered","theMarked:WastefulAttack","Decay","ReplayTheSpireMod:Splinters","theMarked:WardOff+1","theMarked:RepellingDischarge","theMarked:HeightenedSenses","theMarked:Improvise+1","theMarked:Electrocute","theMarked:KeepCalmAndFight"],"relics":["theMarked:ArtifactOfAir","Orichalcum","Replay:Ancient Bell","Replay:Baseball","Mercury Hourglass","Du-Vu Doll","Juzu Bracelet","Frozen Egg 2","theMarked:Gun"],"acts_visited":["Exordium","TheCity"],"potions_floor_usage":[16,16,16,27,35],"damage_taken":[{"damage":1,"enemies":"Jaw Worm","floor":1,"turns":4},{"damage":0,"enemies":"2 Louse","floor":3,"turns":2},{"damage":0,"enemies":"Cultist","floor":5,"turns":3},{"damage":16,"enemies":"Lots of Slimes","floor":7,"turns":4},{"damage":6,"enemies":"Exordium Wildlife","floor":8,"turns":3},{"damage":14,"enemies":"3 Louse","floor":11,"turns":3},{"damage":37,"enemies":"Hexaghost","floor":16,"turns":7},{"damage":26,"enemies":"3 Byrds","floor":18,"turns":4},{"damage":0,"enemies":"Spheric Guardian","floor":22,"turns":3},{"damage":19,"enemies":"Snake Plant","floor":27,"turns":3},{"damage":6,"enemies":"Chosen and Byrds","floor":30,"turns":5},{"damage":7,"enemies":"Snecko","floor":33,"turns":3},{"damage":107,"enemies":"Collector","floor":35,"turns":6}],"seed_played":"7262355505305347488","potions_obtained":[{"floor":3,"key":"Block Potion"},{"floor":5,"key":"Elixir"},{"floor":8,"key":"SkillPotion"},{"floor":21,"key":"Adrenaline Potion"},{"floor":30,"key":"PowerPotion"}],"is_trial":false,"path_per_floor":["M","?","M","?","M","R","M","M","T","R","M","T","R","?","R","B",null,"M","?","?","?","M","R","T","R","T","M","R","?","M","PTL","PTL","M","R","B"],"character_chosen":"THE_DEFAULT","items_purchased":[],"campfire_rested":4,"item_purchase_floors":[],"current_hp_per_floor":[76,76,76,76,76,76,60,54,54,77,63,63,63,77,77,40,77,51,51,51,51,51,74,74,74,74,55,77,77,71,71,71,64,77,0,0],"gold":681,"neow_bonus":"TEN_PERCENT_HP_BONUS","is_daily":false,"chose_seed":false,"campfire_upgraded":3,"win_rate":0.0,"timestamp":1612758544,"path_taken":["M","?","M","?","?","R","?","M","T","R","M","?","R","?","R","BOSS","M","?","?","?","M","R","?","R","T","M","R","?","M","PTL","PTL","M","R","BOSS"],"items_purchased_type":[],"build_version":"2020-12-22","purchased_purges":0,"victory":false,"max_hp_per_floor":[77,77,77,77,77,77,77,77,77,77,77,77,77,77,77,77,77,77,77,77,77,77,77,77,77,77,77,77,77,77,77,77,77,77,77,77],"card_choices":[{"not_picked":["theMarked:TakeCover","theMarked:Reabsorb"],"picked":"theMarked:EmpowerWeapon","floor":1},{"not_picked":["theMarked:SwordAndMagic","theMarked:Memento"],"picked":"theMarked:ChainLightning","floor":3},{"not_picked":["theMarked:Memento","theMarked:TurnInvisible"],"picked":"theMarked:SwordAndMagic","floor":5},{"not_picked":["theMarked:TakeCover","theMarked:Frustration"],"picked":"theMarked:Parry","floor":7},{"not_picked":["theMarked:Determination","theMarked:WastefulAttack"],"picked":"theMarked:StartUp","floor":8},{"not_picked":["theMarked:Convert","theMarked:Overthink"],"picked":"theMarked:Aftermath","floor":11},{"not_picked":["theMarked:TurnInvisible","theMarked:Levitate"],"picked":"theMarked:ThrowWeapon","floor":16},{"not_picked":["Sickly","Looming Evil"],"picked":"Replay:Hysterical Blindness","floor":17},{"not_picked":["AbeCurse","Decay"],"picked":"downfall:Bewildered","floor":17},{"not_picked":["Sickly","Doubt"],"picked":"ReplayTheSpireMod:Faulty Equipment","floor":17},{"not_picked":["theMarked:Memento+1","theMarked:Overthink"],"picked":"theMarked:WastefulAttack","floor":18},{"not_picked":["theMarked:HeightenedSenses","theMarked:Toughness"],"picked":"theMarked:WardOff+1","floor":21},{"not_picked":["theMarked:TheMission","theMarked:StartUp"],"picked":"theMarked:RepellingDischarge","floor":21},{"not_picked":["theMarked:ChannelForce","theMarked:Overthink"],"picked":"theMarked:HeightenedSenses","floor":22},{"not_picked":["theMarked:ElectricStrings+1","theMarked:WardOff"],"picked":"theMarked:Improvise+1","floor":27},{"not_picked":["theMarked:PowerFlow","theMarked:ChainLightning"],"picked":"theMarked:Electrocute","floor":30},{"not_picked":["theMarked:Reabsorb","theMarked:Determination+1"],"picked":"theMarked:KeepCalmAndFight","floor":33}],"player_experience":83991,"relics_obtained":[{"floor":12,"key":"Orichalcum"},{"floor":21,"key":"Juzu Bracelet"},{"floor":24,"key":"Frozen Egg 2"},{"floor":26,"key":"theMarked:Gun"}],"event_choices":[{"damage_healed":0,"gold_gain":0,"cards_transformed":["theMarked:Strike"],"player_choice":"Transformed","damage_taken":0,"max_hp_gain":0,"max_hp_loss":0,"event_name":"Transmorgrifier","floor":4,"gold_loss":0,"cards_obtained":["theMarked:Electrify"]},{"damage_healed":19,"gold_gain":0,"player_choice":"Healed","damage_taken":0,"max_hp_gain":0,"max_hp_loss":0,"event_name":"The Cleric","floor":14,"gold_loss":35},{"damage_healed":0,"gold_gain":99,"player_choice":"Stole From Cult","damage_taken":0,"max_hp_gain":0,"max_hp_loss":0,"event_name":"Nest","floor":19,"gold_loss":0},{"damage_healed":0,"gold_gain":0,"player_choice":"Smashed Altar","damage_taken":0,"max_hp_gain":0,"max_hp_loss":0,"event_name":"Forgotten Altar","floor":20,"gold_loss":0,"cards_obtained":["Decay"]},{"damage_healed":0,"gold_gain":100,"player_choice":"Pray","damage_taken":0,"max_hp_gain":0,"max_hp_loss":0,"event_name":"Golden Shrine","floor":29,"gold_loss":0}],"is_beta":false,"boss_relics":[{"not_picked":["Runic Pyramid","Fusion Hammer"],"picked":"Replay:Ancient Bell"},{"not_picked":["MealTicket","Nunchaku"],"picked":"Replay:Baseball"},{"not_picked":["Mummified Hand","Iron Hammer"],"picked":"Mercury Hourglass"},{"not_picked":["Pocketwatch","Lizard Tail"],"picked":"Du-Vu Doll"}],"items_purged_floors":[],"is_endless":false,"potions_floor_spawned":[3,5,8,30],"killed_by":"Collector","ascension_level":0}}