{"host":"c6u7e77myxvw4d0m","time":1612789236,"event":{"mods":["AchievementEnabler","BaseMod","Bestiary","Colored Map","Colored Powertips","Minty Spire (QoL Compilation)","Rare Cards Sparkle","Relic Stats","everything is the same but u backflip on backflip"],"gold_per_floor":[214,224,35,35,54,65,90,90,90,125,137,137,152,9,9,86,386,410,442,38,54,69,69,69,102,102,102,102,2,12,38,38,38,38],"floor_reached":33,"language":"ENG","playtime":7156,"items_purged":["Strike_G","Strike_G"],"score":619,"play_id":"bb2ecc3b-cb6f-4e3a-ba8f-c80774c01178","local_time":"20210208150036","is_ascension_mode":true,"campfire_choices":[{"floor":8.0,"key":"REST"},{"data":"Footwork","floor":12.0,"key":"SMITH"},{"data":"Noxious Fumes","floor":15.0,"key":"SMITH"},{"floor":24.0,"key":"REST"},{"floor":27.0,"key":"REST"},{"floor":32,"key":"REST"}],"circlet_count":0,"master_deck":["AscendersBane","Strike_G","Strike_G","Strike_G","Defend_G","Defend_G","Defend_G","Defend_G","Defend_G","Survivor","Neutralize","Acrobatics","Poisoned Stab","Footwork+1","Cloak And Dagger","Dagger Throw","Poisoned Stab","Well Laid Plans+1","Dagger Spray","Noxious Fumes+1","Adrenaline","Dodge and Roll","Caltrops","Tools of the Trade","CurseOfTheBell","Skewer","Leg Sweep","Mayhem","Deflect+1","Dodge and Roll+1","Skewer+1","PiercingWail","Footwork"],"relics":["Ring of the Snake","Bottled Tornado","Ice Cream","Calling Bell","MawBank","White Beast Statue","Old Coin","Snake Skull","Bottled Lightning","Unceasing Top","Nloth\u0027s Gift","Mango"],"acts_visited":["Exordium","TheCity"],"potions_floor_usage":[31,31,31,33,33],"damage_taken":[{"damage":7.0,"enemies":"Small Slimes","floor":1.0,"turns":5.0},{"damage":0.0,"enemies":"Jaw Worm","floor":2.0,"turns":7.0},{"damage":0.0,"enemies":"Cultist","floor":5.0,"turns":4.0},{"damage":0.0,"enemies":"Lots of Slimes","floor":6.0,"turns":2.0},{"damage":25.0,"enemies":"Lagavulin","floor":7.0,"turns":10.0},{"damage":21.0,"enemies":"3 Sentries","floor":10.0,"turns":11.0},{"damage":12.0,"enemies":"Exordium Wildlife","floor":11.0,"turns":7.0},{"damage":1.0,"enemies":"Blue Slaver","floor":13.0,"turns":5.0},{"damage":20.0,"enemies":"The Guardian","floor":16.0,"turns":11.0},{"damage":2.0,"enemies":"3 Byrds","floor":18.0,"turns":4.0},{"damage":7.0,"enemies":"Shell Parasite","floor":19.0,"turns":8.0},{"damage":21.0,"enemies":"Centurion and Healer","floor":21.0,"turns":6.0},{"damage":26.0,"enemies":"Chosen and Byrds","floor":22.0,"turns":8.0},{"damage":18.0,"enemies":"Gremlin Leader","floor":25.0,"turns":8.0},{"damage":23.0,"enemies":"3 Cultists","floor":30.0,"turns":5.0},{"damage":1,"enemies":"Book of Stabbing","floor":31,"turns":6},{"damage":66,"enemies":"Collector","floor":33,"turns":9}],"seed_played":"2111426810109628845","potions_obtained":[{"floor":2.0,"key":"AttackPotion"},{"floor":6.0,"key":"Block Potion"},{"floor":13.0,"key":"Regen Potion"},{"floor":16.0,"key":"ColorlessPotion"},{"floor":18.0,"key":"Block Potion"},{"floor":19.0,"key":"EntropicBrew"},{"floor":21.0,"key":"SpeedPotion"},{"floor":22.0,"key":"LiquidBronze"},{"floor":25.0,"key":"Dexterity Potion"},{"floor":30,"key":"EntropicBrew"},{"floor":31,"key":"Regen Potion"}],"is_trial":false,"path_per_floor":["M","M","$","?","M","M","E","R","T","E","M","R","M","$","R","B",null,"M","M","$","M","M","?","R","E","T","R","?","$","M","E","R","B"],"character_chosen":"THE_SILENT","items_purchased":["Footwork","Cloak And Dagger","Dagger Throw","Caltrops","Fire Potion","Snake Skull","Mayhem"],"campfire_rested":4,"item_purchase_floors":[3,3,3,14,14,20,20],"current_hp_per_floor":[52,52,52,57,57,57,32,53,53,32,20,20,19,19,19,14,57,55,48,48,27,1,1,22,4,4,25,25,25,2,15,40,0,0],"gold":38,"neow_bonus":"HUNDRED_GOLD","is_daily":false,"chose_seed":false,"campfire_upgraded":2,"win_rate":0.0,"timestamp":1612789236,"path_taken":["M","M","$","?","M","M","E","R","T","E","M","R","M","$","R","BOSS","M","M","$","M","M","?","R","E","T","R","?","?","M","E","R","BOSS"],"items_purchased_type":["Card","Card","Card","Card","Potion","Relic","Card"],"build_version":"2020-12-22","purchased_purges":2,"victory":false,"max_hp_per_floor":[66,66,66,71,71,71,71,71,71,71,71,71,71,71,71,71,71,71,71,71,71,71,71,71,71,71,71,71,71,71,85,85,85,85],"relic_stats":{"counters":[17,116],"Snake Skull":[77],"Nloth\u0027s Gift":1,"MawBank":36,"obtain_stats":[{"Ice Cream":10,"Mango":31,"Snake Skull":20,"Juzu Bracelet":7,"Bottled Tornado":9,"MawBank":17,"White Beast Statue":17,"Old Coin":17,"Calling Bell":17,"Nloth\u0027s Gift":28,"Bottled Lightning":25,"Unceasing Top":26,"Ring of the Snake":0},{"Ice Cream":6,"Mango":16,"Snake Skull":11,"Juzu Bracelet":5,"Bottled Tornado":5,"MawBank":9,"White Beast Statue":9,"Old Coin":9,"Calling Bell":9,"Nloth\u0027s Gift":14,"Bottled Lightning":14,"Unceasing Top":14,"Ring of the Snake":0},{"Ice Cream":39,"Mango":107,"Snake Skull":74,"Juzu Bracelet":28,"Bottled Tornado":28,"MawBank":62,"White Beast Statue":62,"Old Coin":62,"Calling Bell":62,"Nloth\u0027s Gift":96,"Bottled Lightning":96,"Unceasing Top":96,"Ring of the Snake":0}],"Unceasing Top":[0],"Ring of the Snake":[34]},"card_choices":[{"not_picked":["Prepared","PiercingWail"],"picked":"Acrobatics","floor":1.0},{"not_picked":["Eviscerate","Acrobatics"],"picked":"Poisoned Stab","floor":2.0},{"not_picked":["Accuracy","Deadly Poison"],"picked":"Poisoned Stab","floor":5.0},{"not_picked":["Dagger Throw","Poisoned Stab"],"picked":"Well Laid Plans","floor":6.0},{"not_picked":["Caltrops","Prepared"],"picked":"Dagger Spray","floor":7.0},{"not_picked":["Tactician","PiercingWail"],"picked":"Noxious Fumes","floor":10.0},{"not_picked":["Heel Hook","Dagger Spray"],"picked":"Adrenaline","floor":11.0},{"not_picked":["Infinite Blades","Dash"],"picked":"Dodge and Roll","floor":13.0},{"not_picked":["After Image","Doppelganger"],"picked":"Tools of the Trade","floor":16.0},{"not_picked":["Sucker Punch","Tools of the Trade"],"picked":"Skewer","floor":18.0},{"not_picked":["Backflip","Footwork"],"picked":"Leg Sweep","floor":19.0},{"not_picked":["Prepared","Slice"],"picked":"Deflect+1","floor":21.0},{"not_picked":["Flying Knee","Endless Agony"],"picked":"Dodge and Roll+1","floor":22.0},{"not_picked":["Masterful Stab","Well Laid Plans"],"picked":"Skewer+1","floor":25.0},{"not_picked":["Distraction","Deadly Poison"],"picked":"PiercingWail","floor":30},{"not_picked":["Poisoned Stab","Storm of Steel"],"picked":"Footwork","floor":31}],"player_experience":720471,"relics_obtained":[{"floor":7.0,"key":"Juzu Bracelet"},{"floor":9.0,"key":"Bottled Tornado"},{"floor":10.0,"key":"Ice Cream"},{"floor":17.0,"key":"MawBank"},{"floor":17.0,"key":"White Beast Statue"},{"floor":17.0,"key":"Old Coin"},{"floor":25.0,"key":"Bottled Lightning"},{"floor":26.0,"key":"Unceasing Top"},{"floor":31,"key":"Mango"}],"event_choices":[{"damage_healed":0.0,"max_hp_gain":5.0,"max_hp_loss":0.0,"gold_gain":0.0,"event_name":"Big Fish","player_choice":"Donut","floor":4.0,"gold_loss":0.0,"damage_taken":0.0},{"damage_healed":0.0,"max_hp_gain":0.0,"max_hp_loss":0.0,"gold_gain":0.0,"event_name":"Accursed Blacksmith","player_choice":"Forge","floor":23.0,"gold_loss":0.0,"damage_taken":0.0,"cards_upgraded":["Well Laid Plans"]},{"damage_healed":0.0,"max_hp_gain":0.0,"max_hp_loss":0.0,"gold_gain":0.0,"event_name":"N\u0027loth","player_choice":"Traded Relic","floor":28.0,"relics_lost":["Juzu Bracelet"],"gold_loss":0.0,"damage_taken":0.0,"relics_obtained":["Nloth\u0027s Gift"]}],"is_beta":false,"boss_relics":[{"not_picked":["SlaversCollar","Ring of the Serpent"],"picked":"Calling Bell"}],"items_purged_floors":[20,29],"is_endless":false,"potions_floor_spawned":[2,6,13,16,18,19,21,22,25,30,31],"killed_by":"Collector","ascension_level":20}}