{"host":"y1oqg7uy0jc6f5mb","time":1612787699,"event":{"mods":["AchievementEnabler","BaseMod","Better Altar","Better Match","Better Note","Better Sensory Stone","Better Skull","Better Third Choice","BetterRewards","Colored Map","Colored Powertips","Displayed Cursed Tome","Downfall","Highlight Path","Minty Spire (QoL Compilation)","Permanent Neow","Quick Restart","Relic Stats","Replay The Spire","Shop Mod","Smile Girya","StSLib"],"gold_per_floor":[99,116,136,155,155,55,79,154,154,11,44,29,29,56,73,171,171,71,11,111,123,135,160,160,178,204,220,220,220,220,12,22,126,126,126,141,141,141,156,156,156,203,216,21,21,21,50,65,76,76],"floor_reached":51,"language":"ENG","playtime":4265,"items_purged":["downfall:Malfunctioning","Slimebound:Strike_Slimebound","Slimebound:Strike_Slimebound+1"],"score":873,"play_id":"a28278a4-f941-4c6a-80e1-c529c4a390bb","local_time":"20210208203459","is_ascension_mode":true,"campfire_choices":[{"floor":1.0,"key":"RECALL"},{"data":"Sadistic Nature","floor":6.0,"key":"SMITH"},{"data":"Slimebound:Split","floor":9.0,"key":"SMITH"},{"data":"Slimebound:RainOfGoop","floor":18.0,"key":"SMITH"},{"data":"Apotheosis","floor":28.0,"key":"SMITH"},{"data":"Slimebound:Grow","floor":30.0,"key":"SMITH"},{"data":"Slimebound:ItLooksTasty","floor":35.0,"key":"SMITH"},{"data":"Slimebound:AcidTongue","floor":40.0,"key":"SMITH"}],"circlet_count":0,"master_deck":["Slimebound:Tackle","Slimebound:Defend_Slimebound","Slimebound:Defend_Slimebound+1","Slimebound:Defend_Slimebound","Slimebound:Defend_Slimebound","Slimebound:Split+1","Slimebound:CorrosiveSpit+1","Sadistic Nature+1","Slimebound:RollThrough","Slimebound:RainOfGoop+1","Slimebound:Repurpose","Slimebound:PressTheAttack","Slimebound:Schlurp","Slimebound:GrowthPunch","Slimebound:GoopSpray","Slimebound:HungryTackle","Slimebound:ComboTackle","Slimebound:LivingWall","Slimebound:LeechLife","Apotheosis+1","Slimebound:AcidTongue+1","Slimebound:HungryTackle","Slimebound:Schlurp","Slimebound:SplitMire+1","Slimebound:Grow+1","Slimebound:GoopSpray","Slimebound:Gluttony","Slimebound:LeechingTouch+1","Slimebound:RainOfGoop","Slimebound:ItLooksTasty+1","Slimebound:SlimeSlap","Slimebound:Prepare","Slimebound:GoopSpray+1","Slimebound:RejuvenatingLick+1","Slimebound:Schlurp+1","Slimebound:SplitBruiser+1","Panacea","Forethought","Slimebound:SplitAcid+1","Slimebound:BestDefense+1"],"relics":["Slimebound:AbsorbEndCombat","downfall:HeartBlessingRed","Omamori","ReplayTheSpireMod:TigerMarble","Replay:Bottled Steam","Runic Dome","downfall:HeartBlessingGreen","Toy Ornithopter","Pantograph","Letter Opener","Ornamental Fan","Iron Hammer","Coffee Dripper","Blue Doll","Thread and Needle","Replay:Wax Seal","Slimebound:SelfDamagePreventRelic","Bottled Lightning"],"acts_visited":["Exordium","TheCity","TheBeyond"],"potions_floor_usage":[47],"damage_taken":[{"damage":4.0,"enemies":"2 Louse","floor":2.0,"turns":3.0},{"damage":5.0,"enemies":"Jaw Worm","floor":3.0,"turns":4.0},{"damage":0.0,"enemies":"Cultist","floor":4.0,"turns":2.0},{"damage":0.0,"enemies":"downfall:FleeingMerchant","floor":10.0,"turns":4.0},{"damage":4.0,"enemies":"Replay:BlueRogue","floor":11.0,"turns":3.0},{"damage":11.0,"enemies":"downfall:FleeingMerchant","floor":12.0,"turns":4.0},{"damage":5.0,"enemies":"3 Sentries","floor":14.0,"turns":3.0},{"damage":4.0,"enemies":"Red Slaver","floor":15.0,"turns":2.0},{"damage":18.0,"enemies":"WA_ARCHETYPE_RETAIN","floor":16.0,"turns":5.0},{"damage":23.0,"enemies":"downfall:FleeingMerchant","floor":19.0,"turns":4.0},{"damage":10.0,"enemies":"downfall:LadyInBlue","floor":20.0,"turns":7.0},{"damage":3.0,"enemies":"Shell Parasite","floor":21.0,"turns":2.0},{"damage":4.0,"enemies":"Spheric Guardian","floor":22.0,"turns":3.0},{"damage":17.0,"enemies":"Gremlin Leader","floor":23.0,"turns":4.0},{"damage":26.0,"enemies":"Centurion and Healer","floor":25.0,"turns":4.0},{"damage":10.0,"enemies":"Slavers","floor":26.0,"turns":4.0},{"damage":20.0,"enemies":"Shelled Parasite and Fungi","floor":27.0,"turns":3.0},{"damage":10.0,"enemies":"Snecko","floor":32.0,"turns":4.0},{"damage":25.0,"enemies":"DF_ARCHETYPE_CLAW","floor":33.0,"turns":6.0},{"damage":0.0,"enemies":"Orb Walker","floor":36.0,"turns":3.0},{"damage":0.0,"enemies":"Orb Walker","floor":37.0,"turns":3.0},{"damage":15.0,"enemies":"3 Darklings","floor":39.0,"turns":6.0},{"damage":33.0,"enemies":"2 Orb Walkers","floor":42.0,"turns":3.0},{"damage":0.0,"enemies":"Sphere and 2 Shapes","floor":43.0,"turns":3.0},{"damage":14,"enemies":"Reptomancer","floor":47,"turns":4},{"damage":0,"enemies":"Jaw Worm Horde","floor":48,"turns":3},{"damage":21,"enemies":"Spire Growth","floor":49,"turns":5},{"damage":64,"enemies":"SI_POISON_ARCHETYPE","floor":50,"turns":5}],"seed_played":"-2112051838320363491","potions_obtained":[{"floor":3.0,"key":"hexamod:SoulburnPotion"},{"floor":4.0,"key":"Energy Potion"},{"floor":14.0,"key":"Dexterity Potion"},{"floor":15.0,"key":"Elixir"},{"floor":20.0,"key":"Toxic Potion"},{"floor":20.0,"key":"EntropicBrew"},{"floor":20.0,"key":"Reflective Coating"},{"floor":23.0,"key":"Dexterity Potion"},{"floor":27.0,"key":"Elixir"},{"floor":33.0,"key":"Death Potion"},{"floor":37.0,"key":"DuplicationPotion"},{"floor":42.0,"key":"Weak Potion"},{"floor":47,"key":"Block Potion"}],"is_trial":false,"path_per_floor":["R_BF","M","M","M","?","R","T","?","R","$","E","$","?","E","M","B",null,"R","$","?","M","M","E","T","M","E","M","R","?","R","$","M","B",null,"R","M","?","?","M","R","T","?","M","$","?","?","E","M","M","B",null],"character_chosen":"SLIMEBOUND","items_purchased":["Slimebound:Schlurp","Apotheosis","Slimebound:AcidTongue","Slimebound:HungryTackle","Slimebound:RainOfGoop","Slimebound:ItLooksTasty","Replay:Wax Seal","Slimebound:SelfDamagePreventRelic"],"campfire_rested":0,"item_purchase_floors":[10,19,19,19,31,31,44,44],"current_hp_per_floor":[47,47,44,48,48,48,48,48,48,54,56,53,53,50,46,36,65,65,44,65,64,63,48,48,35,60,46,46,46,46,46,47,42,65,65,65,65,65,54,54,54,34,50,50,50,50,49,57,42,24],"gold":76,"neow_bonus":"RANDOM_COLORLESS_2","is_daily":false,"chose_seed":false,"campfire_upgraded":7,"win_rate":0.0,"timestamp":1612787699,"path_taken":["R_BF","M","M","M","?","R","T","?","R","$","E","$","?","E","M","BOSS","R","$","?","M","?","E","T","M","E","M","R","?","R","$","M","BOSS","R","M","?","?","M","R","T","?","?","$","?","?","E","M","M","BOSS"],"items_purchased_type":["Card","Card","Card","Card","Card","Card","Relic","Relic"],"build_version":"2020-12-22","purchased_purges":3,"victory":true,"max_hp_per_floor":[65,65,65,65,65,65,65,65,65,65,65,65,65,65,65,65,65,65,65,65,65,65,65,65,65,65,65,65,65,65,65,65,65,65,65,65,65,65,65,65,65,65,65,65,65,65,65,65,65,65],"relic_stats":{"counters":[28,105],"Ornamental Fan":[24],"Pantograph":41,"Letter Opener":[427],"obtain_stats":[{"Slimebound:SelfDamagePreventRelic":44,"downfall:HeartBlessingRed":6,"downfall:HeartBlessingGreen":18,"Blue Doll":41,"Thread and Needle":42,"Omamori":7,"Letter Opener":24,"Runic Dome":17,"Ornamental Fan":26,"Pantograph":23,"Iron Hammer":29,"Slimebound:AbsorbEndCombat":0,"ReplayTheSpireMod:TigerMarble":11,"Coffee Dripper":34,"Bottled Lightning":47,"Replay:Wax Seal":44,"Toy Ornithopter":20,"Replay:Bottled Steam":14},{"Slimebound:SelfDamagePreventRelic":24,"downfall:HeartBlessingRed":3,"downfall:HeartBlessingGreen":9,"Blue Doll":22,"Thread and Needle":23,"Omamori":3,"Letter Opener":14,"Runic Dome":9,"Ornamental Fan":16,"Pantograph":14,"Iron Hammer":17,"Slimebound:AbsorbEndCombat":0,"ReplayTheSpireMod:TigerMarble":5,"Coffee Dripper":19,"Bottled Lightning":25,"Replay:Wax Seal":24,"Toy Ornithopter":11,"Replay:Bottled Steam":7},{"Slimebound:SelfDamagePreventRelic":88,"downfall:HeartBlessingRed":9,"downfall:HeartBlessingGreen":30,"Blue Doll":82,"Thread and Needle":85,"Omamori":9,"Letter Opener":50,"Runic Dome":30,"Ornamental Fan":57,"Pantograph":50,"Iron Hammer":60,"Slimebound:AbsorbEndCombat":0,"ReplayTheSpireMod:TigerMarble":16,"Coffee Dripper":70,"Bottled Lightning":92,"Replay:Wax Seal":88,"Toy Ornithopter":41,"Replay:Bottled Steam":23}],"Toy Ornithopter":32},"card_choices":[{"not_picked":["Secret Weapon","ReplayTheSpireMod:Necrogeddon"],"picked":"Sadistic Nature","floor":0.0},{"not_picked":["Slimebound:GrowthPunch","Slimebound:HauntingLick"],"picked":"Slimebound:RollThrough","floor":2.0},{"not_picked":["Slimebound:SplitAcid","Slimebound:ComboTackle"],"picked":"Slimebound:RainOfGoop","floor":3.0},{"not_picked":["Slimebound:Chomp","Slimebound:GoopTackle"],"picked":"Slimebound:Repurpose","floor":4.0},{"not_picked":["Slimebound:RollThrough","Slimebound:FinishingTackle"],"picked":"Slimebound:PressTheAttack","floor":10.0},{"not_picked":["Slimebound:DisruptingSlam","Slimebound:Chomp"],"picked":"Slimebound:GrowthPunch","floor":11.0},{"not_picked":["Slimebound:SlimeSpikes","Slimebound:LeechingTouch"],"picked":"Slimebound:GoopSpray","floor":12.0},{"not_picked":["Slimebound:DuplicatedForm","Slimebound:Replication"],"picked":"Slimebound:ComboTackle","floor":14.0},{"not_picked":["Slimebound:LeechingTouch","Slimebound:SplitBruiser"],"picked":"Slimebound:LivingWall","floor":15.0},{"not_picked":["Slimebound:FirmFortitude","Slimebound:RallyTheTroops"],"picked":"Slimebound:LeechLife","floor":16.0},{"not_picked":["Slimebound:HauntingLick","Slimebound:PressTheAttack","Slimebound:LeechEnergy"],"picked":"SKIP","floor":19.0},{"not_picked":["Slimebound:ViciousTackle","Slimebound:LeechEnergy"],"picked":"Slimebound:Schlurp","floor":20.0},{"not_picked":["Slimebound:Schlurp","Slimebound:LeechEnergy"],"picked":"Slimebound:SplitMire+1","floor":21.0},{"not_picked":["Slimebound:SplitLeeching","Slimebound:HungryTackle"],"picked":"Slimebound:FinishingTackle+1","floor":22.0},{"not_picked":["Slimebound:SlimeSpikes","Slimebound:SplitSpecialist+1"],"picked":"Slimebound:Grow","floor":23.0},{"not_picked":["Slimebound:LeechEnergy+1","Slimebound:MegaLick+1"],"picked":"Slimebound:GoopSpray","floor":25.0},{"not_picked":["Slimebound:FlameTackle","Slimebound:SplitMire"],"picked":"Slimebound:Gluttony","floor":26.0},{"not_picked":["Slimebound:ComboTackle","Slimebound:GrowthPunch"],"picked":"Slimebound:LeechingTouch+1","floor":27.0},{"not_picked":["Slimebound:SlimeBrawl","Slimebound:Nibble","Slimebound:SplitMire"],"picked":"SKIP","floor":32.0},{"not_picked":["Slimebound:CheckThePlaybook","Slimebound:SelfFormingGoo"],"picked":"Slimebound:SlimeSlap","floor":33.0},{"not_picked":["Slimebound:BestDefense","Slimebound:PressTheAttack"],"picked":"Slimebound:Prepare","floor":36.0},{"not_picked":["Slimebound:FinishingTackle","Slimebound:SplitBruiser"],"picked":"Slimebound:GoopSpray+1","floor":37.0},{"not_picked":["Slimebound:Schlurp","Slimebound:TongueLash"],"picked":"Slimebound:RejuvenatingLick+1","floor":39.0},{"not_picked":["Slimebound:ProtectTheBoss+1","Slimebound:GoopTackle+1"],"picked":"Slimebound:Schlurp+1","floor":42.0},{"not_picked":["Slimebound:ServeAndProtect+1","Slimebound:SamplingLick"],"picked":"Slimebound:SplitBruiser+1","floor":43.0},{"not_picked":["Specialist","Magnetism"],"picked":"Panacea","floor":46.0},{"not_picked":["Jack Of All Trades","Survey Options"],"picked":"Forethought","floor":46.0},{"not_picked":["Slimebound:LeechEnergy","Slimebound:GoopSpray+1","Slimebound:Schlurp"],"picked":"SKIP","floor":47},{"not_picked":["Slimebound:HauntingLick+1","Slimebound:Schlurp+1"],"picked":"Slimebound:SplitAcid+1","floor":48},{"not_picked":["Slimebound:LeechEnergy","Slimebound:SplitBruiser+1"],"picked":"Slimebound:BestDefense+1","floor":49}],"player_experience":404725,"relics_obtained":[{"floor":7.0,"key":"Omamori"},{"floor":11.0,"key":"ReplayTheSpireMod:TigerMarble"},{"floor":14.0,"key":"Replay:Bottled Steam"},{"floor":20.0,"key":"Toy Ornithopter"},{"floor":23.0,"key":"Pantograph"},{"floor":24.0,"key":"Letter Opener"},{"floor":26.0,"key":"Ornamental Fan"},{"floor":41.0,"key":"Blue Doll"},{"floor":42.0,"key":"Thread and Needle"},{"floor":47,"key":"Bottled Lightning"}],"event_choices":[{"damage_healed":0.0,"max_hp_gain":0.0,"max_hp_loss":0.0,"gold_gain":0.0,"event_name":"Mysterious Sphere","player_choice":"Fight","floor":42.0,"gold_loss":0.0,"damage_taken":0.0},{"cards_removed":["Slimebound:FinishingTackle"],"damage_healed":0.0,"max_hp_gain":0.0,"max_hp_loss":0.0,"gold_gain":0.0,"event_name":"Falling","player_choice":"Removed Attack","floor":45.0,"gold_loss":0.0,"damage_taken":0.0},{"damage_healed":0.0,"max_hp_gain":0.0,"max_hp_loss":0.0,"gold_gain":3.0,"event_name":"betterStone:BetterStone","player_choice":"1","floor":46.0,"gold_loss":0.0,"damage_taken":0.0}],"is_beta":false,"boss_relics":[{"not_picked":["SacredBark","Tiny House"],"picked":"Runic Dome"},{"not_picked":["Replay:Wanted Poster","Replay:Ancient Bell"],"picked":"Coffee Dripper"}],"items_purged_floors":[10,19,31],"is_endless":false,"potions_floor_spawned":[3,4,14,15,20,22,23,27,33,37,42,47,49],"ascension_level":2}}