{"host":"aelxjre69umlx7r4","time":1612817746,"event":{"mods":["AchievementEnabler","BaseMod","Colored Map","DeckTracker","Highlight Path","Keyboard Shortcuts","Minty Spire (QoL Compilation)","Permanent Neow","SuperFastMode"],"gold_per_floor":[116,291,291,291,304,338,338,377,377,377,377,227,227,240,240,370,370,391,44,68,88,106,141,141,141,141,24,367,367,367,367],"floor_reached":30,"language":"KOR","playtime":2015,"items_purged":["Strike_G","Strike_G"],"score":340,"play_id":"07b3777b-fc54-4d3d-9fbf-39498b86783b","local_time":"20210209055546","is_ascension_mode":true,"campfire_choices":[{"floor":7.0,"key":"REST"},{"data":"After Image","floor":10.0,"key":"SMITH"},{"floor":13.0,"key":"REST"},{"data":"Accuracy","floor":15.0,"key":"SMITH"},{"data":"Night Terror","floor":24.0,"key":"SMITH"}],"circlet_count":0,"master_deck":["Defend_G","Defend_G","Defend_G","Defend_G","Defend_G","Survivor","Neutralize","After Image+1","Blade Dance","Choke","Blade Dance","Accuracy+1","PiercingWail","Night Terror+1","Noxious Fumes+1","Escape Plan+1","Infinite Blades+1","Cloak And Dagger+1","PiercingWail","Footwork+1","Phantasmal Killer","Accuracy","Cloak And Dagger+1"],"relics":["Ring of the Snake","Golden Idol","Letter Opener","InkBottle","Mercury Hourglass","Astrolabe","Singing Bowl","The Courier","Kunai","Old Coin"],"acts_visited":["Exordium","TheCity"],"potions_floor_usage":[28,28],"damage_taken":[{"damage":3.0,"enemies":"Jaw Worm","floor":1.0,"turns":5.0},{"damage":2.0,"enemies":"Small Slimes","floor":5.0,"turns":4.0},{"damage":13.0,"enemies":"3 Sentries","floor":6.0,"turns":7.0},{"damage":34.0,"enemies":"Gremlin Nob","floor":8.0,"turns":5.0},{"damage":0.0,"enemies":"2 Louse","floor":14.0,"turns":2.0},{"damage":0.0,"enemies":"Slime Boss","floor":16.0,"turns":5.0},{"damage":3.0,"enemies":"Chosen","floor":18.0,"turns":4.0},{"damage":5.0,"enemies":"Spheric Guardian","floor":20.0,"turns":4.0},{"damage":5.0,"enemies":"Centurion and Healer","floor":21.0,"turns":5.0},{"damage":8.0,"enemies":"Snake Plant","floor":22.0,"turns":4.0},{"damage":20.0,"enemies":"Book of Stabbing","floor":23.0,"turns":6.0},{"damage":20,"enemies":"Slavers","floor":28,"turns":6},{"damage":17,"enemies":"Book of Stabbing","floor":30,"turns":4}],"seed_played":"-8920326807250484934","potions_obtained":[{"floor":5.0,"key":"SpeedPotion"},{"floor":16.0,"key":"PowerPotion"},{"floor":18.0,"key":"GamblersBrew"}],"is_trial":false,"path_per_floor":["M","?","?","?","M","E","R","E","T","R","?","$","R","M","R","B",null,"M","$","M","M","M","E","R","?","T","$","E","?","E"],"character_chosen":"THE_SILENT","items_purchased":["Accuracy","Singing Bowl","Phantasmal Killer","Accuracy"],"campfire_rested":2,"item_purchase_floors":[12,19,27,27],"current_hp_per_floor":[67,67,60,43,41,28,49,15,15,15,15,15,36,36,36,36,70,67,67,62,57,51,33,33,33,33,33,15,15,0,0],"gold":367,"neow_bonus":"ONE_RANDOM_RARE_CARD","is_daily":false,"chose_seed":false,"campfire_upgraded":3,"win_rate":0.0,"timestamp":1612817746,"path_taken":["M","?","?","?","M","E","R","E","T","R","?","?","R","?","R","BOSS","M","$","M","M","M","E","R","?","T","?","E","?","E"],"items_purchased_type":["Card","Relic","Card","Card"],"build_version":"2020-12-22","purchased_purges":2,"victory":false,"max_hp_per_floor":[70,70,70,70,70,70,70,70,70,70,70,70,70,70,70,70,70,70,70,70,70,72,74,74,74,74,74,76,76,76,76],"card_choices":[{"not_picked":["Dagger Throw","Heel Hook"],"picked":"Blade Dance","floor":1.0},{"not_picked":["Acrobatics","Blade Dance"],"picked":"Choke","floor":5.0},{"not_picked":["Quick Slash","Flechettes","Catalyst"],"picked":"SKIP","floor":6.0},{"not_picked":["Expertise","Slice"],"picked":"Blade Dance","floor":8.0},{"not_picked":["Expertise","Outmaneuver"],"picked":"PiercingWail","floor":14.0},{"not_picked":["Glass Knife","Bullet Time"],"picked":"Night Terror","floor":16.0},{"not_picked":["Blade Dance+1","Infinite Blades+1"],"picked":"Cloak And Dagger+1","floor":18.0},{"not_picked":["All Out Attack","Dodge and Roll"],"picked":"PiercingWail","floor":20.0},{"not_picked":["Bane","Heel Hook"],"picked":"Footwork","floor":21.0},{"not_picked":["Bouncing Flask","Endless Agony","All Out Attack"],"picked":"Singing Bowl","floor":22.0},{"not_picked":["Dagger Throw","Dagger Spray+1","Sucker Punch"],"picked":"Singing Bowl","floor":23.0},{"not_picked":["Outmaneuver","Heel Hook","Skewer"],"picked":"Singing Bowl","floor":28}],"player_experience":414252,"relics_obtained":[{"floor":6.0,"key":"Letter Opener"},{"floor":8.0,"key":"InkBottle"},{"floor":9.0,"key":"Mercury Hourglass"},{"floor":23.0,"key":"The Courier"},{"floor":26.0,"key":"Kunai"},{"floor":28,"key":"Old Coin"}],"event_choices":[{"damage_healed":0.0,"max_hp_gain":0.0,"max_hp_loss":0.0,"gold_gain":175.0,"event_name":"Liars Game","player_choice":"AGREE","floor":2.0,"gold_loss":0.0,"damage_taken":0.0,"cards_obtained":["Doubt"]},{"cards_removed":["Doubt"],"damage_healed":0.0,"max_hp_gain":0.0,"max_hp_loss":0.0,"gold_gain":0.0,"event_name":"Golden Wing","player_choice":"Card Removal","floor":3.0,"gold_loss":0.0,"damage_taken":7.0},{"damage_healed":0.0,"max_hp_gain":0.0,"max_hp_loss":0.0,"gold_gain":0.0,"event_name":"Golden Idol","player_choice":"Take Damage","floor":4.0,"gold_loss":0.0,"damage_taken":17.0,"relics_obtained":["Golden Idol"]},{"damage_healed":0.0,"max_hp_gain":0.0,"max_hp_loss":0.0,"gold_gain":0.0,"event_name":"Shining Light","player_choice":"Ignored","floor":11.0,"gold_loss":0.0,"damage_taken":0.0},{"damage_healed":0.0,"max_hp_gain":0.0,"max_hp_loss":0.0,"gold_gain":0.0,"event_name":"Accursed Blacksmith","player_choice":"Forge","floor":25.0,"gold_loss":0.0,"damage_taken":0.0,"cards_upgraded":["Footwork"]},{"damage_healed":0,"gold_gain":0,"player_choice":"Copied","damage_taken":0,"max_hp_gain":0,"max_hp_loss":0,"event_name":"Duplicator","floor":29,"gold_loss":0,"cards_obtained":["Cloak And Dagger"]}],"is_beta":false,"boss_relics":[{"not_picked":["Fusion Hammer","Cursed Key"],"picked":"Astrolabe"}],"items_purged_floors":[12,19],"is_endless":false,"potions_floor_spawned":[5,16,18,21],"killed_by":"Book of Stabbing","ascension_level":1}}