{"host":"h4lp0eeso8a0ssq0","time":1612819998,"event":{"mods":["2.2 Compatiblity","AchievementEnabler","BaseMod","CapriCore","Colored Map","Minty Spire (QoL Compilation)","StSLib","SuperFastMode"],"gold_per_floor":[118,132,150,166,185,185,185,83,83,98,98,118,118,118,118,218,218,231,266,266,282,295,295,295,295,319,330,330],"floor_reached":27,"language":"KOR","playtime":1237,"items_purged":["Strike_B"],"score":232,"play_id":"81b44a21-38c3-4a42-bd3e-6f1960f92068","local_time":"20210209063318","is_ascension_mode":false,"campfire_choices":[{"data":"Static Discharge","floor":6,"key":"SMITH"},{"data":"Dualcast","floor":15,"key":"SMITH"},{"floor":23,"key":"REST"},{"floor":25,"key":"REST"}],"circlet_count":0,"master_deck":["Strike_B","Strike_B","Strike_B","Defend_B","Defend_B+1","Defend_B","Defend_B","Zap","Dualcast+1","BootSequence","Melter","Hologram","Steam","Static Discharge+1","Redo","Coolheaded+1","Creative AI+1","Core Surge","CurseOfTheBell","Steam+1","Seek","Coolheaded","Cold Snap+1"],"relics":["Cracked Core","NeowsBlessing","Dead Branch","Symbiotic Virus","Turnip","Calling Bell","DataDisk","Ornamental Fan","Bird Faced Urn","Red Mask","War Paint"],"acts_visited":["Exordium","TheCity"],"potions_floor_usage":[16],"damage_taken":[{"damage":0,"enemies":"Cultist","floor":1,"turns":1},{"damage":0,"enemies":"2 Louse","floor":2,"turns":1},{"damage":0,"enemies":"Small Slimes","floor":3,"turns":1},{"damage":0,"enemies":"2 Fungi Beasts","floor":4,"turns":3},{"damage":22,"enemies":"Exordium Wildlife","floor":5,"turns":6},{"damage":0,"enemies":"3 Louse","floor":10,"turns":2},{"damage":0,"enemies":"Large Slime","floor":12,"turns":5},{"damage":31,"enemies":"The Guardian","floor":16,"turns":9},{"damage":12,"enemies":"Chosen","floor":18,"turns":4},{"damage":49,"enemies":"Masked Bandits","floor":19,"turns":15},{"damage":7,"enemies":"Shell Parasite","floor":21,"turns":4},{"damage":7,"enemies":"Snake Plant","floor":22,"turns":5},{"damage":27,"enemies":"Cultist and Chosen","floor":27,"turns":33}],"seed_played":"-2741157290551092424","potions_obtained":[{"floor":2,"key":"DuplicationPotion"},{"floor":5,"key":"LiquidBronze"},{"floor":10,"key":"GamblersBrew"},{"floor":16,"key":"Fruit Juice"},{"floor":19,"key":"Energy Potion"}],"is_trial":false,"path_per_floor":["M","M","M","M","M","R","T","$","T","M","?","M","?","?","R","B",null,"M","?","?","M","M","R","?","R","T","M"],"character_chosen":"DEFECT","items_purchased":["Redo"],"campfire_rested":2,"item_purchase_floors":[8],"current_hp_per_floor":[75,75,75,75,53,53,53,53,53,53,53,53,46,46,46,20,80,70,55,40,35,36,61,61,85,85,85,85],"gold":330,"neow_bonus":"THREE_ENEMY_KILL","is_daily":false,"chose_seed":false,"campfire_upgraded":2,"win_rate":0.0,"timestamp":1612819998,"path_taken":["M","M","M","M","M","R","?","$","T","M","?","M","?","?","R","BOSS","M","?","?","M","M","R","?","R","T","M"],"items_purchased_type":["Card"],"build_version":"2020-12-22","purchased_purges":1,"victory":false,"max_hp_per_floor":[75,75,75,75,75,75,75,75,75,75,75,75,75,75,75,80,80,80,80,85,85,85,85,85,85,85,85,85],"card_choices":[{"not_picked":["Steam","Beam Cell"],"picked":"BootSequence","floor":1},{"not_picked":["Conserve Battery","Storm"],"picked":"Melter","floor":2},{"not_picked":["Rip and Tear","Lockon"],"picked":"Hologram","floor":3},{"not_picked":["Go for the Eyes","Force Field"],"picked":"Steam","floor":4},{"not_picked":["Heatsinks","Steam"],"picked":"Static Discharge","floor":5},{"not_picked":["Conserve Battery","Turbo"],"picked":"Coolheaded","floor":10},{"not_picked":["Sunder","Defragment"],"picked":"Creative AI","floor":12},{"not_picked":["Hyperbeam","Buffer"],"picked":"Core Surge","floor":16},{"not_picked":["Turbo","Compile Driver+1"],"picked":"Steam+1","floor":18},{"not_picked":["Go for the Eyes+1","Conserve Battery"],"picked":"Seek","floor":19},{"not_picked":["Redo+1","Conserve Battery"],"picked":"Coolheaded","floor":21},{"not_picked":["Force Field","Coolheaded","Stack"],"picked":"SKIP","floor":22},{"not_picked":["Leap+1","Beam Cell+1"],"picked":"Cold Snap+1","floor":27}],"player_experience":186831,"relics_obtained":[{"floor":7,"key":"Dead Branch"},{"floor":9,"key":"Symbiotic Virus"},{"floor":17,"key":"DataDisk"},{"floor":17,"key":"Ornamental Fan"},{"floor":17,"key":"Bird Faced Urn"},{"floor":19,"key":"Red Mask"},{"floor":26,"key":"War Paint"}],"event_choices":[{"damage_healed":0,"gold_gain":0,"player_choice":"Ignored","damage_taken":0,"max_hp_gain":0,"max_hp_loss":0,"event_name":"Liars Game","floor":11,"gold_loss":0},{"damage_healed":0,"gold_gain":0,"player_choice":"Success","damage_taken":7,"relics_obtained":["Turnip"],"max_hp_gain":0,"max_hp_loss":0,"event_name":"Scrap Ooze","floor":13,"gold_loss":0},{"damage_healed":0,"gold_gain":0,"player_choice":"Grow","damage_taken":0,"max_hp_gain":0,"max_hp_loss":0,"event_name":"Living Wall","floor":14,"gold_loss":0,"cards_upgraded":["Creative AI"]},{"damage_healed":0,"gold_gain":0,"player_choice":"Fought Bandits","damage_taken":0,"max_hp_gain":0,"max_hp_loss":0,"event_name":"Masked Bandits","floor":19,"gold_loss":0},{"damage_healed":0,"gold_gain":0,"player_choice":"Shed Blood","damage_taken":20,"max_hp_gain":5,"max_hp_loss":0,"event_name":"Forgotten Altar","floor":20,"gold_loss":0},{"damage_healed":0,"gold_gain":0,"player_choice":"Ignored","damage_taken":0,"max_hp_gain":0,"max_hp_loss":0,"event_name":"Vampires","floor":24,"gold_loss":0}],"is_beta":false,"boss_relics":[{"not_picked":["Black Star","Runic Dome"],"picked":"Calling Bell"}],"items_purged_floors":[8],"is_endless":false,"potions_floor_spawned":[2,5,10,16,19,27],"killed_by":"Cultist and Chosen","ascension_level":0}}