{"host":"hmqgkh1yopklu0aj","time":1612792361,"event":{"mods":["BaseMod","Block Reminder","Colored Map","Minty Spire (QoL Compilation)"],"gold_per_floor":[114,114,125,6,20,20,43,43,94,128,128,128,142,158,158,257,307,322,247,6,6,21,21,55,69,116,116,135,149,167,180,180,276,276,288,307,307,318,330,330,346,356,356,356,356,371,389,400,400,400,400],"floor_reached":50,"language":"ENG","playtime":3270,"items_purged":[],"score":547,"play_id":"4a8b1ace-d78e-4f51-b93c-1831c89bcc5b","local_time":"20210208145241","is_ascension_mode":false,"campfire_choices":[{"floor":6,"key":"REST"},{"data":"Die Die Die","floor":11,"key":"SMITH"},{"floor":15,"key":"REST"},{"data":"Dagger Throw","floor":23,"key":"SMITH"},{"data":"Unload","floor":27,"key":"SMITH"},{"floor":32,"key":"REST"},{"data":"Slice","floor":40,"key":"SMITH"},{"floor":49,"key":"REST"}],"circlet_count":0,"master_deck":["Strike_G","Strike_G+1","Strike_G","Strike_G","Defend_G","Defend_G","Defend_G+1","Defend_G","Defend_G","Survivor+1","Neutralize","Slice+1","Finisher+1","Slice","Underhanded Strike","Die Die Die+1","Flying Knee","Dagger Throw+1","Unload+1","Endless Agony","Dagger Throw","Blur","Dagger Spray+1","Deadly Poison+1","Outmaneuver+1","Predator","Predator+1","Reflex+1","Die Die Die","CurseOfTheBell","All Out Attack+1","Masterful Stab+1","Blade Dance+1","Deflect+1","Caltrops+1","Skewer+1","Doubt","Die Die Die+1","Escape Plan+1","Endless Agony+1","Flying Knee+1"],"relics":["Ring of the Snake","Unceasing Top","Toy Ornithopter","HornCleat","Regal Pillow","Bottled Flame","Tiny House","Shuriken","MutagenicStrength","Toxic Egg 2","Pen Nib","Calling Bell","Oddly Smooth Stone","Ninja Scroll","Thread and Needle","Torii"],"acts_visited":["Exordium","TheCity","TheBeyond"],"potions_floor_usage":[16,16,16,24,24,24,33,33,39,39,48,50],"damage_taken":[{"damage":0,"enemies":"Jaw Worm","floor":1,"turns":5},{"damage":0,"enemies":"Small Slimes","floor":3,"turns":4},{"damage":0,"enemies":"Cultist","floor":5,"turns":3},{"damage":15,"enemies":"Gremlin Nob","floor":10,"turns":5},{"damage":13,"enemies":"Red Slaver","floor":13,"turns":2},{"damage":0,"enemies":"Looter","floor":14,"turns":2},{"damage":36,"enemies":"Slime Boss","floor":16,"turns":12},{"damage":0,"enemies":"3 Byrds","floor":18,"turns":4},{"damage":0,"enemies":"Spheric Guardian","floor":22,"turns":1},{"damage":3,"enemies":"Slavers","floor":24,"turns":3},{"damage":5,"enemies":"Shelled Parasite and Fungi","floor":25,"turns":3},{"damage":2,"enemies":"Cultist and Chosen","floor":28,"turns":3},{"damage":9,"enemies":"3 Cultists","floor":29,"turns":4},{"damage":0,"enemies":"Sentry and Sphere","floor":30,"turns":3},{"damage":2,"enemies":"Chosen and Byrds","floor":31,"turns":3},{"damage":0,"enemies":"Automaton","floor":33,"turns":4},{"damage":6,"enemies":"3 Shapes","floor":35,"turns":2},{"damage":5,"enemies":"Orb Walker","floor":36,"turns":2},{"damage":9,"enemies":"Sphere and 2 Shapes","floor":38,"turns":2},{"damage":5,"enemies":"Writhing Mass","floor":39,"turns":3},{"damage":0,"enemies":"Spire Growth","floor":41,"turns":2},{"damage":6,"enemies":"4 Shapes","floor":42,"turns":3},{"damage":0,"enemies":"3 Darklings","floor":46,"turns":3},{"damage":42,"enemies":"Sphere and 2 Shapes","floor":47,"turns":4},{"damage":19,"enemies":"Writhing Mass","floor":48,"turns":4},{"damage":53,"enemies":"Time Eater","floor":50,"turns":5}],"seed_played":"7798318322711632904","potions_obtained":[{"floor":3,"key":"SteroidPotion"},{"floor":10,"key":"Dexterity Potion"},{"floor":14,"key":"Swift Potion"},{"floor":16,"key":"EssenceOfSteel"},{"floor":17,"key":"Strength Potion"},{"floor":18,"key":"FearPotion"},{"floor":24,"key":"Fire Potion"},{"floor":28,"key":"Energy Potion"},{"floor":31,"key":"Swift Potion"},{"floor":35,"key":"Weak Potion"},{"floor":36,"key":"DistilledChaos"},{"floor":47,"key":"DuplicationPotion"}],"is_trial":false,"path_per_floor":["M","?","M","$","M","R","T","T","T","E","R","?","M","M","R","B",null,"M","?","$","?","M","R","E","M","T","R","M","M","M","M","R","B",null,"M","M","?","M","M","R","M","M","T","?","?","M","M","M","R","B"],"character_chosen":"THE_SILENT","items_purchased":["Finisher","Slice","Shuriken"],"campfire_rested":4,"item_purchase_floors":[4,4,20],"current_hp_per_floor":[63,50,50,50,50,63,63,63,63,48,48,53,40,40,63,37,68,68,68,68,68,68,68,65,60,60,60,58,49,49,47,68,68,68,62,57,57,48,53,53,53,47,47,68,68,68,26,12,47,0,0],"gold":400,"neow_bonus":"ONE_RARE_RELIC","is_daily":false,"chose_seed":false,"campfire_upgraded":4,"win_rate":0.0,"timestamp":1612792361,"path_taken":["M","?","M","$","M","R","?","?","T","E","R","?","M","?","R","BOSS","M","?","$","?","M","R","E","M","T","R","M","M","M","M","R","BOSS","M","M","?","M","?","R","M","M","T","?","?","?","M","M","R","BOSS"],"items_purchased_type":["Card","Card","Relic"],"build_version":"2020-12-22","purchased_purges":0,"victory":false,"max_hp_per_floor":[63,63,63,63,63,63,63,63,63,63,63,63,63,63,63,63,68,68,68,68,68,68,68,68,68,68,68,68,68,68,68,68,68,68,68,68,68,68,68,68,68,68,68,68,68,68,68,68,68,68,68],"card_choices":[{"not_picked":["Prepared","PiercingWail"],"picked":"Bane","floor":1},{"not_picked":["Caltrops","Reflex"],"picked":"Slice","floor":3},{"not_picked":["Deflect","Dagger Throw"],"picked":"Underhanded Strike","floor":5},{"not_picked":["Slice","Outmaneuver"],"picked":"Die Die Die","floor":10},{"not_picked":["Skewer","Dagger Throw"],"picked":"Flying Knee","floor":13},{"not_picked":["Underhanded Strike","Acrobatics"],"picked":"Dagger Throw","floor":14},{"not_picked":["Corpse Explosion","Malaise"],"picked":"Unload","floor":16},{"not_picked":["Slice","Dodge and Roll"],"picked":"Endless Agony","floor":17},{"not_picked":["Backflip","Slice"],"picked":"Dagger Throw","floor":18},{"not_picked":["Calculated Gamble","Poisoned Stab"],"picked":"Blur","floor":22},{"not_picked":["Expertise+1","Burst+1"],"picked":"Dagger Spray+1","floor":24},{"not_picked":["Prepared+1","Dagger Throw"],"picked":"Deadly Poison+1","floor":25},{"not_picked":["Dodge and Roll+1","Deadly Poison+1"],"picked":"Outmaneuver+1","floor":28},{"not_picked":["Acrobatics+1","PiercingWail+1"],"picked":"Predator","floor":29},{"not_picked":["Quick Slash","Reflex+1"],"picked":"Predator+1","floor":30},{"not_picked":["Well Laid Plans","Bane"],"picked":"Reflex+1","floor":31},{"not_picked":["Envenom","Malaise+1"],"picked":"Die Die Die","floor":33},{"not_picked":["Deadly Poison+1","Deflect+1"],"picked":"All Out Attack+1","floor":35},{"not_picked":["Bane+1","Deflect+1"],"picked":"Masterful Stab+1","floor":36},{"not_picked":["Dagger Spray","Poisoned Stab+1"],"picked":"Blade Dance+1","floor":38},{"not_picked":["Quick Slash+1","Calculated Gamble+1"],"picked":"Deflect+1","floor":39},{"not_picked":["Night Terror+1","Noxious Fumes"],"picked":"Caltrops+1","floor":41},{"not_picked":["Acrobatics+1","Noxious Fumes"],"picked":"Skewer+1","floor":42},{"not_picked":["PiercingWail+1","Blade Dance+1"],"picked":"Escape Plan+1","floor":46},{"not_picked":["Poisoned Stab","Slice"],"picked":"Endless Agony+1","floor":47},{"not_picked":["Caltrops","Escape Plan+1"],"picked":"Flying Knee+1","floor":48}],"player_experience":17104,"relics_obtained":[{"floor":7,"key":"Toy Ornithopter"},{"floor":8,"key":"HornCleat"},{"floor":9,"key":"Regal Pillow"},{"floor":10,"key":"Bottled Flame"},{"floor":24,"key":"Toxic Egg 2"},{"floor":26,"key":"Pen Nib"},{"floor":34,"key":"Oddly Smooth Stone"},{"floor":34,"key":"Ninja Scroll"},{"floor":34,"key":"Thread and Needle"},{"floor":43,"key":"Torii"}],"event_choices":[{"damage_healed":0,"gold_gain":0,"player_choice":"Entered Light","damage_taken":13,"max_hp_gain":0,"max_hp_loss":0,"event_name":"Shining Light","floor":2,"gold_loss":0,"cards_upgraded":["Survivor","Strike_G"]},{"cards_removed":["Bane"],"damage_healed":5,"gold_gain":0,"player_choice":"Offered Common","damage_taken":0,"max_hp_gain":0,"max_hp_loss":0,"event_name":"Bonfire Elementals","floor":12,"gold_loss":0},{"cards_removed":["Bane"],"damage_healed":5,"gold_gain":0,"player_choice":"Offered Special","damage_taken":0,"max_hp_gain":0,"max_hp_loss":0,"event_name":"Bonfire Elementals","floor":12,"gold_loss":0},{"cards_removed":["Strike_G"],"damage_healed":0,"gold_gain":0,"player_choice":"Gave Gold","damage_taken":0,"max_hp_gain":0,"max_hp_loss":0,"event_name":"Beggar","floor":19,"gold_loss":75},{"damage_healed":0,"gold_gain":0,"player_choice":"Inject Mutagens","damage_taken":0,"relics_obtained":["MutagenicStrength"],"max_hp_gain":0,"max_hp_loss":0,"event_name":"Drug Dealer","floor":21,"gold_loss":0},{"damage_healed":0,"gold_gain":0,"player_choice":"Upgraded","damage_taken":0,"max_hp_gain":0,"max_hp_loss":0,"event_name":"Upgrade Shrine","floor":37,"gold_loss":0,"cards_upgraded":["Finisher"]},{"damage_healed":21,"gold_gain":0,"player_choice":"Heal","damage_taken":0,"max_hp_gain":0,"max_hp_loss":0,"event_name":"MindBloom","floor":44,"gold_loss":0,"cards_obtained":["Doubt"]},{"damage_healed":0,"gold_gain":0,"player_choice":"Copied","damage_taken":0,"max_hp_gain":0,"max_hp_loss":0,"event_name":"Duplicator","floor":45,"gold_loss":0,"cards_obtained":["Die Die Die"]}],"is_beta":false,"boss_relics":[{"not_picked":["Empty Cage","SlaversCollar"],"picked":"Tiny House"},{"not_picked":["Cursed Key","Velvet Choker"],"picked":"Calling Bell"}],"items_purged_floors":[],"is_endless":false,"potions_floor_spawned":[3,10,14,16,18,24,28,31,35,36,47],"killed_by":"Time Eater","ascension_level":0}}