{"host":"6rz02yiipefhcw4r","time":1612777986,"event":{"mods":["2.2 Compatiblity","BaseMod","Block Reminder","Colored Map","Curses Come First","DeckTracker","Googly Eyes","Minty Spire (QoL Compilation)","Quick Restart","Rare Cards Sparkle","StSLib"],"gold_per_floor":[115,115,115,28,28,67,67,100,100,131,16,16,29,43,43,137,137,112,112,132,7,23,23,0,0,0],"floor_reached":25,"language":"ENG","playtime":757,"items_purged":["Strike_G","Strike_G"],"score":634,"play_id":"9de8019d-ed08-4b0d-a928-c95acfcf2c0d","local_time":"20210208075306","is_ascension_mode":true,"campfire_choices":[{"data":"Caltrops","floor":7.0,"key":"SMITH"},{"floor":12.0,"key":"REST"},{"data":"Noxious Fumes","floor":15.0,"key":"SMITH"},{"floor":23,"key":"REST"}],"circlet_count":0,"master_deck":["AscendersBane","Strike_G","Strike_G","Strike_G","Defend_G","Defend_G","Defend_G","Defend_G","Defend_G","Survivor","Neutralize","PiercingWail","Deadly Poison+1","Caltrops+1","Dagger Spray","Dash","Quick Slash","Noxious Fumes+1","Dodge and Roll","Night Terror","Deadly Poison+1","Noxious Fumes","Backflip"],"relics":["Ring of the Snake","NeowsBlessing","HornCleat","Golden Idol","Bottled Lightning","Ancient Tea Set","StrikeDummy","Oddly Smooth Stone","Runic Pyramid"],"acts_visited":["Exordium","TheCity"],"potions_floor_usage":[],"damage_taken":[{"damage":0.0,"enemies":"2 Louse","floor":1.0,"turns":1.0},{"damage":0.0,"enemies":"Gremlin Nob","floor":6.0,"turns":1.0},{"damage":0.0,"enemies":"3 Sentries","floor":8.0,"turns":2.0},{"damage":47.0,"enemies":"Gremlin Nob","floor":10.0,"turns":5.0},{"damage":0.0,"enemies":"Small Slimes","floor":13.0,"turns":3.0},{"damage":0.0,"enemies":"Cultist","floor":14.0,"turns":3.0},{"damage":0.0,"enemies":"Hexaghost","floor":16.0,"turns":8.0},{"damage":8.0,"enemies":"2 Thieves","floor":18.0,"turns":4.0},{"damage":8,"enemies":"Spheric Guardian","floor":20,"turns":5},{"damage":9,"enemies":"Chosen and Byrds","floor":22,"turns":7},{"damage":59,"enemies":"Book of Stabbing","floor":25,"turns":4}],"seed_played":"147997324820726504","potions_obtained":[{"floor":1.0,"key":"Dexterity Potion"},{"floor":10.0,"key":"AttackPotion"},{"floor":14.0,"key":"BlessingOfTheForge"},{"floor":18,"key":"EssenceOfSteel"},{"floor":22,"key":"FairyPotion"}],"is_trial":false,"path_per_floor":["M","?","?","$","?","E","R","E","T","E","$","R","M","M","R","B",null,"M","?","M","$","M","R","?","E"],"character_chosen":"THE_SILENT","items_purchased":["Deadly Poison","Caltrops","Noxious Fumes","Backflip"],"campfire_rested":2,"item_purchase_floors":[4,4,11,21],"current_hp_per_floor":[59,48,48,48,48,48,48,48,48,1,1,19,19,19,19,19,50,42,33,25,25,16,34,34,0,0],"gold":0,"neow_bonus":"THREE_ENEMY_KILL","is_daily":false,"chose_seed":false,"campfire_upgraded":2,"win_rate":0.0,"timestamp":1612777986,"path_taken":["M","?","?","$","?","E","R","E","T","E","$","R","?","?","R","BOSS","M","?","?","$","M","R","?","E"],"items_purchased_type":["Card","Card","Card","Card"],"build_version":"2020-12-22","purchased_purges":2,"victory":false,"max_hp_per_floor":[66,66,60,60,60,60,60,60,60,60,60,60,60,60,60,60,60,60,60,60,60,60,60,60,60,60],"card_choices":[{"not_picked":["Accuracy","Deflect"],"picked":"PiercingWail","floor":1.0},{"not_picked":["Slice","Acrobatics"],"picked":"Dagger Spray","floor":6.0},{"not_picked":["Slice","Flying Knee"],"picked":"Dash","floor":8.0},{"not_picked":["Dagger Throw","Slice"],"picked":"Quick Slash","floor":10.0},{"not_picked":["Masterful Stab","Cloak And Dagger"],"picked":"Dodge and Roll","floor":13.0},{"not_picked":["Heel Hook","Bouncing Flask","PiercingWail"],"picked":"SKIP","floor":14.0},{"not_picked":["Wraith Form v2","Bullet Time"],"picked":"Night Terror","floor":16.0},{"not_picked":["Bouncing Flask","Sucker Punch+1"],"picked":"Deadly Poison+1","floor":18},{"not_picked":["Endless Agony","Backflip"],"picked":"Noxious Fumes","floor":20},{"not_picked":["Accuracy","Quick Slash","Flechettes"],"picked":"SKIP","floor":22}],"player_experience":806457,"relics_obtained":[{"floor":6.0,"key":"Bottled Lightning"},{"floor":8.0,"key":"Ancient Tea Set"},{"floor":9.0,"key":"StrikeDummy"},{"floor":10.0,"key":"Oddly Smooth Stone"}],"event_choices":[{"damage_healed":0.0,"max_hp_gain":0.0,"max_hp_loss":0.0,"gold_gain":0.0,"event_name":"Scrap Ooze","player_choice":"Success","floor":2.0,"gold_loss":0.0,"damage_taken":11.0,"relics_obtained":["HornCleat"]},{"damage_healed":0.0,"max_hp_gain":0.0,"max_hp_loss":6.0,"gold_gain":0.0,"event_name":"Golden Idol","player_choice":"Lose Max HP","floor":3.0,"gold_loss":0.0,"damage_taken":0.0,"relics_obtained":["Golden Idol"]},{"damage_healed":0.0,"max_hp_gain":0.0,"max_hp_loss":0.0,"gold_gain":0.0,"event_name":"Upgrade Shrine","player_choice":"Upgraded","floor":5.0,"gold_loss":0.0,"damage_taken":0.0,"cards_upgraded":["Deadly Poison"]},{"damage_healed":0,"gold_gain":0,"player_choice":"Damaged","damage_taken":9,"max_hp_gain":0,"max_hp_loss":0,"event_name":"Wheel of Change","floor":19,"gold_loss":0},{"damage_healed":0,"gold_gain":0,"player_choice":"Paid Fearfully","damage_taken":0,"max_hp_gain":0,"max_hp_loss":0,"event_name":"Masked Bandits","floor":24,"gold_loss":23}],"is_beta":false,"boss_relics":[{"not_picked":["WristBlade","Empty Cage"],"picked":"Runic Pyramid"}],"items_purged_floors":[11,21],"is_endless":false,"potions_floor_spawned":[1,10,14,18,22],"killed_by":"Book of Stabbing","ascension_level":20}}