{"host":"trw84khdytc0ixrp","time":1612810613,"event":{"mods":["BaseMod","Downfall","Minty Spire (QoL Compilation)","StSLib"],"gold_per_floor":[99,116,126,126,126,145,145,175,189,289,189,203,26,51,64,160,160,160,245,265,276,295,323,346,546,556,573,435,461,261,278,294,399,399,399,411,694,714,729,410,458,490,508,527,579,591,603,629,646,646,646,674,68,68,68,68],"floor_reached":57,"language":"ENG","playtime":9575,"items_purged":["champ:Execute"],"score":1292,"play_id":"4ca39b78-3f7c-488e-a38a-abc05086b272","local_time":"20210208195653","is_ascension_mode":false,"campfire_choices":[{"floor":1.0,"key":"RECALL"},{"floor":11.0,"key":"REST"},{"data":"champ:PerfectedStrike","floor":18.0,"key":"SMITH"},{"data":"champ:PerfectedStrike","floor":30.0,"key":"SMITH"},{"data":"champ:PerfectedStrike","floor":35.0,"key":"SMITH"},{"data":"champ:PerfectedStrike","floor":54,"key":"SMITH"}],"circlet_count":0,"master_deck":["champ:Strike","champ:Strike","champ:Strike+1","champ:Strike","champ:Defend","champ:Defend","champ:Defend","champ:Defend","champ:Taunt","champ:PerfectedStrike+1","champ:FlashCut","CurseOfTheBell","CurseOfTheBell","champ:PerfectedStrike+1","champ:PerfectedStrike+1","champ:CalledShot","champ:GladiatorStyle","champ:EnGarde","champ:EnGarde","champ:PerfectedStrike+1","champ:CalledShot","champ:CheapShot","champ:ShieldWall+1","champ:StanceDance","champ:PerfectedStrike+1","champ:BladeFlurry","champ:Lariat","champ:RisingSlash","champ:RapidStrikes","champ:IgnorePain","champ:BladeFlurry","expansioncontent:DashGenerateEvil","champ:GladiatorStyle+1","expansioncontent:InvincibleStrength","expansioncontent:QuickStudy"],"relics":["champ:ChampionCrown","downfall:ExtraCursedBell","Dream Catcher","Matryoshka","Dead Branch","Bronze Scales","Pen Nib","Whetstone","downfall:HeartBlessingRed","Potion Belt","Blood Vial","Velvet Choker","PreservedInsect","Nunchaku","downfall:HeartBlessingBlue","downfall:HeartBlessingGreen","Busted Crown","Medical Kit","Lantern","Regal Pillow","Ice Cream","Question Card","Turnip","Pantograph"],"acts_visited":["Exordium","TheCity","TheBeyond","TheEnding"],"potions_floor_usage":[50,56,56,56,56],"damage_taken":[{"damage":6.0,"enemies":"2 Louse","floor":2.0,"turns":3.0},{"damage":13.0,"enemies":"Jaw Worm","floor":3.0,"turns":4.0},{"damage":4.0,"enemies":"Cultist","floor":6.0,"turns":3.0},{"damage":4.0,"enemies":"3 Sentries","floor":8.0,"turns":6.0},{"damage":21.0,"enemies":"3 Louse","floor":9.0,"turns":3.0},{"damage":0.0,"enemies":"Gremlin Gang","floor":12.0,"turns":4.0},{"damage":10.0,"enemies":"downfall:FleeingMerchant","floor":13.0,"turns":4.0},{"damage":8.0,"enemies":"Lots of Slimes","floor":15.0,"turns":3.0},{"damage":1.0,"enemies":"WA_ARCHETYPE_RETAIN","floor":16.0,"turns":2.0},{"damage":2.0,"enemies":"Shell Parasite","floor":20.0,"turns":3.0},{"damage":0.0,"enemies":"Chosen","floor":21.0,"turns":3.0},{"damage":12.0,"enemies":"3 Cultists","floor":22.0,"turns":4.0},{"damage":7.0,"enemies":"Gremlin Leader","floor":23.0,"turns":7.0},{"damage":15.0,"enemies":"Centurion and Healer","floor":26.0,"turns":4.0},{"damage":0.0,"enemies":"Snecko","floor":27.0,"turns":2.0},{"damage":0.0,"enemies":"downfall:FleeingMerchant","floor":28.0,"turns":5.0},{"damage":5.0,"enemies":"Snake Plant","floor":31.0,"turns":2.0},{"damage":5.0,"enemies":"Cultist and Chosen","floor":32.0,"turns":3.0},{"damage":33.0,"enemies":"SI_MIRROR_ARCHETYPE","floor":33.0,"turns":6.0},{"damage":9.0,"enemies":"3 Shapes","floor":36.0,"turns":3.0},{"damage":0.0,"enemies":"downfall:FleeingMerchant","floor":37.0,"turns":2.0},{"damage":0.0,"enemies":"Orb Walker","floor":38.0,"turns":2.0},{"damage":0.0,"enemies":"Maw","floor":39.0,"turns":5.0},{"damage":1.0,"enemies":"Giant Head","floor":42.0,"turns":4.0},{"damage":33.0,"enemies":"Transient","floor":43.0,"turns":5.0},{"damage":3.0,"enemies":"Jaw Worm Horde","floor":44.0,"turns":3.0},{"damage":0.0,"enemies":"2 Orb Walkers","floor":45.0,"turns":3.0},{"damage":15.0,"enemies":"4 Shapes","floor":46.0,"turns":5.0},{"damage":0.0,"enemies":"3 Darklings","floor":47.0,"turns":3.0},{"damage":25.0,"enemies":"Nemesis","floor":48.0,"turns":5.0},{"damage":0.0,"enemies":"Writhing Mass","floor":49.0,"turns":4.0},{"damage":45,"enemies":"IC_BLOCK_ARCHETYPE","floor":50,"turns":9},{"damage":32,"enemies":"downfall:CharBossMerchant","floor":52,"turns":5},{"damage":39,"enemies":"downfall:NeowBoss","floor":55,"turns":13},{"damage":64,"enemies":"downfall:NeowBossFinal","floor":56,"turns":9}],"seed_played":"2873997842111480703","potions_obtained":[{"floor":2.0,"key":"AttackPotion"},{"floor":3.0,"key":"champ:CounterPotion"},{"floor":12.0,"key":"SmokeBomb"},{"floor":20.0,"key":"FairyPotion"},{"floor":21.0,"key":"champ:TechniquePotion"},{"floor":23.0,"key":"Weak Potion"},{"floor":31.0,"key":"Energy Potion"},{"floor":36.0,"key":"PowerPotion"},{"floor":39.0,"key":"champ:OpenerPotion"},{"floor":42.0,"key":"ColorlessPotion"},{"floor":44.0,"key":"Block Potion"},{"floor":45.0,"key":"champ:TechniquePotion"},{"floor":48.0,"key":"BlessingOfTheForge"},{"floor":52,"key":"ColorlessPotion"}],"is_trial":false,"path_per_floor":["R","M","M","?","?","M","T","E","M","?","R","M","$","T","M","B",null,"R","?","M","M","M","E","T","?","M","M","$","T","R","M","M","B",null,"R","M","?","M","M","$","T","E","M","M","?","M","M","E","M","B",null,"E","$","R","B","B",null],"character_chosen":"THE_CHAMP","items_purchased":["champ:PerfectedStrike","champ:CalledShot","champ:BladeFlurry","champ:Lariat","champ:BladeFlurry","expansioncontent:DashGenerateEvil","Medical Kit","expansioncontent:InvincibleStrength","expansioncontent:QuickStudy","DistilledChaos","Pantograph"],"campfire_rested":1,"item_purchase_floors":[13,13,28,28,37,40,40,53,53,53,53],"current_hp_per_floor":[99,93,90,90,95,91,91,87,76,76,104,104,104,104,96,97,104,104,86,86,88,83,78,78,78,80,82,84,84,94,91,93,62,114,114,105,107,109,111,111,111,112,81,80,82,69,71,48,50,12,114,82,82,82,70,33],"gold":68,"neow_bonus":"TEN_PERCENT_HP_BONUS","is_daily":false,"chose_seed":false,"campfire_upgraded":4,"win_rate":0.0,"timestamp":1612810613,"path_taken":["R","M","M","?","?","M","T","E","M","?","R","M","?","?","M","BOSS","R","?","M","M","M","E","T","?","?","M","$","?","R","M","M","BOSS","R","M","?","M","M","$","T","E","M","M","?","M","M","E","M","BOSS","E","$","R","BOSS","BOSS"],"items_purchased_type":["Card","Card","Card","Card","Card","Card","Relic","Card","Card","Potion","Relic"],"build_version":"2020-12-22","purchased_purges":1,"victory":true,"max_hp_per_floor":[99,99,99,99,104,104,104,104,104,104,104,104,104,104,104,104,104,104,104,104,104,104,104,104,104,104,104,104,104,114,114,114,114,114,114,114,114,114,114,114,114,114,114,114,114,114,114,114,114,114,114,114,114,114,114,114],"card_choices":[{"not_picked":["champ:BladeFlurry","champ:CrookedStrike"],"picked":"champ:PerfectedStrike","floor":2.0},{"not_picked":["champ:TornadoPunch","champ:Shatter"],"picked":"champ:FlashCut","floor":3.0},{"not_picked":["champ:ShieldSlam","champ:PreciseThrust"],"picked":"champ:PerfectedStrike","floor":6.0},{"not_picked":["champ:Lariat","champ:PreciseThrust"],"picked":"champ:PerfectedStrike","floor":8.0},{"not_picked":["champ:SkillfulDodge","champ:SteelEdge"],"picked":"champ:CalledShot","floor":9.0},{"not_picked":["champ:TornadoPunch","champ:BerserkersShout"],"picked":"champ:GladiatorStyle","floor":11.0},{"not_picked":["champ:DefensiveShout","champ:GladiatorStyle"],"picked":"champ:EnGarde","floor":12.0},{"not_picked":["champ:SkillfulDodge","champ:SteelEdge"],"picked":"champ:EnGarde","floor":13.0},{"not_picked":["champ:Endure","champ:Haymaker","champ:EndlessRage"],"picked":"SKIP","floor":15.0},{"not_picked":["champ:Improvising","champ:DancingMaster"],"picked":"champ:CheapShot","floor":16.0},{"not_picked":["champ:CalledShot","champ:FaceSlap"],"picked":"champ:ShieldWall+1","floor":20.0},{"not_picked":["champ:EnragedBash+1","champ:ShieldSlam"],"picked":"champ:StanceDance","floor":21.0},{"not_picked":["champ:FocusedDefense","champ:CrownThrow","champ:FocusedBerserking"],"picked":"SKIP","floor":22.0},{"not_picked":["champ:DeathBlow+1","champ:HeartStrike","champ:Shatter"],"picked":"SKIP","floor":23.0},{"not_picked":["champ:EnGarde","champ:Haymaker+1"],"picked":"champ:PerfectedStrike","floor":26.0},{"not_picked":["champ:ShieldThrow","champ:EnragedBash","champ:RecklessLeap+1"],"picked":"SKIP","floor":27.0},{"not_picked":["champ:StanceDance","champ:PreciseThrust","champ:EndlessRage"],"picked":"SKIP","floor":28.0},{"not_picked":["champ:SetATrap","champ:Backstep"],"picked":"champ:RisingSlash","floor":31.0},{"not_picked":["champ:EnragedBash","champ:Shatter"],"picked":"champ:RapidStrikes","floor":32.0},{"not_picked":["champ:SteelEdge","champ:UltimateStance"],"picked":"champ:IgnorePain","floor":33.0},{"not_picked":["champ:ShieldSlam+1"],"picked":"SKIP","floor":36.0},{"not_picked":["champ:GladiatorStyle+1"],"picked":"SKIP","floor":37.0},{"not_picked":["champ:Haymaker+1"],"picked":"SKIP","floor":38.0},{"not_picked":["champ:Shatter"],"picked":"SKIP","floor":39.0},{"not_picked":["champ:Circumvent+1"],"picked":"SKIP","floor":42.0},{"not_picked":["champ:DefensiveShout"],"picked":"SKIP","floor":43.0},{"not_picked":["champ:BringItOn"],"picked":"SKIP","floor":44.0},{"not_picked":["champ:BringItOn+1"],"picked":"SKIP","floor":46.0},{"not_picked":["champ:Parry"],"picked":"SKIP","floor":47.0},{"not_picked":[],"picked":"champ:GladiatorStyle+1","floor":48.0},{"not_picked":["champ:EndlessRage+1","champ:Duel"],"picked":"SKIP","floor":49.0},{"not_picked":["champ:MurderStrike","champ:EnragedBash+1"],"picked":"SKIP","floor":52}],"player_experience":63992,"relics_obtained":[{"floor":4.0,"key":"Dream Catcher"},{"floor":4.0,"key":"Matryoshka"},{"floor":4.0,"key":"Dead Branch"},{"floor":7.0,"key":"Bronze Scales"},{"floor":7.0,"key":"Pen Nib"},{"floor":8.0,"key":"Whetstone"},{"floor":14.0,"key":"Potion Belt"},{"floor":14.0,"key":"Blood Vial"},{"floor":23.0,"key":"PreservedInsect"},{"floor":29.0,"key":"Nunchaku"},{"floor":41.0,"key":"Lantern"},{"floor":42.0,"key":"Regal Pillow"},{"floor":45.0,"key":"Ice Cream"},{"floor":48.0,"key":"Question Card"},{"floor":52,"key":"Turnip"}],"event_choices":[{"damage_healed":0.0,"max_hp_gain":5.0,"max_hp_loss":0.0,"gold_gain":0.0,"event_name":"Big Fish","player_choice":"Donut","floor":5.0,"gold_loss":0.0,"damage_taken":0.0},{"damage_healed":0.0,"max_hp_gain":0.0,"max_hp_loss":0.0,"gold_gain":0.0,"event_name":"Mysterious Sphere","player_choice":"Fight","floor":45.0,"gold_loss":0.0,"damage_taken":0.0}],"is_beta":false,"boss_relics":[{"not_picked":["bronze:MakeshiftBattery","SlaversCollar"],"picked":"Velvet Choker"},{"not_picked":["Pandora\u0027s Box","champ:ChampionCrownUpgraded"],"picked":"Busted Crown"}],"items_purged_floors":[13],"is_endless":false,"potions_floor_spawned":[2,3,12,20,21,23,31,33,36,39,42,44,45,48,52],"ascension_level":0}}