{"host":"g907ck67u7c3hrs6","time":1612792096,"event":{"mods":["BaseMod","Colored Map","DeckTracker","Highlight Path","Keyboard Shortcuts","Minty Spire (QoL Compilation)","Permanent Neow","Say the Spire","SuperFastMode"],"gold_per_floor":[118,136,136,147,165,165,165,165,192,192,216,216,216],"floor_reached":12,"language":"KOR","playtime":243,"items_purged":[],"score":68,"play_id":"0c296faa-4585-45e1-88a8-a3e08c745903","local_time":"20210208224816","daily_mods":["Heirloom","Flight"],"is_ascension_mode":false,"campfire_choices":[{"data":"Eruption","floor":6,"key":"SMITH"},{"data":"ClearTheMind","floor":7,"key":"SMITH"},{"data":"MentalFortress","floor":8,"key":"SMITH"}],"circlet_count":0,"master_deck":["Strike_P","Strike_P+1","Strike_P","Strike_P","Defend_P+1","Defend_P","Defend_P","Defend_P","Eruption+1","Vigilance","Swivel","MentalFortress+1","MentalFortress","ClearTheMind+1"],"relics":["PureWater","Bird Faced Urn","Oddly Smooth Stone","PreservedInsect","Ancient Tea Set"],"acts_visited":["Exordium"],"potions_floor_usage":[],"damage_taken":[{"damage":4,"enemies":"Jaw Worm","floor":1,"turns":5},{"damage":0,"enemies":"2 Louse","floor":2,"turns":5},{"damage":0,"enemies":"Cultist","floor":4,"turns":3},{"damage":21,"enemies":"Gremlin Gang","floor":5,"turns":7},{"damage":12,"enemies":"3 Sentries","floor":12,"turns":4}],"seed_played":"-5031970808237062981","potions_obtained":[],"is_trial":true,"path_per_floor":["M","M","?","M","M","R","R","R","T","?","T","E"],"character_chosen":"WATCHER","items_purchased":[],"campfire_rested":0,"item_purchase_floors":[],"current_hp_per_floor":[68,68,54,54,37,37,37,37,37,34,34,26,26],"gold":216,"neow_bonus":"","is_daily":false,"chose_seed":false,"campfire_upgraded":3,"win_rate":0.0,"timestamp":1612792096,"path_taken":["M","M","?","M","M","R","R","R","T","?","?","E"],"items_purchased_type":[],"build_version":"2020-12-22","purchased_purges":0,"victory":false,"max_hp_per_floor":[72,72,72,72,72,72,72,72,72,72,72,72,72],"card_choices":[{"not_picked":["SashWhip","Protect"],"picked":"Swivel","floor":1},{"not_picked":["Protect","ThirdEye"],"picked":"MentalFortress","floor":2},{"not_picked":["ForeignInfluence","Protect"],"picked":"MentalFortress","floor":4},{"not_picked":["Halt","Perseverance"],"picked":"ClearTheMind","floor":5}],"player_experience":268903,"relics_obtained":[{"floor":9,"key":"Oddly Smooth Stone"},{"floor":11,"key":"Ancient Tea Set"}],"event_choices":[{"damage_healed":0,"gold_gain":0,"player_choice":"Entered Light","damage_taken":14,"max_hp_gain":0,"max_hp_loss":0,"event_name":"Shining Light","floor":3,"gold_loss":0,"cards_upgraded":["Defend_P","Strike_P"]},{"damage_healed":0,"gold_gain":0,"player_choice":"Success","damage_taken":3,"relics_obtained":["PreservedInsect"],"max_hp_gain":0,"max_hp_loss":0,"event_name":"Scrap Ooze","floor":10,"gold_loss":0}],"is_beta":false,"boss_relics":[],"items_purged_floors":[],"is_endless":false,"potions_floor_spawned":[],"killed_by":"3 Sentries","ascension_level":0}}