{"host":"bg0cyinkrjnqf173","time":1612819318,"event":{"mods":["2.2 Compatiblity","Aspiration","BaseMod","Beaked The Cultist","Better Third Choice","BetterRewards","Colored Map","Conspire","Curses Come First","Defuse TimeMaze Blight","Displayed Cursed Tome","Googly Eyes","Halation","Hubris","Infinite Spire","Jedi Mod","Minty Spire (QoL Compilation)","Permanent Neow","Quick Restart","Rare Cards Sparkle","Relic Sorter","Replay The Spire","Shop Mod","Spicy Shops","Spikes Relics","StSLib","The Bladedancer","The Construct","The Valiant","Uncapped"],"gold_per_floor":[213,65,77,93,105,105,139,139,139,174,174,184,194,39,39,134,134,151,250,250,263,263,263],"floor_reached":22,"language":"ENG","playtime":1071,"items_purged":[],"score":196,"play_id":"1c40d36e-a8d3-49ef-a5eb-c277198c8c61","local_time":"20210208162158","is_ascension_mode":false,"campfire_choices":[{"data":"Eruption","floor":6.0,"key":"SMITH"},{"data":"Worship","floor":8.0,"key":"SMITH"},{"floor":15,"key":"REST"}],"circlet_count":0,"master_deck":["Strike_P","Strike_P","Strike_P","Strike_P","Defend_P","Defend_P","Defend_P","Defend_P","Eruption+1","Vigilance","LikeWater","Worship+1","FollowUp+1","EmptyFist","EmptyFist","ClearTheMind","FollowUp","Crescendo","DevaForm","CurseOfTheBell","Halt","FlyingSleeves"],"relics":["PureWater","Sling","MealTicket","Meat on the Bone","Ancient Tea Set","Frozen Eye","Calling Bell","Tiny Chest","White Beast Statue","Girya","GremlinMask"],"acts_visited":["TheCity"],"potions_floor_usage":[18,21],"damage_taken":[{"damage":6.0,"enemies":"Jaw Worm","floor":1.0,"turns":2.0},{"damage":0.0,"enemies":"Cultist","floor":3.0,"turns":3.0},{"damage":1.0,"enemies":"2 Louse","floor":4.0,"turns":2.0},{"damage":0.0,"enemies":"Lots of Slimes","floor":5.0,"turns":1.0},{"damage":17.0,"enemies":"3 Sentries","floor":7.0,"turns":3.0},{"damage":8.0,"enemies":"Lagavulin","floor":10.0,"turns":5.0},{"damage":15.0,"enemies":"Looter","floor":12.0,"turns":2.0},{"damage":13,"enemies":"3 Louse","floor":13,"turns":4},{"damage":35,"enemies":"Slime Boss","floor":16,"turns":11},{"damage":54,"enemies":"conspire:FuzzyDice","floor":18,"turns":7},{"damage":16,"enemies":"Shell Parasite","floor":21,"turns":8},{"damage":31,"enemies":"Centurion and Healer","floor":22,"turns":2}],"seed_played":"812486203736746656","potions_obtained":[{"floor":1.0,"key":"SpeedPotion"},{"floor":13,"key":"Dexterity Potion"},{"floor":16,"key":"Weak Potion"},{"floor":18,"key":"Languid Potion"},{"floor":21,"key":"Dexterity Potion"}],"is_trial":false,"path_per_floor":["M","$","M","M","M","R","E","R","T","E","?","M","M","$","R","B",null,"M","?","?","M","M"],"character_chosen":"WATCHER","items_purchased":["Sling","Frozen Eye"],"campfire_rested":1,"item_purchase_floors":[2,14],"current_hp_per_floor":[66,66,66,65,65,65,48,48,48,40,40,37,36,51,72,37,72,30,30,30,26,0,0],"gold":263,"neow_bonus":"HUNDRED_GOLD","is_daily":false,"chose_seed":false,"campfire_upgraded":2,"win_rate":0.0,"timestamp":1612819318,"path_taken":["M","$","M","M","M","R","E","R","T","E","?","M","?","$","R","BOSS","M","?","?","M","?"],"items_purchased_type":["Relic","Relic"],"build_version":"2020-12-22","purchased_purges":0,"victory":false,"max_hp_per_floor":[72,72,72,72,72,72,72,72,72,72,72,72,72,72,72,72,72,72,72,72,72,72,72],"card_choices":[{"not_picked":["WindmillStrike","Sanctity"],"picked":"LikeWater","floor":1.0},{"not_picked":["BattleHymn","Evaluate"],"picked":"Worship","floor":3.0},{"not_picked":["Halt","ThirdEye"],"picked":"FollowUp","floor":4.0},{"not_picked":["PathToVictory","DeceiveReality"],"picked":"EmptyFist","floor":5.0},{"not_picked":["Halt","JustLucky"],"picked":"EmptyFist","floor":7.0},{"not_picked":["ReachHeaven","jedi:nirvanicrebirth"],"picked":"ClearTheMind","floor":10.0},{"not_picked":["Study","Protect"],"picked":"FollowUp","floor":12.0},{"not_picked":["EmptyBody","Halt"],"picked":"Crescendo","floor":13},{"not_picked":["SpiritShield","Judgement"],"picked":"DevaForm","floor":16},{"not_picked":["EmptyFist","Wireheading"],"picked":"Halt","floor":18},{"not_picked":["Perseverance","Sanctity"],"picked":"FlyingSleeves","floor":21}],"player_experience":841634,"relics_obtained":[{"floor":7.0,"key":"MealTicket"},{"floor":9.0,"key":"Meat on the Bone"},{"floor":10.0,"key":"Ancient Tea Set"},{"floor":17,"key":"Tiny Chest"},{"floor":17,"key":"White Beast Statue"},{"floor":17,"key":"Girya"}],"event_choices":[{"damage_healed":0.0,"max_hp_gain":0.0,"max_hp_loss":0.0,"gold_gain":0.0,"event_name":"Accursed Blacksmith","player_choice":"Forge","floor":11.0,"gold_loss":0.0,"damage_taken":0.0,"cards_upgraded":["FollowUp"]},{"damage_healed":0,"gold_gain":99,"player_choice":"Steal","damage_taken":0,"max_hp_gain":0,"max_hp_loss":0,"event_name":"betterThird:BetterNest","floor":19,"gold_loss":0},{"damage_healed":0,"gold_gain":0,"player_choice":"Trade","damage_taken":0,"relics_obtained":["GremlinMask"],"max_hp_gain":0,"max_hp_loss":0,"event_name":"FaceTrader","floor":20,"gold_loss":0}],"is_beta":false,"boss_relics":[{"not_picked":["Busted Crown","Empty Cage"],"picked":"Calling Bell"}],"items_purged_floors":[],"is_endless":false,"potions_floor_spawned":[1,13,16,18,21],"killed_by":"Centurion and Healer","ascension_level":0}}