{"host":"ftw8honmdnhsve3j","time":1612804268,"event":{"mods":["BaseMod","Colored Powertips","Minty Spire (QoL Compilation)","StSLib","The Bug Knight","The Wild Card"],"gold_per_floor":[110,121,134,59,59,59,87,118,118,152,16,32,49,62,62,162,162,180,180,191,191,191,191,47,74,123,123,49,49,49,49],"floor_reached":30,"language":"ENG","playtime":1995,"items_purged":["HollowMod:SoulVessel","HollowMod:QuickDashStart"],"score":269,"play_id":"0e39fb44-2222-463f-931e-8a555c1867d7","local_time":"20210208181108","is_ascension_mode":true,"campfire_choices":[{"data":"HollowMod:Hiveblood","floor":6,"key":"SMITH"},{"data":"HollowMod:CornifersMapStart","floor":15,"key":"SMITH"},{"data":"HollowMod:MantisMark","floor":23,"key":"SMITH"},{"floor":27,"key":"REST"}],"circlet_count":0,"master_deck":["HollowMod:NailStrikeStart","HollowMod:NailStrikeStart","HollowMod:NailStrikeStart","HollowMod:NailStrikeStart","HollowMod:QuickDashStart","HollowMod:QuickDashStart+1","HollowMod:QuickDashStart","HollowMod:FocusHealStart","HollowMod:PogoStrike","HollowMod:DesolateDive","HollowMod:CornifersMapStart+1","HollowMod:Hiveblood+1","theWildCard:Metatron+1","HollowMod:SoulEater","HollowMod:MantisMark+1","HollowMod:MantisMark","HollowMod:CycloneSlash","HollowMod:SoulStrike","HollowMod:SlysStrikes+1","HollowMod:ChannelNail+1","HollowMod:FallenFury+1"],"relics":["HollowMod:VesselMask","Odd Mushroom","Frozen Egg 2","Pantograph","Akabeko","Sozu","Membership Card","Bottled Lightning","War Paint","HollowMod:MillibellesNoteRelic"],"acts_visited":["Exordium","TheCity"],"potions_floor_usage":[8,16,16,16,18],"damage_taken":[{"damage":0,"enemies":"2 Louse","floor":1,"turns":2},{"damage":0,"enemies":"Small Slimes","floor":2,"turns":3},{"damage":3,"enemies":"Jaw Worm","floor":3,"turns":4},{"damage":31,"enemies":"The Mushroom Lair","floor":7,"turns":4},{"damage":28,"enemies":"HollowMod:MossKnight","floor":8,"turns":9},{"damage":63,"enemies":"Lagavulin","floor":10,"turns":7},{"damage":6,"enemies":"Red Slaver","floor":12,"turns":3},{"damage":0,"enemies":"Gremlin Gang","floor":13,"turns":2},{"damage":10,"enemies":"Looter","floor":14,"turns":3},{"damage":20,"enemies":"Slime Boss","floor":16,"turns":6},{"damage":34,"enemies":"2 Thieves","floor":18,"turns":2},{"damage":13,"enemies":"HollowMod:HuskSentry","floor":20,"turns":3},{"damage":34,"enemies":"Gremlin Leader","floor":25,"turns":6},{"damage":34,"enemies":"Shelled Parasite and Fungi","floor":30,"turns":5}],"seed_played":"-8576850182716322697","potions_obtained":[{"floor":2,"key":"Energy Potion"},{"floor":10,"key":"AttackPotion"},{"floor":12,"key":"Energy Potion"},{"floor":13,"key":"SteroidPotion"},{"floor":16,"key":"Swift Potion"}],"is_trial":false,"path_per_floor":["M","M","M","$","?","R","?","E","T","E","$","M","M","M","R","B",null,"M","$","M","?","?","R","$","E","T","R","$","?","M"],"character_chosen":"THE_BUGKNIGHT","items_purchased":["HollowMod:MantisMark","Membership Card","HollowMod:MillibellesNoteRelic"],"campfire_rested":1,"item_purchase_floors":[11,24,28],"current_hp_per_floor":[75,75,75,75,75,75,57,67,67,35,35,29,29,25,25,58,75,48,48,35,35,35,35,35,1,1,23,23,23,0,0],"gold":49,"neow_bonus":"THREE_CARDS","is_daily":false,"chose_seed":false,"campfire_upgraded":3,"win_rate":0.0,"timestamp":1612804268,"path_taken":["M","M","M","$","?","R","?","E","T","E","$","M","M","M","R","BOSS","M","$","M","?","?","R","$","E","T","R","$","?","M"],"items_purchased_type":["Card","Relic","Relic"],"build_version":"2020-12-22","purchased_purges":2,"victory":false,"max_hp_per_floor":[75,75,75,75,75,75,75,75,75,75,75,75,75,75,75,75,75,75,75,75,75,75,75,75,75,75,75,75,75,75,75],"card_choices":[{"not_picked":["HollowMod:DoubleDash","HollowMod:CoiledNail"],"picked":"HollowMod:SoulVessel","floor":0},{"not_picked":["HollowMod:InfectedCysts","HollowMod:SharpenedNail"],"picked":"HollowMod:DesolateDive","floor":1},{"not_picked":["HollowMod:SharpenedNail","HollowMod:NewJinnsSoul"],"picked":"HollowMod:CornifersMapStart","floor":2},{"not_picked":["HollowMod:CycloneSlash","HollowMod:QuirrelsAssistance"],"picked":"HollowMod:Hiveblood","floor":3},{"not_picked":["HollowMod:InfectedCysts","HollowMod:BaldurShell"],"picked":"HollowMod:SoulEater","floor":7},{"not_picked":["HollowMod:ShadowDash","HollowMod:DoubleDash"],"picked":"HollowMod:MantisMark","floor":8},{"not_picked":["HollowMod:Grubsong+1","HollowMod:TaintedHusks","HollowMod:SoulSplash"],"picked":"SKIP","floor":10},{"not_picked":["HollowMod:CrystalDash","HollowMod:VengefulVoid"],"picked":"HollowMod:CycloneSlash","floor":12},{"not_picked":["HollowMod:SoulSplash","HollowMod:CornifersMapStart"],"picked":"HollowMod:SoulStrike","floor":13},{"not_picked":["HollowMod:TaintedHusks","HollowMod:SiblingsSouls","HollowMod:VengefulVoid"],"picked":"SKIP","floor":14},{"not_picked":["HollowMod:MidwifesHunger","HollowMod:Hiveblood"],"picked":"HollowMod:SlysStrikes+1","floor":16},{"not_picked":["HollowMod:InfectionAssault","HollowMod:PerfectDash","HollowMod:NewJinnsSoul"],"picked":"SKIP","floor":18},{"not_picked":["HollowMod:TaintedHusks","HollowMod:NewLittleFool"],"picked":"HollowMod:ChannelNail+1","floor":20},{"not_picked":["HollowMod:VengefulSpirit","HollowMod:CycloneSlash+1"],"picked":"HollowMod:FallenFury+1","floor":25}],"player_experience":566214,"relics_obtained":[{"floor":7,"key":"Odd Mushroom"},{"floor":8,"key":"Frozen Egg 2"},{"floor":9,"key":"Pantograph"},{"floor":10,"key":"Akabeko"},{"floor":25,"key":"Bottled Lightning"},{"floor":26,"key":"War Paint"}],"event_choices":[{"damage_healed":0,"gold_gain":0,"player_choice":"Fought Mushrooms","damage_taken":0,"max_hp_gain":0,"max_hp_loss":0,"event_name":"Mushrooms","floor":7,"gold_loss":0},{"damage_healed":0,"gold_gain":0,"player_choice":"Ignored","damage_taken":0,"max_hp_gain":0,"max_hp_loss":0,"event_name":"Beggar","floor":21,"gold_loss":0},{"damage_healed":0,"gold_gain":0,"player_choice":"Ignored","damage_taken":0,"max_hp_gain":0,"max_hp_loss":0,"event_name":"Cursed Tome","floor":22,"gold_loss":0},{"damage_healed":0,"gold_gain":0,"player_choice":"Ignored","damage_taken":0,"max_hp_gain":0,"max_hp_loss":0,"event_name":"The Mausoleum","floor":29,"gold_loss":0}],"is_beta":false,"boss_relics":[{"not_picked":["Astrolabe","Runic Dome"],"picked":"Sozu"}],"items_purged_floors":[4,11],"is_endless":false,"potions_floor_spawned":[2,10,12,13,16,20],"killed_by":"Shelled Parasite and Fungi","ascension_level":1}}