{"host":"uod8ea48n93qw90p","time":1612764060,"event":{"mods":["AchievementEnabler","BaseMod","Minty Spire (QoL Compilation)","Relic Stats","StSLib"],"gold_per_floor":[109,184,184,199,211,211,245,245,272,272,283,314,314,328,328,404,404,421,421,435,452,452,452,472,113,113,142,142,174,174,74,74,150,150,164,164,181,107,125,157,170,170,170,195,215,225,242,19,19,19,19],"floor_reached":50,"language":"ENG","playtime":4482,"items_purged":["Pain","Strike_G+1"],"score":1129,"play_id":"f2ac5503-0dac-44bb-bde8-5720d5ba3a56","local_time":"20210208000100","is_ascension_mode":true,"campfire_choices":[{"data":"Blade Dance","floor":6.0,"key":"SMITH"},{"floor":8.0,"key":"REST"},{"floor":10.0,"key":"REST"},{"data":"Finisher","floor":15.0,"key":"SMITH"},{"floor":23.0,"key":"REST"},{"floor":30.0,"key":"REST"},{"data":"Footwork","floor":32.0,"key":"SMITH"},{"floor":49.0,"key":"RECALL"}],"circlet_count":0,"master_deck":["AscendersBane","Strike_G+1","Strike_G+1","Strike_G+1","Defend_G+1","Defend_G+1","Defend_G+1","Defend_G+1","Defend_G+1","Survivor","Neutralize+1","Blade Dance+1","Footwork+1","Choke","Blade Dance","Dagger Spray","Finisher+1","Dodge and Roll","Well Laid Plans","A Thousand Cuts","Blade Dance","Predator+1","Dagger Throw+1","Crippling Poison","PiercingWail","Terror","Tools of the Trade","Deflect+1","Accuracy","Night Terror","Backflip","Parasite","Setup","Acrobatics","Wraith Form v2","Cloak And Dagger+1"],"relics":["Ring of the Snake","NeowsBlessing","WarpedTongs","Dream Catcher","Potion Belt","Mango","Du-Vu Doll","Philosopher\u0027s Stone","Paper Crane","Lizard Tail","MealTicket","HoveringKite","Bottled Tornado","Lantern","Mummified Hand","Frozen Eye"],"acts_visited":["Exordium","TheCity","TheBeyond"],"potions_floor_usage":[50,50],"damage_taken":[{"damage":0.0,"enemies":"Small Slimes","floor":1.0,"turns":1.0},{"damage":1.0,"enemies":"Jaw Worm","floor":4.0,"turns":1.0},{"damage":1.0,"enemies":"Cultist","floor":5.0,"turns":1.0},{"damage":36.0,"enemies":"3 Sentries","floor":7.0,"turns":12.0},{"damage":4.0,"enemies":"Blue Slaver","floor":11.0,"turns":4.0},{"damage":8.0,"enemies":"Lagavulin","floor":12.0,"turns":8.0},{"damage":0.0,"enemies":"Large Slime","floor":14.0,"turns":1.0},{"damage":31.0,"enemies":"Hexaghost","floor":16.0,"turns":9.0},{"damage":18.0,"enemies":"Shell Parasite","floor":18.0,"turns":4.0},{"damage":13.0,"enemies":"Spheric Guardian","floor":20.0,"turns":3.0},{"damage":21.0,"enemies":"Snake Plant","floor":21.0,"turns":5.0},{"damage":0.0,"enemies":"Sentry and Sphere","floor":24.0,"turns":2.0},{"damage":27.0,"enemies":"Slavers","floor":27.0,"turns":4.0},{"damage":16.0,"enemies":"Gremlin Leader","floor":29.0,"turns":6.0},{"damage":48.0,"enemies":"Automaton","floor":33.0,"turns":9.0},{"damage":3.0,"enemies":"Orb Walker","floor":35.0,"turns":4.0},{"damage":0.0,"enemies":"3 Shapes","floor":37.0,"turns":4.0},{"damage":26.0,"enemies":"Spire Growth","floor":39.0,"turns":5.0},{"damage":5.0,"enemies":"Reptomancer","floor":40.0,"turns":3.0},{"damage":8.0,"enemies":"Writhing Mass","floor":41.0,"turns":6.0},{"damage":11.0,"enemies":"Giant Head","floor":44.0,"turns":7.0},{"damage":12.0,"enemies":"4 Shapes","floor":45.0,"turns":5.0},{"damage":0.0,"enemies":"Jaw Worm Horde","floor":46.0,"turns":3.0},{"damage":2.0,"enemies":"Sphere and 2 Shapes","floor":47.0,"turns":9.0},{"damage":32,"enemies":"Donu and Deca","floor":50,"turns":2}],"seed_played":"2980550340539375882","potions_obtained":[{"floor":11.0,"key":"SkillPotion"},{"floor":16.0,"key":"Dexterity Potion"},{"floor":20.0,"key":"Regen Potion"},{"floor":21.0,"key":"FearPotion"},{"floor":37.0,"key":"Explosive Potion"},{"floor":40.0,"key":"AttackPotion"},{"floor":41.0,"key":"Weak Potion"},{"floor":44.0,"key":"ColorlessPotion"},{"floor":45.0,"key":"Weak Potion"}],"is_trial":false,"path_per_floor":["M","?","?","M","M","R","E","R","T","R","M","E","?","M","R","B",null,"M","?","M","M","?","R","M","$","T","E","?","E","R","$","R","B",null,"M","?","M","$","M","E","M","?","T","E","M","M","M","$","R","B"],"character_chosen":"THE_SILENT","items_purchased":["Paper Crane","Accuracy","Frozen Eye","Weak Potion"],"campfire_rested":4,"item_purchase_floors":[25,38,48,48],"current_hp_per_floor":[59,48,48,47,46,46,10,29,29,48,44,50,50,50,50,19,65,47,47,34,13,13,37,37,37,37,10,10,9,33,48,48,40,70,67,67,67,80,54,49,41,41,41,30,18,18,16,31,31,0,0],"gold":19,"neow_bonus":"THREE_ENEMY_KILL","is_daily":false,"chose_seed":false,"campfire_upgraded":3,"win_rate":0.0,"timestamp":1612764060,"path_taken":["M","?","?","?","M","R","E","R","T","R","M","E","?","M","R","BOSS","M","?","M","?","?","R","M","$","T","E","?","E","R","$","R","BOSS","BOSS","M","?","M","$","M","E","M","?","T","E","M","M","?","$","R","BOSS"],"items_purchased_type":["Relic","Card","Relic","Potion"],"build_version":"2020-12-22","purchased_purges":2,"victory":false,"max_hp_per_floor":[66,66,66,66,66,66,66,66,66,66,66,80,80,80,80,80,80,80,80,80,80,80,80,80,80,80,80,80,80,80,80,80,80,80,80,80,80,80,80,80,80,80,80,80,80,80,80,80,80,80,80],"relic_stats":{"Dream Catcher":4,"Lizard Tail":40,"counters":[25,118],"Mummified Hand":[18],"HoveringKite":[41],"MealTicket":43,"obtain_stats":[{"Potion Belt":9,"Lantern":43,"NeowsBlessing":0,"HoveringKite":34,"Mango":12,"Paper Crane":25,"Bottled Tornado":40,"WarpedTongs":3,"Du-Vu Doll":13,"Frozen Eye":48,"Dream Catcher":7,"Lizard Tail":27,"Mummified Hand":44,"Philosopher\u0027s Stone":17,"MealTicket":29,"Ring of the Snake":0},{"Potion Belt":4,"Lantern":20,"NeowsBlessing":0,"HoveringKite":15,"Mango":6,"Paper Crane":12,"Bottled Tornado":19,"WarpedTongs":1,"Du-Vu Doll":6,"Frozen Eye":24,"Dream Catcher":4,"Lizard Tail":13,"Mummified Hand":21,"Philosopher\u0027s Stone":8,"MealTicket":14,"Ring of the Snake":0},{"Potion Belt":15,"Lantern":92,"NeowsBlessing":0,"HoveringKite":70,"Mango":27,"Paper Crane":51,"Bottled Tornado":86,"WarpedTongs":1,"Du-Vu Doll":27,"Frozen Eye":116,"Dream Catcher":15,"Lizard Tail":55,"Mummified Hand":99,"Philosopher\u0027s Stone":37,"MealTicket":61,"Ring of the Snake":0}],"Ring of the Snake":[50],"WarpedTongs":[111]},"card_choices":[{"not_picked":["Flying Knee","Escape Plan"],"picked":"Dagger Throw","floor":1.0},{"not_picked":["Dodge and Roll","Caltrops"],"picked":"Blade Dance","floor":4.0},{"not_picked":["Acrobatics","Prepared"],"picked":"Footwork","floor":5.0},{"not_picked":["Blur","PiercingWail"],"picked":"Choke","floor":7.0},{"not_picked":["Dagger Throw","Backflip"],"picked":"Blade Dance","floor":8.0},{"not_picked":["Blur","Catalyst"],"picked":"Dagger Spray","floor":10.0},{"not_picked":["Dagger Throw","Deadly Poison"],"picked":"Finisher","floor":11.0},{"not_picked":["Calculated Gamble","Distraction"],"picked":"Dodge and Roll","floor":12.0},{"not_picked":["Eviscerate","Infinite Blades"],"picked":"Well Laid Plans","floor":14.0},{"not_picked":["Die Die Die","Bullet Time"],"picked":"A Thousand Cuts","floor":16.0},{"not_picked":["Dagger Spray+1","Quick Slash"],"picked":"Blade Dance","floor":18.0},{"not_picked":["Finisher","Concentrate"],"picked":"Predator+1","floor":20.0},{"not_picked":["Underhanded Strike","Backstab"],"picked":"Dagger Throw+1","floor":21.0},{"not_picked":["Calculated Gamble","Flying Knee"],"picked":"Crippling Poison","floor":24.0},{"not_picked":["Concentrate","Setup","Dodge and Roll"],"picked":"SKIP","floor":27.0},{"not_picked":["Flechettes","Choke"],"picked":"PiercingWail","floor":29.0},{"not_picked":["Underhanded Strike","Venomology"],"picked":"Terror","floor":30.0},{"not_picked":["Glass Knife","Grand Finale"],"picked":"Tools of the Trade","floor":33.0},{"not_picked":["Dodge and Roll","Dagger Throw"],"picked":"Deflect+1","floor":35.0},{"not_picked":["Deadly Poison","Poisoned Stab+1","Choke"],"picked":"SKIP","floor":37.0},{"not_picked":["Dodge and Roll+1","Prepared"],"picked":"Night Terror","floor":39.0},{"not_picked":["Poisoned Stab","Storm of Steel"],"picked":"Backflip","floor":40.0},{"not_picked":["Concentrate+1","Well Laid Plans","PiercingWail"],"picked":"SKIP","floor":41.0},{"not_picked":["Blade Dance","Backstab"],"picked":"Acrobatics","floor":44.0},{"not_picked":["Flying Knee","Quick Slash","Flechettes"],"picked":"SKIP","floor":45.0},{"not_picked":["Calculated Gamble+1","Underhanded Strike"],"picked":"Wraith Form v2","floor":46.0},{"not_picked":["Poisoned Stab+1","Blade Dance+1"],"picked":"Cloak And Dagger+1","floor":47.0}],"player_experience":98865,"relics_obtained":[{"floor":7.0,"key":"Dream Catcher"},{"floor":9.0,"key":"Potion Belt"},{"floor":12.0,"key":"Mango"},{"floor":27.0,"key":"Lizard Tail"},{"floor":29.0,"key":"MealTicket"},{"floor":40.0,"key":"Bottled Tornado"},{"floor":43.0,"key":"Lantern"},{"floor":44.0,"key":"Mummified Hand"}],"event_choices":[{"damage_healed":0.0,"max_hp_gain":0.0,"max_hp_loss":0.0,"gold_gain":75.0,"event_name":"World of Goop","player_choice":"Gather Gold","floor":2.0,"gold_loss":0.0,"damage_taken":11.0},{"damage_healed":0.0,"max_hp_gain":0.0,"max_hp_loss":0.0,"gold_gain":0.0,"event_name":"Accursed Blacksmith","player_choice":"Rummage","floor":3.0,"gold_loss":0.0,"damage_taken":0.0,"relics_obtained":["WarpedTongs"],"cards_obtained":["Pain"]},{"damage_healed":0.0,"max_hp_gain":0.0,"max_hp_loss":0.0,"gold_gain":0.0,"event_name":"Dead Adventurer","player_choice":"Searched \u00271\u0027 times","floor":13.0,"gold_loss":0.0,"damage_taken":0.0,"relics_obtained":["Du-Vu Doll"]},{"damage_healed":0.0,"max_hp_gain":0.0,"max_hp_loss":0.0,"gold_gain":0.0,"event_name":"Upgrade Shrine","player_choice":"Upgraded","floor":19.0,"gold_loss":0.0,"damage_taken":0.0,"cards_upgraded":["Neutralize"]},{"damage_healed":0.0,"max_hp_gain":0.0,"max_hp_loss":0.0,"gold_gain":0.0,"event_name":"Cursed Tome","player_choice":"Ignored","floor":22.0,"gold_loss":0.0,"damage_taken":0.0},{"damage_healed":0.0,"max_hp_gain":0.0,"max_hp_loss":0.0,"gold_gain":0.0,"event_name":"Back to Basics","player_choice":"Simplicity","floor":28.0,"gold_loss":0.0,"damage_taken":0.0,"cards_upgraded":["Strike_G","Strike_G","Strike_G","Strike_G","Strike_G","Defend_G","Defend_G","Defend_G","Defend_G","Defend_G"]},{"cards_removed":["Dagger Throw"],"damage_healed":0.0,"max_hp_gain":0.0,"max_hp_loss":0.0,"gold_gain":0.0,"event_name":"Falling","player_choice":"Removed Attack","floor":36.0,"gold_loss":0.0,"damage_taken":0.0},{"damage_healed":0.0,"max_hp_gain":0.0,"max_hp_loss":0.0,"gold_gain":0.0,"cards_transformed":["Strike_G"],"event_name":"Transmorgrifier","player_choice":"Transformed","floor":42.0,"gold_loss":0.0,"damage_taken":0.0,"cards_obtained":["Setup"]}],"is_beta":false,"boss_relics":[{"not_picked":["Velvet Choker","Sozu"],"picked":"Philosopher\u0027s Stone"},{"not_picked":["Fusion Hammer","Snecko Eye"],"picked":"HoveringKite"}],"items_purged_floors":[25,31],"is_endless":false,"potions_floor_spawned":[11,16,20,21,37,40,41,44,45],"killed_by":"Donu and Deca","ascension_level":20}}