{"host":"v3qphhcqhwfpabne","time":1612788140,"event":{"mods":["100% Spire Juice","2.2 Compatiblity","AchievementEnabler","BaseMod","CapriCore","DeckTracker","KinomotoSakuraMod(ÙÊñýÜâ?)","Koishi","Marisa£¨Ùöéë¡¡Øª×âÞÞ£©","Minty Spire (QoL Compilation)","Permanent Neow","Prisma Mod","StSLib","Td1madao Mod","The Bug Knight","The Cursed","The Immortal","The Runesmith","WarShipGirlsR/??á´Ò³R mod"],"gold_per_floor":[109,129,304,304,379,413,20,45,45,45,45],"floor_reached":10,"language":"KOR","playtime":254,"items_purged":[],"score":109,"play_id":"3b3e8322-4dd0-459b-97d8-9a285f9d2987","local_time":"20210208214220","is_ascension_mode":true,"campfire_choices":[],"circlet_count":0,"master_deck":["Strike_R","Strike_R","Strike_R","Strike_R","Defend_R","Defend_R","Defend_R","Defend_R","Bash","Doubt","Armaments","Searing Blow"],"relics":["Burning Blood","NeowsBlessing","Torii","Calipers","Bird Faced Urn","Mummified Hand"],"acts_visited":["Exordium"],"potions_floor_usage":[8,8],"damage_taken":[{"damage":0,"enemies":"Small Slimes","floor":1,"turns":1},{"damage":0,"enemies":"Jaw Worm","floor":2,"turns":1},{"damage":0,"enemies":"3 Sentries","floor":6,"turns":2},{"damage":47,"enemies":"Lagavulin","floor":8,"turns":11},{"damage":33,"enemies":"Gremlin Nob","floor":10,"turns":5}],"seed_played":"-3511039515495146061","potions_obtained":[{"floor":2,"key":"BloodPotion"},{"floor":6,"key":"HeartOfIron"}],"is_trial":false,"path_per_floor":["M","M","?","?","?","E","$","E","T","E"],"character_chosen":"IRONCLAD","items_purchased":["Searing Blow","Calipers"],"campfire_rested":0,"item_purchase_floors":[7,7],"current_hp_per_floor":[80,80,80,73,62,68,68,43,43,10,10],"gold":45,"neow_bonus":"THREE_ENEMY_KILL","is_daily":false,"chose_seed":false,"campfire_upgraded":0,"win_rate":0.0,"timestamp":1612788140,"path_taken":["M","M","?","?","?","E","?","E","T","E"],"items_purchased_type":["Card","Relic"],"build_version":"2020-12-22","purchased_purges":0,"victory":false,"max_hp_per_floor":[80,80,80,80,80,80,80,80,80,80,80],"card_choices":[{"not_picked":["Thunderclap","Dropkick","Blood for Blood"],"picked":"SKIP","floor":1},{"not_picked":["Twin Strike","Iron Wave","Anger"],"picked":"SKIP","floor":2},{"not_picked":["Thunderclap","Flame Barrier"],"picked":"Armaments","floor":6},{"not_picked":["Burning Pact","Perfected Strike","Pommel Strike"],"picked":"SKIP","floor":8}],"player_experience":112585,"relics_obtained":[{"floor":6,"key":"Torii"},{"floor":8,"key":"Bird Faced Urn"},{"floor":9,"key":"Mummified Hand"}],"event_choices":[{"damage_healed":0,"gold_gain":175,"player_choice":"AGREE","damage_taken":0,"max_hp_gain":0,"max_hp_loss":0,"event_name":"Liars Game","floor":3,"gold_loss":0,"cards_obtained":["Doubt"]},{"cards_removed":["Strike_R"],"damage_healed":0,"gold_gain":0,"player_choice":"Card Removal","damage_taken":7,"max_hp_gain":0,"max_hp_loss":0,"event_name":"Golden Wing","floor":4,"gold_loss":0},{"damage_healed":0,"gold_gain":75,"player_choice":"Gather Gold","damage_taken":11,"max_hp_gain":0,"max_hp_loss":0,"event_name":"World of Goop","floor":5,"gold_loss":0}],"is_beta":false,"boss_relics":[],"items_purged_floors":[],"is_endless":false,"potions_floor_spawned":[2,6],"killed_by":"Gremlin Nob","ascension_level":2}}