{"host":"ptk1shuto3uimndw","time":1612773909,"event":{"mods":["AchievementEnabler","BaseMod","Bestiary","Colored Map","Colored Powertips","Curses Come First","Minty Spire (QoL Compilation)","Quick Restart","Rare Cards Sparkle","Relic Stats","StSLib","Uncapped"],"gold_per_floor":[116,18,18,18,37,64,64,75,75,100,50,11,11,38,38,133,133,145,156,156,5,21,21,56,56,56,56,56,89,100,100,100,196,196,209,223,223,223,143,143,173,173,228,242,270,270,288,303,303,303,303],"floor_reached":50,"language":"ENG","playtime":1502,"items_purged":["Strike_P"],"score":814,"play_id":"c7417f4e-cd7d-484c-af47-f4faf80fd60a","local_time":"20210208094509","is_ascension_mode":true,"campfire_choices":[{"data":"Crescendo","floor":7.0,"key":"SMITH"},{"data":"SashWhip","floor":15.0,"key":"SMITH"},{"data":"Scrawl","floor":23.0,"key":"SMITH"},{"data":"SandsOfTime","floor":25.0,"key":"SMITH"},{"floor":32,"key":"REST"},{"data":"Vault","floor":40,"key":"SMITH"},{"data":"Tantrum","floor":42,"key":"SMITH"},{"data":"Study","floor":46,"key":"SMITH"},{"data":"CutThroughFate","floor":49,"key":"SMITH"}],"circlet_count":0,"master_deck":["Strike_P","Defend_P+1","Defend_P+1","Eruption+1","Vigilance+1","FlyingSleeves","SashWhip+1","Crescendo+1","WheelKick","CutThroughFate+1","SandsOfTime+1","Tantrum+1","Conclude","Scrawl+1","CurseOfTheBell","FearNoEvil+1","Consecrate+1","LessonLearned","Meditate+1","Study+1","Evaluate+1","Vault+1","EmptyFist","Wireheading"],"relics":["PureWater","Letter Opener","Bronze Scales","Bottled Flame","Happy Flower","Calling Bell","Dream Catcher","Pear","FossilizedHelix","Akabeko","Lantern","Mercury Hourglass","WarpedTongs","GoldenEye","SlaversCollar","Spirit Poop","Regal Pillow","PreservedInsect","Ornamental Fan"],"acts_visited":["Exordium","TheCity","TheBeyond"],"potions_floor_usage":[29,33,33,33,41,50,50],"damage_taken":[{"damage":0.0,"enemies":"Cultist","floor":1.0,"turns":3.0},{"damage":4.0,"enemies":"2 Louse","floor":5.0,"turns":2.0},{"damage":17.0,"enemies":"3 Sentries","floor":6.0,"turns":4.0},{"damage":2.0,"enemies":"Jaw Worm","floor":8.0,"turns":2.0},{"damage":0.0,"enemies":"Gremlin Nob","floor":10.0,"turns":2.0},{"damage":2.0,"enemies":"3 Sentries","floor":14.0,"turns":3.0},{"damage":0.0,"enemies":"Slime Boss","floor":16.0,"turns":3.0},{"damage":9.0,"enemies":"Shell Parasite","floor":18.0,"turns":3.0},{"damage":0.0,"enemies":"2 Thieves","floor":19.0,"turns":2.0},{"damage":8.0,"enemies":"Snake Plant","floor":22.0,"turns":2.0},{"damage":17.0,"enemies":"Slavers","floor":24.0,"turns":2.0},{"damage":18,"enemies":"Book of Stabbing","floor":29,"turns":2},{"damage":13,"enemies":"Centurion and Healer","floor":30,"turns":3},{"damage":30,"enemies":"Automaton","floor":33,"turns":6},{"damage":0,"enemies":"3 Darklings","floor":35,"turns":2},{"damage":4,"enemies":"3 Shapes","floor":36,"turns":3},{"damage":0,"enemies":"Giant Head","floor":41,"turns":5},{"damage":0,"enemies":"Maw","floor":44,"turns":5},{"damage":0,"enemies":"Reptomancer","floor":45,"turns":4},{"damage":0,"enemies":"3 Darklings","floor":47,"turns":4},{"damage":15,"enemies":"4 Shapes","floor":48,"turns":3},{"damage":92,"enemies":"Time Eater","floor":50,"turns":8}],"seed_played":"8248286690294073464","potions_obtained":[{"floor":5.0,"key":"DistilledChaos"},{"floor":6.0,"key":"FearPotion"},{"floor":16.0,"key":"Dexterity Potion"},{"floor":19.0,"key":"DuplicationPotion"},{"floor":22.0,"key":"Strength Potion"},{"floor":29,"key":"Fire Potion"},{"floor":30,"key":"Regen Potion"},{"floor":36,"key":"SteroidPotion"},{"floor":44,"key":"Regen Potion"},{"floor":47,"key":"SteroidPotion"}],"is_trial":false,"path_per_floor":["M","$","?","?","M","E","R","M","T","E","?","$","?","E","R","B",null,"M","M","?","$","M","R","E","R","T","?","$","E","M","?","R","B",null,"M","M","?","?","$","R","E","R","T","M","E","R","M","M","R","B"],"character_chosen":"WATCHER","items_purchased":["SashWhip","Tantrum","Akabeko","Wireheading"],"campfire_rested":1,"item_purchase_floors":[2,12,21,39],"current_hp_per_floor":[72,72,72,72,68,51,51,49,49,49,49,49,42,40,40,40,82,73,73,73,73,65,65,48,48,48,48,48,30,17,17,41,20,82,82,78,78,78,78,78,78,78,78,78,78,78,78,63,63,0,0],"gold":303,"neow_bonus":"UPGRADE_CARD","is_daily":false,"chose_seed":false,"campfire_upgraded":8,"win_rate":0.0,"timestamp":1612773909,"path_taken":["M","$","?","?","M","E","R","?","T","E","?","$","?","E","R","BOSS","M","M","?","?","M","R","E","R","T","?","$","E","?","?","R","BOSS","M","M","?","?","$","R","E","R","T","?","E","R","M","M","R","BOSS"],"items_purchased_type":["Card","Card","Relic","Card"],"build_version":"2020-12-22","purchased_purges":1,"victory":false,"max_hp_per_floor":[72,72,72,72,72,72,72,72,72,72,72,72,72,72,72,72,82,82,82,82,82,82,82,82,82,82,82,82,82,82,82,82,82,82,82,82,78,78,78,78,78,78,78,78,78,78,78,78,78,78,78],"relic_stats":{"Dream Catcher":1,"Regal Pillow":0,"Happy Flower":[19],"counters":[22,73],"Ornamental Fan":[32],"Bronze Scales":[108],"PreservedInsect":57,"Letter Opener":[91],"GoldenEye":[26],"obtain_stats":[{"Lantern":24,"Regal Pillow":41,"Pear":17,"Happy Flower":14,"Spirit Poop":38,"PreservedInsect":43,"Letter Opener":6,"GoldenEye":29,"Akabeko":21,"Mercury Hourglass":26,"WarpedTongs":27,"Calling Bell":17,"SlaversCollar":34,"Bottled Flame":10,"Dream Catcher":17,"Ornamental Fan":45,"Bronze Scales":9,"PureWater":0,"FossilizedHelix":17},{"Lantern":11,"Regal Pillow":17,"Pear":7,"Happy Flower":6,"Spirit Poop":16,"PreservedInsect":17,"Letter Opener":3,"GoldenEye":12,"Akabeko":9,"Mercury Hourglass":11,"WarpedTongs":11,"Calling Bell":7,"SlaversCollar":14,"Bottled Flame":5,"Dream Catcher":7,"Ornamental Fan":19,"Bronze Scales":4,"PureWater":0,"FossilizedHelix":7},{"Lantern":28,"Regal Pillow":49,"Pear":19,"Happy Flower":16,"Spirit Poop":44,"PreservedInsect":49,"Letter Opener":9,"GoldenEye":30,"Akabeko":24,"Mercury Hourglass":28,"WarpedTongs":28,"Calling Bell":19,"SlaversCollar":39,"Bottled Flame":13,"Dream Catcher":19,"Ornamental Fan":58,"Bronze Scales":11,"PureWater":0,"FossilizedHelix":19}],"Mercury Hourglass":[210],"WarpedTongs":[45]},"card_choices":[{"not_picked":["JustLucky","ForeignInfluence"],"picked":"FlyingSleeves","floor":1.0},{"not_picked":["FlyingSleeves","LikeWater"],"picked":"Crescendo","floor":5.0},{"not_picked":["DeusExMachina","Protect"],"picked":"WheelKick","floor":6.0},{"not_picked":["Study","JustLucky"],"picked":"CutThroughFate","floor":8.0},{"not_picked":["FollowUp","ThirdEye"],"picked":"SandsOfTime","floor":10.0},{"not_picked":["FlyingSleeves","SignatureMove"],"picked":"Conclude","floor":14.0},{"not_picked":["SpiritShield","Omniscience"],"picked":"Scrawl","floor":16.0},{"not_picked":["Collect","Prostrate+1","PathToVictory"],"picked":"SKIP","floor":18.0},{"not_picked":["Vengeance","Consecrate"],"picked":"FearNoEvil","floor":19.0},{"not_picked":["FollowUp","BowlingBash","Protect"],"picked":"SKIP","floor":22.0},{"not_picked":["WreathOfFlame+1","BattleHymn"],"picked":"Consecrate","floor":24.0},{"not_picked":["Pray+1","Sanctity+1"],"picked":"LessonLearned","floor":29},{"not_picked":["Crescendo","FlurryOfBlows"],"picked":"Meditate+1","floor":30},{"not_picked":["WreathOfFlame","BattleHymn"],"picked":"Evaluate+1","floor":32},{"not_picked":["DeusExMachina","ConjureBlade"],"picked":"Vault","floor":33},{"not_picked":["Consecrate","Prostrate+1","SashWhip+1"],"picked":"SKIP","floor":35},{"not_picked":["Tantrum","Halt+1"],"picked":"EmptyFist","floor":36},{"not_picked":["WreathOfFlame+1","Worship+1","Evaluate"],"picked":"SKIP","floor":41},{"not_picked":["JustLucky+1","ClearTheMind","Swivel"],"picked":"SKIP","floor":44},{"not_picked":["Protect","CarveReality","Judgement"],"picked":"SKIP","floor":45},{"not_picked":["WreathOfFlame","Prostrate+1","Consecrate+1"],"picked":"SKIP","floor":47},{"not_picked":["FlurryOfBlows+1","JustLucky+1","SashWhip"],"picked":"SKIP","floor":48}],"player_experience":240249,"relics_obtained":[{"floor":6.0,"key":"Letter Opener"},{"floor":9.0,"key":"Bronze Scales"},{"floor":10.0,"key":"Bottled Flame"},{"floor":14.0,"key":"Happy Flower"},{"floor":17.0,"key":"Dream Catcher"},{"floor":17.0,"key":"Pear"},{"floor":17.0,"key":"FossilizedHelix"},{"floor":24.0,"key":"Lantern"},{"floor":26.0,"key":"Mercury Hourglass"},{"floor":29,"key":"GoldenEye"},{"floor":41,"key":"Regal Pillow"},{"floor":43,"key":"PreservedInsect"},{"floor":45,"key":"Ornamental Fan"}],"event_choices":[{"cards_removed":["Defend_P"],"damage_healed":0.0,"max_hp_gain":0.0,"max_hp_loss":0.0,"gold_gain":0.0,"event_name":"Living Wall","player_choice":"Forget","floor":3.0,"gold_loss":0.0,"damage_taken":0.0},{"damage_healed":0.0,"max_hp_gain":0.0,"max_hp_loss":0.0,"gold_gain":0.0,"event_name":"Liars Game","player_choice":"Ignored","floor":4.0,"gold_loss":0.0,"damage_taken":0.0},{"cards_removed":["Strike_P"],"damage_healed":0.0,"max_hp_gain":0.0,"max_hp_loss":0.0,"gold_gain":0.0,"event_name":"The Cleric","player_choice":"Card Removal","floor":11.0,"gold_loss":50.0,"damage_taken":0.0},{"cards_removed":["Defend_P"],"damage_healed":0.0,"max_hp_gain":0.0,"max_hp_loss":0.0,"gold_gain":0.0,"event_name":"Golden Wing","player_choice":"Card Removal","floor":13.0,"gold_loss":0.0,"damage_taken":7.0},{"damage_healed":0.0,"max_hp_gain":0.0,"max_hp_loss":0.0,"gold_gain":0.0,"event_name":"Ghosts","player_choice":"Ignored","floor":20.0,"gold_loss":0.0,"damage_taken":0.0},{"damage_healed":0,"gold_gain":0,"player_choice":"Rummage","damage_taken":0,"relics_obtained":["WarpedTongs"],"max_hp_gain":0,"max_hp_loss":0,"event_name":"Accursed Blacksmith","floor":27,"gold_loss":0,"cards_obtained":["Pain"]},{"damage_healed":0,"gold_gain":0,"cards_transformed":["Pain","Strike_P"],"player_choice":"Became Test Subject","damage_taken":0,"max_hp_gain":0,"max_hp_loss":0,"event_name":"Drug Dealer","floor":31,"gold_loss":0,"cards_obtained":["Injury","Study"]},{"damage_healed":0,"gold_gain":0,"player_choice":"Max HP","damage_taken":0,"max_hp_gain":0,"max_hp_loss":4,"event_name":"Winding Halls","floor":37,"gold_loss":0},{"cards_removed":["Injury"],"damage_healed":0,"gold_gain":0,"player_choice":"Offered Curse","damage_taken":0,"relics_obtained":["Spirit Poop"],"max_hp_gain":0,"max_hp_loss":0,"event_name":"Bonfire Elementals","floor":38,"gold_loss":0}],"is_beta":false,"boss_relics":[{"not_picked":["Ectoplasm","Tiny House"],"picked":"Calling Bell"},{"not_picked":["Black Star","Astrolabe"],"picked":"SlaversCollar"}],"items_purged_floors":[2],"is_endless":false,"potions_floor_spawned":[5,6,16,19,22,29,30,36,44,47],"killed_by":"Time Eater","ascension_level":4}}