{"host":"np4f5reu8f2vit8r","time":1612752245,"event":{"mods":["BaseMod","Bestiary","Curses Come First","Minty Spire (QoL Compilation)","Permanent Neow","Relic Stats","StSLib"],"gold_per_floor":[111,124,139,14,34,61,61,90,90,165,175,175,209,209,209,286,286,302,316,241,257,272,297,297,326,326,326,343,377,141,152,152,230,230,240,253,253,278,41,41,66,66,66,66,97,97,22,48,48,48,48],"floor_reached":50,"language":"ENG","playtime":2904,"items_purged":["Defend_P"],"score":1362,"play_id":"5158f066-a9ef-42b8-961c-d12c1b469ca3","local_time":"20210208154405","is_ascension_mode":true,"campfire_choices":[{"floor":7.0,"key":"REST"},{"floor":12.0,"key":"REST"},{"floor":15.0,"key":"RECALL"},{"floor":24.0,"key":"REST"},{"floor":27.0,"key":"REST"},{"floor":32.0,"key":"REST"},{"floor":40.0,"key":"REST"},{"floor":42.0,"key":"REST"},{"floor":49.0,"key":"REST"}],"circlet_count":0,"master_deck":["AscendersBane","Strike_P+1","Strike_P+1","Defend_P+1","Defend_P+1","Defend_P","Eruption+1","Vigilance+1","SashWhip","Consecrate+1","FlyingSleeves","Wireheading+1","Meditate+1","Tantrum+1","FlurryOfBlows+1","LessonLearned+1","LessonLearned+1","Halt+1","CutThroughFate","EmptyBody+1","Tantrum+1","TalkToTheHand+1","EmptyBody","Meditate+1","TalkToTheHand","FlurryOfBlows","DevaForm+1","Sanctity+1","WaveOfTheHand","Flash of Steel","Panache","Vault","CutThroughFate+1","WheelKick","MentalFortress","Finesse"],"relics":["Fusion Hammer","Mango","Boot","Meat on the Bone","Incense Burner","VioletLotus","Question Card","CaptainsWheel","Bronze Scales","Yang","PreservedInsect","Runic Dome","Prayer Wheel","Membership Card","Akabeko","Damaru","Potion Belt"],"acts_visited":["Exordium","TheCity","TheBeyond"],"potions_floor_usage":[50,50],"damage_taken":[{"damage":2.0,"enemies":"2 Louse","floor":1.0,"turns":3.0},{"damage":4.0,"enemies":"Jaw Worm","floor":2.0,"turns":4.0},{"damage":2.0,"enemies":"Small Slimes","floor":3.0,"turns":2.0},{"damage":0.0,"enemies":"Blue Slaver","floor":5.0,"turns":2.0},{"damage":16.0,"enemies":"Gremlin Nob","floor":6.0,"turns":3.0},{"damage":50.0,"enemies":"Lagavulin","floor":8.0,"turns":4.0},{"damage":8.0,"enemies":"Large Slime","floor":11.0,"turns":3.0},{"damage":2.0,"enemies":"3 Sentries","floor":13.0,"turns":3.0},{"damage":51.0,"enemies":"The Guardian","floor":16.0,"turns":14.0},{"damage":28.0,"enemies":"Shell Parasite","floor":18.0,"turns":4.0},{"damage":0.0,"enemies":"Spheric Guardian","floor":19.0,"turns":3.0},{"damage":17.0,"enemies":"Centurion and Healer","floor":21.0,"turns":7.0},{"damage":14.0,"enemies":"Sentry and Sphere","floor":22.0,"turns":5.0},{"damage":27.0,"enemies":"Book of Stabbing","floor":23.0,"turns":6.0},{"damage":8.0,"enemies":"Slavers","floor":25.0,"turns":5.0},{"damage":3.0,"enemies":"Snecko","floor":28.0,"turns":5.0},{"damage":18.0,"enemies":"Book of Stabbing","floor":29.0,"turns":4.0},{"damage":0.0,"enemies":"Cultist and Chosen","floor":31.0,"turns":7.0},{"damage":57.0,"enemies":"Collector","floor":33.0,"turns":9.0},{"damage":3.0,"enemies":"3 Shapes","floor":35.0,"turns":5.0},{"damage":2.0,"enemies":"3 Darklings","floor":36.0,"turns":4.0},{"damage":8.0,"enemies":"Mind Bloom Boss Battle","floor":38.0,"turns":8.0},{"damage":0.0,"enemies":"Reptomancer","floor":41.0,"turns":5.0},{"damage":15.0,"enemies":"Nemesis","floor":45.0,"turns":5.0},{"damage":0.0,"enemies":"Giant Head","floor":48.0,"turns":6.0},{"damage":94,"enemies":"Time Eater","floor":50,"turns":14}],"seed_played":"2332591209635803542","potions_obtained":[{"floor":5.0,"key":"BottledMiracle"},{"floor":8.0,"key":"Swift Potion"},{"floor":13.0,"key":"EntropicBrew"},{"floor":19.0,"key":"Fire Potion"},{"floor":23.0,"key":"DuplicationPotion"},{"floor":25.0,"key":"EssenceOfSteel"},{"floor":31.0,"key":"Fruit Juice"},{"floor":35.0,"key":"BlessingOfTheForge"},{"floor":41.0,"key":"Fire Potion"},{"floor":48.0,"key":"SneckoOil"}],"is_trial":false,"path_per_floor":["M","M","M","$","M","E","R","E","T","?","M","R","E","?","R","B",null,"M","M","?","M","M","E","R","E","T","R","M","E","$","M","R","B",null,"M","M","?","?","$","R","E","R","T","?","E","?","$","E","R","B"],"character_chosen":"WATCHER","items_purchased":["Wireheading","LiquidMemories","PreservedInsect","Membership Card","Vault","MentalFortress","Finesse"],"campfire_rested":8,"item_purchase_floors":[4,4,30,39,39,47,47],"current_hp_per_floor":[59,55,53,53,53,51,75,25,25,14,18,42,52,57,57,18,70,54,54,54,49,47,32,58,50,50,76,73,55,55,55,81,36,74,76,74,64,56,56,83,83,92,92,92,77,77,77,77,87,0,0],"gold":48,"neow_bonus":"BOSS_RELIC","is_daily":false,"chose_seed":false,"campfire_upgraded":0,"win_rate":0.0,"timestamp":1612752245,"path_taken":["M","M","M","$","M","E","R","E","T","?","M","R","E","?","R","BOSS","M","M","?","M","M","E","R","E","T","R","M","E","$","M","R","BOSS","M","M","?","?","$","R","E","R","T","?","E","?","?","E","R","BOSS"],"items_purchased_type":["Card","Potion","Relic","Relic","Card","Card","Card"],"build_version":"2020-12-22","purchased_purges":1,"victory":false,"max_hp_per_floor":[68,68,68,68,68,82,82,82,82,82,82,82,82,87,87,87,87,87,87,87,87,87,87,87,87,87,87,87,87,87,87,87,87,87,92,92,92,92,92,92,92,92,92,92,92,87,87,87,87,87,87],"relic_stats":{"counters":[26,140],"Bronze Scales":[235],"Yang":[190],"Prayer Wheel":0,"VioletLotus":[46],"PreservedInsect":240,"Boot":[414],"Question Card":14,"obtain_stats":[{"Potion Belt":48,"Damaru":45,"Mango":6,"Yang":29,"PreservedInsect":30,"Incense Burner":13,"Boot":8,"Question Card":23,"Akabeko":41,"Runic Dome":34,"CaptainsWheel":25,"Bronze Scales":26,"Prayer Wheel":38,"Fusion Hammer":0,"VioletLotus":17,"Membership Card":39,"PureWater":0,"Meat on the Bone":9},{"Potion Belt":25,"Damaru":24,"Mango":5,"Yang":17,"PreservedInsect":17,"Incense Burner":8,"Boot":6,"Question Card":14,"Akabeko":23,"Runic Dome":19,"CaptainsWheel":15,"Bronze Scales":15,"Prayer Wheel":22,"Fusion Hammer":0,"VioletLotus":9,"Membership Card":22,"PureWater":0,"Meat on the Bone":6},{"Potion Belt":126,"Damaru":120,"Mango":14,"Yang":77,"PreservedInsect":77,"Incense Burner":24,"Boot":18,"Question Card":63,"Akabeko":115,"Runic Dome":93,"CaptainsWheel":68,"Bronze Scales":68,"Prayer Wheel":110,"Fusion Hammer":0,"VioletLotus":38,"Membership Card":110,"PureWater":0,"Meat on the Bone":18}],"Meat on the Bone":96},"card_choices":[{"not_picked":["Evaluate","FlurryOfBlows"],"picked":"SashWhip","floor":1.0},{"not_picked":["SashWhip","Prostrate"],"picked":"Consecrate","floor":2.0},{"not_picked":["Consecrate","FollowUp"],"picked":"FlyingSleeves","floor":3.0},{"not_picked":["EmptyBody","Scrawl"],"picked":"Meditate","floor":5.0},{"not_picked":["FlyingSleeves","DeusExMachina"],"picked":"Tantrum","floor":6.0},{"not_picked":["SashWhip","WaveOfTheHand","Crescendo"],"picked":"SKIP","floor":8.0},{"not_picked":["PathToVictory","CrushJoints"],"picked":"FlurryOfBlows","floor":11.0},{"not_picked":["InnerPeace","WaveOfTheHand"],"picked":"LessonLearned","floor":13.0},{"not_picked":["Blasphemy","Wish"],"picked":"LessonLearned","floor":16.0},{"not_picked":["SashWhip","Worship"],"picked":"Halt+1","floor":18.0},{"not_picked":["Prostrate","BowlingBash"],"picked":"CutThroughFate","floor":19.0},{"not_picked":["EmptyFist","Conclude"],"picked":"EmptyBody","floor":21.0},{"not_picked":["Indignation","Consecrate"],"picked":"Tantrum","floor":22.0},{"not_picked":["DevaForm","InnerPeace"],"picked":"TalkToTheHand+1","floor":23.0},{"not_picked":["Halt","FollowUp","Consecrate"],"picked":"EmptyBody","floor":25.0},{"not_picked":["WaveOfTheHand","CrushJoints","Evaluate"],"picked":"Meditate","floor":28.0},{"not_picked":["ClearTheMind","Prostrate","MentalFortress"],"picked":"TalkToTheHand","floor":29.0},{"not_picked":["Prostrate","BowlingBash","Crescendo"],"picked":"FlurryOfBlows","floor":31.0},{"not_picked":["Ragnarok","MasterReality","DeusExMachina"],"picked":"DevaForm","floor":33.0},{"not_picked":["SignatureMove","Meditate","BowlingBash"],"picked":"Sanctity","floor":35.0},{"not_picked":["Prostrate","ClearTheMind","PathToVictory"],"picked":"WaveOfTheHand","floor":36.0},{"not_picked":["Trip","HandOfGreed","Enlightenment"],"picked":"Flash of Steel","floor":37.0},{"not_picked":["Swift Strike","Dramatic Entrance","The Bomb"],"picked":"Panache","floor":37.0},{"not_picked":["SashWhip+1","FlurryOfBlows","Study"],"picked":"CutThroughFate+1","floor":41.0},{"not_picked":["BattleHymn","Alpha","Conclude"],"picked":"WheelKick","floor":45.0},{"not_picked":["WindmillStrike","Indignation","CrushJoints","EmptyBody"],"picked":"SKIP","floor":48.0}],"player_experience":935324,"relics_obtained":[{"floor":6.0,"key":"Mango"},{"floor":8.0,"key":"Boot"},{"floor":9.0,"key":"Meat on the Bone"},{"floor":13.0,"key":"Incense Burner"},{"floor":23.0,"key":"Question Card"},{"floor":25.0,"key":"CaptainsWheel"},{"floor":26.0,"key":"Bronze Scales"},{"floor":29.0,"key":"Yang"},{"floor":38.0,"key":"Prayer Wheel"},{"floor":41.0,"key":"Akabeko"},{"floor":45.0,"key":"Damaru"},{"floor":48.0,"key":"Potion Belt"}],"event_choices":[{"damage_healed":0.0,"max_hp_gain":0.0,"max_hp_loss":0.0,"gold_gain":75.0,"event_name":"World of Goop","player_choice":"Gather Gold","floor":10.0,"gold_loss":0.0,"damage_taken":11.0},{"damage_healed":0.0,"max_hp_gain":5.0,"max_hp_loss":0.0,"gold_gain":0.0,"event_name":"Big Fish","player_choice":"Donut","floor":14.0,"gold_loss":0.0,"damage_taken":0.0},{"cards_removed":["Strike_P"],"damage_healed":0.0,"max_hp_gain":0.0,"max_hp_loss":0.0,"gold_gain":0.0,"event_name":"Beggar","player_choice":"Gave Gold","floor":20.0,"gold_loss":75.0,"damage_taken":0.0},{"damage_healed":0.0,"max_hp_gain":0.0,"max_hp_loss":0.0,"gold_gain":0.0,"event_name":"SensoryStone","player_choice":"Memory 3","floor":37.0,"gold_loss":0.0,"damage_taken":10.0},{"damage_healed":0.0,"max_hp_gain":0.0,"max_hp_loss":0.0,"gold_gain":0.0,"event_name":"MindBloom","player_choice":"Fight","floor":38.0,"gold_loss":0.0,"damage_taken":0.0},{"cards_removed":["Strike_P"],"damage_healed":0.0,"max_hp_gain":0.0,"max_hp_loss":0.0,"gold_gain":0.0,"event_name":"Falling","player_choice":"Removed Attack","floor":44.0,"gold_loss":0.0,"damage_taken":0.0},{"damage_healed":0.0,"max_hp_gain":0.0,"max_hp_loss":5.0,"gold_gain":0.0,"event_name":"Winding Halls","player_choice":"Max HP","floor":46.0,"gold_loss":0.0,"damage_taken":0.0}],"is_beta":false,"boss_relics":[{"not_picked":["Tiny House","SacredBark"],"picked":"VioletLotus"},{"not_picked":["Snecko Eye","Coffee Dripper"],"picked":"Runic Dome"}],"items_purged_floors":[30],"is_endless":false,"potions_floor_spawned":[5,8,13,16,19,23,25,31,35,41,48],"killed_by":"Time Eater","ascension_level":20}}