{"host":"f9ntswufr8mq3t4y","time":1612803283,"event":{"mods":["AchievementEnabler","BaseMod","Best Route Mod","Block Reminder","Colored Map","Colored Powertips","Curses Come First","DeckTracker","Displayed Cursed Tome","Highlight Path","Minty Spire (QoL Compilation)","Permanent Neow","Quick Restart","Slay-I","StSLib"],"gold_per_floor":[369,3,20,20,36,36,68,68,91,109,120,138,138,152,152,253,253,253,9,9,9,9,9,9,9,9,9,9,9,9,9,9,9,9,9,9,9,9],"floor_reached":37,"language":"ENG","playtime":2566,"items_purged":[],"score":563,"play_id":"59840541-9386-4a19-82e0-cb2d337255c1","local_time":"20210208195443","is_ascension_mode":true,"campfire_choices":[{"data":"Armaments","floor":6.0,"key":"SMITH"},{"data":"Shockwave","floor":8.0,"key":"SMITH"},{"data":"Berserk","floor":13.0,"key":"SMITH"},{"data":"Dropkick","floor":15.0,"key":"SMITH"},{"floor":24.0,"key":"REST"},{"floor":27.0,"key":"REST"},{"floor":32.0,"key":"REST"}],"circlet_count":0,"master_deck":["Strike_R","Strike_R","Strike_R","Strike_R","Strike_R","Defend_R","Defend_R","Defend_R","Defend_R","Bash","Infernal Blade+1","Sentinel","Shockwave+1","Armaments+1","Dropkick+1","Berserk+1","Fiend Fire","Iron Wave+1","Metallicize+1","Dropkick+1","Infernal Blade+1","Shockwave+1","Ghostly Armor+1","Iron Wave+1","Shrug It Off+1","Disarm+1","Barricade+1","Shrug It Off+1"],"relics":["Burning Blood","Charon\u0027s Ashes","Ancient Tea Set","Dream Catcher","Ectoplasm","Singing Bowl","WingedGreaves","Paper Frog","Darkstone Periapt","Ice Cream","TungstenRod","Frozen Egg 2","SlaversCollar"],"acts_visited":["Exordium","TheCity","TheBeyond"],"potions_floor_usage":[],"damage_taken":[{"damage":1.0,"enemies":"Cultist","floor":1.0,"turns":3.0},{"damage":7.0,"enemies":"Jaw Worm","floor":3.0,"turns":3.0},{"damage":8.0,"enemies":"Small Slimes","floor":5.0,"turns":2.0},{"damage":21.0,"enemies":"Gremlin Nob","floor":7.0,"turns":4.0},{"damage":5.0,"enemies":"Exordium Wildlife","floor":10.0,"turns":3.0},{"damage":0.0,"enemies":"2 Fungi Beasts","floor":11.0,"turns":4.0},{"damage":2.0,"enemies":"Lots of Slimes","floor":12.0,"turns":4.0},{"damage":0.0,"enemies":"Looter","floor":14.0,"turns":2.0},{"damage":21.0,"enemies":"Slime Boss","floor":16.0,"turns":11.0},{"damage":7.0,"enemies":"Chosen","floor":18.0,"turns":4.0},{"damage":20.0,"enemies":"Shell Parasite","floor":20.0,"turns":6.0},{"damage":24.0,"enemies":"Sentry and Sphere","floor":21.0,"turns":6.0},{"damage":17.0,"enemies":"Slavers","floor":23.0,"turns":6.0},{"damage":12.0,"enemies":"Cultist and Chosen","floor":25.0,"turns":4.0},{"damage":22.0,"enemies":"Book of Stabbing","floor":28.0,"turns":5.0},{"damage":24.0,"enemies":"Slavers","floor":29.0,"turns":4.0},{"damage":2.0,"enemies":"Colosseum Slavers","floor":30.0,"turns":3.0},{"damage":3.0,"enemies":"Colosseum Nobs","floor":30.0,"turns":4.0},{"damage":0.0,"enemies":"Shelled Parasite and Fungi","floor":31.0,"turns":4.0},{"damage":53.0,"enemies":"Automaton","floor":33.0,"turns":12.0},{"damage":28,"enemies":"3 Darklings","floor":35,"turns":5},{"damage":3,"enemies":"3 Shapes","floor":36,"turns":5},{"damage":47,"enemies":"Sphere and 2 Shapes","floor":37,"turns":5}],"seed_played":"7900654542817487644","potions_obtained":[{"floor":7.0,"key":"CultistPotion"},{"floor":10.0,"key":"DistilledChaos"},{"floor":11.0,"key":"LiquidBronze"},{"floor":18.0,"key":"Block Potion"},{"floor":21.0,"key":"Energy Potion"},{"floor":33.0,"key":"FearPotion"},{"floor":36,"key":"BlessingOfTheForge"}],"is_trial":false,"path_per_floor":["M","$","M","?","M","R","E","R","T","M","M","M","R","M","R","B",null,"M","$","M","M","?","E","R","M","T","R","E","E","?","M","R","B",null,"M","M","M"],"character_chosen":"IRONCLAD","items_purchased":["Charon\u0027s Ashes","Sentinel","Singing Bowl"],"campfire_rested":3,"item_purchase_floors":[2,2,19],"current_hp_per_floor":[72,72,71,71,69,69,54,54,54,55,61,65,65,71,71,56,68,67,67,53,37,37,28,50,44,44,66,50,32,39,47,70,23,64,44,47,0,0],"gold":9,"neow_bonus":"TWO_FIFTY_GOLD","is_daily":false,"chose_seed":false,"campfire_upgraded":4,"win_rate":0.0,"timestamp":1612803283,"path_taken":["M","$","M","?","?","R","E","R","T","M","M","M","R","M","R","BOSS","M","$","M","M","?","E","R","M","T","R","E","E","?","M","R","BOSS","M","M","M"],"items_purchased_type":["Relic","Card","Relic"],"build_version":"2020-12-22","purchased_purges":0,"victory":false,"max_hp_per_floor":[72,72,72,72,72,72,72,72,72,72,72,72,72,72,72,72,72,72,72,72,74,74,76,76,76,76,76,76,76,76,78,78,78,78,80,80,80,80],"card_choices":[{"not_picked":["True Grit","Rupture"],"picked":"Infernal Blade","floor":1.0},{"not_picked":["Searing Blow","Shrug It Off"],"picked":"Shockwave","floor":3.0},{"not_picked":["Heavy Blade","Ghostly Armor"],"picked":"Armaments","floor":5.0},{"not_picked":["Pommel Strike","Juggernaut"],"picked":"Dropkick","floor":7.0},{"not_picked":["Shrug It Off","Anger","Pummel"],"picked":"SKIP","floor":10.0},{"not_picked":["Sword Boomerang","Thunderclap","Dual Wield"],"picked":"SKIP","floor":11.0},{"not_picked":["Shrug It Off","Wild Strike"],"picked":"Berserk","floor":12.0},{"not_picked":["Armaments","Twin Strike","Pommel Strike"],"picked":"SKIP","floor":14.0},{"not_picked":["Limit Break","Berserk"],"picked":"Fiend Fire","floor":16.0},{"not_picked":["Anger","Reckless Charge"],"picked":"Iron Wave+1","floor":18.0},{"not_picked":["Dark Embrace","Anger"],"picked":"Metallicize+1","floor":20.0},{"not_picked":["Second Wind","Cleave","Sword Boomerang+1"],"picked":"Singing Bowl","floor":21.0},{"not_picked":["Brutality","True Grit","Body Slam"],"picked":"Singing Bowl","floor":23.0},{"not_picked":["Flex","Armaments"],"picked":"Dropkick+1","floor":24.0},{"not_picked":["Iron Wave","Carnage"],"picked":"Infernal Blade+1","floor":25.0},{"not_picked":["Body Slam","Twin Strike"],"picked":"Shockwave+1","floor":27.0},{"not_picked":["Corruption","Heavy Blade"],"picked":"Ghostly Armor+1","floor":28.0},{"not_picked":["Seeing Red","Wild Strike"],"picked":"Iron Wave+1","floor":29.0},{"not_picked":["Warcry","Rampage+1"],"picked":"Shrug It Off+1","floor":30.0},{"not_picked":["Clash+1","Twin Strike","Havoc"],"picked":"Singing Bowl","floor":31.0},{"not_picked":["Fiend Fire","Blood for Blood"],"picked":"Disarm+1","floor":32.0},{"not_picked":["Exhume","Berserk+1"],"picked":"Barricade+1","floor":33.0},{"not_picked":["Twin Strike+1","Cleave","Sword Boomerang"],"picked":"Singing Bowl","floor":35},{"not_picked":["Intimidate","Body Slam"],"picked":"Shrug It Off+1","floor":36}],"player_experience":413747,"relics_obtained":[{"floor":7.0,"key":"Ancient Tea Set"},{"floor":9.0,"key":"Dream Catcher"},{"floor":23.0,"key":"WingedGreaves"},{"floor":26.0,"key":"Paper Frog"},{"floor":28.0,"key":"Darkstone Periapt"},{"floor":29.0,"key":"Ice Cream"},{"floor":30.0,"key":"TungstenRod"},{"floor":30.0,"key":"Frozen Egg 2"}],"event_choices":[{"damage_healed":0.0,"max_hp_gain":0.0,"max_hp_loss":0.0,"gold_gain":0.0,"event_name":"Accursed Blacksmith","player_choice":"Forge","floor":4.0,"gold_loss":0.0,"damage_taken":0.0,"cards_upgraded":["Infernal Blade"]},{"damage_healed":0.0,"max_hp_gain":0.0,"max_hp_loss":0.0,"gold_gain":0.0,"event_name":"Colosseum","player_choice":"Fight","floor":30.0,"gold_loss":0.0,"damage_taken":0.0},{"damage_healed":0.0,"max_hp_gain":0.0,"max_hp_loss":0.0,"gold_gain":0.0,"event_name":"Colosseum","player_choice":"Fought Nobs","floor":30.0,"gold_loss":0.0,"damage_taken":0.0}],"is_beta":false,"boss_relics":[{"not_picked":["Philosopher\u0027s Stone","Runic Dome"],"picked":"Ectoplasm"},{"not_picked":["Cursed Key","Sozu"],"picked":"SlaversCollar"}],"items_purged_floors":[],"is_endless":false,"potions_floor_spawned":[7,10,11,18,21,30,31,33,36],"killed_by":"Sphere and 2 Shapes","ascension_level":6}}