{"host":"rolltorest","time":1612828241,"event":{"mods":["BaseMod","Minty Spire (QoL Compilation)","Relic Stats","Slay the Relics Exporter","StSLib"],"gold_per_floor":[114,114,389,402,87,114,114,127,152,152,162,177,209,209,209,209,209],"floor_reached":16,"language":"ENG","playtime":271,"items_purged":["Regret"],"score":270,"play_id":"3b4e54e3-5e54-4e56-b355-9cf832d9dc50","local_time":"20210208155041","is_ascension_mode":true,"campfire_choices":[{"data":"Sweeping Beam","floor":7,"key":"SMITH"},{"data":"Streamline","floor":15,"key":"SMITH"}],"circlet_count":0,"master_deck":["AscendersBane","Strike_B","Strike_B","Strike_B","Strike_B+1","Defend_B","Defend_B","Defend_B","Defend_B","Zap","Dualcast","Genetic Algorithm+1","Sweeping Beam+1","Melter","FTL","Compile Driver","Rip and Tear","Streamline+1"],"relics":["Cracked Core","NeowsBlessing","Runic Capacitor","Centennial Puzzle","Bag of Preparation","Juzu Bracelet"],"acts_visited":["Exordium"],"potions_floor_usage":[13,16,16],"damage_taken":[{"damage":0,"enemies":"Cultist","floor":1,"turns":1},{"damage":0,"enemies":"Small Slimes","floor":4,"turns":1},{"damage":0,"enemies":"Lagavulin","floor":6,"turns":1},{"damage":2,"enemies":"2 Louse","floor":8,"turns":3},{"damage":4,"enemies":"2 Fungi Beasts","floor":11,"turns":3},{"damage":1,"enemies":"3 Louse","floor":12,"turns":3},{"damage":20,"enemies":"3 Sentries","floor":13,"turns":6},{"damage":0,"enemies":"Hexaghost","floor":16,"turns":4}],"seed_played":"-327591694306274417","potions_obtained":[{"floor":1,"key":"SkillPotion"},{"floor":11,"key":"Dexterity Potion"},{"floor":12,"key":"PowerPotion"},{"floor":13,"key":"DistilledChaos"}],"is_trial":false,"path_per_floor":["M","$","?","M","$","E","R","M","T","?","M","M","E","?","R","B"],"character_chosen":"DEFECT","items_purchased":["Runic Capacitor","Melter"],"campfire_rested":0,"item_purchase_floors":[5,5],"current_hp_per_floor":[64,64,64,64,64,64,64,62,62,41,37,36,16,5,5,5,5],"gold":209,"neow_bonus":"THREE_ENEMY_KILL","is_daily":false,"chose_seed":false,"campfire_upgraded":2,"win_rate":0.0,"timestamp":1612828241,"path_taken":["M","$","?","?","$","E","R","M","T","?","M","M","E","?","R","BOSS"],"items_purchased_type":["Relic","Card"],"build_version":"2020-12-18","purchased_purges":1,"victory":false,"max_hp_per_floor":[71,71,71,71,71,71,71,71,71,71,71,71,71,71,71,71,71],"relic_stats":{"Centennial Puzzle":[12],"counters":[8,22],"Bag of Preparation":[8],"Juzu Bracelet":0,"obtain_stats":[{"Centennial Puzzle":6,"NeowsBlessing":0,"Runic Capacitor":5,"Bag of Preparation":9,"Juzu Bracelet":13,"Cracked Core":0},{"Centennial Puzzle":3,"NeowsBlessing":0,"Runic Capacitor":2,"Bag of Preparation":4,"Juzu Bracelet":7,"Cracked Core":0},{"Centennial Puzzle":3,"NeowsBlessing":0,"Runic Capacitor":2,"Bag of Preparation":6,"Juzu Bracelet":18,"Cracked Core":0}]},"card_choices":[{"not_picked":["Aggregate","Loop"],"picked":"Genetic Algorithm","floor":1},{"not_picked":["Compile Driver","Conserve Battery"],"picked":"Sweeping Beam","floor":4},{"not_picked":["Buffer","Coolheaded"],"picked":"FTL","floor":6},{"not_picked":["Recycle","Rebound"],"picked":"Compile Driver","floor":8},{"not_picked":["Blizzard","Turbo"],"picked":"Rip and Tear","floor":11},{"not_picked":["Tempest","Fusion"],"picked":"Streamline","floor":12},{"not_picked":["Lockon","Storm","Chill"],"picked":"SKIP","floor":13}],"player_experience":1924203,"relics_obtained":[{"floor":6,"key":"Centennial Puzzle"},{"floor":9,"key":"Bag of Preparation"},{"floor":13,"key":"Juzu Bracelet"}],"event_choices":[{"damage_healed":0,"gold_gain":275,"player_choice":"Desecrate","damage_taken":0,"max_hp_gain":0,"max_hp_loss":0,"event_name":"Golden Shrine","floor":3,"gold_loss":0,"cards_obtained":["Regret"]},{"damage_healed":0,"gold_gain":0,"player_choice":"Entered Light","damage_taken":21,"max_hp_gain":0,"max_hp_loss":0,"event_name":"Shining Light","floor":10,"gold_loss":0,"cards_upgraded":["Strike_B","Genetic Algorithm"]},{"damage_healed":0,"gold_gain":0,"player_choice":"Fled","damage_taken":11,"max_hp_gain":0,"max_hp_loss":0,"event_name":"Scrap Ooze","floor":14,"gold_loss":0}],"is_beta":true,"boss_relics":[],"items_purged_floors":[5],"is_endless":false,"potions_floor_spawned":[1,11,12,13],"killed_by":"Hexaghost","ascension_level":20}}