{"host":"0t49mrxx90xkfqmj","time":1612788406,"event":{"mods":["AchievementEnabler","BaseMod","Colored Map","Colored Powertips","Minty Spire (QoL Compilation)","Quick Restart","Relic Stats","Synergy Search"],"gold_per_floor":[116,127,145,95,95,95,95,135,135,135,36,75,88,102,102,232,232,247,262,262,262],"floor_reached":20,"language":"ENG","playtime":1395,"items_purged":["Strike_R"],"score":193,"play_id":"e57b1d29-819a-475c-b407-0e1ee53c4ee0","local_time":"20210208144646","is_ascension_mode":true,"campfire_choices":[{"floor":6,"key":"RECALL"},{"floor":10,"key":"REST"},{"data":"Flex","floor":15,"key":"SMITH"}],"circlet_count":0,"master_deck":["Strike_R","Strike_R","Strike_R","Defend_R","Defend_R","Defend_R","Bash","Thunderclap","Injury","Flex+1","Metallicize","Feed","CurseOfTheBell","Shrug It Off"],"relics":["Burning Blood","MealTicket","Golden Idol","Pocketwatch","Art of War","Calling Bell","Toy Ornithopter","Ornamental Fan","Magic Flower"],"acts_visited":["Exordium","TheCity"],"potions_floor_usage":[12,14,16],"damage_taken":[{"damage":0,"enemies":"2 Louse","floor":1,"turns":3},{"damage":1,"enemies":"Jaw Worm","floor":2,"turns":5},{"damage":5,"enemies":"Small Slimes","floor":3,"turns":3},{"damage":55,"enemies":"Lagavulin","floor":8,"turns":8},{"damage":37,"enemies":"Gremlin Nob","floor":12,"turns":5},{"damage":12,"enemies":"Blue Slaver","floor":13,"turns":2},{"damage":8,"enemies":"Lots of Slimes","floor":14,"turns":2},{"damage":27,"enemies":"Slime Boss","floor":16,"turns":10},{"damage":14,"enemies":"Spheric Guardian","floor":18,"turns":5},{"damage":27,"enemies":"Chosen","floor":19,"turns":10},{"damage":74,"enemies":"Sentry and Sphere","floor":20,"turns":11}],"seed_played":"-1503324464145244180","potions_obtained":[{"floor":2,"key":"DuplicationPotion"},{"floor":3,"key":"HeartOfIron"},{"floor":12,"key":"EssenceOfSteel"},{"floor":13,"key":"LiquidMemories"},{"floor":16,"key":"Explosive Potion"},{"floor":19,"key":"Ancient Potion"}],"is_trial":false,"path_per_floor":["M","M","M","?","?","R","?","E","T","R","$","E","M","M","R","B",null,"M","M","M"],"character_chosen":"IRONCLAD","items_purchased":["Flex"],"campfire_rested":1,"item_purchase_floors":[11],"current_hp_per_floor":[80,80,80,80,80,80,80,31,31,55,70,39,33,31,31,10,80,80,67,0,0],"gold":262,"neow_bonus":"RANDOM_COMMON_RELIC","is_daily":false,"chose_seed":false,"campfire_upgraded":1,"win_rate":0.0,"timestamp":1612788406,"path_taken":["M","M","M","?","?","R","?","E","T","R","?","E","M","M","R","BOSS","M","M","?"],"items_purchased_type":["Card"],"build_version":"2020-12-22","purchased_purges":1,"victory":false,"max_hp_per_floor":[80,80,80,80,80,80,80,80,80,80,80,80,80,80,80,80,80,83,86,89,89],"relic_stats":{"counters":[11,64],"Golden Idol":54,"Ornamental Fan":[12],"Magic Flower":[12],"MealTicket":15,"Art of War":[4],"obtain_stats":[{"Calling Bell":17,"Golden Idol":5,"Ornamental Fan":17,"Magic Flower":17,"MealTicket":0,"Art of War":12,"Burning Blood":0,"Toy Ornithopter":17,"Pocketwatch":8},{"Calling Bell":8,"Golden Idol":3,"Ornamental Fan":8,"Magic Flower":8,"MealTicket":0,"Art of War":5,"Burning Blood":0,"Toy Ornithopter":8,"Pocketwatch":4},{"Calling Bell":38,"Golden Idol":11,"Ornamental Fan":38,"Magic Flower":38,"MealTicket":0,"Art of War":24,"Burning Blood":0,"Toy Ornithopter":38,"Pocketwatch":19}],"Burning Blood":54,"Toy Ornithopter":0,"Pocketwatch":[78]},"card_choices":[{"not_picked":["Cleave","Armaments","Clash"],"picked":"SKIP","floor":1},{"not_picked":["Twin Strike","Headbutt"],"picked":"Thunderclap","floor":2},{"not_picked":["Bloodletting","Anger","Entrench"],"picked":"SKIP","floor":3},{"not_picked":["Havoc","Cleave","Carnage"],"picked":"SKIP","floor":8},{"not_picked":["Headbutt","Twin Strike","Anger"],"picked":"SKIP","floor":12},{"not_picked":["Havoc","Armaments"],"picked":"Metallicize","floor":13},{"not_picked":["Bludgeon","Havoc","Twin Strike"],"picked":"SKIP","floor":14},{"not_picked":["Reaper","Exhume"],"picked":"Feed","floor":16},{"not_picked":["Second Wind+1","Iron Wave"],"picked":"Shrug It Off","floor":18},{"not_picked":["Second Wind+1","Havoc","Sword Boomerang"],"picked":"SKIP","floor":19}],"player_experience":220378,"relics_obtained":[{"floor":8,"key":"Pocketwatch"},{"floor":12,"key":"Art of War"},{"floor":17,"key":"Toy Ornithopter"},{"floor":17,"key":"Ornamental Fan"},{"floor":17,"key":"Magic Flower"}],"event_choices":[{"cards_removed":["Strike_R"],"damage_healed":0,"gold_gain":0,"player_choice":"Card Removal","damage_taken":0,"max_hp_gain":0,"max_hp_loss":0,"event_name":"The Cleric","floor":4,"gold_loss":50},{"damage_healed":0,"gold_gain":0,"player_choice":"Take Wound","damage_taken":0,"relics_obtained":["Golden Idol"],"max_hp_gain":0,"max_hp_loss":0,"event_name":"Golden Idol","floor":5,"gold_loss":0,"cards_obtained":["Injury"]},{"cards_removed":["Defend_R"],"damage_healed":0,"gold_gain":0,"player_choice":"Forget","damage_taken":0,"max_hp_gain":0,"max_hp_loss":0,"event_name":"Living Wall","floor":7,"gold_loss":0}],"is_beta":false,"boss_relics":[{"not_picked":["Philosopher\u0027s Stone","Busted Crown"],"picked":"Calling Bell"}],"items_purged_floors":[11],"is_endless":false,"potions_floor_spawned":[2,3,12,13,16,19],"killed_by":"Sentry and Sphere","ascension_level":1}}