{"host":"9mz6x6ekz95y53i5","time":1612798192,"event":{"mods":["AchievementEnabler","BaseMod","Colored Map","Colored Powertips","Downfall","Energized Spire","Minty Spire (QoL Compilation)","Quick Restart","Reliquary","Replay The Spire","SIMod","Spicy Shops","StSLib","The Bug Knight","UnlockEverythingMod","Warlord Emblem","¡¾ÒÅÎï¿¨ÅÆ¡¿REMEMod"],"gold_per_floor":[119,119,52,67,85,85,85,97,97,121,46,46,59,79,79,157,157,174,192,92,92,92],"floor_reached":21,"language":"ZHS","playtime":961,"items_purged":["Defend_G","Skewer"],"score":342,"play_id":"5e060a1e-8173-4ba3-a887-1e694060e662","local_time":"20210208232952","is_ascension_mode":true,"campfire_choices":[{"data":"Hello World","floor":6.0,"key":"SMITH"},{"data":"Backflip","floor":12.0,"key":"SMITH"},{"floor":15.0,"key":"REST"}],"circlet_count":0,"master_deck":["AscendersBane","Survivor","Neutralize","Hello World+1","Dagger Spray","Noxious Fumes","ReplayTheSpireMod:The Works+1","Backflip+1","Well Laid Plans","Backflip","Poison Darts","After Image","Bouncing Flask","Choke","Eviscerate","Bullet Time","Setup","Concentrate","Backflip"],"relics":["Ring of the Snake","REME_ComplimentaryCards","NeowsBlessing","Replay:WaspNest","Juzu Bracelet","Omamori","Pandora\u0027s Box"],"acts_visited":["Exordium","TheCity"],"potions_floor_usage":[],"damage_taken":[{"damage":0.0,"enemies":"Jaw Worm","floor":1.0,"turns":1.0},{"damage":0.0,"enemies":"Small Slimes","floor":4.0,"turns":1.0},{"damage":0.0,"enemies":"Cultist","floor":5.0,"turns":1.0},{"damage":3.0,"enemies":"Looter","floor":8.0,"turns":4.0},{"damage":5.0,"enemies":"Blue Slaver","floor":13.0,"turns":5.0},{"damage":13.0,"enemies":"Gremlin Gang","floor":14.0,"turns":3.0},{"damage":35.0,"enemies":"The Guardian","floor":16.0,"turns":12.0},{"damage":38.0,"enemies":"Shell Parasite","floor":18.0,"turns":4.0},{"damage":34,"enemies":"2 Thieves","floor":19,"turns":4},{"damage":7,"enemies":"Centurion and Healer","floor":21,"turns":1}],"seed_played":"-281814216697024681","potions_obtained":[{"floor":1.0,"key":"FairyPotion"},{"floor":8.0,"key":"Cursed Concoction"},{"floor":13.0,"key":"BlessingOfTheForge"}],"is_trial":false,"path_per_floor":["M","?","?","M","M","R","?","M","T","T","$","R","M","M","R_BF","B",null,"M","M","$","M"],"character_chosen":"THE_SILENT","items_purchased":[],"campfire_rested":1,"item_purchase_floors":[],"current_hp_per_floor":[59,59,59,59,59,59,59,56,56,56,56,56,51,38,57,22,55,17,4,4,0,0],"gold":92,"neow_bonus":"THREE_ENEMY_KILL","is_daily":false,"chose_seed":false,"campfire_upgraded":2,"win_rate":0.0,"timestamp":1612798192,"path_taken":["M","?","?","?","M","R","?","M","T","?","$","R","M","M","R_BF","BOSS","M","M","$","M"],"items_purchased_type":[],"build_version":"2020-12-22","purchased_purges":2,"victory":false,"max_hp_per_floor":[66,66,66,66,66,66,66,66,66,66,66,66,66,66,66,66,66,66,66,66,66,66],"card_choices":[{"not_picked":["Blade Dance","Footwork","ReplayTheSpireMod:The Works"],"picked":"SKIP","floor":1.0},{"not_picked":["Flechettes","Backstab"],"picked":"Dagger Spray","floor":4.0},{"not_picked":["Dagger Spray","Cloak And Dagger"],"picked":"Noxious Fumes","floor":5.0},{"not_picked":["Heel Hook","Dodge and Roll"],"picked":"Backflip","floor":8.0},{"not_picked":["Heel Hook","PiercingWail"],"picked":"Well Laid Plans","floor":13.0},{"not_picked":["Hidden Blade","Blade Dance"],"picked":"Backflip","floor":14.0},{"not_picked":["REME_ShadowForm","Envenom"],"picked":"Poison Darts","floor":16.0},{"not_picked":["Slice","Riddle With Holes"],"picked":"Concentrate","floor":18.0},{"not_picked":["Hidden Blade","Blade Dance"],"picked":"Backflip","floor":19}],"player_experience":274076,"relics_obtained":[{"floor":9.0,"key":"Juzu Bracelet"},{"floor":10.0,"key":"Omamori"}],"event_choices":[{"damage_healed":0.0,"max_hp_gain":0.0,"max_hp_loss":0.0,"gold_gain":0.0,"event_name":"WeMeetAgain","player_choice":"Paid Gold","floor":3.0,"gold_loss":67.0,"damage_taken":0.0,"relics_obtained":["Replay:WaspNest"]}],"is_beta":false,"boss_relics":[{"not_picked":["energizedSpire:HighHeels","reliquary:Craggleroot"],"picked":"Pandora\u0027s Box"}],"items_purged_floors":[11,20],"is_endless":false,"potions_floor_spawned":[1,8,13,14],"killed_by":"Centurion and Healer","ascension_level":20}}