{"host":"j4g6ia6asvpyu2b0","time":1612822453,"event":{"mods":["BaseMod","Colored Map","Downfall","Minty Spire (QoL Compilation)","Permanent Neow","Quick Restart","Relic Stats","StSLib","Unceasing Turn Reminder"],"gold_per_floor":[118,128,148,165,165,165,175,175,199,214,240,254,254,282,282,377,377,388,94,109,109,126,157,157,190,269,269,298,298,328,45,45,147,147,161,161,161,180,193,193,226,226,226],"floor_reached":42,"language":"ENG","playtime":1286,"items_purged":["Strike_G","Normality"],"score":705,"play_id":"fc512934-8b8e-441f-8f12-3397498df9bf","local_time":"20210208151413","is_ascension_mode":true,"campfire_choices":[{"data":"Crippling Poison","floor":6.0,"key":"SMITH"},{"data":"Deadly Poison","floor":8.0,"key":"SMITH"},{"data":"Envenom","floor":15,"key":"SMITH"},{"data":"Choke","floor":24,"key":"SMITH"},{"data":"Noxious Fumes","floor":29,"key":"SMITH"},{"floor":32,"key":"REST"},{"data":"A Thousand Cuts","floor":40,"key":"SMITH"}],"circlet_count":0,"master_deck":["Strike_G","Strike_G","Strike_G","Strike_G","Defend_G","Defend_G","Defend_G","Defend_G","Defend_G","Survivor","Neutralize","Dagger Throw","Crippling Poison+1","Choke+1","Flying Knee","Deadly Poison+1","Dash","Infinite Blades","Envenom+1","Tactician","Corpse Explosion","Leg Sweep+1","Blade Dance","Dodge and Roll","Noxious Fumes+1","Distraction+1","Cloak And Dagger","Acrobatics+1","Decay","Necronomicurse","Cloak And Dagger+1","PiercingWail+1","Blade Dance","Quick Slash","Flash of Steel","A Thousand Cuts+1","Dodge and Roll+1","Dash+1","Bouncing Flask+1","Backflip+1"],"relics":["Runic Dome","Bag of Preparation","Bronze Scales","Oddly Smooth Stone","The Specimen","Philosopher\u0027s Stone","Nunchaku","downfall:ExtraCursedKey","Potion Belt","Blood Vial","Necronomicon","Darkstone Periapt","Regal Pillow","Sozu","Toxic Egg 2"],"acts_visited":["Exordium","TheCity","TheBeyond"],"potions_floor_usage":[14,16,23,28,28,30,30,30,30],"damage_taken":[{"damage":2.0,"enemies":"Cultist","floor":1.0,"turns":4.0},{"damage":4.0,"enemies":"Small Slimes","floor":2.0,"turns":3.0},{"damage":4.0,"enemies":"Jaw Worm","floor":3.0,"turns":4.0},{"damage":17.0,"enemies":"Large Slime","floor":4.0,"turns":6.0},{"damage":0.0,"enemies":"2 Fungi Beasts","floor":7.0,"turns":2.0},{"damage":2.0,"enemies":"Exordium Wildlife","floor":10.0,"turns":3.0},{"damage":6.0,"enemies":"Gremlin Nob","floor":11.0,"turns":3.0},{"damage":18.0,"enemies":"Lots of Slimes","floor":12.0,"turns":3.0},{"damage":2,"enemies":"3 Sentries","floor":14,"turns":5},{"damage":0,"enemies":"Slime Boss","floor":16,"turns":5},{"damage":5,"enemies":"Shell Parasite","floor":18,"turns":3},{"damage":13,"enemies":"2 Thieves","floor":20,"turns":2},{"damage":0,"enemies":"Centurion and Healer","floor":22,"turns":2},{"damage":0,"enemies":"Slavers","floor":23,"turns":2},{"damage":12,"enemies":"Book of Stabbing","floor":25,"turns":4},{"damage":12,"enemies":"Slavers","floor":28,"turns":4},{"damage":14,"enemies":"Gremlin Leader","floor":30,"turns":4},{"damage":25,"enemies":"Champ","floor":33,"turns":8},{"damage":0,"enemies":"Orb Walker","floor":35,"turns":3},{"damage":0,"enemies":"3 Darklings","floor":38,"turns":3},{"damage":0,"enemies":"Jaw Worm Horde","floor":39,"turns":2},{"damage":59,"enemies":"Nemesis","floor":41,"turns":5},{"damage":25,"enemies":"Spire Growth","floor":42,"turns":2}],"seed_played":"6796122557732522611","potions_obtained":[{"floor":10.0,"key":"sneckomod:MuddlingPotion"},{"floor":11.0,"key":"Guardian:BlockOnCardUsePotion"},{"floor":12.0,"key":"EntropicBrew"},{"floor":14,"key":"ColorlessPotion"},{"floor":22,"key":"Slimebound:ThreeZeroPotion"},{"floor":23,"key":"bronze:BurnAndBuffPotion"},{"floor":28,"key":"EssenceOfSteel"}],"is_trial":false,"path_per_floor":["M","M","M","M","?","R","M","R","T","M","E","M","?","E","R","B",null,"M","$","M","?","M","E","R","E","T","?","E","R","E","$","R","B",null,"M","?","?","M","M","R","E","M"],"character_chosen":"THE_SILENT","items_purchased":["Blade Dance","Dodge and Roll","Nunchaku","Blade Dance","Quick Slash","Flash of Steel"],"campfire_rested":1,"item_purchase_floors":[19,19,19,31,31,31],"current_hp_per_floor":[68,64,60,43,40,40,40,40,40,38,32,14,19,17,17,17,75,70,70,57,57,57,57,57,45,45,29,19,19,7,7,44,21,75,75,71,71,71,71,71,12,0,0],"gold":226,"neow_bonus":"BOSS_RELIC","is_daily":false,"chose_seed":false,"campfire_upgraded":6,"win_rate":0.0,"timestamp":1612822453,"path_taken":["M","M","?","M","?","R","M","R","T","M","E","M","?","E","R","BOSS","M","$","M","?","M","E","R","E","T","?","E","R","E","$","R","BOSS","M","?","?","M","?","R","E","M"],"items_purchased_type":["Card","Card","Relic","Card","Card","Card"],"build_version":"2020-12-22","purchased_purges":2,"victory":false,"max_hp_per_floor":[70,70,70,70,70,70,70,70,70,70,70,70,75,75,75,75,75,75,75,75,75,75,75,75,75,75,75,75,75,75,75,75,75,75,75,71,71,71,71,71,71,71,71],"relic_stats":{"Blood Vial":8,"Darkstone Periapt":0,"Sozu":2,"Nunchaku":[14],"Regal Pillow":15,"counters":[23,82],"Bronze Scales":[172],"Bag of Preparation":[38],"Necronomicon":[11],"obtain_stats":[{"Potion Belt":23,"Darkstone Periapt":28,"Regal Pillow":30,"The Specimen":14,"Oddly Smooth Stone":11,"Bag of Preparation":5,"Blood Vial":25,"Sozu":34,"Runic Dome":0,"Nunchaku":19,"Bronze Scales":9,"Philosopher\u0027s Stone":17,"downfall:ExtraCursedKey":21,"Necronomicon":27,"Toxic Egg 2":41,"Ring of the Snake":0},{"Potion Belt":14,"Darkstone Periapt":16,"Regal Pillow":17,"The Specimen":9,"Oddly Smooth Stone":7,"Bag of Preparation":4,"Blood Vial":15,"Sozu":18,"Runic Dome":0,"Nunchaku":11,"Bronze Scales":5,"Philosopher\u0027s Stone":10,"downfall:ExtraCursedKey":12,"Necronomicon":15,"Toxic Egg 2":22,"Ring of the Snake":0},{"Potion Belt":47,"Darkstone Periapt":55,"Regal Pillow":59,"The Specimen":33,"Oddly Smooth Stone":25,"Bag of Preparation":17,"Blood Vial":51,"Sozu":67,"Runic Dome":0,"Nunchaku":41,"Bronze Scales":19,"Philosopher\u0027s Stone":38,"downfall:ExtraCursedKey":43,"Necronomicon":51,"Toxic Egg 2":80,"Ring of the Snake":0}]},"card_choices":[{"not_picked":["Outmaneuver","Slice"],"picked":"Dagger Throw","floor":1.0},{"not_picked":["Caltrops","Backstab"],"picked":"Crippling Poison","floor":2.0},{"not_picked":["Setup","PiercingWail"],"picked":"Choke","floor":3.0},{"not_picked":["Cloak And Dagger","Slice"],"picked":"Flying Knee","floor":4.0},{"not_picked":["Riddle With Holes","Finisher"],"picked":"Deadly Poison","floor":7.0},{"not_picked":["Dagger Spray","Flying Knee"],"picked":"Dash","floor":10.0},{"not_picked":["Flying Knee","Calculated Gamble"],"picked":"Infinite Blades","floor":11.0},{"not_picked":["PiercingWail","Footwork"],"picked":"Envenom","floor":12.0},{"not_picked":["Sucker Punch","Accuracy"],"picked":"Tactician","floor":14},{"not_picked":["Grand Finale","Envenom"],"picked":"Corpse Explosion","floor":16},{"not_picked":["Deadly Poison","Catalyst"],"picked":"Leg Sweep+1","floor":18},{"not_picked":["Underhanded Strike+1","Slice"],"picked":"Noxious Fumes","floor":20},{"not_picked":["Accuracy","Masterful Stab"],"picked":"Distraction+1","floor":22},{"not_picked":["Bullet Time","Setup"],"picked":"Cloak And Dagger","floor":23},{"not_picked":["Underhanded Strike","Leg Sweep"],"picked":"Acrobatics+1","floor":25},{"not_picked":["Eviscerate","Backflip"],"picked":"Cloak And Dagger+1","floor":28},{"not_picked":["Deadly Poison+1","Bullet Time"],"picked":"PiercingWail+1","floor":30},{"not_picked":["Bullet Time","Envenom"],"picked":"A Thousand Cuts","floor":33},{"not_picked":["Setup+1","Slice+1"],"picked":"Dodge and Roll+1","floor":35},{"not_picked":["Concentrate+1","Deadly Poison+1"],"picked":"Dash+1","floor":38},{"not_picked":["Concentrate","Acrobatics"],"picked":"Bouncing Flask+1","floor":39},{"not_picked":["Acrobatics+1","Flying Knee+1"],"picked":"Backflip+1","floor":41}],"player_experience":1221615,"relics_obtained":[{"floor":9.0,"key":"Bronze Scales"},{"floor":11.0,"key":"Oddly Smooth Stone"},{"floor":14,"key":"The Specimen"},{"floor":23,"key":"Potion Belt"},{"floor":25,"key":"Blood Vial"},{"floor":27,"key":"Necronomicon"},{"floor":28,"key":"Darkstone Periapt"},{"floor":30,"key":"Regal Pillow"},{"floor":41,"key":"Toxic Egg 2"}],"event_choices":[{"damage_healed":0.0,"max_hp_gain":0.0,"max_hp_loss":0.0,"gold_gain":0.0,"event_name":"Scrap Ooze","player_choice":"Success","floor":5.0,"gold_loss":0.0,"damage_taken":3.0,"relics_obtained":["Bag of Preparation"]},{"damage_healed":0.0,"max_hp_gain":5.0,"max_hp_loss":0.0,"gold_gain":0.0,"event_name":"Big Fish","player_choice":"Donut","floor":13.0,"gold_loss":0.0,"damage_taken":0.0},{"damage_healed":0,"gold_gain":0,"player_choice":"Obtained Book","damage_taken":16,"max_hp_gain":0,"max_hp_loss":0,"event_name":"Cursed Tome","floor":27,"gold_loss":0},{"damage_healed":0,"gold_gain":0,"player_choice":"Max HP","damage_taken":0,"max_hp_gain":0,"max_hp_loss":4,"event_name":"Winding Halls","floor":36,"gold_loss":0},{"damage_healed":0,"gold_gain":0,"player_choice":"Ignored","damage_taken":0,"max_hp_gain":0,"max_hp_loss":0,"event_name":"Tomb of Lord Red Mask","floor":37,"gold_loss":0}],"is_beta":false,"boss_relics":[{"not_picked":["Runic Pyramid","HoveringKite"],"picked":"Philosopher\u0027s Stone"},{"not_picked":["Pandora\u0027s Box","Tiny House"],"picked":"Sozu"}],"items_purged_floors":[19,31],"is_endless":false,"potions_floor_spawned":[10,11,12,14,22,23,28,38,41],"killed_by":"Spire Growth","ascension_level":3}}