{"host":"zq15pup7vna0uxo1","time":1612820612,"event":{"mods":["BaseMod","Colored Map","Downfall","Minty Spire (QoL Compilation)","Replay The Spire","StSLib"],"gold_per_floor":[213,213,229,2,17,42,42,75,98,98,117,131,131,156,156,251,251,264,280,280,280,137,168,168,168,168],"floor_reached":25,"language":"ENG","playtime":1299,"items_purged":["downfall:Haunted"],"score":318,"play_id":"79a350df-3dd4-41ed-abb4-0edcb7efe727","local_time":"20210208224332","is_ascension_mode":true,"campfire_choices":[{"floor":7,"key":"REST"},{"data":"Redo","floor":10,"key":"SMITH"},{"data":"Zap","floor":13,"key":"SMITH"},{"floor":15,"key":"REST"},{"floor":24,"key":"REST"}],"circlet_count":0,"master_deck":["Strike_B","Strike_B","Strike_B","Strike_B","Defend_B","Defend_B","Defend_B","Defend_B","Zap+1","Dualcast","Leap","BasicCrystalCard","Genetic Algorithm","Redo+1","Self Repair","Lockon","Crystallizer","Electrodynamics","Fission","Capacitor","FIFO Queue","downfall:Haunted","Delirium","Rainbow","Storm"],"relics":["Cracked Core","Strawberry","Regal Pillow","Happy Flower","Potion Belt","Anchor","ReplayTheSpireMod:Lightbulb","SlaversCollar","Du-Vu Doll","Onion Ring"],"acts_visited":["Exordium","TheCity"],"potions_floor_usage":[16],"damage_taken":[{"damage":4,"enemies":"2 Louse","floor":1,"turns":4},{"damage":0,"enemies":"Cultist","floor":3,"turns":3},{"damage":0,"enemies":"Small Slimes","floor":5,"turns":3},{"damage":41,"enemies":"3 Sentries","floor":6,"turns":8},{"damage":4,"enemies":"Replay:BlueRogue","floor":8,"turns":6},{"damage":13,"enemies":"Blue Slaver","floor":11,"turns":3},{"damage":15,"enemies":"Exordium Wildlife","floor":12,"turns":5},{"damage":19,"enemies":"Lagavulin","floor":14,"turns":6},{"damage":0,"enemies":"Slime Boss","floor":16,"turns":5},{"damage":22,"enemies":"Shell Parasite","floor":18,"turns":8},{"damage":9,"enemies":"2 Thieves","floor":19,"turns":4},{"damage":46,"enemies":"Book of Stabbing","floor":23,"turns":7},{"damage":63,"enemies":"Shelled Parasite and Fungi","floor":25,"turns":7}],"seed_played":"9115387339247175433","potions_obtained":[{"floor":1,"key":"CultistPotion"},{"floor":6,"key":"PotionOfCapacity"},{"floor":8,"key":"BlessingOfTheForge"},{"floor":12,"key":"Reflective Coating"},{"floor":23,"key":"Swift Potion"}],"is_trial":false,"path_per_floor":["M","?","M","$","M","E","R","E","T","R","M","M","R","E","R","B",null,"M","M","?","?","$","E","R","M"],"character_chosen":"DEFECT","items_purchased":["Genetic Algorithm","Regal Pillow","Storm"],"campfire_rested":3,"item_purchase_floors":[4,4,22],"current_hp_per_floor":[71,78,78,78,78,37,76,72,72,72,66,58,58,39,78,82,82,67,58,58,58,58,19,58,0,0],"gold":168,"neow_bonus":"HUNDRED_GOLD","is_daily":false,"chose_seed":false,"campfire_upgraded":2,"win_rate":0.0,"timestamp":1612820612,"path_taken":["M","?","M","$","M","E","R","E","T","R","M","?","R","E","R","BOSS","M","M","?","?","$","E","R","M"],"items_purchased_type":["Card","Relic","Card"],"build_version":"2020-12-22","purchased_purges":1,"victory":false,"max_hp_per_floor":[75,82,82,82,82,82,82,82,82,82,82,82,82,82,82,82,82,82,82,82,82,82,82,82,82,82],"card_choices":[{"not_picked":["Recycle","Sunder"],"picked":"Leap","floor":1},{"not_picked":["Scrape","Compile Driver"],"picked":"BasicCrystalCard","floor":3},{"not_picked":["ReplayTheSpireMod:GoodbyeWorld","Consume","Steam"],"picked":"SKIP","floor":5},{"not_picked":["Conserve Battery","Panic Button"],"picked":"Redo","floor":6},{"not_picked":["Skim","Melter"],"picked":"Self Repair","floor":8},{"not_picked":["Ball Lightning","Sunder"],"picked":"Lockon","floor":11},{"not_picked":["Glacier","Cold Snap"],"picked":"Crystallizer","floor":12},{"not_picked":["FTL","Echo Form"],"picked":"Electrodynamics","floor":14},{"not_picked":["Electrodynamics","Seek"],"picked":"Fission","floor":16},{"not_picked":["Aggregate","Ball Lightning"],"picked":"Capacitor","floor":18},{"not_picked":["Cold Snap","Steam Power"],"picked":"FIFO Queue","floor":19},{"not_picked":["Recycle","Double Energy+1","Seek"],"picked":"SKIP","floor":23}],"player_experience":1176435,"relics_obtained":[{"floor":6,"key":"Happy Flower"},{"floor":8,"key":"Potion Belt"},{"floor":9,"key":"Anchor"},{"floor":14,"key":"ReplayTheSpireMod:Lightbulb"},{"floor":23,"key":"Onion Ring"}],"event_choices":[{"damage_healed":0,"gold_gain":0,"player_choice":"Gave Potion","damage_taken":0,"relics_obtained":["Strawberry"],"max_hp_gain":0,"max_hp_loss":0,"event_name":"WeMeetAgain","floor":2,"gold_loss":0}],"is_beta":false,"boss_relics":[{"not_picked":["Pandora\u0027s Box","bronze:MakeshiftBattery"],"picked":"SlaversCollar"}],"items_purged_floors":[22],"is_endless":false,"potions_floor_spawned":[1,6,8,12,23],"killed_by":"Shelled Parasite and Fungi","ascension_level":2}}