{"host":"x8sam8fprezugive","time":1612784002,"event":{"mods":["A Magickal Journey","Bard","BaseMod","Colored Powertips","Downfall","Hero for Fun","Minty Spire (QoL Compilation)","Replay The Spire","StSLib","The Necromancer"],"gold_per_floor":[99,111,111,111,122,149,149,163,114,133,133,133,157,190,210,210,210,210],"floor_reached":16,"language":"ENG","playtime":661,"items_purged":[],"score":150,"play_id":"5fa1b107-1bf5-406a-9c00-80328cba22bd","local_time":"20210208123322","is_ascension_mode":false,"campfire_choices":[{"data":"sneckomod:TailWhip","floor":1,"key":"SMITH"},{"floor":12,"key":"REST"}],"circlet_count":0,"master_deck":["sneckomod:Strike","sneckomod:Strike","sneckomod:Strike","sneckomod:Defend","sneckomod:Defend","sneckomod:TailWhip+1","sneckomod:SnekBite","sneckomod:Unknown","sneckomod:DiceCrush","sneckomod:ImprovisedGuard+1","sneckomod:ImprovisedAttack","sneckomod:UnknownDraw","sneckomod:ImprovisedAttack","sneckomod:DefensiveFlair","sneckomod:SoulDraw","sneckomod:SoulRoll+1","sneckomod:UnlimitedRolls+1","sneckomod:UnknownExhaust","sneckomod:UnknownBlock","sneckomod:RainOfDice"],"relics":["sneckomod:SneckoSoul","Tiny Chest","Replay:Ringing Soul","Odd Mushroom","Replay:Multitool"],"acts_visited":["Exordium"],"potions_floor_usage":[15,15],"damage_taken":[{"damage":0,"enemies":"Small Slimes","floor":2,"turns":3},{"damage":8,"enemies":"Jaw Worm","floor":5,"turns":2},{"damage":46,"enemies":"3 Sentries","floor":6,"turns":9},{"damage":4,"enemies":"Cultist","floor":8,"turns":3},{"damage":0,"enemies":"downfall:FleeingMerchant","floor":9,"turns":4},{"damage":6,"enemies":"Large Slime","floor":10,"turns":2},{"damage":33,"enemies":"The Mushroom Lair","floor":13,"turns":4},{"damage":0,"enemies":"2 Fungi Beasts","floor":15,"turns":4},{"damage":8,"enemies":"IC_STATUS_ARCHETYPE","floor":16,"turns":1}],"seed_played":"6279834450203523363","potions_obtained":[{"floor":2,"key":"Dexterity Potion"},{"floor":8,"key":"Weak Potion"},{"floor":13,"key":"SteroidPotion"}],"is_trial":false,"path_per_floor":["R","M","?","?","M","E","T","M","$","M","?","R","?","?","M","B"],"character_chosen":"THE_SNECKO","items_purchased":["sneckomod:SoulRoll+1"],"campfire_rested":1,"item_purchase_floors":[9],"current_hp_per_floor":[99,99,99,99,91,45,45,44,47,44,44,76,46,5,8,0,0,0],"gold":210,"neow_bonus":"TEN_PERCENT_HP_BONUS","is_daily":false,"chose_seed":false,"campfire_upgraded":1,"win_rate":0.0,"timestamp":1612784002,"path_taken":["R","M","?","?","?","E","T","M","$","M","?","R","?","?","M","BOSS"],"items_purchased_type":["Card"],"build_version":"2020-12-22","purchased_purges":0,"victory":false,"max_hp_per_floor":[99,99,99,99,99,99,99,102,105,108,108,108,111,114,117,117,117,117],"card_choices":[{"not_picked":["sneckomod:QuickBite","sneckomod:DiceBlock"],"picked":"sneckomod:DiceCrush","floor":2},{"not_picked":["sneckomod:SerpentIdol","sneckomod:UnknownUncommonSkill"],"picked":"sneckomod:UnknownDraw","floor":5},{"not_picked":["sneckomod:SlitherStrike","sneckomod:QuickMove"],"picked":"sneckomod:ImprovisedAttack","floor":6},{"not_picked":["sneckomod:IronFang","sneckomod:Nope"],"picked":"sneckomod:DefensiveFlair","floor":8},{"not_picked":["sneckomod:SoulRoll","sneckomod:SoulCleanse"],"picked":"sneckomod:SoulDraw","floor":9},{"not_picked":["sneckomod:UnknownUncommonAttack","sneckomod:RainOfDice"],"picked":"sneckomod:UnlimitedRolls","floor":10},{"not_picked":["sneckomod:ImprovisedAttack","sneckomod:DiceCrush"],"picked":"sneckomod:UnknownExhaust","floor":13},{"not_picked":["sneckomod:QuickMove","sneckomod:UnknownCommonAttack"],"picked":"sneckomod:UnknownBlock","floor":14},{"not_picked":["sneckomod:Unknown1Cost","sneckomod:SoulExchange"],"picked":"sneckomod:RainOfDice","floor":15}],"player_experience":243832,"relics_obtained":[{"floor":6,"key":"Tiny Chest"},{"floor":7,"key":"Replay:Ringing Soul"},{"floor":13,"key":"Odd Mushroom"},{"floor":14,"key":"Replay:Multitool"}],"event_choices":[{"damage_healed":0,"gold_gain":0,"player_choice":"Grow","damage_taken":0,"max_hp_gain":0,"max_hp_loss":0,"event_name":"Living Wall","floor":11,"gold_loss":0,"cards_upgraded":["sneckomod:UnlimitedRolls"]},{"damage_healed":0,"gold_gain":0,"player_choice":"Fought Mushrooms","damage_taken":0,"max_hp_gain":0,"max_hp_loss":0,"event_name":"Mushrooms","floor":13,"gold_loss":0}],"is_beta":false,"boss_relics":[],"items_purged_floors":[],"is_endless":false,"potions_floor_spawned":[2,8,13],"killed_by":"IC_STATUS_ARCHETYPE","ascension_level":0}}