{"host":"bnpj5ln693dhfj4y","time":1612808054,"event":{"mods":["AchievementEnabler","BaseMod","Colored Map","Colored Powertips","DeckTracker","Highlight Path","Minty Spire (QoL Compilation)","Weighted Paths"],"gold_per_floor":[115,130,130,130,10,36,36,69,134,146,168,192,204,246,258,367,379,407,431,454,480,492,504,516,516],"floor_reached":24,"language":"ENG","playtime":1202,"items_purged":["Regret"],"score":335,"play_id":"99b64e94-064e-4176-8c44-ea654d30dc60","local_time":"20210208191414","is_ascension_mode":true,"campfire_choices":[{"data":"Uppercut","floor":7,"key":"SMITH"},{"data":"Flame Barrier","floor":10,"key":"SMITH"},{"data":"Uppercut","floor":13,"key":"SMITH"},{"data":"True Grit","floor":15,"key":"SMITH"},{"floor":23,"key":"REST"}],"circlet_count":0,"master_deck":["Strike_R","Strike_R","Strike_R","Strike_R","Strike_R+1","Defend_R","Defend_R","Defend_R","Defend_R","Bash+1","Uppercut+1","Uppercut+1","Cleave","Hemokinesis+1","Flame Barrier+1","Iron Wave+1","Whirlwind+1","True Grit+1","Demon Form","Evolve","Pommel Strike+1","Disarm+1","Rampage+1"],"relics":["Burning Blood","NeowsBlessing","Thread and Needle","Paper Frog","Molten Egg 2","MawBank","Whetstone","Mercury Hourglass","Runic Pyramid"],"acts_visited":["Exordium","TheCity"],"potions_floor_usage":[16,19,20,22],"damage_taken":[{"damage":0,"enemies":"Cultist","floor":1,"turns":1},{"damage":0,"enemies":"Jaw Worm","floor":2,"turns":1},{"damage":0,"enemies":"3 Sentries","floor":6,"turns":2},{"damage":20,"enemies":"Lagavulin","floor":8,"turns":5},{"damage":0,"enemies":"Small Slimes","floor":11,"turns":2},{"damage":0,"enemies":"3 Louse","floor":12,"turns":2},{"damage":2,"enemies":"Gremlin Nob","floor":14,"turns":2},{"damage":45,"enemies":"Hexaghost","floor":16,"turns":9},{"damage":13,"enemies":"Shell Parasite","floor":18,"turns":4},{"damage":14,"enemies":"3 Byrds","floor":19,"turns":2},{"damage":54,"enemies":"Shelled Parasite and Fungi","floor":20,"turns":8},{"damage":13,"enemies":"Snake Plant","floor":21,"turns":3},{"damage":8,"enemies":"Chosen and Byrds","floor":22,"turns":4},{"damage":37,"enemies":"Book of Stabbing","floor":24,"turns":5}],"seed_played":"7450950367451414602","potions_obtained":[{"floor":1,"key":"SmokeBomb"},{"floor":6,"key":"LiquidBronze"},{"floor":12,"key":"Swift Potion"},{"floor":18,"key":"Regen Potion"},{"floor":21,"key":"GamblersBrew"}],"is_trial":false,"path_per_floor":["M","M","?","T","$","E","R","E","T","R","M","M","R","E","R","B",null,"M","M","M","M","M","R","E"],"character_chosen":"IRONCLAD","items_purchased":["Cleave"],"campfire_rested":1,"item_purchase_floors":[5],"current_hp_per_floor":[80,80,80,80,80,80,80,66,66,66,72,78,78,80,80,41,70,63,55,22,15,13,37,0,0],"gold":516,"neow_bonus":"THREE_ENEMY_KILL","is_daily":false,"chose_seed":false,"campfire_upgraded":4,"win_rate":0.0,"timestamp":1612808054,"path_taken":["M","?","?","?","$","E","R","E","T","R","M","M","R","E","R","BOSS","M","M","M","M","M","R","E"],"items_purchased_type":["Card"],"build_version":"2020-12-22","purchased_purges":1,"victory":false,"max_hp_per_floor":[80,80,80,80,80,80,80,80,80,80,80,80,80,80,80,80,80,80,80,80,80,80,80,80,80],"card_choices":[{"not_picked":["Twin Strike","Intimidate"],"picked":"Uppercut","floor":1},{"not_picked":["Anger","Perfected Strike"],"picked":"Uppercut","floor":2},{"not_picked":["Blood for Blood+1","Iron Wave+1"],"picked":"Hemokinesis+1","floor":6},{"not_picked":["Clothesline+1","Havoc"],"picked":"Flame Barrier","floor":8},{"not_picked":["Rupture","Combust"],"picked":"Iron Wave+1","floor":11},{"not_picked":["Heavy Blade+1","Power Through"],"picked":"Whirlwind+1","floor":12},{"not_picked":["Dual Wield","Sentinel"],"picked":"True Grit","floor":14},{"not_picked":["Feed+1","Limit Break"],"picked":"Demon Form","floor":16},{"not_picked":["Searing Blow+1","Thunderclap+1"],"picked":"Evolve","floor":18},{"not_picked":["Reckless Charge+1","Warcry"],"picked":"Pommel Strike+1","floor":19},{"not_picked":["Clash+1","Shrug It Off"],"picked":"Disarm+1","floor":20},{"not_picked":["Havoc","Iron Wave+1"],"picked":"Rampage+1","floor":21}],"player_experience":365362,"relics_obtained":[{"floor":4,"key":"Paper Frog"},{"floor":6,"key":"Molten Egg 2"},{"floor":8,"key":"MawBank"},{"floor":9,"key":"Whetstone"},{"floor":14,"key":"Mercury Hourglass"}],"event_choices":[{"damage_healed":0,"gold_gain":0,"player_choice":"Box","damage_taken":0,"relics_obtained":["Thread and Needle"],"max_hp_gain":0,"max_hp_loss":0,"event_name":"Big Fish","floor":3,"gold_loss":0,"cards_obtained":["Regret"]}],"is_beta":false,"boss_relics":[{"not_picked":["SlaversCollar","Pandora\u0027s Box"],"picked":"Runic Pyramid"}],"items_purged_floors":[5],"is_endless":false,"potions_floor_spawned":[1,6,12,18,21,22],"killed_by":"Book of Stabbing","ascension_level":5}}