{"host":"i0avyit1s6jb1siw","time":1612780379,"event":{"mods":["BaseMod","DeckTracker","Dota2Spire","Highlight Path","Minty Spire (QoL Compilation)","Quick Restart","StSLib","SuperFastMode"],"gold_per_floor":[118,136,136,153,153,153,153,168,168,168,168,212,212,256,199,199,297,297,321,345,36,86,109,24,24,24,65,65,147,272,272,291,307,307,331,331,331,422,422,441,441,441,465,496,496,510,510,548,571,571,571,571,606,629,629,642,681,699,699,699,699,699,699,699,31,62,62,62],"floor_reached":67,"language":"ENG","playtime":2925,"items_purged":["Skewer+1"],"score":2394,"play_id":"69d2b5d4-a536-4046-9ce7-bd06fb16bd0c","local_time":"20210208113259","is_ascension_mode":true,"campfire_choices":[{"data":"A Thousand Cuts","floor":6.0,"key":"SMITH"},{"floor":13.0,"key":"REST"},{"data":"Setup","floor":16.0,"key":"SMITH"},{"floor":25.0,"key":"REST"},{"floor":31.0,"key":"REST"},{"data":"Flechettes","floor":34.0,"key":"SMITH"},{"floor":36.0,"key":"REST"},{"data":"Expertise","floor":37.0,"key":"SMITH"},{"floor":45.0,"key":"REST"},{"data":"Calculated Gamble","floor":47,"key":"SMITH"},{"floor":51,"key":"RECALL"},{"data":"Madness","floor":59,"key":"SMITH"},{"data":"Adrenaline","floor":60,"key":"SMITH"},{"floor":64,"key":"REST"}],"circlet_count":0,"master_deck":["AscendersBane","Survivor","Neutralize","Heel Hook","Outmaneuver","Setup+1","Leg Sweep","Leg Sweep","A Thousand Cuts+1","Flechettes+1","Acrobatics+1","Blade Dance","PiercingWail","Blur","Deflect","Calculated Gamble+1","Expertise+1","Adrenaline+1","Madness","Madness+1","Escape Plan","Adrenaline"],"relics":["Pandora\u0027s Box","Golden Idol","InkBottle","Dota2Spire:CrimsonGuard","Dota2Spire:LinkenSphere","Black Star","ClockworkSouvenir","Vajra","Bronze Scales","Blood Vial","Mummified Hand","Blue Candle","Pocketwatch","Singing Bowl","Sozu","Turnip","Lizard Tail","HornCleat","Dota2Spire:ShadowBlade","Dota2Spire:MonkeyKingBar","Gremlin Horn","Bag of Marbles","Ornamental Fan","Dota2Spire:BlackKingBar","Ginger","Orrery","Dota2Spire:BladeMail","Calipers","Nunchaku"],"acts_visited":["Exordium","TheCity","TheBeyond","TheEnding"],"potions_floor_usage":[67],"damage_taken":[{"damage":0.0,"enemies":"Small Slimes","floor":1.0,"turns":3.0},{"damage":1.0,"enemies":"2 Louse","floor":2.0,"turns":3.0},{"damage":0.0,"enemies":"Jaw Worm","floor":4.0,"turns":4.0},{"damage":0.0,"enemies":"3 Louse","floor":8.0,"turns":4.0},{"damage":19.0,"enemies":"3 Sentries","floor":12.0,"turns":6.0},{"damage":1.0,"enemies":"Gremlin Nob","floor":14.0,"turns":3.0},{"damage":4.0,"enemies":"The Guardian","floor":17.0,"turns":11.0},{"damage":8.0,"enemies":"Shell Parasite","floor":19.0,"turns":9.0},{"damage":0.0,"enemies":"3 Byrds","floor":20.0,"turns":4.0},{"damage":12.0,"enemies":"Shelled Parasite and Fungi","floor":23.0,"turns":4.0},{"damage":25.0,"enemies":"Slavers","floor":27.0,"turns":5.0},{"damage":10.0,"enemies":"Colosseum Slavers","floor":30.0,"turns":4.0},{"damage":15.0,"enemies":"Colosseum Nobs","floor":30.0,"turns":5.0},{"damage":0.0,"enemies":"Cultist and Chosen","floor":32.0,"turns":4.0},{"damage":0.0,"enemies":"3 Cultists","floor":33.0,"turns":3.0},{"damage":16.0,"enemies":"Centurion and Healer","floor":35.0,"turns":5.0},{"damage":33.0,"enemies":"Champ","floor":38.0,"turns":12.0},{"damage":0.0,"enemies":"Orb Walker","floor":40.0,"turns":2.0},{"damage":17.0,"enemies":"3 Darklings","floor":43.0,"turns":5.0},{"damage":9.0,"enemies":"Mind Bloom Boss Battle","floor":44.0,"turns":6.0},{"damage":0,"enemies":"Writhing Mass","floor":46,"turns":5},{"damage":0,"enemies":"Giant Head","floor":48,"turns":6},{"damage":0,"enemies":"Nemesis","floor":53,"turns":5},{"damage":0,"enemies":"Sphere and 2 Shapes","floor":54,"turns":2},{"damage":0,"enemies":"Transient","floor":56,"turns":6},{"damage":0,"enemies":"Reptomancer","floor":57,"turns":2},{"damage":0,"enemies":"3 Darklings","floor":58,"turns":3},{"damage":0,"enemies":"Donu and Deca","floor":61,"turns":6},{"damage":58,"enemies":"Time Eater","floor":62,"turns":11},{"damage":8,"enemies":"Shield and Spear","floor":66,"turns":6},{"damage":145,"enemies":"The Heart","floor":67,"turns":11}],"seed_played":"7816943877807200029","potions_obtained":[{"floor":4.0,"key":"Poison Potion"},{"floor":14.0,"key":"SkillPotion"},{"floor":17.0,"key":"LiquidBronze"},{"floor":23.0,"key":"Strength Potion"},{"floor":27.0,"key":"Fire Potion"},{"floor":30.0,"key":"DistilledChaos"},{"floor":35.0,"key":"Energy Potion"}],"is_trial":false,"path_per_floor":["M","M","?","M","?","R","?","M","T","T","?","E","R","E","$","R","B",null,"M","M","$","?","M","?","R","?","E","T","T","?","R","M","M","R","M","R","R","B",null,"M","?","$","M","?","R","M","R","E","T","T","R","?","E","M","?","M","E","M","R","R","B","B",null,"R","$","E","B"],"character_chosen":"THE_SILENT","items_purchased":["Energy Potion","ClockworkSouvenir","Expertise","Ginger","Orrery","Dota2Spire:BladeMail"],"campfire_rested":6,"item_purchase_floors":[15,21,21,65,65,65],"current_hp_per_floor":[59,58,51,51,31,31,31,31,31,31,31,12,30,29,29,29,25,51,43,43,43,43,31,31,49,49,24,24,24,5,23,27,31,31,19,39,39,8,53,57,44,44,29,24,45,49,49,53,53,53,53,53,57,61,61,65,69,73,73,73,75,19,69,86,96,88,0,0],"gold":62,"neow_bonus":"BOSS_RELIC","is_daily":false,"chose_seed":false,"campfire_upgraded":7,"win_rate":0.0,"timestamp":1612780379,"path_taken":["M","M","?","M","?","R","?","M","T","T","?","E","R","E","$","R","BOSS","M","M","$","?","M","?","R","?","E","T","T","?","R","M","M","R","M","R","R","BOSS","M","?","$","M","?","R","M","R","E","T","T","R","?","E","M","?","M","E","M","R","R","BOSS","BOSS","R","$","E","BOSS"],"items_purchased_type":["Potion","Relic","Card","Relic","Relic","Relic"],"build_version":"2020-12-22","purchased_purges":1,"victory":false,"max_hp_per_floor":[66,66,66,66,66,66,60,60,60,60,60,60,60,60,60,60,60,60,60,60,60,60,60,60,60,60,60,60,60,62,62,64,66,66,68,68,68,68,68,70,70,70,70,72,72,74,74,76,76,76,76,76,78,80,80,82,84,86,86,86,86,86,86,86,96,96,96,96],"card_choices":[{"not_picked":["Catalyst","Acrobatics"],"picked":"Blade Dance","floor":1.0},{"not_picked":["All Out Attack","Underhanded Strike","Outmaneuver"],"picked":"SKIP","floor":2.0},{"not_picked":["Dagger Throw","Slice"],"picked":"PiercingWail","floor":4.0},{"not_picked":["Prepared","Poisoned Stab"],"picked":"Blur","floor":8.0},{"not_picked":["PiercingWail","Blade Dance"],"picked":"Deflect","floor":12.0},{"not_picked":["Bullet Time","Heel Hook"],"picked":"Masterful Stab","floor":14.0},{"not_picked":["Setup","Bane+1"],"picked":"Calculated Gamble","floor":19.0},{"not_picked":["Masterful Stab+1","Sucker Punch","PiercingWail+1"],"picked":"SKIP","floor":20.0},{"not_picked":["Blade Dance","Underhanded Strike","Blur+1"],"picked":"SKIP","floor":23.0},{"not_picked":["Dagger Throw","Prepared","Catalyst"],"picked":"SKIP","floor":27.0},{"not_picked":["Endless Agony","Dagger Throw","Blade Dance"],"picked":"Singing Bowl","floor":30.0},{"not_picked":["Endless Agony","Well Laid Plans","Glass Knife"],"picked":"Singing Bowl","floor":32.0},{"not_picked":["Flying Knee","PiercingWail+1","Dagger Spray"],"picked":"Singing Bowl","floor":33.0},{"not_picked":["Quick Slash","Masterful Stab","Bane"],"picked":"Singing Bowl","floor":35.0},{"not_picked":["Corpse Explosion","Doppelganger"],"picked":"Adrenaline","floor":38.0},{"not_picked":["Underhanded Strike+1","Dagger Spray","Outmaneuver"],"picked":"Singing Bowl","floor":40.0},{"not_picked":["Deadly Poison+1","Finisher"],"picked":"Escape Plan","floor":43.0},{"not_picked":["Underhanded Strike","Outmaneuver","Deadly Poison"],"picked":"Singing Bowl","floor":44.0},{"not_picked":["Underhanded Strike+1","Prepared","Poisoned Stab"],"picked":"Singing Bowl","floor":46},{"not_picked":["Doppelganger","PiercingWail","Skewer"],"picked":"Singing Bowl","floor":48},{"not_picked":["Setup","Dodge and Roll","Outmaneuver"],"picked":"Singing Bowl","floor":53},{"not_picked":["Well Laid Plans","Backflip","Underhanded Strike"],"picked":"Singing Bowl","floor":54},{"not_picked":["Riddle With Holes","PiercingWail","Slice"],"picked":"Singing Bowl","floor":56},{"not_picked":["Die Die Die","Underhanded Strike","Outmaneuver"],"picked":"Singing Bowl","floor":57},{"not_picked":["Cloak And Dagger","Leg Sweep","Blade Dance"],"picked":"Singing Bowl","floor":58},{"not_picked":["Dodge and Roll+1","Underhanded Strike","Backflip"],"picked":"Singing Bowl","floor":65},{"not_picked":["Blade Dance","Outmaneuver","Backflip"],"picked":"Singing Bowl","floor":65},{"not_picked":["Escape Plan","Outmaneuver","Underhanded Strike"],"picked":"Singing Bowl","floor":65},{"not_picked":["Leg Sweep","Escape Plan","PiercingWail+1"],"picked":"Singing Bowl","floor":65},{"not_picked":["Blade Dance","Quick Slash","Well Laid Plans"],"picked":"Singing Bowl","floor":65},{"not_picked":["Leg Sweep","Endless Agony"],"picked":"Adrenaline","floor":66}],"player_experience":2422666,"relics_obtained":[{"floor":9.0,"key":"InkBottle"},{"floor":12.0,"key":"Dota2Spire:CrimsonGuard"},{"floor":14.0,"key":"Dota2Spire:LinkenSphere"},{"floor":27.0,"key":"Bronze Scales"},{"floor":27.0,"key":"Blood Vial"},{"floor":28.0,"key":"Mummified Hand"},{"floor":29.0,"key":"Blue Candle"},{"floor":30.0,"key":"Pocketwatch"},{"floor":30.0,"key":"Singing Bowl"},{"floor":44.0,"key":"Turnip"},{"floor":48,"key":"Lizard Tail"},{"floor":48,"key":"HornCleat"},{"floor":49,"key":"Dota2Spire:ShadowBlade"},{"floor":50,"key":"Dota2Spire:MonkeyKingBar"},{"floor":53,"key":"Gremlin Horn"},{"floor":53,"key":"Bag of Marbles"},{"floor":57,"key":"Ornamental Fan"},{"floor":57,"key":"Dota2Spire:BlackKingBar"},{"floor":66,"key":"Calipers"},{"floor":66,"key":"Nunchaku"}],"event_choices":[{"cards_removed":["Heel Hook"],"damage_healed":0.0,"max_hp_gain":0.0,"max_hp_loss":0.0,"gold_gain":0.0,"event_name":"Golden Wing","player_choice":"Card Removal","floor":3.0,"gold_loss":0.0,"damage_taken":7.0},{"damage_healed":0.0,"max_hp_gain":0.0,"max_hp_loss":0.0,"gold_gain":0.0,"event_name":"Shining Light","player_choice":"Entered Light","floor":5.0,"gold_loss":0.0,"damage_taken":20.0,"cards_upgraded":["Skewer","Acrobatics"]},{"damage_healed":0.0,"max_hp_gain":0.0,"max_hp_loss":6.0,"gold_gain":0.0,"event_name":"Golden Idol","player_choice":"Lose Max HP","floor":7.0,"gold_loss":0.0,"damage_taken":0.0,"relics_obtained":["Golden Idol"]},{"damage_healed":0.0,"max_hp_gain":0.0,"max_hp_loss":0.0,"gold_gain":0.0,"event_name":"Liars Game","player_choice":"Ignored","floor":11.0,"gold_loss":0.0,"damage_taken":0.0},{"damage_healed":0.0,"max_hp_gain":0.0,"max_hp_loss":0.0,"gold_gain":50.0,"event_name":"Nest","player_choice":"Stole From Cult","floor":22.0,"gold_loss":0.0,"damage_taken":0.0},{"damage_healed":0.0,"max_hp_gain":0.0,"max_hp_loss":0.0,"gold_gain":0.0,"event_name":"Addict","player_choice":"Obtained Relic","floor":24.0,"gold_loss":85.0,"damage_taken":0.0,"relics_obtained":["Vajra"]},{"damage_healed":0.0,"max_hp_gain":0.0,"max_hp_loss":0.0,"gold_gain":0.0,"event_name":"The Mausoleum","player_choice":"Ignored","floor":26.0,"gold_loss":0.0,"damage_taken":0.0},{"damage_healed":0.0,"max_hp_gain":0.0,"max_hp_loss":0.0,"gold_gain":0.0,"event_name":"Colosseum","player_choice":"Fight","floor":30.0,"gold_loss":0.0,"damage_taken":0.0},{"damage_healed":0.0,"max_hp_gain":0.0,"max_hp_loss":0.0,"gold_gain":0.0,"event_name":"Colosseum","player_choice":"Fought Nobs","floor":30.0,"gold_loss":0.0,"damage_taken":0.0},{"damage_healed":0.0,"max_hp_gain":0.0,"max_hp_loss":0.0,"gold_gain":0.0,"event_name":"Winding Halls","player_choice":"Embrace Madness","floor":41.0,"gold_loss":0.0,"damage_taken":13.0,"cards_obtained":["Madness","Madness"]},{"damage_healed":0.0,"max_hp_gain":0.0,"max_hp_loss":0.0,"gold_gain":0.0,"event_name":"MindBloom","player_choice":"Fight","floor":44.0,"gold_loss":0.0,"damage_taken":0.0},{"damage_healed":0,"gold_gain":0,"player_choice":"Ignored","damage_taken":0,"max_hp_gain":0,"max_hp_loss":0,"event_name":"Tomb of Lord Red Mask","floor":52,"gold_loss":0},{"cards_removed":["Masterful Stab"],"damage_healed":0,"gold_gain":0,"player_choice":"Removed Attack","damage_taken":0,"max_hp_gain":0,"max_hp_loss":0,"event_name":"Falling","floor":55,"gold_loss":0}],"is_beta":false,"boss_relics":[{"not_picked":["Velvet Choker","Busted Crown"],"picked":"Black Star"},{"not_picked":["Snecko Eye","Tiny House"],"picked":"Sozu"}],"items_purged_floors":[21],"is_endless":false,"potions_floor_spawned":[4,14,17,23,27,30,30,35,40,46,48,54,66],"killed_by":"The Heart","ascension_level":20}}