{"host":"eaiphzh066bwqdh7","time":1612801242,"event":{"mods":["BaseMod","Better Note","Halation","Hubris","Minty Spire (QoL Compilation)","Reliquary","Replay The Spire","StSLib"],"gold_per_floor":[116,127,127,48,59,59,88,100,112,140,152,164,176,299,311,424,436,462,474,486,498,527,566,578,602,614,626,755,318,318,318,318,318,318],"floor_reached":33,"language":"ENG","playtime":1064,"items_purged":[],"score":346,"play_id":"c2860490-740f-45f8-a064-2504baf567a8","local_time":"20210208112042","is_ascension_mode":true,"campfire_choices":[{"data":"Infinite Blades","floor":6,"key":"SMITH"},{"floor":11,"key":"REST"},{"floor":15,"key":"REST"},{"floor":24,"key":"REST"},{"floor":27,"key":"REST"},{"floor":30,"key":"REST"},{"floor":32,"key":"REST"}],"circlet_count":0,"master_deck":["Strike_G+1","Strike_G+1","Strike_G+1","Strike_G+1","Defend_G+1","Defend_G+1","Defend_G+1","Defend_G+1","Defend_G+1","Survivor+1","Neutralize+1","Poisoned Stab","Deadly Poison","Infinite Blades+1","Hidden Blade","Replay:Bag of Tricks","Backstab","A Thousand Cuts","Backstab+1","Catalyst"],"relics":["Ring of the Snake","reliquary:Buckler","MawBank","Tough Bandages","halation:PinkSoulGem","hubris:Icosahedron","reliquary:Knoch","Toxic Egg 2","halation:AfternoonTea","reliquary:Pushpin"],"acts_visited":["Exordium","TheCity"],"potions_floor_usage":[16,16,23,25,33],"damage_taken":[{"damage":0,"enemies":"2 Louse","floor":1,"turns":4},{"damage":0,"enemies":"Cultist","floor":2,"turns":4},{"damage":4,"enemies":"Small Slimes","floor":5,"turns":3},{"damage":25,"enemies":"3 Sentries","floor":7,"turns":9},{"damage":7,"enemies":"Exordium Wildlife","floor":10,"turns":3},{"damage":9,"enemies":"3 Louse","floor":14,"turns":4},{"damage":58,"enemies":"Fading Forest","floor":16,"turns":11},{"damage":2,"enemies":"Chosen","floor":18,"turns":5},{"damage":19,"enemies":"Spheric Guardian","floor":22,"turns":4},{"damage":14,"enemies":"Book of Stabbing","floor":23,"turns":2},{"damage":30,"enemies":"Centurion and Healer","floor":25,"turns":3},{"damage":14,"enemies":"Chosen and Byrds","floor":28,"turns":5},{"damage":101,"enemies":"Champ","floor":33,"turns":12}],"seed_played":"-5911718442388824886","potions_obtained":[{"floor":1,"key":"Elixir"},{"floor":2,"key":"Venom Potion"},{"floor":14,"key":"Strength Potion"},{"floor":18,"key":"FearPotion"},{"floor":25,"key":"Dexterity Potion"}],"is_trial":false,"path_per_floor":["M","M","?","$","M","R","E","$","T","M","R","?","?","M","R","B",null,"M","?","?","$","M","E","R","M","T","R","M","$","R","?","R","B"],"character_chosen":"THE_SILENT","items_purchased":["Infinite Blades","halation:AfternoonTea","reliquary:Pushpin"],"campfire_rested":6,"item_purchase_floors":[4,29,29],"current_hp_per_floor":[70,70,70,70,66,66,41,41,41,34,55,55,55,46,67,17,70,68,68,68,68,51,37,58,28,28,49,35,35,56,56,70,0,0],"gold":318,"neow_bonus":"RANDOM_COMMON_RELIC","is_daily":false,"chose_seed":false,"campfire_upgraded":1,"win_rate":0.0,"timestamp":1612801242,"path_taken":["M","M","?","?","M","R","E","$","T","M","R","?","?","M","R","BOSS","M","?","?","?","M","E","R","M","T","R","?","$","R","?","R","BOSS"],"items_purchased_type":["Card","Relic","Relic"],"build_version":"2020-12-22","purchased_purges":0,"victory":false,"max_hp_per_floor":[70,70,70,70,70,70,70,70,70,70,70,70,70,70,70,70,70,70,70,70,70,70,70,70,70,70,70,70,70,70,70,70,70,70],"card_choices":[{"not_picked":["Setup","ReplayTheSpireMod:Exploit Weakness"],"picked":"Poisoned Stab","floor":1},{"not_picked":["Predator","Sucker Punch"],"picked":"Deadly Poison","floor":2},{"not_picked":["Sucker Punch","Dagger Throw","Blur"],"picked":"SKIP","floor":5},{"not_picked":["Deflect","Footwork"],"picked":"Hidden Blade","floor":7},{"not_picked":["Slice","Skewer"],"picked":"Replay:Bag of Tricks","floor":10},{"not_picked":["Acrobatics","Draining Mist"],"picked":"Backstab","floor":14},{"not_picked":["Unload","Bullet Time"],"picked":"A Thousand Cuts","floor":16},{"not_picked":["Cloak And Dagger","hubris:TrickCloak+1"],"picked":"Backstab+1","floor":18},{"not_picked":["Poisoned Stab","All Out Attack+1"],"picked":"Catalyst","floor":22},{"not_picked":["Dash+1","Dagger Throw","Cloak And Dagger"],"picked":"SKIP","floor":23},{"not_picked":["Outmaneuver+1","Dagger Spray","Footwork"],"picked":"SKIP","floor":25},{"not_picked":["hubris:SlightOfHand+1","ReplayTheSpireMod:The Works+1","Choke"],"picked":"SKIP","floor":28}],"player_experience":280925,"relics_obtained":[{"floor":7,"key":"MawBank"},{"floor":9,"key":"Tough Bandages"},{"floor":23,"key":"reliquary:Knoch"},{"floor":26,"key":"Toxic Egg 2"}],"event_choices":[{"cards_removed":["Strike_G"],"damage_healed":0,"gold_gain":0,"player_choice":"Offered Basic","damage_taken":0,"max_hp_gain":0,"max_hp_loss":0,"event_name":"Bonfire Elementals","floor":3,"gold_loss":0},{"damage_healed":0,"gold_gain":0,"player_choice":"Ignored","damage_taken":0,"max_hp_gain":0,"max_hp_loss":0,"event_name":"Cursed Tome","floor":19,"gold_loss":0},{"damage_healed":0,"gold_gain":0,"player_choice":"Simplicity","damage_taken":0,"max_hp_gain":0,"max_hp_loss":0,"event_name":"Back to Basics","floor":20,"gold_loss":0,"cards_upgraded":["Strike_G","Strike_G","Strike_G","Strike_G","Defend_G","Defend_G","Defend_G","Defend_G","Defend_G"]},{"damage_healed":0,"gold_gain":0,"player_choice":"Ignored","damage_taken":0,"max_hp_gain":0,"max_hp_loss":0,"event_name":"Ghosts","floor":31,"gold_loss":0}],"is_beta":false,"boss_relics":[{"not_picked":["halation:ForbiddenBikini","halation:HeavySnake","halation:Yufonium"]}],"items_purged_floors":[],"is_endless":false,"potions_floor_spawned":[1,2,14,18,25],"killed_by":"Champ","ascension_level":4}}