{"host":"gk9qdtkqd8dwfeg2","time":1612792982,"event":{"mods":["Act Like it!","Aspiration","BaseMod","Colored Powertips","Gensokyo","Minty Spire (QoL Compilation)","Quick Restart","Replay The Spire","Shop Mod","StSLib","TestMod","The Servant 0.9.4","Waifu the Spire","WarShipGirlsR/战舰少女R mod"],"gold_per_floor":[112,145,45,58,78,78,110,110,137,137,168,168,201,220,220,297,297,313,713,324,344,354,380,380,380,380,448,458,458,458,493,493,571,571,585,585,198,84,97,97,122,122,203,230,249,249,249,265,265,265,265,265,265,102,129,129,129],"floor_reached":56,"language":"ZHS","playtime":2157,"items_purged":["Strike_P","Defend_G"],"score":2073,"play_id":"04e170b2-6a96-4d05-a927-564f2a6a92b1","local_time":"20210208220302","is_ascension_mode":true,"campfire_choices":[{"data":"Eruption","floor":6.0,"key":"SMITH"},{"data":"Strike_P","floor":10.0,"key":"PURGE"},{"floor":15.0,"key":"REST"},{"floor":24.0,"key":"REST"},{"data":"TalkToTheHand","floor":30.0,"key":"SMITH"},{"floor":32.0,"key":"REST"},{"data":"Strike_P","floor":40.0,"key":"PURGE"},{"floor":42.0,"key":"REST"},{"floor":49.0,"key":"RECALL"},{"floor":53.0,"key":"DIG"}],"circlet_count":0,"master_deck":["AscendersBane","Defend_P+1","Eruption+1","Vigilance","FearNoEvil","Brilliance","Consecrate+1","Adaptation","Prostrate","EmptyMind+1","TalkToTheHand+1","DeusExMachina+1","FlurryOfBlows","Gensokyo:MissMary","Weave+1","Sanctity","BattleHymn","Reaper","MasterReality","Hyperbeam","Bullet Time","Abandon","StarChef","Riddle With Holes","Sneak Up","FlawlessForm","rmod:diaomin"],"relics":["PureWater","testmod-HeartOfDaVinci","NeowsBlessing","Replay:Multitool","Gremlin Horn","Boot","Letter Opener","aspiration:ServantSkillbook","Sling","aspiration:ChemicalBlood","Dead Branch","Self Forming Clay","InkBottle","Brimstone","Strange Spoon","MerchantsRug","aspiration:EnhancedActuators","aspiration:FetidBarrel","m_SnakeCloak","Ring of Misfortune","Ring of Searing","OldScarf","rmod:equipmentrecovery","Membership Card","Tingsha"],"acts_visited":["Exordium","Gensokyo:Gensokyo","Gensokyo:Gensokyoer","TheEnding"],"potions_floor_usage":[56,56,56],"damage_taken":[{"damage":0.0,"enemies":"Gensokyo:2_Kodama","floor":1.0,"turns":1.0},{"damage":0.0,"enemies":"Gensokyo:Cirno","floor":2.0,"turns":2.0},{"damage":0.0,"enemies":"Gensokyo:3_Fairies","floor":4.0,"turns":1.0},{"damage":0.0,"enemies":"Gensokyo:Python","floor":5.0,"turns":2.0},{"damage":47.0,"enemies":"Gensokyo:Mamizou","floor":7.0,"turns":9.0},{"damage":0.0,"enemies":"Gensokyo:Cirno","floor":11.0,"turns":4.0},{"damage":15.0,"enemies":"Gensokyo:Mamizou","floor":13.0,"turns":8.0},{"damage":0.0,"enemies":"Gensokyo:Kitsune","floor":14.0,"turns":1.0},{"damage":20.0,"enemies":"Gensokyo:Yukari","floor":16.0,"turns":8.0},{"damage":15.0,"enemies":"Gensokyo:AngelMirror","floor":18.0,"turns":4.0},{"damage":8.0,"enemies":"Gensokyo:Chomper","floor":21.0,"turns":3.0},{"damage":7.0,"enemies":"Gensokyo:Wraith","floor":22.0,"turns":4.0},{"damage":17.0,"enemies":"Gensokyo:Tenshi","floor":23.0,"turns":3.0},{"damage":0.0,"enemies":"Gensokyo:Monolith_and_Dog","floor":28.0,"turns":3.0},{"damage":6.0,"enemies":"Gensokyo:Koishi","floor":31.0,"turns":3.0},{"damage":31.0,"enemies":"Gensokyo:Eternal_Rivals","floor":33.0,"turns":6.0},{"damage":16.0,"enemies":"Gensokyo:AncientGuardian","floor":35.0,"turns":5.0},{"damage":0.0,"enemies":"Gensokyo:3_Boulders","floor":39.0,"turns":2.0},{"damage":38.0,"enemies":"Gensokyo:Marisa","floor":41.0,"turns":3.0},{"damage":0.0,"enemies":"Gensokyo:Doremy","floor":44.0,"turns":4.0},{"damage":0.0,"enemies":"Gensokyo:Sharpion","floor":45.0,"turns":1.0},{"damage":21.0,"enemies":"Gensokyo:Rafflesia","floor":48.0,"turns":4.0},{"damage":9.0,"enemies":"Gensokyo:Yuyuko","floor":50.0,"turns":3.0},{"damage":0.0,"enemies":"Gensokyo:Shinki","floor":51.0,"turns":5.0},{"damage":27.0,"enemies":"Shield and Spear","floor":55.0,"turns":3.0},{"damage":86,"enemies":"The Heart","floor":56,"turns":3}],"seed_played":"-6468383590545793077","potions_obtained":[{"floor":1.0,"key":"SpeedPotion"},{"floor":5.0,"key":"Dexterity Potion"},{"floor":11.0,"key":"Explosive Potion"},{"floor":21.0,"key":"SkillPotion"},{"floor":28.0,"key":"FairyPotion"},{"floor":31.0,"key":"Explosive Potion"},{"floor":33.0,"key":"SkillPotion"},{"floor":33.0,"key":"DuplicationPotion"},{"floor":41.0,"key":"FearPotion"},{"floor":41.0,"key":"BottledMiracle"},{"floor":55.0,"key":"ColorlessPotion"},{"floor":56,"key":"Venom Potion"},{"floor":56,"key":"DuplicationPotion"},{"floor":56,"key":"FearPotion"}],"is_trial":false,"path_per_floor":["M","?","?","M","M","R","E","R","T","R","E","?","E","M","R","B",null,"M","?","COS","M","M","E","R","?","T","T","M","?","R","E","R","B",null,"M","?","COS","$","M","R","E","R","T","E","M","?","?","M","R","B","B",null,"R","$","E","B"],"character_chosen":"WATCHER","items_purchased":["MerchantsRug","Membership Card","BottledMiracle"],"campfire_rested":4,"item_purchase_floors":[38,54,54],"current_hp_per_floor":[61,61,61,61,61,61,14,34,34,34,34,34,19,19,39,19,56,41,41,41,33,26,9,29,29,29,29,34,34,34,28,48,41,61,50,50,50,50,50,50,12,32,32,32,32,32,32,17,17,17,27,58,58,58,31,0,0],"gold":129,"neow_bonus":"THREE_ENEMY_KILL","is_daily":false,"chose_seed":false,"campfire_upgraded":2,"win_rate":0.0,"timestamp":1612792982,"path_taken":["M","?","?","M","M","R","E","R","T","R","E","?","E","M","R","BOSS","M","?","COS","M","M","E","R","?","T","?","?","?","R","E","R","BOSS","M","?","COS","?","?","R","E","R","T","E","M","?","?","M","R","BOSS","BOSS","R","$","E","BOSS"],"items_purchased_type":["Relic","Relic","Potion"],"build_version":"2020-12-22","purchased_purges":2,"victory":false,"max_hp_per_floor":[68,68,68,68,68,68,68,68,68,68,68,68,68,68,68,68,68,68,68,68,68,68,68,68,68,68,68,68,68,68,68,68,68,68,68,68,68,68,68,68,68,68,68,68,68,68,68,68,68,68,68,68,68,68,68,68,68],"card_choices":[{"not_picked":["WheelKick","PathToVictory"],"picked":"FearNoEvil","floor":1.0},{"not_picked":["EmptyFist","Halt"],"picked":"Brilliance","floor":2.0},{"not_picked":["FlyingSleeves","Replay:ManipulateFuture"],"picked":"Consecrate","floor":4.0},{"not_picked":["Replay:BluntJabs","CrushJoints","Replay:AtTheReady"],"picked":"SKIP","floor":5.0},{"not_picked":["Weave","Replay:Cycle"],"picked":"Adaptation","floor":7.0},{"not_picked":["Pray","Nirvana"],"picked":"Prostrate","floor":11.0},{"not_picked":["Crescendo","Sanctity"],"picked":"TalkToTheHand","floor":13.0},{"not_picked":["Consecrate","Crescendo","Replay:Anticipation"],"picked":"SKIP","floor":14.0},{"not_picked":["Vault","Replay:AllIn"],"picked":"DeusExMachina","floor":16.0},{"not_picked":["JustLucky","Study","SignatureMove"],"picked":"FlurryOfBlows","floor":18.0},{"not_picked":["ReachHeaven","WheelKick","Protect"],"picked":"Weave+1","floor":21.0},{"not_picked":["Replay:ManipulateFuture","Weave","SashWhip+1"],"picked":"Sanctity","floor":22.0},{"not_picked":["Crescendo","Replay:BluntJabs","Indignation+1"],"picked":"TalkToTheHand","floor":23.0},{"not_picked":["Consecrate","Evaluate","EmptyBody","Conclude"],"picked":"SKIP","floor":28.0},{"not_picked":["EmptyBody","WheelKick","ClearTheMind","MentalFortress"],"picked":"SKIP","floor":31.0},{"not_picked":["DevaForm","Wish","Judgement"],"picked":"MasterReality","floor":33.0},{"not_picked":["Nirvana","Collect","Protect+1","WheelKick+1"],"picked":"SKIP","floor":35.0},{"not_picked":["EmptyFist","SashWhip","Replay:BluntJabs","Blasphemy"],"picked":"SKIP","floor":39.0},{"not_picked":["Replay:BluntJabs+1","DeceiveReality","MentalFortress","Crescendo+1"],"picked":"SKIP","floor":41.0},{"not_picked":["ThirdEye","CarveReality","CutThroughFate+1","WheelKick"],"picked":"SKIP","floor":44.0},{"not_picked":["Replay:Battleflow","CutThroughFate","Vengeance","BowlingBash+1"],"picked":"SKIP","floor":45.0},{"not_picked":["Replay:ManipulateFuture","Conclude","Prostrate","Replay:Battleflow"],"picked":"SKIP","floor":48.0},{"not_picked":["FollowUp","Crescendo","CrushJoints+1","Replay:Hum+1"],"picked":"SKIP","floor":55.0}],"player_experience":715082,"relics_obtained":[{"floor":2.0,"key":"Replay:Multitool"},{"floor":7.0,"key":"Boot"},{"floor":11.0,"key":"Omamori"},{"floor":13.0,"key":"Letter Opener"},{"floor":23.0,"key":"Gremlin Food"},{"floor":26.0,"key":"Dead Branch"},{"floor":27.0,"key":"Self Forming Clay"},{"floor":31.0,"key":"InkBottle"},{"floor":41.0,"key":"aspiration:EnhancedActuators"},{"floor":43.0,"key":"aspiration:FetidBarrel"},{"floor":44.0,"key":"m_SnakeCloak"},{"floor":46.0,"key":"Ring of Misfortune"},{"floor":46.0,"key":"Ring of Searing"},{"floor":53.0,"key":"rmod:equipmentrecovery"},{"floor":55.0,"key":"Tingsha"}],"event_choices":[{"damage_healed":0.0,"max_hp_gain":0.0,"max_hp_loss":0.0,"gold_gain":400.0,"event_name":"恩洛斯的盘子","player_choice":"Sell","floor":19.0,"relics_lost":["testmod-TestBox"],"gold_loss":0.0,"damage_taken":0.0}],"is_beta":false,"boss_relics":[{"not_picked":["SlaversCollar","testmod-BatchProcessingSystem"],"picked":"aspiration:ServantSkillbook"},{"not_picked":["ChewingGum","Ring of Chaos"],"picked":"Inserter"}],"items_purged_floors":[38,54],"is_endless":false,"potions_floor_spawned":[1,5,11,13,21,28,31,39,41,55],"killed_by":"The Heart","ascension_level":20}}