{"host":"fff5e1uasnm04x18","time":1612823312,"event":{"mods":["BaseMod","Highlight Path","Minty Spire (QoL Compilation)","StSLib"],"gold_per_floor":[114,129,129,129,204,204,54,54,54,54,54,54,73,92,92,247,247,296,315,394,394,69,69,69,69],"floor_reached":24,"language":"ENG","playtime":2249,"items_purged":["Injury"],"score":234,"play_id":"fe48cd2e-837f-42db-87aa-9be194cf427a","local_time":"20210208172832","daily_mods":["Shiny","Green Cards","Terminal"],"is_ascension_mode":false,"campfire_choices":[{"data":"Venomology","floor":6,"key":"SMITH"},{"data":"LessonLearned","floor":8,"key":"SMITH"},{"data":"Wish","floor":10,"key":"SMITH"},{"data":"Night Terror","floor":12,"key":"SMITH"},{"data":"DevaForm","floor":15,"key":"SMITH"},{"floor":23,"key":"REST"}],"circlet_count":0,"master_deck":["Venomology+1","Corpse Explosion","Malaise","Phantasmal Killer","Die Die Die","Adrenaline+1","Envenom","Doppelganger","Burst","Wraith Form v2","Tools of the Trade","Night Terror+1","Unload","After Image","Bullet Time","Storm of Steel","Glass Knife","A Thousand Cuts","Grand Finale","Judgement+1","ConjureBlade","MasterReality","Brilliance","Devotion","Blasphemy","Ragnarok","LessonLearned+1","Scrawl","Vault","Alpha","Wish+1","Omniscience","Establishment","SpiritShield","DevaForm+1","DeusExMachina"],"relics":["PureWater","Darkstone Periapt","Golden Idol","Bag of Preparation","Ancient Tea Set","Black Star","Nilry\u0027s Codex","Pear"],"acts_visited":["Exordium","TheCity"],"potions_floor_usage":[14,16,18,19,19,24,24,24],"damage_taken":[{"damage":3,"enemies":"Small Slimes","floor":1,"turns":3},{"damage":0,"enemies":"2 Louse","floor":2,"turns":3},{"damage":0,"enemies":"Jaw Worm","floor":13,"turns":1},{"damage":3,"enemies":"Gremlin Gang","floor":14,"turns":5},{"damage":1,"enemies":"Hexaghost","floor":16,"turns":10},{"damage":2,"enemies":"Chosen","floor":18,"turns":8},{"damage":20,"enemies":"3 Byrds","floor":19,"turns":5},{"damage":11,"enemies":"Centurion and Healer","floor":20,"turns":4},{"damage":66,"enemies":"Slavers","floor":24,"turns":3}],"seed_played":"-2425098010432476902","potions_obtained":[{"floor":1,"key":"ColorlessPotion"},{"floor":14,"key":"DistilledChaos"},{"floor":19,"key":"AttackPotion"},{"floor":20,"key":"Weak Potion"}],"is_trial":false,"path_per_floor":["M","M","?","?","?","R","$","R","T","R","?","R","M","M","R","B",null,"M","M","M","?","$","R","E"],"character_chosen":"WATCHER","items_purchased":["Bag of Preparation","Pear"],"campfire_rested":1,"item_purchase_floors":[7,22],"current_hp_per_floor":[68,68,61,67,56,56,56,56,56,56,61,61,61,58,58,57,65,63,43,32,16,26,47,0,0],"gold":69,"neow_bonus":"","is_daily":true,"chose_seed":false,"campfire_upgraded":5,"win_rate":0.0,"timestamp":1612823312,"path_taken":["M","M","?","?","?","R","$","R","T","R","?","R","?","M","R","BOSS","M","M","?","?","$","R","E"],"items_purchased_type":["Relic","Relic"],"build_version":"2020-12-22","purchased_purges":1,"victory":false,"max_hp_per_floor":[70,69,68,73,72,71,70,69,68,67,71,70,69,68,67,66,65,64,63,62,61,70,69,69,69],"card_choices":[{"not_picked":["Caltrops","FlyingSleeves","Endless Agony"],"picked":"SKIP","floor":1},{"not_picked":["Caltrops","FlyingSleeves","Endless Agony"],"picked":"SKIP","floor":1},{"not_picked":["Cloak And Dagger","LikeWater","PathToVictory"],"picked":"SKIP","floor":2},{"not_picked":["FollowUp","Distraction","ReachHeaven"],"picked":"SKIP","floor":13},{"not_picked":["Reflex","Halt","Prepared"],"picked":"SKIP","floor":14},{"not_picked":["Outmaneuver","Crippling Poison","Collect"],"picked":"SKIP","floor":18},{"not_picked":["Protect","Prepared","FollowUp+1"],"picked":"SKIP","floor":19},{"not_picked":["FlurryOfBlows+1","Dagger Spray","Slice"],"picked":"SKIP","floor":20}],"player_experience":518421,"relics_obtained":[{"floor":9,"key":"Ancient Tea Set"},{"floor":21,"key":"Nilry\u0027s Codex"}],"event_choices":[{"damage_healed":0,"gold_gain":0,"player_choice":"Success","damage_taken":7,"relics_obtained":["Darkstone Periapt"],"max_hp_gain":0,"max_hp_loss":0,"event_name":"Scrap Ooze","floor":3,"gold_loss":0},{"damage_healed":0,"gold_gain":0,"player_choice":"Take Wound","damage_taken":0,"relics_obtained":["Golden Idol"],"max_hp_gain":0,"max_hp_loss":0,"event_name":"Golden Idol","floor":4,"gold_loss":0,"cards_obtained":["Injury"]},{"damage_healed":0,"gold_gain":75,"player_choice":"Gather Gold","damage_taken":11,"max_hp_gain":0,"max_hp_loss":0,"event_name":"World of Goop","floor":5,"gold_loss":0},{"damage_healed":0,"gold_gain":0,"player_choice":"Donut","damage_taken":0,"max_hp_gain":5,"max_hp_loss":0,"event_name":"Big Fish","floor":11,"gold_loss":0},{"damage_healed":0,"gold_gain":0,"player_choice":"Obtained Book","damage_taken":16,"max_hp_gain":0,"max_hp_loss":0,"event_name":"Cursed Tome","floor":21,"gold_loss":0}],"is_beta":false,"boss_relics":[{"not_picked":["Cursed Key","Ectoplasm"],"picked":"Black Star"}],"items_purged_floors":[22],"is_endless":false,"potions_floor_spawned":[1,14,19,20],"killed_by":"Slavers","ascension_level":0}}