{"host":"ydg0vn0pu4pubmdt","time":1612804805,"event":{"mods":["AchievementEnabler","BaseMod","Colored Map","Gold Saver","Minty Spire (QoL Compilation)","Quick Restart","SuperFastMode"],"gold_per_floor":[729,739,739,914,914,944,955,975,975,673,689,689,715,733,733,829,829,847,946,956,975,731,765,765,794,794,794,813,824,784,803,803,902,902,921,921,921,510,23,58,58,74,74,91,1,14,14,28,28,28],"floor_reached":51,"language":"KOR","playtime":1301,"items_purged":["Strike_P","Strike_P","Strike_P","Defend_P"],"score":788,"play_id":"2b07e5dd-3dc2-4a25-bdb4-10f9465bd741","local_time":"20210209022005","is_ascension_mode":true,"campfire_choices":[{"data":"Eruption","floor":12.0,"key":"SMITH"},{"data":"MentalFortress","floor":15.0,"key":"SMITH"},{"data":"FlurryOfBlows","floor":24.0,"key":"SMITH"},{"floor":32.0,"key":"REST"},{"data":"Fasting2","floor":41.0,"key":"SMITH"},{"floor":49,"key":"REST"}],"circlet_count":0,"master_deck":["Defend_P","Defend_P","Eruption+1","Vigilance","FlurryOfBlows+1","FearNoEvil","FollowUp","TalkToTheHand+1","EmptyFist","CrushJoints","MentalFortress+1","ConjureBlade+1","Indignation+1","DeusExMachina+1","Vault+1","Flash of Steel","Finesse+1","Fasting2+1","InnerPeace+1","Finesse+1"],"relics":["PureWater","Spirit Poop","Toxic Egg 2","InkBottle","Potion Belt","Regal Pillow","Cursed Key","TheAbacus","Question Card","WingedGreaves","Empty Cage","Torii","Bag of Preparation","OrangePellets","Strawberry"],"acts_visited":["Exordium","TheCity","TheBeyond"],"potions_floor_usage":[50,50],"damage_taken":[{"damage":0.0,"enemies":"Cultist","floor":1.0,"turns":2.0},{"damage":0.0,"enemies":"2 Louse","floor":2.0,"turns":2.0},{"damage":18.0,"enemies":"3 Sentries","floor":6.0,"turns":6.0},{"damage":0.0,"enemies":"Small Slimes","floor":7.0,"turns":2.0},{"damage":18.0,"enemies":"Gremlin Gang","floor":8.0,"turns":3.0},{"damage":0.0,"enemies":"2 Fungi Beasts","floor":11.0,"turns":2.0},{"damage":0.0,"enemies":"Gremlin Nob","floor":13.0,"turns":2.0},{"damage":1.0,"enemies":"3 Louse","floor":14.0,"turns":2.0},{"damage":35.0,"enemies":"The Guardian","floor":16.0,"turns":12.0},{"damage":0.0,"enemies":"Spheric Guardian","floor":18.0,"turns":3.0},{"damage":7.0,"enemies":"Shell Parasite","floor":20.0,"turns":3.0},{"damage":9.0,"enemies":"Centurion and Healer","floor":21.0,"turns":3.0},{"damage":15.0,"enemies":"Slavers","floor":23.0,"turns":7.0},{"damage":12.0,"enemies":"Gremlin Leader","floor":25.0,"turns":2.0},{"damage":24.0,"enemies":"Sentry and Sphere","floor":28.0,"turns":4.0},{"damage":0.0,"enemies":"Snake Plant","floor":29.0,"turns":1.0},{"damage":9.0,"enemies":"Snecko","floor":31.0,"turns":4.0},{"damage":30.0,"enemies":"Automaton","floor":33.0,"turns":8.0},{"damage":33.0,"enemies":"3 Darklings","floor":35.0,"turns":4.0},{"damage":1.0,"enemies":"Nemesis","floor":40.0,"turns":4.0},{"damage":8.0,"enemies":"3 Shapes","floor":42.0,"turns":4.0},{"damage":7,"enemies":"3 Darklings","floor":44,"turns":3},{"damage":18,"enemies":"4 Shapes","floor":46,"turns":5},{"damage":0,"enemies":"Sphere and 2 Shapes","floor":48,"turns":4},{"damage":13,"enemies":"Awakened One","floor":50,"turns":5}],"seed_played":"6729603875877529172","potions_obtained":[{"floor":1.0,"key":"SpeedPotion"},{"floor":6.0,"key":"ColorlessPotion"},{"floor":14.0,"key":"StancePotion"},{"floor":18.0,"key":"Ambrosia"},{"floor":23.0,"key":"SteroidPotion"},{"floor":28.0,"key":"SneckoOil"},{"floor":29.0,"key":"Dexterity Potion"},{"floor":30.0,"key":"StancePotion"},{"floor":30.0,"key":"AttackPotion"},{"floor":30.0,"key":"Energy Potion"},{"floor":35.0,"key":"LiquidBronze"},{"floor":44,"key":"BlessingOfTheForge"},{"floor":46,"key":"Explosive Potion"},{"floor":48,"key":"Energy Potion"}],"is_trial":false,"path_per_floor":["M","M","?","?","?","E","M","M","T","$","M","R","E","M","R","B",null,"M","?","M","M","$","E","R","E","T","?","M","M","?","M","R","B",null,"M","?","?","$","$","E","R","M","T","M","$","M","?","M","R","B",null],"character_chosen":"WATCHER","items_purchased":["Potion Belt","DistilledChaos","TheAbacus","Torii","Bag of Preparation","OrangePellets","Fasting2","Finesse+1"],"campfire_rested":2,"item_purchase_floors":[10,10,22,38,39,39,39,45],"current_hp_per_floor":[72,72,77,77,77,59,59,41,41,41,41,41,41,40,40,5,77,77,77,70,61,61,46,46,34,34,34,10,10,10,1,39,9,77,44,44,34,34,34,40,40,32,32,25,25,7,7,7,47,34],"gold":28,"neow_bonus":"THREE_CARDS","is_daily":false,"chose_seed":false,"campfire_upgraded":4,"win_rate":0.0,"timestamp":1612804805,"path_taken":["M","M","?","?","?","E","M","M","T","$","?","R","E","M","R","BOSS","M","?","M","M","$","E","R","E","T","?","M","?","?","?","R","BOSS","M","?","?","$","$","E","R","M","T","M","$","M","?","M","R","BOSS"],"items_purchased_type":["Relic","Potion","Relic","Relic","Relic","Relic","Card","Card"],"build_version":"2020-12-22","purchased_purges":4,"victory":true,"max_hp_per_floor":[72,72,77,77,77,77,77,77,77,77,77,77,77,77,77,77,77,77,77,77,77,77,77,77,77,77,77,77,77,77,77,77,77,77,77,77,77,77,77,84,84,84,84,84,84,84,84,84,84,84],"card_choices":[{"not_picked":["CutThroughFate","Protect"],"picked":"FlurryOfBlows","floor":0.0},{"not_picked":["EmptyBody","WheelKick"],"picked":"FearNoEvil","floor":1.0},{"not_picked":["SandsOfTime","Consecrate","CutThroughFate"],"picked":"SKIP","floor":2.0},{"not_picked":["Prostrate+1","Collect+1"],"picked":"FollowUp","floor":6.0},{"not_picked":["ClearTheMind+1","FlyingSleeves"],"picked":"TalkToTheHand","floor":7.0},{"not_picked":["FollowUp","FlyingSleeves"],"picked":"EmptyFist","floor":8.0},{"not_picked":["Conclude","Devotion","Pray+1"],"picked":"SKIP","floor":11.0},{"not_picked":["Crescendo+1","Weave"],"picked":"CrushJoints","floor":13.0},{"not_picked":["JustLucky","LikeWater"],"picked":"MentalFortress","floor":14.0},{"not_picked":["DeusExMachina+1","Brilliance"],"picked":"ConjureBlade+1","floor":16.0},{"not_picked":["FlurryOfBlows","Protect+1"],"picked":"Indignation+1","floor":18.0},{"not_picked":["PathToVictory+1","Consecrate","BowlingBash"],"picked":"SKIP","floor":20.0},{"not_picked":["Prostrate+1","FollowUp","CarveReality"],"picked":"SKIP","floor":21.0},{"not_picked":["FearNoEvil+1","PathToVictory+1"],"picked":"DeusExMachina+1","floor":23.0},{"not_picked":["ThirdEye+1","Sanctity+1","JustLucky","Prostrate+1"],"picked":"SKIP","floor":25.0},{"not_picked":["JustLucky","SignatureMove","EmptyFist","WaveOfTheHand+1"],"picked":"SKIP","floor":28.0},{"not_picked":["Devotion","DeceiveReality+1","Collect+1","WreathOfFlame+1"],"picked":"SKIP","floor":29.0},{"not_picked":["ClearTheMind+1","Conclude","CutThroughFate","Protect+1"],"picked":"SKIP","floor":31.0},{"not_picked":["Alpha+1","Establishment","LessonLearned"],"picked":"Vault+1","floor":33.0},{"not_picked":["PathToVictory+1","FlyingSleeves","FlurryOfBlows+1","Tantrum+1"],"picked":"SKIP","floor":35.0},{"not_picked":["Thinking Ahead+1","Sadistic Nature","Forethought+1"],"picked":"Flash of Steel","floor":37.0},{"not_picked":["Panache","Transmutation+1","Master of Strategy+1"],"picked":"Finesse+1","floor":37.0},{"not_picked":["ClearTheMind+1","Vengeance+1","EmptyFist","JustLucky+1"],"picked":"SKIP","floor":40.0},{"not_picked":["Evaluate+1","BowlingBash","Consecrate+1","Protect+1"],"picked":"SKIP","floor":42.0},{"not_picked":["FlyingSleeves+1","ClearTheMind+1","Meditate+1"],"picked":"InnerPeace+1","floor":44},{"not_picked":["CrushJoints+1","EmptyBody+1","Evaluate+1","Perseverance+1"],"picked":"SKIP","floor":46},{"not_picked":["Crescendo+1","Fasting2","CutThroughFate","Study"],"picked":"SKIP","floor":48}],"player_experience":502927,"relics_obtained":[{"floor":6.0,"key":"Toxic Egg 2"},{"floor":9.0,"key":"InkBottle"},{"floor":13.0,"key":"Regal Pillow"},{"floor":23.0,"key":"Question Card"},{"floor":25.0,"key":"WingedGreaves"},{"floor":40.0,"key":"Strawberry"}],"event_choices":[{"damage_healed":0.0,"max_hp_gain":5.0,"max_hp_loss":0.0,"gold_gain":0.0,"event_name":"Big Fish","player_choice":"Donut","floor":3.0,"gold_loss":0.0,"damage_taken":0.0},{"damage_healed":0.0,"max_hp_gain":0.0,"max_hp_loss":0.0,"gold_gain":175.0,"event_name":"Liars Game","player_choice":"AGREE","floor":4.0,"gold_loss":0.0,"damage_taken":0.0,"cards_obtained":["Doubt"]},{"cards_removed":["Doubt"],"damage_healed":0.0,"max_hp_gain":0.0,"max_hp_loss":0.0,"gold_gain":0.0,"event_name":"Bonfire Elementals","player_choice":"Offered Curse","floor":5.0,"gold_loss":0.0,"damage_taken":0.0,"relics_obtained":["Spirit Poop"]},{"damage_healed":0.0,"max_hp_gain":0.0,"max_hp_loss":0.0,"gold_gain":99.0,"event_name":"Nest","player_choice":"Stole From Cult","floor":19.0,"gold_loss":0.0,"damage_taken":0.0},{"damage_healed":0.0,"max_hp_gain":0.0,"max_hp_loss":0.0,"gold_gain":0.0,"event_name":"Upgrade Shrine","player_choice":"Upgraded","floor":27.0,"gold_loss":0.0,"damage_taken":0.0,"cards_upgraded":["TalkToTheHand"]},{"damage_healed":0.0,"max_hp_gain":0.0,"max_hp_loss":0.0,"gold_gain":0.0,"event_name":"The Woman in Blue","player_choice":"Bought 3 Potions","floor":30.0,"gold_loss":0.0,"damage_taken":0.0},{"damage_healed":0.0,"max_hp_gain":0.0,"max_hp_loss":0.0,"gold_gain":0.0,"event_name":"Tomb of Lord Red Mask","player_choice":"Ignored","floor":36.0,"gold_loss":0.0,"damage_taken":0.0},{"damage_healed":0.0,"max_hp_gain":0.0,"max_hp_loss":0.0,"gold_gain":0.0,"event_name":"SensoryStone","player_choice":"Memory 3","floor":37.0,"gold_loss":0.0,"damage_taken":10.0},{"damage_healed":0,"gold_gain":0,"player_choice":"Ignored","damage_taken":0,"max_hp_gain":0,"max_hp_loss":0,"event_name":"SecretPortal","floor":47,"gold_loss":0}],"is_beta":false,"boss_relics":[{"not_picked":["Busted Crown","Coffee Dripper"],"picked":"Cursed Key"},{"not_picked":["Fusion Hammer","SlaversCollar"],"picked":"Empty Cage"}],"items_purged_floors":[10,22,38,39],"is_endless":false,"potions_floor_spawned":[1,6,14,18,23,28,29,35,44,46,48],"ascension_level":1}}