{"host":"6jrd8fn9k88n08be","time":1612755934,"event":{"mods":["BaseMod","Minty Spire (QoL Compilation)","StSLib"],"gold_per_floor":[118,17,92,110,130,159,159,47,47,80,92,92,92,111,111,211,211,229,241,241,261,261,295,295,330,379,395,412,438,438,458,458,458,458],"floor_reached":33,"language":"ENG","playtime":1726,"items_purged":[],"score":365,"play_id":"24cd0b04-f205-4767-81e0-278ffd862351","local_time":"20210207224534","is_ascension_mode":true,"campfire_choices":[{"floor":7.0,"key":"REST"},{"floor":15.0,"key":"REST"},{"floor":24.0,"key":"REST"},{"floor":30.0,"key":"REST"},{"floor":32,"key":"RECALL"}],"circlet_count":0,"master_deck":["Strike_B","Strike_B","Strike_B","Defend_B","Defend_B","Zap","Dualcast","Conserve Battery","Melter","Capacitor","Conserve Battery","Storm+1","Streamline","Static Discharge","Double Energy","Chill+1","Streamline","Auto Shields+1","Creative AI","Streamline+1","Static Discharge+1","Meteor Strike+1","Glacier+1","Lockon+1","Chill+1","BootSequence+1","Stack+1","Multi-Cast+1","Loop"],"relics":["Cracked Core","Potion Belt","Mummified Hand","Toxic Egg 2","Tiny Chest","Astrolabe","Happy Flower","Lizard Tail","Ancient Tea Set","Centennial Puzzle"],"acts_visited":["Exordium","TheCity"],"potions_floor_usage":[],"damage_taken":[{"damage":1.0,"enemies":"Cultist","floor":1.0,"turns":3.0},{"damage":0.0,"enemies":"2 Louse","floor":4.0,"turns":1.0},{"damage":8.0,"enemies":"Small Slimes","floor":5.0,"turns":4.0},{"damage":38.0,"enemies":"3 Sentries","floor":6.0,"turns":9.0},{"damage":34.0,"enemies":"Gremlin Nob","floor":10.0,"turns":4.0},{"damage":1.0,"enemies":"Gremlin Gang","floor":11.0,"turns":5.0},{"damage":7.0,"enemies":"Blue Slaver","floor":14.0,"turns":3.0},{"damage":2.0,"enemies":"Hexaghost","floor":16.0,"turns":10.0},{"damage":35.0,"enemies":"Shell Parasite","floor":18.0,"turns":5.0},{"damage":6.0,"enemies":"3 Byrds","floor":19.0,"turns":4.0},{"damage":16.0,"enemies":"Snecko","floor":21.0,"turns":4.0},{"damage":31.0,"enemies":"Slavers","floor":23.0,"turns":3.0},{"damage":32.0,"enemies":"Book of Stabbing","floor":25.0,"turns":5.0},{"damage":8.0,"enemies":"Snake Plant","floor":27.0,"turns":5.0},{"damage":7.0,"enemies":"Chosen and Byrds","floor":28.0,"turns":5.0},{"damage":31.0,"enemies":"Gremlin Leader","floor":29.0,"turns":5.0},{"damage":19.0,"enemies":"Centurion and Healer","floor":31.0,"turns":6.0},{"damage":13,"enemies":"Champ","floor":33,"turns":6}],"seed_played":"1549375773143732654","potions_obtained":[{"floor":6.0,"key":"Fruit Juice"},{"floor":10.0,"key":"Swift Potion"},{"floor":11.0,"key":"PotionOfCapacity"},{"floor":14.0,"key":"Energy Potion"},{"floor":18.0,"key":"PotionOfCapacity"},{"floor":25.0,"key":"Weak Potion"},{"floor":28.0,"key":"PowerPotion"},{"floor":31.0,"key":"Energy Potion"}],"is_trial":false,"path_per_floor":["M","$","?","M","M","E","R","$","T","E","M","?","?","M","R","B",null,"M","M","T","M","?","E","R","E","T","M","M","E","R","M","R","B"],"character_chosen":"DEFECT","items_purchased":["Melter","Capacitor","Static Discharge","Double Energy"],"campfire_rested":4,"item_purchase_floors":[2,2,8,8],"current_hp_per_floor":[74,74,63,63,55,17,46,46,46,12,11,11,11,4,28,26,80,45,39,39,23,49,18,42,10,10,2,39,8,32,13,13,0,0],"gold":458,"neow_bonus":"RANDOM_COMMON_RELIC","is_daily":false,"chose_seed":false,"campfire_upgraded":0,"win_rate":0.0,"timestamp":1612755934,"path_taken":["M","?","?","M","M","E","R","$","T","E","M","?","?","M","R","BOSS","M","?","?","?","?","E","R","E","T","M","M","E","R","M","R","BOSS"],"items_purchased_type":["Card","Card","Card","Card"],"build_version":"2020-12-22","purchased_purges":0,"victory":false,"max_hp_per_floor":[75,75,75,75,75,75,80,80,80,80,80,80,80,80,80,80,80,80,80,80,80,80,80,80,80,80,80,80,80,80,80,80,80,80],"card_choices":[{"not_picked":["Stack","Redo"],"picked":"Conserve Battery","floor":1.0},{"not_picked":["Redo","Gash"],"picked":"Conserve Battery","floor":4.0},{"not_picked":["Steam","Leap"],"picked":"Storm","floor":5.0},{"not_picked":["Multi-Cast","Coolheaded"],"picked":"Streamline","floor":6.0},{"not_picked":["Coolheaded+1","Compile Driver"],"picked":"Chill+1","floor":10.0},{"not_picked":["Conserve Battery+1","Redo+1"],"picked":"Streamline","floor":11.0},{"not_picked":["Turbo+1","Sweeping Beam"],"picked":"Auto Shields+1","floor":14.0},{"not_picked":["Machine Learning","Reboot+1"],"picked":"Creative AI","floor":16.0},{"not_picked":["Sweeping Beam","Barrage+1"],"picked":"Glacier+1","floor":18.0},{"not_picked":["Coolheaded+1","White Noise+1"],"picked":"Lockon+1","floor":19.0},{"not_picked":["Rip and Tear+1","Rebound","Gash"],"picked":"SKIP","floor":21.0},{"not_picked":["Gash+1","Streamline+1"],"picked":"Chill+1","floor":23.0},{"not_picked":["Hologram+1","Gash"],"picked":"BootSequence+1","floor":25.0},{"not_picked":["Streamline+1","Hologram+1","Fusion+1"],"picked":"SKIP","floor":27.0},{"not_picked":["Beam Cell","White Noise+1"],"picked":"Stack+1","floor":28.0},{"not_picked":["Steam Power+1","Stack+1"],"picked":"Multi-Cast+1","floor":29.0},{"not_picked":["Ball Lightning","Melter"],"picked":"Loop","floor":31.0}],"player_experience":162938,"relics_obtained":[{"floor":6.0,"key":"Mummified Hand"},{"floor":9.0,"key":"Toxic Egg 2"},{"floor":10.0,"key":"Tiny Chest"},{"floor":20.0,"key":"Happy Flower"},{"floor":23.0,"key":"Lizard Tail"},{"floor":25.0,"key":"Ancient Tea Set"},{"floor":29.0,"key":"Centennial Puzzle"}],"event_choices":[{"damage_healed":0.0,"max_hp_gain":0.0,"max_hp_loss":0.0,"gold_gain":75.0,"event_name":"World of Goop","player_choice":"Gather Gold","floor":3.0,"gold_loss":0.0,"damage_taken":11.0},{"damage_healed":0.0,"max_hp_gain":0.0,"max_hp_loss":0.0,"gold_gain":0.0,"event_name":"Shining Light","player_choice":"Ignored","floor":12.0,"gold_loss":0.0,"damage_taken":0.0},{"damage_healed":0.0,"max_hp_gain":0.0,"max_hp_loss":0.0,"gold_gain":0.0,"event_name":"Accursed Blacksmith","player_choice":"Forge","floor":13.0,"gold_loss":0.0,"damage_taken":0.0,"cards_upgraded":["Storm"]},{"damage_healed":26.0,"max_hp_gain":0.0,"max_hp_loss":0.0,"gold_gain":0.0,"event_name":"The Library","player_choice":"Heal","floor":22.0,"gold_loss":0.0,"damage_taken":0.0}],"is_beta":false,"boss_relics":[{"not_picked":["SlaversCollar","Pandora\u0027s Box"],"picked":"Astrolabe"}],"items_purged_floors":[],"is_endless":false,"potions_floor_spawned":[6,10,11,14,18,25,28,31],"killed_by":"Champ","ascension_level":3}}