{"host":"n7gt2lywuauec2nz","time":1612765342,"event":{"mods":["100% Spire Juice","2.2 Compatiblity","Act Like it!","Aspiration","BaseMod","Better Third Choice","Colored Powertips","DeckTracker","GifTheSpireLib","Highlight Path","HololiveMod","Hubris","Infinite Spire","Minty Spire (QoL Compilation)","Quick Restart","Random Character Button","Relic Sorter","Replay The Spire","Retaliation","StSLib","Synergy Search","The IronCluck"],"gold_per_floor":[120,137,17,97,97,97,116,132,132,132,160,160,175,191,191,291,291,306,306,306,306,324,356,371,143,213,224,224,241,241,255,255,357,357,367,367,367],"floor_reached":36,"language":"ENG","playtime":1586,"items_purged":["hubris:Sloth"],"score":388,"play_id":"97c1dc3c-2662-45a9-86f3-da6a705e1d8b","local_time":"20210207222222","is_ascension_mode":false,"campfire_choices":[{"data":"Moonworks:IndiscriminateFireSupport","floor":6,"key":"SMITH"},{"floor":12,"key":"REST"},{"data":"Moonworks:IndiscriminateFireSupport","floor":15,"key":"SMITH"},{"floor":30,"key":"REST"},{"floor":32,"key":"RECALL"}],"circlet_count":0,"master_deck":["Moonworks:Strike","Moonworks:Strike","Moonworks:Strike","Moonworks:Strike","Moonworks:Defend","Moonworks:Defend","Moonworks:Defend","Moonworks:Defend","Moonworks:Ambush","Moonworks:LongDistanceShot","Moonworks:IndiscriminateFireSupport+1","Moonworks:CloudOfSeagulls","Delirium","Moonworks:BackdoorTrade","Moonworks:CookingTime","Moonworks:IndiscriminateFireSupport+1","Moonworks:CloudOfSeagulls","Moonworks:IntelligenceOfficer","Moonworks:Blazing","Pain","infinitespire:DeathsTouch","infinitespire:UltimateForm","infinitespire:FinalStrike","infinitespire:FinalStrike","Moonworks:RocketCannon","Moonworks:Wanted","Rage+1","Perfected Strike","Decay","Moonworks:DeployBits","Moonworks:IndiscriminateFireSupport","Demon Form","Moonworks:JonathanRush"],"relics":["Moonworks:BrokenBomb","Moonworks:Homemark","hubris:Towel","Bag of Marbles","aspiration:IroncladSkillbook","Simple Rune","aspiration:ChemicalBlood","infinitespire:Broken Mirror","aspiration:PoetsPen_weak"],"acts_visited":["Exordium","TheCity","TheBeyond"],"potions_floor_usage":[11,16,16,16,23,25,27,29,33,33,33,35],"damage_taken":[{"damage":0,"enemies":"Jaw Worm","floor":1,"turns":3},{"damage":0,"enemies":"2 Louse","floor":2,"turns":1},{"damage":0,"enemies":"Cultist","floor":7,"turns":3},{"damage":10,"enemies":"Gremlin Gang","floor":8,"turns":2},{"damage":21,"enemies":"Gremlin Nob","floor":11,"turns":4},{"damage":4,"enemies":"Exordium Wildlife","floor":13,"turns":3},{"damage":15,"enemies":"Large Slime","floor":14,"turns":6},{"damage":44,"enemies":"Fading Forest","floor":16,"turns":11},{"damage":0,"enemies":"2 Thieves","floor":18,"turns":1},{"damage":26,"enemies":"Shell Parasite","floor":22,"turns":4},{"damage":54,"enemies":"Nightmare","floor":23,"turns":8},{"damage":21,"enemies":"Shelled Parasite and Fungi","floor":24,"turns":3},{"damage":10,"enemies":"Cultist and Chosen","floor":25,"turns":3},{"damage":30,"enemies":"Centurion and Healer","floor":27,"turns":6},{"damage":0,"enemies":"Chosen and Byrds","floor":29,"turns":3},{"damage":9,"enemies":"Sentry and Sphere","floor":31,"turns":3},{"damage":19,"enemies":"Champ","floor":33,"turns":5},{"damage":45,"enemies":"3 Darklings","floor":35,"turns":5},{"damage":18,"enemies":"3 Shapes","floor":36,"turns":1}],"seed_played":"-8339022198778213459","potions_obtained":[{"floor":2,"key":"Dexterity Potion"},{"floor":7,"key":"EssenceOfSteel"},{"floor":13,"key":"Explosive Potion"},{"floor":14,"key":"DDmod:CleansePotion"},{"floor":16,"key":"Explosive Potion"},{"floor":22,"key":"PowerPotion"},{"floor":23,"key":"CultistPotion"},{"floor":25,"key":"LiquidMemories"},{"floor":27,"key":"FearPotion"}],"is_trial":false,"path_per_floor":["M","M","?","?","?","R","M","M","T","?","E","R","M","M","R","B",null,"M","?","AVR","?","M","NM","M","M","T","M","?","M","R","M","R","B",null,"M","M"],"character_chosen":"THE_STARBREAKER","items_purchased":[],"campfire_rested":2,"item_purchase_floors":[],"current_hp_per_floor":[54,54,54,54,54,54,54,44,44,49,34,51,53,44,44,16,59,59,59,59,59,37,42,31,25,25,5,5,26,43,38,38,23,59,18,0,0],"gold":367,"neow_bonus":"TWO_FIFTY_GOLD","is_daily":false,"chose_seed":false,"campfire_upgraded":2,"win_rate":0.0,"timestamp":1612765342,"path_taken":["M","M","?","?","?","R","M","?","T","?","E","R","M","M","R","BOSS","M","?","AVR","?","?","NM","M","?","T","M","?","M","R","M","R","BOSS","M","M"],"items_purchased_type":[],"build_version":"2020-12-22","purchased_purges":1,"victory":false,"max_hp_per_floor":[54,54,54,54,54,54,54,54,54,59,59,59,59,59,59,59,59,59,59,59,59,59,59,59,59,59,59,59,59,59,59,59,59,59,59,59,59],"card_choices":[{"not_picked":["Moonworks:NicePresent","Moonworks:DeployBits"],"picked":"Moonworks:IndiscriminateFireSupport","floor":1},{"not_picked":["Moonworks:SakisCookie","Moonworks:Dinner"],"picked":"Moonworks:CloudOfSeagulls","floor":2},{"not_picked":["Moonworks:ForcedRevival","Moonworks:FullSpeedAlicianrone"],"picked":"Moonworks:BackdoorTrade","floor":7},{"not_picked":["Moonworks:ForcedRevival","Moonworks:WindyEnchantment"],"picked":"Moonworks:CookingTime","floor":8},{"not_picked":["Moonworks:UnluckyCharm","Moonworks:Dinner"],"picked":"Moonworks:IndiscriminateFireSupport","floor":11},{"not_picked":["Moonworks:IndiscriminateFireSupport","Moonworks:DeployBits"],"picked":"Moonworks:CloudOfSeagulls","floor":13},{"not_picked":["Moonworks:ImmovableObject","Moonworks:DevilHand"],"picked":"Moonworks:IntelligenceOfficer","floor":14},{"not_picked":["Moonworks:ReflectiveShell","Moonworks:GoAway"],"picked":"Moonworks:Blazing","floor":16},{"not_picked":["Run Through","Clothesline","Shockwave","Flex"],"picked":"SKIP","floor":18},{"not_picked":["infinitespire:Collect","infinitespire:Punishment"],"picked":"infinitespire:DeathsTouch","floor":19},{"not_picked":["Armaments","Moonworks:ImOnFire","ReplayTheSpireMod:Strike From Hell","Shrug It Off"],"picked":"SKIP","floor":22},{"not_picked":["Moonworks:Heat300Percent","Moonworks:SakisCookie","Shrug It Off+1"],"picked":"Moonworks:RocketCannon","floor":23},{"not_picked":["infinitespire:OneForAll","True Grit+1","Run Through+1"],"picked":"Moonworks:Wanted","floor":24},{"not_picked":["Moonworks:CloudOfSeagulls","Moonworks:WindyEnchantment+1","ReplayTheSpireMod:Strike From Hell"],"picked":"Rage+1","floor":25},{"not_picked":["Thunderclap","Moonworks:LulusLuckyEgg+1","Moonworks:IntelligenceOfficer"],"picked":"Perfected Strike","floor":27},{"not_picked":["Moonworks:EvilSpyWorkPreparation","Moonworks:Assault","Moonworks:BigMagnum"],"picked":"Moonworks:DeployBits","floor":29},{"not_picked":["Clash+1","Moonworks:DeployBits","ReplayTheSpireMod:Corrosion Curse"],"picked":"Moonworks:IndiscriminateFireSupport","floor":31},{"not_picked":["DDmod:AllInSkill","Double Tap","DDmod:SpikeShotSkill"],"picked":"Demon Form","floor":33},{"not_picked":["Rampage+1","Warcry+1","Moonworks:SealedMemories+1"],"picked":"Moonworks:JonathanRush","floor":35}],"player_experience":131231,"relics_obtained":[{"floor":11,"key":"Bag of Marbles"},{"floor":23,"key":"aspiration:ChemicalBlood"},{"floor":26,"key":"infinitespire:Broken Mirror"}],"event_choices":[{"damage_healed":0,"gold_gain":0,"player_choice":"Ignored","damage_taken":0,"max_hp_gain":0,"max_hp_loss":0,"event_name":"Golden Wing","floor":3,"gold_loss":0},{"damage_healed":0,"gold_gain":0,"player_choice":"Donut","damage_taken":0,"max_hp_gain":5,"max_hp_loss":0,"event_name":"Big Fish","floor":10,"gold_loss":0},{"damage_healed":0,"gold_gain":0,"player_choice":"Copied","damage_taken":0,"max_hp_gain":0,"max_hp_loss":0,"event_name":"Duplicator","floor":21,"gold_loss":0,"cards_obtained":["infinitespire:FinalStrike"]},{"damage_healed":0,"gold_gain":0,"player_choice":"Smashed Altar","damage_taken":0,"max_hp_gain":0,"max_hp_loss":0,"event_name":"Forgotten Altar","floor":28,"gold_loss":0,"cards_obtained":["Decay"]}],"is_beta":false,"boss_relics":[{"not_picked":["Busted Crown","Honey Jar"],"picked":"aspiration:IroncladSkillbook"},{"not_picked":["aspiration:RunicSpoon","hubris:TerracottaHorce"],"picked":"aspiration:PoetsPen_weak"}],"items_purged_floors":[20],"is_endless":false,"potions_floor_spawned":[2,7,13,14,16,22,23,27],"killed_by":"3 Shapes","ascension_level":0}}