{"host":"okvf2hy7r209l3k2","time":1612798472,"event":{"mods":["BaseMod","Block Reminder","Colored Map","Colored Powertips","Downfall","Hermit","Highlight Path","Minty Spire (QoL Compilation)","Permanent Neow","Quick Restart","StSLib","The Cursed","The Hierophant"],"gold_per_floor":[369,151,167,167,184,204,104,104,104,104,120,154,154,169,169,299,299,322,51,71,91,111,151,151,182,232,232,232,232],"floor_reached":28,"language":"ENG","playtime":2720,"items_purged":["TheCursedMod:Strike_TheCursed","TheCursedMod:Defend_TheCursed"],"score":285,"play_id":"1419b846-1a53-442f-a4d3-996fdc6cc0b5","local_time":"20210208063432","is_ascension_mode":false,"campfire_choices":[{"data":"TheCursedMod:CleanUpWorkshop","floor":8,"key":"SMITH"},{"data":"TheCursedMod:CursedWand","floor":10,"key":"SMITH"},{"data":"TheCursedMod:CircleOfCorruption","floor":15,"key":"SMITH"},{"data":"TheCursedMod:ManaBullet","floor":24,"key":"SMITH"},{"data":"TheCursedMod:LuckyCharm","floor":27,"key":"SMITH"}],"circlet_count":0,"master_deck":["TheCursedMod:Strike_TheCursed","TheCursedMod:Strike_TheCursed","TheCursedMod:Defend_TheCursed","TheCursedMod:Defend_TheCursed","TheCursedMod:CursedWand+1","TheCursedMod:CleanUpWorkshop+1","TheCursedMod:Dregs","TheCursedMod:WearCloak","TheCursedMod:SpitefulPlan+1","TheCursedMod:CursedStaff","TheCursedMod:CursedAmulet","TheCursedMod:CircleOfFocus","TheCursedMod:WearCloak","TheCursedMod:CircleOfCorruption+1","TheCursedMod:EmpowerCircles","Injury","TheCursedMod:ManaBullet+1","TheCursedMod:DemonSword","TheCursedMod:ReleasedKnowledge","TheCursedMod:LuckyCharm+1","TheCursedMod:SpitefulPray","TheCursedMod:CircleOfCorruption+1","TheCursedMod:LuckyCharm","TheCursedMod:LuckyCharm","TheCursedMod:ReleasedKnowledge","TheCursedMod:CursedBlade","TheCursedMod:CursedStaff"],"relics":["TheCursedMod:BlackMagic101","Darkstone Periapt","Mummified Hand","Golden Idol","Empty Cage","DollysMirror","TheCursedMod:BloodyHarpoon","WingedGreaves","Centennial Puzzle"],"acts_visited":["Exordium","TheCity"],"potions_floor_usage":[16,28],"damage_taken":[{"damage":0,"enemies":"Cultist","floor":1,"turns":4},{"damage":2,"enemies":"Jaw Worm","floor":3,"turns":4},{"damage":0,"enemies":"Small Slimes","floor":5,"turns":4},{"damage":7,"enemies":"Exordium Thugs","floor":6,"turns":4},{"damage":2,"enemies":"Blue Slaver","floor":11,"turns":4},{"damage":0,"enemies":"Lagavulin","floor":12,"turns":5},{"damage":2,"enemies":"3 Louse","floor":14,"turns":3},{"damage":6,"enemies":"The Guardian","floor":16,"turns":8},{"damage":0,"enemies":"Shell Parasite","floor":18,"turns":4},{"damage":2,"enemies":"Chosen","floor":20,"turns":6},{"damage":0,"enemies":"Snake Plant","floor":21,"turns":2},{"damage":4,"enemies":"Sentry and Sphere","floor":22,"turns":6},{"damage":56,"enemies":"Slavers","floor":23,"turns":6},{"damage":7,"enemies":"Gremlin Leader","floor":25,"turns":5},{"damage":17,"enemies":"Cultist and Chosen","floor":28,"turns":4}],"seed_played":"-6553061868280635791","potions_obtained":[{"floor":5,"key":"Strength Potion"},{"floor":6,"key":"LiquidBronze"},{"floor":14,"key":"Explosive Potion"},{"floor":16,"key":"SpeedPotion"},{"floor":18,"key":"Dexterity Potion"},{"floor":25,"key":"DistilledChaos"}],"is_trial":false,"path_per_floor":["M","$","M","?","M","M","$","R","T","R","M","E","?","M","R","B",null,"M","$","M","M","M","E","R","E","T","R","M"],"character_chosen":"THE_CURSED","items_purchased":["TheCursedMod:SpitefulPlan","TheCursedMod:CursedStaff","TheCursedMod:LuckyCharm","TheCursedMod:SpitefulPray","DollysMirror"],"campfire_rested":0,"item_purchase_floors":[2,2,19,19,19],"current_hp_per_floor":[54,54,52,52,52,45,45,45,45,45,43,43,49,47,47,41,81,81,81,79,79,75,19,19,12,12,12,0,0],"gold":232,"neow_bonus":"TWO_FIFTY_GOLD","is_daily":false,"chose_seed":false,"campfire_upgraded":5,"win_rate":0.0,"timestamp":1612798472,"path_taken":["M","$","M","?","M","M","$","R","T","R","M","E","?","M","R","BOSS","M","$","M","M","M","E","R","E","T","R","M"],"items_purchased_type":["Card","Card","Card","Card","Relic"],"build_version":"2020-12-22","purchased_purges":2,"victory":false,"max_hp_per_floor":[75,75,75,75,75,75,75,75,75,75,75,75,81,81,81,81,81,81,81,81,81,81,81,81,81,81,81,81,81],"card_choices":[{"not_picked":["TheCursedMod:RapidMovement","TheCursedMod:StingEye"],"picked":"TheCursedMod:WearCloak","floor":1},{"not_picked":["TheCursedMod:Wield","TheCursedMod:Evocation"],"picked":"TheCursedMod:CursedAmulet","floor":3},{"not_picked":["TheCursedMod:BloodBarrier","TheCursedMod:SmokeScreen"],"picked":"TheCursedMod:CircleOfFocus","floor":5},{"not_picked":["TheCursedMod:CursedBoomerang","TheCursedMod:CursedMace"],"picked":"TheCursedMod:WearCloak","floor":6},{"not_picked":["TheCursedMod:ReleasedKnowledge","TheCursedMod:SoulCrush"],"picked":"TheCursedMod:CircleOfCorruption","floor":11},{"not_picked":["TheCursedMod:FuryStrike","TheCursedMod:SoulReap"],"picked":"TheCursedMod:EmpowerCircles","floor":12},{"not_picked":["TheCursedMod:Obscuration","TheCursedMod:UltimatePain"],"picked":"TheCursedMod:ManaBullet","floor":14},{"not_picked":["TheCursedMod:DarkBarrier","TheCursedMod:ShockAndAwe"],"picked":"TheCursedMod:DemonSword","floor":16},{"not_picked":["TheCursedMod:StingEye","TheCursedMod:Stretching"],"picked":"TheCursedMod:ReleasedKnowledge","floor":18},{"not_picked":["TheCursedMod:Torture","TheCursedMod:CircleOfFlame"],"picked":"TheCursedMod:LuckyCharm","floor":20},{"not_picked":["TheCursedMod:CircleOfCorruption","TheCursedMod:FleshFromBone"],"picked":"TheCursedMod:LuckyCharm","floor":21},{"not_picked":["TheCursedMod:CircleOfCorruption+1","TheCursedMod:CursedShiv+1"],"picked":"TheCursedMod:ReleasedKnowledge","floor":22},{"not_picked":["TheCursedMod:Mangle","TheCursedMod:SoulCrush+1"],"picked":"TheCursedMod:CursedBlade","floor":23},{"not_picked":["TheCursedMod:PrepareRite","TheCursedMod:TacticalStrike"],"picked":"TheCursedMod:CursedStaff","floor":25}],"player_experience":202026,"relics_obtained":[{"floor":9,"key":"Darkstone Periapt"},{"floor":12,"key":"Mummified Hand"},{"floor":23,"key":"TheCursedMod:BloodyHarpoon"},{"floor":25,"key":"WingedGreaves"},{"floor":26,"key":"Centennial Puzzle"}],"event_choices":[{"damage_healed":0,"gold_gain":0,"player_choice":"Grow","damage_taken":0,"max_hp_gain":0,"max_hp_loss":0,"event_name":"Living Wall","floor":4,"gold_loss":0,"cards_upgraded":["TheCursedMod:SpitefulPlan"]},{"damage_healed":0,"gold_gain":0,"player_choice":"Take Wound","damage_taken":0,"relics_obtained":["Golden Idol"],"max_hp_gain":0,"max_hp_loss":0,"event_name":"Golden Idol","floor":13,"gold_loss":0,"cards_obtained":["Injury"]}],"is_beta":false,"boss_relics":[{"not_picked":["bronze:MakeshiftBattery","Runic Pyramid"],"picked":"Empty Cage"}],"items_purged_floors":[2,7],"is_endless":false,"potions_floor_spawned":[5,6,14,16,18,23,25],"killed_by":"Cultist and Chosen","ascension_level":0}}