{"host":"alk2ftu785mujiir","time":1612746194,"event":{"mods":["BaseMod","Bossed Relics","Colored Map","Downfall","Minty Spire (QoL Compilation)","StSLib"],"gold_per_floor":[0,14,29,29,29,42,66,66,93,93,3,34,34,66,76,176,176,76,95,5,5,0,20,20,48,48,48,48,77,90,90,103,103,103,103],"floor_reached":33,"language":"ENG","playtime":1373,"items_purged":["bronze:Strike"],"score":316,"play_id":"f2f89027-1d55-4776-895e-c7c87309b0d4","local_time":"20210207200314","is_ascension_mode":true,"campfire_choices":[{"data":"bronze:Replicate","floor":1.0,"key":"SMITH"},{"data":"bronze:FineTuning","floor":8.0,"key":"SMITH"},{"floor":13.0,"key":"REST"},{"data":"bronze:Philosophize","floor":18.0,"key":"SMITH"},{"floor":26.0,"key":"REST"},{"floor":28.0,"key":"REST"}],"circlet_count":0,"master_deck":["bronze:Strike","bronze:Strike","bronze:Defend","bronze:Defend","bronze:Defend","bronze:Replicate+1","bronze:Goto","bronze:WhirlingStrike","bronze:Frontload+1","bronze:FineTuning+1","bronze:Separator","bronze:Fortify","bronze:Optimize","bronze:AlphaBuild","bronze:Philosophize+1","bronze:Invalidate","bronze:CloningBeam","bronze:Fortify","bronze:Verify","bronze:Constructor","Writhe"],"relics":["bronze:BronzeCore","Regal Pillow","Juzu Bracelet","downfall:ExtraCursedKey","Potion Belt","Lantern","SacredBark","downfall:HeartBlessingGreen","Mummified Hand","Happy Flower","The Courier"],"acts_visited":["Exordium","TheCity"],"potions_floor_usage":[],"damage_taken":[{"damage":6.0,"enemies":"Jaw Worm","floor":2.0,"turns":2.0},{"damage":0.0,"enemies":"2 Louse","floor":3.0,"turns":1.0},{"damage":0.0,"enemies":"Cultist","floor":6.0,"turns":4.0},{"damage":18.0,"enemies":"Gremlin Nob","floor":9.0,"turns":5.0},{"damage":0.0,"enemies":"downfall:FleeingMerchant","floor":11.0,"turns":4.0},{"damage":2.0,"enemies":"Lagavulin","floor":12.0,"turns":6.0},{"damage":9.0,"enemies":"3 Sentries","floor":14.0,"turns":4.0},{"damage":0.0,"enemies":"Large Slime","floor":15.0,"turns":6.0},{"damage":32.0,"enemies":"DF_ARCHETYPE_STREAMLINE","floor":16.0,"turns":9.0},{"damage":3.0,"enemies":"3 Byrds","floor":19.0,"turns":6.0},{"damage":20.0,"enemies":"downfall:FleeingMerchant","floor":20.0,"turns":4.0},{"damage":0.0,"enemies":"downfall:FleeingMerchant","floor":22.0,"turns":4.0},{"damage":13.0,"enemies":"Centurion and Healer","floor":23.0,"turns":7.0},{"damage":27.0,"enemies":"Gremlin Leader","floor":25.0,"turns":3.0},{"damage":40.0,"enemies":"Slavers","floor":29.0,"turns":5.0},{"damage":0.0,"enemies":"Snecko","floor":30.0,"turns":3.0},{"damage":0.0,"enemies":"Shelled Parasite and Fungi","floor":32.0,"turns":4.0},{"damage":47,"enemies":"IC_MUSHROOM_ARCHETYPE","floor":33,"turns":4}],"seed_played":"1699032352166680950","potions_obtained":[{"floor":3.0,"key":"Explosive Potion"},{"floor":6.0,"key":"AttackPotion"},{"floor":12.0,"key":"SkillPotion"},{"floor":14.0,"key":"Strength Potion"},{"floor":23.0,"key":"bronze:BuildAFunctionPotion"},{"floor":25.0,"key":"SkillPotion"},{"floor":29.0,"key":"FearPotion"}],"is_trial":false,"path_per_floor":["R","M","M","?","?","M","T","R","E","?","$","E","R","E","M","B",null,"R","M","$","?","$","M","T","E","R","?","R","E","M","?","M","B"],"character_chosen":"THE_AUTOMATON","items_purchased":["bronze:Optimize"],"campfire_rested":3,"item_purchase_floors":[11],"current_hp_per_floor":[70,64,64,64,64,64,64,64,46,46,46,44,70,61,61,29,70,70,67,47,47,47,34,34,7,43,43,70,30,30,30,30,0,0,0],"gold":103,"neow_bonus":"REMOVE_TWO","is_daily":false,"chose_seed":false,"campfire_upgraded":3,"win_rate":0.0,"timestamp":1612746194,"path_taken":["R","M","M","?","?","M","T","R","E","?","?","E","R","E","M","BOSS","R","M","$","?","?","M","T","E","R","?","R","E","M","?","M","BOSS"],"items_purchased_type":["Card"],"build_version":"2020-12-22","purchased_purges":1,"victory":false,"max_hp_per_floor":[70,70,70,70,70,70,70,70,70,70,70,70,70,70,70,70,70,70,70,70,70,70,70,70,70,70,70,70,70,70,70,70,70,70,70],"card_choices":[{"not_picked":["bronze:Allocate","bronze:Overload"],"picked":"bronze:WhirlingStrike","floor":2.0},{"not_picked":["bronze:FollowUp","bronze:Shield"],"picked":"bronze:Frontload","floor":3.0},{"not_picked":["bronze:Overheat","bronze:ItsAFeature"],"picked":"bronze:FineTuning","floor":6.0},{"not_picked":["bronze:ChildClass","bronze:Branch"],"picked":"bronze:Separator","floor":9.0},{"not_picked":["bronze:WildBeam","bronze:ItsAFeature"],"picked":"bronze:Fortify","floor":11.0},{"not_picked":["bronze:Turbo","bronze:WhirlingStrike"],"picked":"bronze:AlphaBuild","floor":12.0},{"not_picked":["bronze:ClassDefault","bronze:ForLoop","bronze:ChosenStrike"],"picked":"SKIP","floor":14.0},{"not_picked":["bronze:Shield","bronze:FineTuning"],"picked":"bronze:Philosophize","floor":15.0},{"not_picked":["bronze:ClassDefault","bronze:ForLoop"],"picked":"bronze:Invalidate","floor":19.0},{"not_picked":["bronze:Return","bronze:Shield+1"],"picked":"bronze:CloningBeam","floor":20.0},{"not_picked":["bronze:Separator+1","bronze:NullPointer+1","bronze:Allocate"],"picked":"SKIP","floor":22.0},{"not_picked":["bronze:CloningBeam","bronze:Shield","bronze:ClassDefault"],"picked":"SKIP","floor":23.0},{"not_picked":["bronze:DarkDash","bronze:Turbo","bronze:ChildClass+1"],"picked":"SKIP","floor":25.0},{"not_picked":["bronze:Terminator","bronze:Overload","bronze:WhirlingStrike"],"picked":"SKIP","floor":29.0},{"not_picked":["bronze:OilSpill","bronze:Invalidate"],"picked":"bronze:Constructor","floor":30.0},{"not_picked":["bronze:DigitalCarnage+1","bronze:DelayedGuard","bronze:FindAndReplace"],"picked":"SKIP","floor":32.0}],"player_experience":1815671,"relics_obtained":[{"floor":7.0,"key":"Regal Pillow"},{"floor":9.0,"key":"Juzu Bracelet"},{"floor":12.0,"key":"Potion Belt"},{"floor":14.0,"key":"Lantern"},{"floor":25.0,"key":"Mummified Hand"},{"floor":29.0,"key":"Happy Flower"}],"event_choices":[{"damage_healed":0.0,"max_hp_gain":0.0,"max_hp_loss":0.0,"gold_gain":0.0,"event_name":"Living Wall","player_choice":"Grow","floor":5.0,"gold_loss":0.0,"damage_taken":0.0,"cards_upgraded":["bronze:Frontload"]}],"is_beta":false,"boss_relics":[{"not_picked":["Runic Pyramid","bronze:MakeshiftBattery"],"picked":"SacredBark"}],"items_purged_floors":[20],"is_endless":false,"potions_floor_spawned":[3,6,12,14,23,25,29],"killed_by":"IC_MUSHROOM_ARCHETYPE","ascension_level":1}}