{"host":"eaiphzh066bwqdh7","time":1612818981,"event":{"mods":["BaseMod","Better Note","Halation","Hubris","Minty Spire (QoL Compilation)","Reliquary","Replay The Spire","StSLib"],"gold_per_floor":[117,117,137,137,212,212,100,114,114,130,130,159,159,173,173,273,273,292,311,236,236,246,246,260,278,278,278,28,45,45,45,45,149,149,166,184,34,53,53,53,69,69,69,101,121,121,149,149,149,149,149],"floor_reached":50,"language":"ENG","playtime":1714,"items_purged":["Strike_G","Defend_G"],"score":732,"play_id":"825a6357-44a5-4908-a685-6fdbcafad423","local_time":"20210208161621","is_ascension_mode":true,"campfire_choices":[{"floor":6,"key":"REST"},{"floor":11,"key":"REST"},{"floor":13,"key":"REST"},{"floor":23,"key":"REST"},{"floor":27,"key":"REST"},{"floor":32,"key":"REST"},{"floor":40,"key":"REST"},{"floor":42,"key":"REST"},{"floor":46,"key":"REST"},{"data":"ReplayTheSpireMod:Necrosis","floor":49,"key":"SMITH"}],"circlet_count":0,"master_deck":["Defend_G","Survivor","Neutralize","Atom Bomb","Blade Dance","Blade Dance+1","Deadly Poison","Deadly Poison","A Thousand Cuts","Endless Agony","Corpse Explosion","Slice","Crippling Poison","ReplayTheSpireMod:Necrosis+1","Deflect","Slice","Die Die Die","Catalyst","Glass Knife","Blade Dance","Deadly Poison+1","Deadly Poison+1","Blade Dance+1","Infinite Blades+1","Slice","Catalyst","Envenom","A Thousand Cuts"],"relics":["Ring of the Snake","Replay:PocketPolymizer","Replay:Ringing Soul","hubris:Stopwatch","Replay:Bottled Flurry","reliquary:RadioactivePellet","Quantum Egg","halation:PinkAlligatorPlush","reliquary:PorcupineQuills","Blue Doll","ReplayFunnel","reliquary:TatteredRug"],"acts_visited":["Exordium","TheCity","TheBeyond"],"potions_floor_usage":[12,18,22,25,33,33,35,38,41,44,45],"damage_taken":[{"damage":4,"enemies":"Jaw Worm","floor":1,"turns":6},{"damage":0,"enemies":"2 Louse","floor":3,"turns":4},{"damage":0,"enemies":"Small Slimes","floor":8,"turns":4},{"damage":11,"enemies":"Looter","floor":10,"turns":2},{"damage":17,"enemies":"3 Sentries","floor":12,"turns":6},{"damage":3,"enemies":"Blue Slaver","floor":14,"turns":3},{"damage":49,"enemies":"Slime Boss","floor":16,"turns":10},{"damage":29,"enemies":"2 Thieves","floor":18,"turns":3},{"damage":6,"enemies":"3 Byrds","floor":19,"turns":2},{"damage":10,"enemies":"Snecko","floor":22,"turns":3},{"damage":13,"enemies":"Snake Plant","floor":24,"turns":5},{"damage":44,"enemies":"Cultist and Chosen","floor":25,"turns":5},{"damage":10,"enemies":"Snecko","floor":29,"turns":3},{"damage":74,"enemies":"Automaton","floor":33,"turns":9},{"damage":23,"enemies":"Orb Walker","floor":35,"turns":3},{"damage":23,"enemies":"3 Darklings","floor":36,"turns":2},{"damage":34,"enemies":"Jaw Worm Horde","floor":38,"turns":2},{"damage":57,"enemies":"Transient","floor":41,"turns":5},{"damage":50,"enemies":"Reptomancer","floor":44,"turns":6},{"damage":21,"enemies":"3 Darklings","floor":45,"turns":3},{"damage":93,"enemies":"Giant Head","floor":47,"turns":6},{"damage":154,"enemies":"Replay:Hell Engine","floor":50,"turns":7}],"seed_played":"2232581506644412294","potions_obtained":[{"floor":8,"key":"Toxic Potion"},{"floor":10,"key":"PowerPotion"},{"floor":16,"key":"Swift Potion"},{"floor":18,"key":"FairyPotion"},{"floor":19,"key":"SkillPotion"},{"floor":25,"key":"Poison Potion"},{"floor":29,"key":"Weak Potion"},{"floor":33,"key":"Toxic Potion"},{"floor":36,"key":"DistilledChaos"},{"floor":38,"key":"Block Potion"},{"floor":41,"key":"BlessingOfTheForge"},{"floor":44,"key":"Fire Potion"}],"is_trial":false,"path_per_floor":["M","?","M","?","?","R","$","M","T","M","R","E","R","M","R","B",null,"M","M","?","?","M","R","M","M","T","R","$","M","?","?","R","B",null,"M","M","$","M","?","R","M","R","T","E","M","R","E","?","R","B"],"character_chosen":"THE_SILENT","items_purchased":["Deadly Poison","reliquary:RadioactivePellet","reliquary:PorcupineQuills"],"campfire_rested":9,"item_purchase_floors":[7,28,37],"current_hp_per_floor":[66,59,59,64,53,75,75,75,75,64,75,61,78,78,84,38,87,58,52,52,81,71,90,80,39,39,71,71,64,64,64,98,27,108,88,68,68,37,37,74,20,59,59,12,31,72,132,132,135,0,0],"gold":149,"neow_bonus":"ONE_RANDOM_RARE_CARD","is_daily":false,"chose_seed":false,"campfire_upgraded":1,"win_rate":0.0,"timestamp":1612818981,"path_taken":["M","?","M","?","?","R","$","M","T","M","R","E","R","M","R","BOSS","M","M","?","?","M","R","M","M","T","R","$","?","?","?","R","BOSS","M","M","$","M","?","R","M","R","T","E","M","R","E","?","R","BOSS"],"items_purchased_type":["Card","Relic","Relic"],"build_version":"2020-12-22","purchased_purges":2,"victory":false,"max_hp_per_floor":[70,70,70,75,75,75,75,75,75,75,75,78,78,81,84,87,87,87,87,87,87,87,90,93,96,96,99,99,102,102,102,105,108,108,111,114,114,117,111,114,117,120,120,123,126,129,132,132,135,135,135],"card_choices":[{"not_picked":["Backflip","Slice"],"picked":"Blade Dance","floor":1},{"not_picked":["Acrobatics","Dodge and Roll"],"picked":"Blade Dance","floor":3},{"not_picked":["Sneak Up","Toxin Wave","Eviscerate"],"picked":"SKIP","floor":8},{"not_picked":["Dagger Throw","Finisher"],"picked":"A Thousand Cuts","floor":10},{"not_picked":["Dash","Sucker Punch"],"picked":"Corpse Explosion","floor":12},{"not_picked":["Crippling Poison","Quick Slash"],"picked":"Slice","floor":14},{"not_picked":["Grand Finale","Poison Darts"],"picked":"ReplayTheSpireMod:Necrosis","floor":16},{"not_picked":["Dodge and Roll+1","Flying Knee","Quick Slash+1"],"picked":"SKIP","floor":18},{"not_picked":["Flying Knee","Outmaneuver","ReplayTheSpireMod:The Works"],"picked":"SKIP","floor":19},{"not_picked":["Dodge and Roll","Escape Plan+1","Wraith Form v2"],"picked":"SKIP","floor":22},{"not_picked":["Dagger Throw","Sucker Punch"],"picked":"Deflect","floor":24},{"not_picked":["Dagger Spray+1","Backflip"],"picked":"Slice","floor":25},{"not_picked":["Hidden Blade","Poisoned Stab+1"],"picked":"Die Die Die","floor":29},{"not_picked":["Replay:Bag of Tricks","Malaise"],"picked":"Glass Knife","floor":33},{"not_picked":["Skewer","Sucker Punch+1"],"picked":"Blade Dance","floor":35},{"not_picked":["Acrobatics+1","Expertise"],"picked":"Deadly Poison+1","floor":36},{"not_picked":["Toxin Wave","Bane+1"],"picked":"Deadly Poison+1","floor":38},{"not_picked":["Heel Hook+1","Deflect"],"picked":"Blade Dance+1","floor":41},{"not_picked":["All Out Attack+1","Reflex"],"picked":"Infinite Blades+1","floor":44},{"not_picked":["Dodge and Roll+1","hubris:SlightOfHand+1"],"picked":"Slice","floor":45},{"not_picked":["Footwork+1","hubris:SlightOfHand"],"picked":"Envenom","floor":47}],"player_experience":283955,"relics_obtained":[{"floor":9,"key":"Replay:PocketPolymizer"},{"floor":12,"key":"Replay:Ringing Soul"},{"floor":26,"key":"Replay:Bottled Flurry"},{"floor":43,"key":"Blue Doll"},{"floor":44,"key":"ReplayFunnel"},{"floor":47,"key":"reliquary:TatteredRug"}],"event_choices":[{"cards_removed":["Strike_G"],"damage_healed":0,"gold_gain":0,"player_choice":"Card Removal","damage_taken":7,"max_hp_gain":0,"max_hp_loss":0,"event_name":"Golden Wing","floor":2,"gold_loss":0},{"damage_healed":0,"gold_gain":0,"player_choice":"Donut","damage_taken":0,"max_hp_gain":5,"max_hp_loss":0,"event_name":"Big Fish","floor":4,"gold_loss":0},{"damage_healed":0,"gold_gain":75,"player_choice":"Gather Gold","damage_taken":11,"max_hp_gain":0,"max_hp_loss":0,"event_name":"World of Goop","floor":5,"gold_loss":0},{"cards_removed":["Defend_G"],"damage_healed":0,"gold_gain":0,"player_choice":"Gave Gold","damage_taken":0,"max_hp_gain":0,"max_hp_loss":0,"event_name":"Beggar","floor":20,"gold_loss":75},{"damage_healed":29,"gold_gain":0,"player_choice":"Heal","damage_taken":0,"max_hp_gain":0,"max_hp_loss":0,"event_name":"The Library","floor":21,"gold_loss":0},{"damage_healed":0,"gold_gain":0,"player_choice":"Ignored","damage_taken":0,"max_hp_gain":0,"max_hp_loss":0,"event_name":"Cursed Tome","floor":31,"gold_loss":0},{"damage_healed":0,"gold_gain":0,"player_choice":"Max HP","damage_taken":0,"max_hp_gain":0,"max_hp_loss":6,"event_name":"Winding Halls","floor":39,"gold_loss":0}],"is_beta":false,"boss_relics":[{"not_picked":["hubris:RunicObelisk","reliquary:Ember"],"picked":"hubris:Stopwatch"},{"not_picked":["reliquary:Craggleroot","SacredBark"],"picked":"halation:PinkAlligatorPlush"}],"items_purged_floors":[7,28],"is_endless":false,"potions_floor_spawned":[8,10,16,18,19,25,29,33,36,38,41,44],"killed_by":"Replay:Hell Engine","ascension_level":4}}