{"host":"6qo42zgaknezulyg","time":1612793948,"event":{"mods":["2.2 Compatiblity","BaseMod","Colored Map","Faster Ascension Climbing","Highlight Path","Keyboard Shortcuts","Minty Spire (QoL Compilation)","Permanent Neow","Quick Restart","StSLib","SuperFastMode","The Animator"],"gold_per_floor":[26,43,54,104,118,145,145,193,193,193,193,193,193,220,220,297,297,314,264,280,65,98,127,52,52,52,102,113,125,139,149,149,223,223,237,261,46,65,65,65,65,78,78,78,111,111,25,43,43,43,43],"floor_reached":52,"language":"ENG","playtime":3643,"items_purged":["animator:Strike","animator:Entoma","animator:Strike_Konosuba"],"score":1816,"play_id":"31247f0f-8751-41ca-97c5-f6530430b6e2","local_time":"20210208231908","is_ascension_mode":true,"campfire_choices":[{"floor":7.0,"key":"REST"},{"data":"animator:UneriGinkaku","floor":10.0,"key":"SMITH"},{"floor":13.0,"key":"REST"},{"floor":15.0,"key":"REST"},{"data":"animator:Albedo","floor":25.0,"key":"SMITH"},{"floor":32.0,"key":"REST"},{"floor":40.0,"key":"REST"},{"floor":46.0,"key":"REST"},{"floor":49.0,"key":"REST"}],"circlet_count":0,"master_deck":["AscendersBane","animator:Defend_Konosuba","animator:Defend","animator:Defend","animator:Kazuma","animator:Sebas","animator:UneriGinkaku+1","animator:MetalKnight","animator:Emonzaemon","animator:UneriGinkaku","animator:Melzalgald","animator:Biyorigo","animator:Sonic","animator:Albedo+1","animator:IzunaHatsuse+1","animator:Nanami","animator:Azekura","animator:Hibiki","animator:HigakiRinne","animator:Darkness"],"relics":["animator:LivingPicture","animator:TheMissingPiece","animator:EngravedStaff","Smiling Mask","Incense Burner","Bronze Scales","Oddly Smooth Stone","Sozu","Red Mask","animator:ShionDessert","Darkstone Periapt","Cursed Key","Happy Flower","Blood Vial"],"acts_visited":["Exordium","TheCity","TheBeyond"],"potions_floor_usage":[51],"damage_taken":[{"damage":1.0,"enemies":"Small Slimes","floor":1.0,"turns":6.0},{"damage":9.0,"enemies":"Cultist","floor":2.0,"turns":6.0},{"damage":2.0,"enemies":"Jaw Worm","floor":3.0,"turns":6.0},{"damage":8.0,"enemies":"Large Slime","floor":5.0,"turns":6.0},{"damage":42.0,"enemies":"Lagavulin","floor":6.0,"turns":7.0},{"damage":20.0,"enemies":"Gremlin Nob","floor":14.0,"turns":4.0},{"damage":19.0,"enemies":"The Guardian","floor":16.0,"turns":7.0},{"damage":0.0,"enemies":"Shell Parasite","floor":18.0,"turns":3.0},{"damage":0.0,"enemies":"3 Byrds","floor":20.0,"turns":2.0},{"damage":7.0,"enemies":"Masked Bandits","floor":22.0,"turns":3.0},{"damage":4.0,"enemies":"animator:HornedBat","floor":23.0,"turns":2.0},{"damage":11.0,"enemies":"Snake Plant","floor":28.0,"turns":3.0},{"damage":20.0,"enemies":"Shelled Parasite and Fungi","floor":29.0,"turns":4.0},{"damage":0.0,"enemies":"Snecko","floor":30.0,"turns":3.0},{"damage":7.0,"enemies":"Snake Plant","floor":31.0,"turns":2.0},{"damage":12.0,"enemies":"Collector","floor":33.0,"turns":7.0},{"damage":0.0,"enemies":"Orb Walker","floor":35.0,"turns":4.0},{"damage":21.0,"enemies":"3 Darklings","floor":38.0,"turns":4.0},{"damage":4.0,"enemies":"4 Shapes","floor":42.0,"turns":7.0},{"damage":0.0,"enemies":"Giant Head","floor":45.0,"turns":8.0},{"damage":15.0,"enemies":"Jaw Worm Horde","floor":48.0,"turns":6.0},{"damage":8,"enemies":"Awakened One","floor":50,"turns":11},{"damage":42,"enemies":"Donu and Deca","floor":51,"turns":9}],"seed_played":"5141532983136068180","potions_obtained":[{"floor":2.0,"key":"LiquidBronze"},{"floor":14.0,"key":"ColorlessPotion"}],"is_trial":false,"path_per_floor":["M","M","M","?","M","E","R","T","T","R","?","?","R","E","R","B",null,"M","$","M","$","?","E","?","R","T","?","M","M","M","M","R","B",null,"M","T","$","M","?","R","?","M","T","?","E","R","$","M","R","B","B",null],"character_chosen":"THE_ANIMATOR","items_purchased":["animator:Albedo","animator:Hibiki","animator:Darkness"],"campfire_rested":7,"item_purchase_floors":[21,37,47],"current_hp_per_floor":[55,48,48,48,43,3,21,21,21,21,21,21,39,21,39,22,51,53,53,55,55,50,46,46,46,46,46,35,21,21,14,32,20,51,51,57,57,36,25,45,45,41,41,41,41,61,61,48,67,59,19],"gold":43,"neow_bonus":"REMOVE_TWO","is_daily":false,"chose_seed":false,"campfire_upgraded":2,"win_rate":0.0,"timestamp":1612793948,"path_taken":["M","M","M","?","M","E","R","?","T","R","?","?","R","E","R","BOSS","M","$","M","$","?","E","?","R","T","?","?","M","M","?","R","BOSS","M","?","$","M","?","R","?","M","T","?","E","R","?","M","R","BOSS","BOSS"],"items_purchased_type":["Card","Card","Card"],"build_version":"2020-12-22","purchased_purges":3,"victory":true,"max_hp_per_floor":[60,60,60,60,61,61,61,61,61,61,61,61,61,61,61,61,61,61,61,61,61,61,61,61,61,61,61,61,61,61,61,61,61,61,61,67,67,67,67,67,67,67,67,67,67,67,67,67,67,67,67],"card_choices":[{"not_picked":["animator:Guy","animator:Cocytus"],"picked":"animator:Sebas","floor":1.0},{"not_picked":["animator:Priestess","animator:ZankiKiguchi"],"picked":"animator:UneriGinkaku","floor":2.0},{"not_picked":["animator:NarberalGamma","animator:Gillette"],"picked":"animator:MetalKnight","floor":3.0},{"not_picked":["animator:Cocytus","animator:PandorasActor"],"picked":"animator:Entoma","floor":5.0},{"not_picked":["animator:Wiz","animator:MetalKnight"],"picked":"animator:Emonzaemon","floor":6.0},{"not_picked":["animator:DolaRiku","animator:SilverFang"],"picked":"animator:Melzalgald","floor":14.0},{"not_picked":["animator:Shiro","animator:Eris"],"picked":"animator:Biyorigo","floor":16.0},{"not_picked":["animator:Gillette","animator:UneriGinkaku","animator:DolaStephanie"],"picked":"SKIP","floor":18.0},{"not_picked":["animator:Tatsumaki","animator:MetalKnight"],"picked":"animator:Sonic","floor":20.0},{"not_picked":["animator:UneriGinkaku","animator:Mitsurugi","animator:Entoma+1"],"picked":"SKIP","floor":23.0},{"not_picked":["animator:Jibril","animator:Shichika"],"picked":"animator:IzunaHatsuse+1","floor":28.0},{"not_picked":["animator:Guy","animator:MumenRider"],"picked":"animator:Nanami","floor":29.0},{"not_picked":["animator:Konayuki","animator:TsurugaMeisai"],"picked":"animator:Azekura","floor":30.0},{"not_picked":["animator:Megumin","animator:Tet","animator:Hitei"],"picked":"SKIP","floor":31.0},{"not_picked":["animator:Viivi","animator:AcuraTooru","animator:Sonic"],"picked":"SKIP","floor":35.0},{"not_picked":["animator:Geryuganshoop","animator:Priestess+1","animator:Evileye"],"picked":"SKIP","floor":38.0},{"not_picked":["animator:Demiurge","animator:DolaCouronne","animator:PandorasActor"],"picked":"SKIP","floor":45.0},{"not_picked":["animator:Emonzaemon","animator:ZankiKiguchi+1","animator:Darkness"],"picked":"SKIP","floor":48.0}],"player_experience":730599,"relics_obtained":[{"floor":6.0,"key":"animator:EngravedStaff"},{"floor":8.0,"key":"Smiling Mask"},{"floor":9.0,"key":"Incense Burner"},{"floor":12.0,"key":"Bronze Scales"},{"floor":14.0,"key":"Oddly Smooth Stone"},{"floor":22.0,"key":"Red Mask"},{"floor":23.0,"key":"animator:ShionDessert"},{"floor":26.0,"key":"Darkstone Periapt"},{"floor":36.0,"key":"Happy Flower"},{"floor":45.0,"key":"Blood Vial"}],"event_choices":[{"damage_healed":0.0,"max_hp_gain":0.0,"max_hp_loss":0.0,"gold_gain":50.0,"event_name":"Golden Shrine","player_choice":"Pray","floor":4.0,"gold_loss":0.0,"damage_taken":0.0},{"damage_healed":0.0,"max_hp_gain":0.0,"max_hp_loss":0.0,"gold_gain":0.0,"cards_transformed":["animator:Strike"],"event_name":"Living Wall","player_choice":"Change","floor":11.0,"gold_loss":0.0,"damage_taken":0.0,"cards_obtained":["animator:UneriGinkaku"]},{"damage_healed":0.0,"max_hp_gain":0.0,"max_hp_loss":0.0,"gold_gain":0.0,"event_name":"Wheel of Change","player_choice":"Relic","floor":12.0,"gold_loss":0.0,"damage_taken":0.0},{"damage_healed":0.0,"max_hp_gain":0.0,"max_hp_loss":0.0,"gold_gain":0.0,"event_name":"Masked Bandits","player_choice":"Fought Bandits","floor":22.0,"gold_loss":0.0,"damage_taken":0.0},{"cards_removed":["animator:Aqua"],"damage_healed":0.0,"max_hp_gain":0.0,"max_hp_loss":0.0,"gold_gain":0.0,"event_name":"Beggar","player_choice":"Gave Gold","floor":24.0,"gold_loss":75.0,"damage_taken":0.0},{"damage_healed":0.0,"max_hp_gain":0.0,"max_hp_loss":0.0,"gold_gain":50.0,"event_name":"Nest","player_choice":"Stole From Cult","floor":27.0,"gold_loss":0.0,"damage_taken":0.0},{"damage_healed":0.0,"max_hp_gain":0.0,"max_hp_loss":0.0,"gold_gain":0.0,"event_name":"Winding Halls","player_choice":"Embrace Madness","floor":39.0,"gold_loss":0.0,"damage_taken":11.0,"cards_obtained":["animator:HigakiRinne"]},{"damage_healed":0.0,"max_hp_gain":0.0,"max_hp_loss":0.0,"gold_gain":0.0,"event_name":"SensoryStone","player_choice":"Memory 1","floor":41.0,"gold_loss":0.0,"damage_taken":0.0},{"cards_removed":["Doubt"],"damage_healed":0.0,"max_hp_gain":0.0,"max_hp_loss":0.0,"gold_gain":0.0,"event_name":"The Cursed Forest","player_choice":"Removed","floor":44.0,"gold_loss":0.0,"damage_taken":0.0}],"is_beta":false,"boss_relics":[{"not_picked":["Astrolabe","animator:RacePiece"],"picked":"Sozu"},{"not_picked":["Velvet Choker","Empty Cage"],"picked":"Cursed Key"}],"items_purged_floors":[19,21,47],"is_endless":false,"potions_floor_spawned":[2,14,22,28,29,31,38,45],"ascension_level":20}}