{"host":"psytf3wd8ccrk52d","time":1612743984,"event":{"mods":["Astrologer","BaseMod","Better Third Choice","Colored Map","Downfall","Minty Spire (QoL Compilation)","Replay The Spire","Shade Mod","Shop Mod","Spire Arcade","StSLib","The Marked"],"gold_per_floor":[112,112,37,48,123,150,150,150,150,225,239,256,156,156,156,257,257,257,257],"floor_reached":18,"language":"ENG","playtime":1077,"items_purged":["Pain","Shade:Defend_Shade"],"score":158,"play_id":"d9862852-bd8d-45f8-b926-a0e8e4318f02","local_time":"20210208002624","is_ascension_mode":false,"campfire_choices":[{"data":"Shade:Putrefaction","floor":8,"key":"SMITH"},{"floor":15,"key":"DIG"}],"circlet_count":0,"master_deck":["Shade:Strike_Shade","Shade:Strike_Shade","Shade:Strike_Shade","Shade:Defend_Shade","Shade:Defend_Shade","Shade:Defend_Shade","Shade:AnimateDead","Shade:CarefulCut","Shade:Asphyxiate","Shade:Putrefaction+1","Hemogenesis+1","Shade:SpectralStrikes","Shade:DarkOfNight","Writhe","Hallucinations","Doubt"],"relics":["Shade:YorickSkull","WarpedTongs","Simple Rune","Bronze Scales","Snack Pack","Shovel","TungstenRod","Replay:Ancient Bell","MealTicket","Pantograph","Incense Burner"],"acts_visited":["Exordium","TheCity"],"potions_floor_usage":[16,16],"damage_taken":[{"damage":0,"enemies":"Small Slimes","floor":1,"turns":3},{"damage":0,"enemies":"Cultist","floor":4,"turns":3},{"damage":11,"enemies":"Gremlin Nob","floor":6,"turns":4},{"damage":3,"enemies":"Jaw Worm","floor":11,"turns":2},{"damage":0,"enemies":"Looter","floor":12,"turns":3},{"damage":23,"enemies":"The Guardian","floor":16,"turns":12},{"damage":0,"enemies":"3 Byrds","floor":18,"turns":1}],"seed_played":"5603131464766950045","potions_obtained":[{"floor":1,"key":"FearPotion"},{"floor":12,"key":"ColorlessPotion"}],"is_trial":false,"path_per_floor":["M","?","$","M","?","E","?","R","T","?","M","M","$","T","R","B",null,"M"],"character_chosen":"SHADE","items_purchased":[],"campfire_rested":0,"item_purchase_floors":[],"current_hp_per_floor":[65,65,65,65,54,43,27,27,27,21,18,26,26,26,26,14,65,65,65],"gold":257,"neow_bonus":"RANDOM_EVENT","is_daily":false,"chose_seed":false,"campfire_upgraded":1,"win_rate":0.0,"timestamp":1612743984,"path_taken":["M","?","$","?","?","E","?","R","T","?","M","?","?","?","R","BOSS","M"],"items_purchased_type":[],"build_version":"2020-12-22","purchased_purges":2,"victory":false,"max_hp_per_floor":[65,65,65,65,65,65,65,65,65,65,65,65,65,65,65,65,65,65,65],"card_choices":[{"not_picked":["Shade:BoneShards","Shade:Frenzy"],"picked":"Shade:Asphyxiate","floor":1},{"not_picked":["Shade:CoffinDance","Shade:FuneraryJewels","Shade:GoDigging"],"picked":"SKIP","floor":4},{"not_picked":["Shade:FingerOfDeath","Shade:OminousRitual"],"picked":"Shade:Putrefaction","floor":6},{"not_picked":["Shade:DangerousRitual","Shade:FreshBones"],"picked":"Shade:SpectralStrikes","floor":11},{"not_picked":["Shade:FingerOfDeath","Shade:ClawBack","Shade:LyeBath"],"picked":"SKIP","floor":12},{"not_picked":["Shade:SoulPierce","Shade:OneIsEnough"],"picked":"Shade:DarkOfNight","floor":16},{"not_picked":["Shame","downfall:Bewildered"],"picked":"Writhe","floor":17},{"not_picked":["ReplayTheSpireMod:Splinters","Voices"],"picked":"Hallucinations","floor":17},{"not_picked":["Sickly","Decay"],"picked":"Doubt","floor":17}],"player_experience":56698,"relics_obtained":[{"floor":6,"key":"Simple Rune"},{"floor":9,"key":"Snack Pack"},{"floor":14,"key":"Shovel"},{"floor":15,"key":"TungstenRod"}],"event_choices":[{"damage_healed":0,"gold_gain":0,"player_choice":"Rummage","damage_taken":0,"relics_obtained":["WarpedTongs"],"max_hp_gain":0,"max_hp_loss":0,"event_name":"Accursed Blacksmith","floor":2,"gold_loss":0,"cards_obtained":["Pain"]},{"damage_healed":0,"gold_gain":75,"player_choice":"Gold","damage_taken":11,"max_hp_gain":0,"max_hp_loss":0,"event_name":"betterThird:BetterGoop","floor":5,"gold_loss":0},{"damage_healed":0,"gold_gain":75,"player_choice":"Touch","damage_taken":6,"max_hp_gain":0,"max_hp_loss":0,"event_name":"FaceTrader","floor":10,"gold_loss":0}],"is_beta":false,"boss_relics":[{"not_picked":["Snecko Eye","bronze:MakeshiftBattery"],"picked":"Replay:Ancient Bell"},{"not_picked":["ReplayFunnel","Dream Catcher"],"picked":"MealTicket"},{"not_picked":["ReplayTheSpireMod:Shallot","Kunai"],"picked":"Pantograph"},{"not_picked":["StoneCalendar","Peace Pipe"],"picked":"Incense Burner"}],"items_purged_floors":[3,13],"is_endless":false,"potions_floor_spawned":[1,12],"killed_by":"3 Byrds","ascension_level":0}}