{"host":"37ccm3d17clopct7","time":1612762039,"event":{"mods":["BaseMod","Hermit","Lobotomy","Minty Spire (QoL Compilation)","StSLib","The Bug Knight","The Cursed","The Hierophant","The Jungle","The Runesmith"],"gold_per_floor":[110,35,110,130,130,130,149,164,189,189,199,232,27,21,21,123,123,101,121,121,121],"floor_reached":20,"language":"KOR","playtime":570,"items_purged":["hierophant:Defend_Hierophant","hierophant:Strike_Hierophant"],"score":201,"play_id":"aa89466d-618a-40e3-8006-961260866e59","local_time":"20210208142719","is_ascension_mode":false,"campfire_choices":[{"data":"hierophant:ChurchCoffers","floor":6,"key":"SMITH"},{"floor":15,"key":"REST"}],"circlet_count":0,"master_deck":["hierophant:Strike_Hierophant","hierophant:Strike_Hierophant","hierophant:Strike_Hierophant","hierophant:Punish","hierophant:Defend_Hierophant","hierophant:Defend_Hierophant","hierophant:Defend_Hierophant","hierophant:ChurchCoffers+1","hierophant:Smite","hierophant:RepressedViolence","hierophant:Doubloon","hierophant:ConvertCurrency","hierophant:FlamingChariot","hierophant:Cornucopia","hierophant:ThreeLashes","hierophant:MorningPrayer"],"relics":["hierophant:PropheticMaskRelic","NeowsBlessing","Potion Belt","PreservedInsect","Bottled Flame","Membership Card","SlaversCollar"],"acts_visited":["Exordium","TheCity"],"potions_floor_usage":[11,12,12,16,16,18],"damage_taken":[{"damage":0,"enemies":"Small Slimes","floor":1,"turns":1},{"damage":0,"enemies":"2 Louse","floor":4,"turns":1},{"damage":0,"enemies":"Cultist","floor":7,"turns":1},{"damage":6,"enemies":"Large Slime","floor":8,"turns":3},{"damage":7,"enemies":"Blue Slaver","floor":11,"turns":2},{"damage":0,"enemies":"Gremlin Nob","floor":12,"turns":1},{"damage":15,"enemies":"Looter","floor":14,"turns":3},{"damage":58,"enemies":"Hexaghost","floor":16,"turns":11},{"damage":36,"enemies":"2 Thieves","floor":18,"turns":5},{"damage":22,"enemies":"Spheric Guardian","floor":19,"turns":4},{"damage":23,"enemies":"Cultist and Chosen","floor":20,"turns":4}],"seed_played":"-3524020636349485381","potions_obtained":[{"floor":8,"key":"FearPotion"},{"floor":11,"key":"EntropicBrew"},{"floor":12,"key":"Strength Potion"},{"floor":18,"key":"Fruit Juice"}],"is_trial":false,"path_per_floor":["M","$","?","M","?","R","M","M","T","?","M","E","$","M","R","B",null,"M","M","M"],"character_chosen":"HIEROPHANT","items_purchased":["Membership Card"],"campfire_rested":1,"item_purchase_floors":[13],"current_hp_per_floor":[75,75,64,64,64,64,64,58,58,58,51,51,51,36,58,22,75,44,22,0,0],"gold":121,"neow_bonus":"THREE_ENEMY_KILL","is_daily":false,"chose_seed":false,"campfire_upgraded":1,"win_rate":0.0,"timestamp":1612762039,"path_taken":["M","$","?","M","?","R","M","?","T","?","M","E","$","M","R","BOSS","M","M","M"],"items_purchased_type":["Relic"],"build_version":"2020-12-22","purchased_purges":2,"victory":false,"max_hp_per_floor":[75,75,75,75,75,75,75,75,75,75,75,75,75,75,75,75,75,80,80,80,80],"card_choices":[{"not_picked":["hierophant:SealAway","hierophant:Prophecy"],"picked":"hierophant:Zeal","floor":1},{"not_picked":["hierophant:AuricBeam","hierophant:ThreeLashes"],"picked":"hierophant:Smite","floor":4},{"not_picked":["hierophant:EyeForCoin","hierophant:FieryStrike","hierophant:WrathOfGod"],"picked":"SKIP","floor":7},{"not_picked":["hierophant:AuricShield","hierophant:Remorse","hierophant:FieryStrike"],"picked":"SKIP","floor":8},{"not_picked":["hierophant:DisplayOfPower","hierophant:Smite"],"picked":"hierophant:RepressedViolence","floor":11},{"not_picked":["hierophant:Zeal","hierophant:Martyrdom"],"picked":"hierophant:ConvertCurrency","floor":12},{"not_picked":["hierophant:HammerAndAnvil","hierophant:ArchangelShield"],"picked":"hierophant:FlamingChariot","floor":14},{"not_picked":["hierophant:Batter","hierophant:Generosity"],"picked":"hierophant:Cornucopia","floor":16},{"not_picked":["hierophant:FieryStrike+1","hierophant:Purify"],"picked":"hierophant:ThreeLashes","floor":18},{"not_picked":["hierophant:CoinFling","hierophant:DisplayOfPower+1"],"picked":"hierophant:MorningPrayer","floor":19}],"player_experience":140983,"relics_obtained":[{"floor":9,"key":"PreservedInsect"},{"floor":12,"key":"Bottled Flame"}],"event_choices":[{"damage_healed":0,"gold_gain":75,"player_choice":"Gather Gold","damage_taken":11,"max_hp_gain":0,"max_hp_loss":0,"event_name":"World of Goop","floor":3,"gold_loss":0},{"cards_removed":["hierophant:Zeal"],"damage_healed":0,"gold_gain":0,"player_choice":"Gave Card","damage_taken":0,"relics_obtained":["Potion Belt"],"max_hp_gain":0,"max_hp_loss":0,"event_name":"WeMeetAgain","floor":5,"gold_loss":0},{"damage_healed":0,"gold_gain":0,"player_choice":"Ignored","damage_taken":0,"max_hp_gain":0,"max_hp_loss":0,"event_name":"Shining Light","floor":10,"gold_loss":0}],"is_beta":false,"boss_relics":[{"not_picked":["Cursed Key","Sozu"],"picked":"SlaversCollar"}],"items_purged_floors":[2,13],"is_endless":false,"potions_floor_spawned":[8,11,12,18],"killed_by":"Cultist and Chosen","ascension_level":0}}