{"host":"8fl9fk3sx00hvnsh","time":1612764962,"event":{"mods":["BaseMod","Bestiary","Bossed Relics","Custom Start","Downfall","Minty Spire (QoL Compilation)","Reliquary","Replay The Spire","StSLib","The Blue Laboratory","The Marked","The Wild Card"],"gold_per_floor":[99,114,114,126,138,86,112,112,22,36,54,80,80,65,78,176,176,76,86,96,114,31,16,16,16,16,16],"floor_reached":25,"language":"ENG","playtime":2076,"items_purged":["Amnesia"],"score":203,"play_id":"0835213d-fc9d-4718-bd47-7023e060a178","local_time":"20210208011602","is_ascension_mode":false,"campfire_choices":[{"floor":1,"key":"RECALL"},{"data":"champ:ArenaPreparation","floor":13,"key":"SMITH"}],"circlet_count":0,"master_deck":["champ:Strike","champ:Strike","champ:Strike","champ:Strike","champ:Defend","champ:Defend","champ:Defend","champ:Defend","champ:Execute","champ:Taunt","champ:DefensiveShout","champ:FanOfKnives","champ:ArenaPreparation+1","champ:ShieldSlam","champ:DeathBlow","champ:Lariat","champ:DeathBlow","champ:EnGarde","champ:CalledShot","champ:Circumvent","champ:GladiatorForm+1","champ:FaceSlap","champ:FancyFootwork+1","champ:Shatter+1","champ:CalledShot","champ:IronFortress","champ:BringItOn"],"relics":["champ:ChampionCrown","champ:LiftRelic","Ring of Fury","Ring of Peace","reliquary:Aerogel","reliquary:WritOfMandamus","downfall:HeartBlessingRed","Letter Opener"],"acts_visited":["Exordium","TheCity"],"potions_floor_usage":[23,23],"damage_taken":[{"damage":10,"enemies":"2 Louse","floor":2,"turns":3},{"damage":15,"enemies":"Small Slimes","floor":4,"turns":3},{"damage":31,"enemies":"Jaw Worm","floor":5,"turns":3},{"damage":30,"enemies":"downfall:FleeingMerchant","floor":6,"turns":4},{"damage":20,"enemies":"downfall:FleeingMerchant","floor":9,"turns":4},{"damage":8,"enemies":"Lots of Slimes","floor":10,"turns":3},{"damage":16,"enemies":"Red Slaver","floor":11,"turns":3},{"damage":64,"enemies":"Lagavulin","floor":12,"turns":7},{"damage":46,"enemies":"downfall:FleeingMerchant","floor":14,"turns":4},{"damage":63,"enemies":"Large Slime","floor":15,"turns":6},{"damage":51,"enemies":"SI_SHIV_ARCHETYPE","floor":16,"turns":8},{"damage":62,"enemies":"Chosen","floor":19,"turns":5},{"damage":70,"enemies":"Chosen and Byrds","floor":20,"turns":5},{"damage":134,"enemies":"Centurion and Healer","floor":21,"turns":8},{"damage":41,"enemies":"downfall:FleeingMerchant","floor":22,"turns":4},{"damage":56,"enemies":"downfall:FleeingMerchant","floor":23,"turns":4},{"damage":36,"enemies":"Sentry and Sphere","floor":25,"turns":4}],"seed_played":"-2225574011947773906","potions_obtained":[{"floor":2,"key":"Strength Potion"},{"floor":11,"key":"Energy Potion"},{"floor":12,"key":"blueLaboratory:EnragingPotion"},{"floor":19,"key":"Energy Potion"}],"is_trial":false,"path_per_floor":["R","M","?","M","M","$","T","?","$","M","M","E","R","$","M","B",null,"R","M","M","M","$","$","T","M"],"character_chosen":"THE_CHAMP","items_purchased":["champ:DeathBlow","champ:IronFortress"],"campfire_rested":0,"item_purchase_floors":[6,22],"current_hp_per_floor":[99,99,99,99,93,88,88,88,93,85,79,65,65,64,71,65,99,99,87,77,38,32,16,16,0,0,0],"gold":16,"neow_bonus":"TEN_PERCENT_HP_BONUS","is_daily":false,"chose_seed":false,"campfire_upgraded":1,"win_rate":0.0,"timestamp":1612764962,"path_taken":["R","M","?","M","M","$","T","?","?","M","M","E","R","$","M","BOSS","R","M","M","?","?","$","T","M"],"items_purchased_type":["Card","Card"],"build_version":"2020-12-22","purchased_purges":1,"victory":false,"max_hp_per_floor":[99,99,99,99,99,99,99,99,99,99,99,99,99,99,99,99,99,99,99,99,99,99,99,99,99,99,99],"card_choices":[{"not_picked":["champ:BerserkersShout","champ:EndlessRage"],"picked":"champ:DefensiveShout","floor":2},{"not_picked":["champ:RapidStrikes","champ:CrownThrow"],"picked":"champ:FanOfKnives","floor":4},{"not_picked":["champ:Circumvent","champ:TornadoPunch"],"picked":"champ:ArenaPreparation","floor":5},{"not_picked":["champ:FlashCut","champ:Parry"],"picked":"champ:ShieldSlam","floor":6},{"not_picked":["champ:BerserkersShout","champ:Circumvent"],"picked":"champ:Lariat","floor":9},{"not_picked":["champ:CrookedStrike","champ:PreciseThrust"],"picked":"champ:DeathBlow","floor":10},{"not_picked":["champ:EndlessRage","champ:Haymaker"],"picked":"champ:EnGarde","floor":11},{"not_picked":["champ:DeathBlow","champ:StanceDance"],"picked":"champ:CalledShot","floor":12},{"not_picked":["champ:Shatter","champ:EndlessRage"],"picked":"champ:Circumvent","floor":14},{"not_picked":["champ:EndlessRage","champ:DefensiveShout","champ:SkillfulDodge"],"picked":"SKIP","floor":15},{"not_picked":["champ:ShieldThrow","champ:StrikeOfGenius"],"picked":"champ:GladiatorForm","floor":16},{"not_picked":["champ:DefensiveShout","champ:Shatter"],"picked":"champ:FaceSlap","floor":19},{"not_picked":["champ:Haymaker","champ:StanceDance"],"picked":"champ:FancyFootwork+1","floor":20},{"not_picked":["champ:DeathBlow","champ:Circumvent"],"picked":"champ:Shatter+1","floor":21},{"not_picked":["champ:ShieldThrow","champ:BladeFlurry"],"picked":"champ:CalledShot","floor":22},{"not_picked":["champ:BladeFlurry","champ:TornadoPunch+1"],"picked":"champ:BringItOn","floor":23}],"player_experience":223001,"relics_obtained":[{"floor":8,"key":"Ring of Fury"},{"floor":8,"key":"Ring of Peace"},{"floor":12,"key":"reliquary:Aerogel"},{"floor":24,"key":"Letter Opener"}],"event_choices":[],"is_beta":false,"boss_relics":[{"not_picked":["Calling Bell","Fusion Hammer"],"picked":"reliquary:WritOfMandamus"}],"items_purged_floors":[9],"is_endless":false,"potions_floor_spawned":[2,11,12,16,19],"killed_by":"Sentry and Sphere","ascension_level":0}}