{"host":"phapnj0danpxvjlm","time":1612757075,"event":{"mods":["Ascension Reborn","BaseMod","Better Note","Better Third Choice","BetterRewards","Bossed Relics","Colored Powertips","Hermit","Minty Spire (QoL Compilation)","Permanent Neow","Quick Restart","Rare Cards Sparkle","Spire Arcade","StSLib","The Animator","The Necromancer","The Wild Card"],"gold_per_floor":[112,128,138,138,138,138,103,129,129,93,93,120,130,146,146,246,246,259,277,44,60,60,94,94,123,123,103,103,119,137,147,147,249,249,269,115,115,38,51,51,76,76,76,76,96,0,0,11,11,11,11,11,11,11,11],"floor_reached":54,"language":"ENG","playtime":2074,"items_purged":[],"score":715,"play_id":"2c8646e7-6dab-403e-bbbb-2234502b78a4","local_time":"20210208050435","is_ascension_mode":true,"campfire_choices":[{"data":"Uncharnel","floor":6,"key":"SMITH"},{"floor":15,"key":"REST"},{"floor":24,"key":"REST"},{"floor":32,"key":"REST"},{"floor":40,"key":"RECALL"},{"floor":49,"key":"REST"},{"floor":52,"key":"DIG"}],"circlet_count":0,"master_deck":["Strike_W","Strike_W","Strike_W","Strike_W","Defend_W","Defend_W","Defend_W","Negative_Energy_Arrows","Bone_Wall","Bone_Armory","Uncharnel+1","Summon_Lich+1","Summon_Vampire_Lady+1","Finger_Of_Death","Summon_Undead_Army","hermit:Quickdraw","Bones_to_Steel","Summon_Vampire_Lady+1","Summon_Lich","Madness","Madness","Summon_Death_Knight"],"relics":["Vampire_Amulet","Gremlin Horn","Meat on the Bone","Tiny House","Strawberry","Orichalcum","HornCleat","Dream Catcher","Lantern","Shovel","Pear","Kunai","Red Mask","Ornamental Fan"],"acts_visited":["Exordium","TheCity","TheBeyond","TheEnding"],"potions_floor_usage":[8,12,13,16,23,25,29,31,41,48,50],"damage_taken":[{"damage":0,"enemies":"Small Slimes","floor":1,"turns":4},{"damage":0,"enemies":"Jaw Worm","floor":2,"turns":5},{"damage":1,"enemies":"2 Louse","floor":3,"turns":4},{"damage":23,"enemies":"3 Sentries","floor":8,"turns":7},{"damage":26,"enemies":"Gremlin Nob","floor":12,"turns":4},{"damage":10,"enemies":"Large Slime","floor":13,"turns":6},{"damage":28,"enemies":"Gremlin Gang","floor":14,"turns":4},{"damage":38,"enemies":"Slime Boss","floor":16,"turns":9},{"damage":38,"enemies":"2 Thieves","floor":18,"turns":4},{"damage":28,"enemies":"Shell Parasite","floor":19,"turns":6},{"damage":15,"enemies":"Chosen and Byrds","floor":21,"turns":5},{"damage":70,"enemies":"Gremlin Leader","floor":23,"turns":9},{"damage":38,"enemies":"Book of Stabbing","floor":25,"turns":8},{"damage":18,"enemies":"Centurion and Healer","floor":29,"turns":7},{"damage":20,"enemies":"Snake Plant","floor":30,"turns":5},{"damage":6,"enemies":"Snecko","floor":31,"turns":5},{"damage":86,"enemies":"Automaton","floor":33,"turns":13},{"damage":27,"enemies":"Orb Walker","floor":35,"turns":5},{"damage":0,"enemies":"3 Shapes","floor":39,"turns":4},{"damage":22,"enemies":"Reptomancer","floor":41,"turns":6},{"damage":34,"enemies":"Writhing Mass","floor":45,"turns":8},{"damage":61,"enemies":"Jaw Worm Horde","floor":48,"turns":8},{"damage":75,"enemies":"Awakened One","floor":50,"turns":17},{"damage":108,"enemies":"Shield and Spear","floor":54,"turns":6}],"seed_played":"-8154138262227038820","potions_obtained":[{"floor":0,"key":"SkillPotion"},{"floor":0,"key":"Strength Potion"},{"floor":12,"key":"Energy Potion"},{"floor":13,"key":"SpeedPotion"},{"floor":21,"key":"Ancient Potion"},{"floor":23,"key":"FearPotion"},{"floor":25,"key":"SneckoOil"},{"floor":27,"key":"DistilledChaos"},{"floor":30,"key":"SkillPotion"},{"floor":33,"key":"ColorlessPotion"},{"floor":48,"key":"Fire Potion"}],"is_trial":false,"path_per_floor":["M","M","M","?","$","R","?","E","T","$","?","E","M","M","R","B",null,"M","M","$","M","?","E","R","E","T","?","?","M","M","M","R","B",null,"M","$","?","$","M","R","E","?","T","?","M","?","?","M","R","B",null,"R","$","E"],"character_chosen":"NECROMANCER","items_purchased":["Summon_Lich","Strawberry","Summon_Undead_Army","Lantern","Regen Potion"],"campfire_rested":4,"item_purchase_floors":[10,20,20,36,38],"current_hp_per_floor":[75,75,75,80,80,80,80,63,63,63,63,39,42,43,67,61,80,55,47,54,55,55,35,61,55,55,55,55,59,53,58,84,40,87,68,68,68,68,77,77,87,76,86,86,78,78,78,56,85,95,97,97,97,0,0],"gold":11,"neow_bonus":"THREE_SMALL_POTIONS","is_daily":false,"chose_seed":false,"campfire_upgraded":1,"win_rate":0.0,"timestamp":1612757075,"path_taken":["M","M","M","?","$","R","?","E","T","$","?","E","M","M","R","BOSS","M","M","$","M","?","E","R","E","T","?","?","M","?","M","R","BOSS","M","$","?","$","?","R","E","?","T","?","M","?","?","M","R","BOSS","R","$","E"],"items_purchased_type":["Card","Relic","Card","Relic","Potion"],"build_version":"2020-12-22","purchased_purges":0,"victory":false,"max_hp_per_floor":[75,75,75,80,80,80,80,80,80,80,80,80,80,80,80,80,80,80,80,87,87,87,87,87,87,87,87,87,87,87,87,87,87,87,87,87,87,87,87,87,87,87,97,97,97,97,97,97,97,97,97,97,97,97,97],"card_choices":[{"not_picked":["Negative_Energy_Javelin","Bone_Bullets"],"picked":"Bone_Armory","floor":1},{"not_picked":["Blood_for_Blood","Epidemic"],"picked":"Uncharnel","floor":2},{"not_picked":["Shackles_Of_Pain","Life_Drain","Bone_Shift"],"picked":"SKIP","floor":3},{"not_picked":["Toxic_Smoke_Screen","Bone_Armor","Negative_Energy_Javelin"],"picked":"SKIP","floor":8},{"not_picked":["Death_March_Dance","Negative_Energy_Bomb"],"picked":"Summon_Vampire_Lady","floor":12},{"not_picked":["Bone_Shift","Exploit"],"picked":"Finger_Of_Death","floor":13},{"not_picked":["Death_Knell","Stop_Heart","Scare"],"picked":"SKIP","floor":14},{"not_picked":["Negative_Energy_Javelin","Scare","Bones_to_Steel"],"picked":"SKIP","floor":18},{"not_picked":["Bone_Shift","Blood_Curse","Stop_Heart"],"picked":"SKIP","floor":19},{"not_picked":["Plague_Bolt","Exploit","Death_Knell"],"picked":"SKIP","floor":21},{"not_picked":["Necrotic_Claws","Vampiric_Strike","Epidemic"],"picked":"SKIP","floor":23},{"not_picked":["Death_Coil","Pandemic","Death_Knell"],"picked":"SKIP","floor":25},{"not_picked":["Chill_Blood","Bones_to_Steel+1","Bone_Armor"],"picked":"SKIP","floor":29},{"not_picked":["Blood_for_Blood","Detonate_Bones","Blood_Is_Power"],"picked":"SKIP","floor":30},{"not_picked":["Negative_Energy_Mist","Bone_Shift","Bone_Bullets+1"],"picked":"SKIP","floor":31},{"not_picked":["Whirlwind_of_Bones+1","Negative_Energy_Shield+1"],"picked":"Bones_to_Steel","floor":32},{"not_picked":["Blood_Magic","Cloudkill"],"picked":"Summon_Vampire_Lady","floor":33},{"not_picked":["Spectral_Walk","Blood_Whip"],"picked":"Summon_Lich","floor":35},{"not_picked":["Strike_from_Beyond+1","Chill_Blood","Blood_Curse"],"picked":"SKIP","floor":39},{"not_picked":["Plague_Bolt+1","Blood_Whip","Pandemic+1"],"picked":"SKIP","floor":41},{"not_picked":["Spectral_Armor+1","Finger_Of_Death+1","Death_March_Dance"],"picked":"SKIP","floor":45},{"not_picked":["Siphon_Strength+1","Scare+1"],"picked":"Summon_Death_Knight","floor":48}],"player_experience":499641,"relics_obtained":[{"floor":8,"key":"Gremlin Horn"},{"floor":12,"key":"Meat on the Bone"},{"floor":23,"key":"Orichalcum"},{"floor":25,"key":"HornCleat"},{"floor":26,"key":"Dream Catcher"},{"floor":41,"key":"Shovel"},{"floor":43,"key":"Pear"},{"floor":52,"key":"Ornamental Fan"}],"event_choices":[{"damage_healed":0,"gold_gain":0,"player_choice":"Donut","damage_taken":0,"max_hp_gain":5,"max_hp_loss":0,"event_name":"Big Fish","floor":4,"gold_loss":0},{"damage_healed":0,"gold_gain":0,"player_choice":"Left","damage_taken":0,"max_hp_gain":0,"max_hp_loss":0,"event_name":"betterThird:BetterGoop","floor":7,"gold_loss":35},{"damage_healed":0,"gold_gain":0,"player_choice":"Grow","damage_taken":0,"max_hp_gain":0,"max_hp_loss":0,"event_name":"Living Wall","floor":11,"gold_loss":0,"cards_upgraded":["Summon_Lich"]},{"damage_healed":0,"gold_gain":0,"player_choice":"Upgraded","damage_taken":0,"max_hp_gain":0,"max_hp_loss":0,"event_name":"Upgrade Shrine","floor":22,"gold_loss":0,"cards_upgraded":["Summon_Vampire_Lady"]},{"damage_healed":0,"gold_gain":0,"player_choice":"Bought 1 Potion","damage_taken":0,"max_hp_gain":0,"max_hp_loss":0,"event_name":"The Woman in Blue","floor":27,"gold_loss":0},{"cards_removed":["Summon_Vampire_Lady"],"damage_healed":0,"gold_gain":0,"player_choice":"Take \u0026 Give","damage_taken":0,"max_hp_gain":0,"max_hp_loss":0,"event_name":"betterNote:BetterNote","floor":28,"gold_loss":0,"cards_obtained":["hermit:Quickdraw"]},{"damage_healed":0,"gold_gain":0,"player_choice":"Upgraded","damage_taken":0,"max_hp_gain":0,"max_hp_loss":0,"event_name":"Upgrade Shrine","floor":37,"gold_loss":0,"cards_upgraded":["Summon_Vampire_Lady"]},{"damage_healed":0,"gold_gain":0,"player_choice":"Embrace Madness","damage_taken":11,"max_hp_gain":0,"max_hp_loss":0,"event_name":"Winding Halls","floor":42,"gold_loss":0,"cards_obtained":["Madness","Madness"]},{"damage_healed":0,"gold_gain":0,"player_choice":"Paid","damage_taken":0,"relics_obtained":["Red Mask"],"max_hp_gain":0,"max_hp_loss":0,"event_name":"Tomb of Lord Red Mask","floor":46,"gold_loss":96},{"cards_removed":["Defend_W"],"damage_healed":0,"gold_gain":0,"player_choice":"Removed Skill","damage_taken":0,"max_hp_gain":0,"max_hp_loss":0,"event_name":"Falling","floor":47,"gold_loss":0}],"is_beta":false,"boss_relics":[{"not_picked":["Velvet Choker","Ectoplasm"],"picked":"Tiny House"},{"not_picked":["Cursed Key","Fusion Hammer","Busted Crown"]}],"items_purged_floors":[],"is_endless":false,"potions_floor_spawned":[1,12,13,21,23,25,30,33,39,48],"killed_by":"Shield and Spear","ascension_level":0}}