{"host":"3i0tc1zs9k2bo7un","time":1612768668,"event":{"mods":["Act Like it!","Aspiration","BaseMod","Gensokyo","Minty Spire (QoL Compilation)","MostiFishMod","Quick Restart","Reliquary","Replay The Spire","StSLib","TestMod","Wide Potions","[IsaacMod]ÒÔÈö¼âËþ","¡¾ÒÅÎï¿¨ÅÆ¡¿REMEMod"],"gold_per_floor":[-1281,-1281,-1270,-1190,-1190,-1161,-1161,-1161,-1137,-1109,-1089,-1071,-1071,-1071,-1071,-1055,-1055,-983,-983,-970,-958,-946,-696,-681,-654,-637,-618,-618,-618,-607,-607,-607,-607,-607,-582,-582,-504,-504,-486,-466,-456,-436,-366,-332,-332,-306,-281,-281,-281,-267,-251,-239,-239,-226,-226,-226,-226,-226,-226,-196,-168],"floor_reached":62,"language":"ZHS","playtime":1321,"items_purged":["Defend_R"],"score":3445,"play_id":"9c545e61-9229-4c99-b903-775413f115e3","local_time":"20210208151748","is_ascension_mode":true,"campfire_choices":[{"data":"MostiFishMod:PerfectStrikeMKII","floor":8.0,"key":"SMITH"},{"data":"Second Wind","floor":17.0,"key":"SMITH"},{"data":"Double Tap","floor":29,"key":"SMITH"},{"data":"Pommel Strike","floor":31,"key":"SMITH"},{"floor":36,"key":"RECALL"},{"data":"REME_ACTH","floor":45,"key":"SMITH"},{"data":"Perfected Strike","floor":53,"key":"SMITH"},{"data":"Pommel Strike","floor":55,"key":"SMITH"},{"data":"Pommel Strike","floor":58,"key":"SMITH"}],"circlet_count":0,"master_deck":["AscendersBane","Strike_R","Strike_R","Strike_R","Strike_R","Strike_R","Defend_R","Defend_R","Bash","REME_BodyOfCthun","Pommel Strike+1","MostiFishMod:PerfectStrikeMKII+1","Pommel Strike+1","Double Tap+1","Pommel Strike+1","Second Wind+1","REME_ACTH+1","Pommel Strike+1","Perfected Strike+1","Perfected Strike"],"relics":["Burning Blood","DaveBox","testmod-TestBox","HushsDoor","REME_ComplimentaryCards","Damocles","SynthV:MejaisSoulstealer","testmod-FatalChain","NeowsBlessing","reliquary:TatteredRug","SynthV:TestCard","ReplayTheSpireMod:Lightbulb","reliquary:SharkskinSheath","reliquary:Knoch","BookOfRevelations","Bronze Scales","reliquary:RosewoodLute","testmod-Motorcycle","Oddly Smooth Stone","Pocketwatch","Pear","aspiration:HatOfInfinitePower","reliquary:IridiumChain","Gremlin Horn","Replay:Multitool","REME_IWantAll","Orichalcum","ReplayFunnel","aspiration:HummingbirdHeart","TheBean","testmod-Recursion","SatanicBible","DeathBook","NineLifeCat","SalivaCoin","Bag of Marbles","reliquary:Firecrackers","ReplayTheSpireMod:Shallot","testmod-ObsoleteBoomerang","reliquary:TuningFork","Omamori","Charon\u0027s Ashes","testmod-OneHitWonder","testmod-ArcanaOfDestiny","Lizard Tail","testmod-LifeArmor","testmod-Antiphasic","Paper Frog","aspiration:Lifesprig"],"acts_visited":["Gensokyo:Gensokyo","Gensokyo:Gensokyoer","Gensokyo:Gensokyoest","TheEnding"],"potions_floor_usage":[25,40],"damage_taken":[{"damage":0.0,"enemies":"Gensokyo:3_Fairies","floor":1.0,"turns":1.0},{"damage":0.0,"enemies":"Gensokyo:Python","floor":3.0,"turns":1.0},{"damage":0.0,"enemies":"Gensokyo:Mamizou","floor":6.0,"turns":2.0},{"damage":0.0,"enemies":"Gensokyo:Aya","floor":10.0,"turns":1.0},{"damage":0.0,"enemies":"Gensokyo:2_Kodama","floor":11.0,"turns":1.0},{"damage":0.0,"enemies":"Gensokyo:2_Rabbits","floor":12.0,"turns":2.0},{"damage":0.0,"enemies":"Gensokyo:5_Fairies","floor":16.0,"turns":2.0},{"damage":0.0,"enemies":"Gensokyo:Kokoro","floor":18.0,"turns":4.0},{"damage":0.0,"enemies":"Gensokyo:AngelMirror","floor":20.0,"turns":1.0},{"damage":0,"enemies":"Gensokyo:2_Gloops","floor":21,"turns":3},{"damage":0,"enemies":"Gensokyo:Wraith","floor":22,"turns":2},{"damage":0,"enemies":"Gensokyo:Monolith_and_Dog","floor":24,"turns":2},{"damage":0,"enemies":"Gensokyo:Tenshi","floor":25,"turns":4},{"damage":0,"enemies":"Gensokyo:Slime_Group","floor":26,"turns":1},{"damage":0,"enemies":"Gensokyo:Swordslinger","floor":27,"turns":2},{"damage":0,"enemies":"Gensokyo:Chomper_and_Gloop","floor":30,"turns":2},{"damage":0,"enemies":"Gensokyo:Reisen","floor":35,"turns":2},{"damage":0,"enemies":"Gensokyo:Kaguya","floor":37,"turns":4},{"damage":0,"enemies":"Gensokyo:3_Boulders","floor":39,"turns":2},{"damage":0,"enemies":"Gensokyo:AncientGuardian","floor":40,"turns":1},{"damage":0,"enemies":"Gensokyo:SeedOfUnknown","floor":41,"turns":2},{"damage":0,"enemies":"Gensokyo:3_Boulders","floor":42,"turns":1},{"damage":0,"enemies":"Gensokyo:Doremy","floor":44,"turns":2},{"damage":0,"enemies":"Gensokyo:Kasen","floor":46,"turns":1},{"damage":0,"enemies":"Gensokyo:AtlasGolem","floor":50,"turns":2},{"damage":0,"enemies":"Gensokyo:4_Bats","floor":51,"turns":1},{"damage":0,"enemies":"Gensokyo:SeedOfUnknown","floor":52,"turns":1},{"damage":0,"enemies":"Gensokyo:Dusk_and_Dawn","floor":54,"turns":1},{"damage":0,"enemies":"Gensokyo:Yuyuko","floor":56,"turns":1},{"damage":0,"enemies":"Shield and Spear","floor":60,"turns":1},{"damage":0,"enemies":"The Heart","floor":61,"turns":3}],"seed_played":"-1181330781392588910","potions_obtained":[{"floor":6.0,"key":"SteroidPotion"},{"floor":11.0,"key":"Venom Potion"},{"floor":25,"key":"REME_GoldPotion"},{"floor":27,"key":"Milkshake"},{"floor":40,"key":"REME_GoldPotion"},{"floor":42,"key":"Milkshake"}],"is_trial":false,"path_per_floor":["M","?","M","?","?","E","?","R","T","E","M","M","PTL","PTL","COS","M","R","B",null,"M","M","M","?","M","E","M","M","T","R","M","R","?","PTL","PTL","E","R","B",null,"M","M","M","M","T","E","R","E","T","PTL","PTL","M","M","M","R","M","R","B",null,"R","$","E","B",null],"character_chosen":"IRONCLAD","items_purchased":["SatanicBible","DeathBook","NineLifeCat"],"campfire_rested":0,"item_purchase_floors":[38,38,38],"current_hp_per_floor":[74,74,75,75,75,75,75,75,75,75,75,75,75,75,75,75,75,75,75,85,85,85,79,79,79,79,79,79,79,79,79,72,72,72,72,72,72,9,9,9,9,9,9,9,9,9,9,9,9,9,9,9,9,9,9,9,9,9,9,9,9],"gold":-168,"neow_bonus":"THREE_ENEMY_KILL","is_daily":false,"chose_seed":false,"campfire_upgraded":8,"win_rate":0.0,"timestamp":1612768668,"path_taken":["M","?","M","?","?","E","?","R","T","E","M","M","PTL","PTL","COS","M","R","BOSS","M","M","M","?","M","E","M","M","T","R","M","R","?","PTL","PTL","E","R","BOSS","M","M","M","M","?","E","R","E","T","PTL","PTL","M","M","M","R","M","R","BOSS","R","$","E","BOSS"],"items_purchased_type":["Relic","Relic","Relic"],"build_version":"2020-12-22","purchased_purges":1,"victory":true,"max_hp_per_floor":[75,75,75,75,75,75,75,75,75,75,75,75,75,75,75,75,75,75,75,85,85,85,79,79,79,79,79,79,79,79,79,72,72,72,72,72,72,9,9,9,9,9,9,9,9,9,9,9,9,9,9,9,9,9,9,9,9,9,9,9,9],"card_choices":[{"not_picked":["ReplayTheSpireMod:Limb From Limb","Clash","ReplayTheSpireMod:Strike From Hell"],"picked":"SKIP","floor":1.0},{"not_picked":["Fiend Fire","Dual Wield","Warcry","Uppercut"],"picked":"Pommel Strike","floor":3.0},{"not_picked":["Cleave","Perfected Strike","True Grit","Rampage"],"picked":"MostiFishMod:PerfectStrikeMKII","floor":6.0},{"not_picked":["Run Through","Cleave","Heavy Blade","Anger"],"picked":"Pommel Strike","floor":7.0},{"not_picked":["Twin Strike","Iron Wave","Heavy Blade","Flex"],"picked":"Double Tap","floor":7.0},{"not_picked":["Anger","Blood for Blood","Second Wind","Havoc"],"picked":"Pommel Strike","floor":10.0},{"not_picked":["Anger","Clothesline","Armaments","Demon Form"],"picked":"Second Wind","floor":11.0},{"not_picked":["Sword Boomerang","Iron Wave","Replay:Undeath\u0027s Touch","Fire Breathing","Anger"],"picked":"SKIP","floor":12.0},{"not_picked":["Defy Death","Wild Strike","Replay:Many Hands","Twin Strike","MostiFishMod:BrandingRite"],"picked":"SKIP","floor":16.0},{"not_picked":["Pommel Strike","ReplayTheSpireMod:Limb From Limb","Flex","Armaments+1","Bloodletting+1"],"picked":"SKIP","floor":20},{"not_picked":["Run Through","Body Slam","REME_FearOfPain","Cleave","Massacre"],"picked":"SKIP","floor":21},{"not_picked":["Clash","Body Slam+1","Warcry","True Grit+1","Twin Strike"],"picked":"SKIP","floor":22},{"not_picked":["ReplayTheSpireMod:Limb From Limb","Iron Wave","Wild Strike","MostiFishMod:BrandingRite","REME_SingleHolding"],"picked":"SKIP","floor":24},{"not_picked":["Rage","Hemokinesis","Limit Break","Carnage","Run Through"],"picked":"SKIP","floor":25},{"not_picked":["ReplayTheSpireMod:Strike From Hell","Sentinel+1","Clothesline","Intimidate","Life Link"],"picked":"SKIP","floor":26},{"not_picked":["MostiFishMod:BrandingRite","Twin Strike","Uppercut","Whirlwind","Sentinel"],"picked":"SKIP","floor":27},{"not_picked":["Cleave","Armaments","Warcry","Sword Boomerang","Second Wind+1"],"picked":"SKIP","floor":30},{"not_picked":["Pommel Strike","Anger","Fiend Fire","Uppercut","Replay:Many Hands"],"picked":"SKIP","floor":35},{"not_picked":["Replay:Many Hands","Corruption","MostiFishMod:HellRitual","MostiFishMod:UltimateDefense"],"picked":"REME_ACTH","floor":37},{"not_picked":["Cleave+1","Flex","ReplayTheSpireMod:LeadingStrike","Power Through","Infernal Blade+1"],"picked":"SKIP","floor":39},{"not_picked":["Flex+1","Havoc","Warcry","Cleave","Metallicize+1"],"picked":"SKIP","floor":40},{"not_picked":["Run Through","Clash","ReplayTheSpireMod:Limb From Limb+1","Uppercut"],"picked":"Pommel Strike","floor":41},{"not_picked":["Havoc+1","Abandon+1","Carnage+1","Sentinel"],"picked":"Perfected Strike","floor":42},{"not_picked":["MostiFishMod:FireWorks","Reckless Charge+1","Anger","Armaments","Ghostly Armor+1"],"picked":"SKIP","floor":44},{"not_picked":["Cleave","Iron Wave","Heavy Blade+1","Uppercut","Flex"],"picked":"SKIP","floor":46},{"not_picked":["Armaments","Run Through","Pommel Strike","Wild Strike+1","Replay:Undeath\u0027s Touch"],"picked":"SKIP","floor":50},{"not_picked":["ReplayTheSpireMod:Strike From Hell","Sword Boomerang","Shrug It Off","Immolate","Life Link"],"picked":"SKIP","floor":51},{"not_picked":["Entrench","Body Slam","Clothesline","Burning Pact","Warcry"],"picked":"SKIP","floor":52},{"not_picked":["Fire Breathing","True Grit+1","Shrug It Off","Sentinel","Headbutt"],"picked":"SKIP","floor":54},{"not_picked":["REME_Scribble","Cleave","Power Through","Fiend Fire"],"picked":"Perfected Strike","floor":60}],"player_experience":707387,"relics_obtained":[{"floor":1.0,"key":"reliquary:TatteredRug"},{"floor":1.0,"key":"SynthV:TestCard"},{"floor":3.0,"key":"ReplayTheSpireMod:Lightbulb"},{"floor":6.0,"key":"reliquary:SharkskinSheath"},{"floor":6.0,"key":"reliquary:Knoch"},{"floor":9.0,"key":"BookOfRevelations"},{"floor":10.0,"key":"Bronze Scales"},{"floor":10.0,"key":"reliquary:RosewoodLute"},{"floor":11.0,"key":"testmod-Motorcycle"},{"floor":12.0,"key":"Oddly Smooth Stone"},{"floor":16.0,"key":"Pocketwatch"},{"floor":20,"key":"Pear"},{"floor":22,"key":"aspiration:HatOfInfinitePower"},{"floor":24,"key":"reliquary:IridiumChain"},{"floor":25,"key":"Gremlin Horn"},{"floor":25,"key":"Replay:Multitool"},{"floor":26,"key":"REME_IWantAll"},{"floor":30,"key":"Orichalcum"},{"floor":35,"key":"aspiration:HummingbirdHeart"},{"floor":35,"key":"TheBean"},{"floor":40,"key":"SalivaCoin"},{"floor":41,"key":"Bag of Marbles"},{"floor":42,"key":"reliquary:Firecrackers"},{"floor":43,"key":"ReplayTheSpireMod:Shallot"},{"floor":44,"key":"testmod-ObsoleteBoomerang"},{"floor":44,"key":"reliquary:TuningFork"},{"floor":46,"key":"Omamori"},{"floor":46,"key":"Charon\u0027s Ashes"},{"floor":47,"key":"testmod-OneHitWonder"},{"floor":50,"key":"testmod-ArcanaOfDestiny"},{"floor":51,"key":"Lizard Tail"},{"floor":52,"key":"testmod-LifeArmor"},{"floor":54,"key":"testmod-Antiphasic"},{"floor":60,"key":"Paper Frog"},{"floor":60,"key":"aspiration:Lifesprig"}],"event_choices":[],"is_beta":false,"boss_relics":[{"not_picked":[]},{"not_picked":[]},{"not_picked":["aspiration:DefectSkillbook","Busted Crown"],"picked":"testmod-Recursion"},{"not_picked":[]}],"items_purged_floors":[38],"is_endless":false,"potions_floor_spawned":[6,10,11,21,22,25,27,35,40,42,51,52],"ascension_level":19}}