{"host":"a1eatafr7pisesky","time":1612784184,"event":{"mods":["AchievementEnabler","BaseMod","Colored Map","Keyboard Shortcuts","Minty Spire (QoL Compilation)","Say the Spire","StSLib","SuperFastMode","everything is the same but u backflip on backflip"],"gold_per_floor":[20,34,34,49,49,49,379,379,379,406,406,423,443,463,482,482,482,482],"floor_reached":17,"language":"KOR","playtime":367,"items_purged":[],"score":208,"play_id":"8fcb126e-413e-447a-8d47-3fe3d4bb0942","local_time":"20210208203624","is_ascension_mode":true,"campfire_choices":[{"data":"Zap","floor":6.0,"key":"SMITH"},{"data":"Genetic Algorithm","floor":8.0,"key":"SMITH"},{"floor":16,"key":"REST"}],"circlet_count":0,"master_deck":["AscendersBane","Strike_B","Strike_B","Strike_B","Strike_B","Defend_B","Defend_B","Defend_B","Defend_B","Zap+1","Dualcast","Genetic Algorithm+1","Go for the Eyes","Self Repair","Creative AI","Coolheaded","Sunder","Cold Snap","Auto Shields"],"relics":["Cracked Core","Du-Vu Doll","Old Coin","Gremlin Horn","Prayer Wheel"],"acts_visited":["Exordium"],"potions_floor_usage":[15,17],"damage_taken":[{"damage":3.0,"enemies":"2 Louse","floor":1.0,"turns":3.0},{"damage":1.0,"enemies":"Cultist","floor":2.0,"turns":3.0},{"damage":9.0,"enemies":"Small Slimes","floor":4.0,"turns":3.0},{"damage":14.0,"enemies":"3 Sentries","floor":7.0,"turns":8.0},{"damage":41.0,"enemies":"Lagavulin","floor":10.0,"turns":7.0},{"damage":0.0,"enemies":"2 Fungi Beasts","floor":12.0,"turns":3.0},{"damage":6.0,"enemies":"3 Louse","floor":13.0,"turns":3.0},{"damage":3.0,"enemies":"Exordium Wildlife","floor":14.0,"turns":3.0},{"damage":8,"enemies":"2 Fungi Beasts","floor":15,"turns":3},{"damage":40,"enemies":"Hexaghost","floor":17,"turns":12}],"seed_played":"6623999765513174675","potions_obtained":[{"floor":1.0,"key":"Energy Potion"},{"floor":5.0,"key":"SkillPotion"},{"floor":10.0,"key":"LiquidBronze"},{"floor":12.0,"key":"FocusPotion"},{"floor":15,"key":"BlessingOfTheForge"}],"is_trial":false,"path_per_floor":["M","M","?","M","?","R","E","R","T","E","E","M","M","M","M","R","B"],"character_chosen":"DEFECT","items_purchased":[],"campfire_rested":1,"item_purchase_floors":[],"current_hp_per_floor":[61,60,71,62,62,62,48,48,48,7,7,14,15,19,18,39,0,0],"gold":482,"neow_bonus":"ONE_RARE_RELIC","is_daily":false,"chose_seed":false,"campfire_upgraded":2,"win_rate":0.0,"timestamp":1612784184,"path_taken":["M","M","?","?","?","R","E","R","T","E","E","M","?","M","M","R","BOSS"],"items_purchased_type":[],"build_version":"2020-12-22","purchased_purges":0,"victory":false,"max_hp_per_floor":[71,71,71,71,71,71,71,71,71,71,71,71,71,71,71,71,71,71],"card_choices":[{"not_picked":["Chaos","Auto Shields","Compile Driver"],"picked":"SKIP","floor":1.0},{"not_picked":["Streamline","FTL"],"picked":"Genetic Algorithm","floor":2.0},{"not_picked":["Rip and Tear","Barrage"],"picked":"Go for the Eyes","floor":4.0},{"not_picked":["Stack","Force Field","Conserve Battery"],"picked":"SKIP","floor":7.0},{"not_picked":["Scrape","Reprogram"],"picked":"Self Repair","floor":10.0},{"not_picked":["Cold Snap","Gash"],"picked":"Creative AI","floor":12.0},{"not_picked":["Go for the Eyes","Loop"],"picked":"Coolheaded","floor":12.0},{"not_picked":["Double Energy","Melter"],"picked":"Sunder","floor":13.0},{"not_picked":["Redo","Rebound","Ball Lightning"],"picked":"SKIP","floor":13.0},{"not_picked":["Melter","Rebound","Barrage"],"picked":"SKIP","floor":14},{"not_picked":["Ball Lightning","Barrage","Hello World"],"picked":"SKIP","floor":14},{"not_picked":["Gash","Lockon"],"picked":"Cold Snap","floor":15},{"not_picked":["Barrage","Go for the Eyes"],"picked":"Auto Shields","floor":15}],"player_experience":422539,"relics_obtained":[{"floor":7.0,"key":"Old Coin"},{"floor":9.0,"key":"Gremlin Horn"},{"floor":10.0,"key":"Prayer Wheel"}],"event_choices":[{"damage_healed":11.0,"max_hp_gain":0.0,"max_hp_loss":0.0,"gold_gain":0.0,"event_name":"Wheel of Change","player_choice":"Full Heal","floor":3.0,"gold_loss":0.0,"damage_taken":0.0},{"damage_healed":0.0,"max_hp_gain":0.0,"max_hp_loss":0.0,"gold_gain":0.0,"event_name":"Lab","player_choice":"Got Potions","floor":5.0,"gold_loss":0.0,"damage_taken":0.0}],"is_beta":false,"boss_relics":[],"items_purged_floors":[],"is_endless":false,"potions_floor_spawned":[1,10,12,15],"killed_by":"Hexaghost","ascension_level":15}}