{"host":"enhox8ej0lkxgw9g","time":1612811319,"event":{"mods":["BaseMod","Downfall","Googly Eyes","Hermit","Minty Spire (QoL Compilation)","StSLib"],"gold_per_floor":[99,117,117,127,277,296,321,336,236,236,236,267,167,167,186,186,186,186],"floor_reached":16,"language":"ENG","playtime":2219,"items_purged":[],"score":100,"play_id":"38784320-872f-485d-9210-3d618c4057ba","local_time":"20210208120839","is_ascension_mode":false,"campfire_choices":[{"floor":1,"key":"RECALL"},{"data":"Guardian:MultiBeam","floor":9,"key":"SMITH"},{"data":"Guardian:CurlUp","floor":11,"key":"SMITH"},{"floor":13,"key":"REST"}],"circlet_count":0,"master_deck":["Guardian:Strike_Guardian","Guardian:Strike_Guardian","Guardian:Strike_Guardian","Guardian:Defend_Guardian","Guardian:Defend_Guardian","Guardian:Defend_Guardian","Guardian:Defend_Guardian","Guardian:CurlUp+1","Guardian:TwinSlam","Guardian:MultiBeam+1","Guardian:Gem_Blue","downfall:Icky","Guardian:BronzeArmor","Guardian:Recover"],"relics":["Guardian:ModeShifter","Blood Vial","Lantern","downfall:HeartBlessingRed","downfall:BrokenWingStatue","Regal Pillow","downfall:HeartBlessingGreen","Blue Candle"],"acts_visited":["Exordium"],"potions_floor_usage":[8,16],"damage_taken":[{"damage":9,"enemies":"2 Louse","floor":2,"turns":3},{"damage":0,"enemies":"Small Slimes","floor":4,"turns":4},{"damage":11,"enemies":"Jaw Worm","floor":6,"turns":4},{"damage":5,"enemies":"Exordium Thugs","floor":8,"turns":3},{"damage":31,"enemies":"Lagavulin","floor":12,"turns":11},{"damage":7,"enemies":"2 Fungi Beasts","floor":15,"turns":3},{"damage":100,"enemies":"DF_ARCHETYPE_STREAMLINE","floor":16,"turns":14}],"seed_played":"-7997348826055801178","potions_obtained":[{"floor":2,"key":"BlessingOfTheForge"},{"floor":4,"key":"Energy Potion"}],"is_trial":false,"path_per_floor":["R","M","?","M","?","M","T","M","R","?","R","E","R","?","M","B"],"character_chosen":"GUARDIAN","items_purchased":[],"campfire_rested":1,"item_purchase_floors":[],"current_hp_per_floor":[80,71,71,73,73,64,64,61,61,61,61,32,71,66,61,0,0,0],"gold":186,"neow_bonus":"RANDOM_COMMON_RELIC","is_daily":false,"chose_seed":false,"campfire_upgraded":2,"win_rate":0.0,"timestamp":1612811319,"path_taken":["R","M","?","M","?","M","T","M","R","?","R","E","R","?","M","BOSS"],"items_purchased_type":[],"build_version":"2020-12-22","purchased_purges":0,"victory":false,"max_hp_per_floor":[80,80,80,80,80,80,80,80,80,80,80,80,80,80,80,80,80,80],"card_choices":[{"not_picked":["Guardian:ArmoredProtocol","Guardian:ShieldSpikes"],"picked":"Guardian:MultiBeam","floor":2},{"not_picked":["Guardian:RollAttack","Guardian:TemporalStrike"],"picked":"Guardian:Gem_Blue","floor":4},{"not_picked":["Guardian:ChargeCore","Guardian:RollAttack"],"picked":"Guardian:BronzeArmor","floor":6},{"not_picked":["Guardian:TemporalShield","Guardian:SpikerProtocol"],"picked":"Guardian:Gem_Yellow","floor":8},{"not_picked":["Guardian:PrismaticBeam","Guardian:SpikerProtocol"],"picked":"Guardian:Recover","floor":12},{"not_picked":["Guardian:TemporalShield","Guardian:RollAttack","Guardian:CrystalBeam"],"picked":"SKIP","floor":15}],"player_experience":111448,"relics_obtained":[{"floor":7,"key":"Lantern"},{"floor":12,"key":"Regal Pillow"}],"event_choices":[],"is_beta":false,"boss_relics":[],"items_purged_floors":[],"is_endless":false,"potions_floor_spawned":[2,4],"killed_by":"DF_ARCHETYPE_STREAMLINE","ascension_level":0}}