{"host":"n7gt2lywuauec2nz","time":1612774135,"event":{"mods":["100% Spire Juice","2.2 Compatiblity","Act Like it!","Aspiration","BaseMod","Better Third Choice","Colored Powertips","DeckTracker","GifTheSpireLib","Highlight Path","HololiveMod","Hubris","Infinite Spire","Minty Spire (QoL Compilation)","Quick Restart","Random Character Button","Relic Sorter","Replay The Spire","Retaliation","StSLib","Synergy Search","The IronCluck"],"gold_per_floor":[117,135,148,38,38,38,70,70,97,97,52,68,68,82,82,82,82],"floor_reached":16,"language":"ENG","playtime":364,"items_purged":[],"score":102,"play_id":"8fcee639-c5d7-4386-85bd-7d32da95a6da","local_time":"20210208004855","is_ascension_mode":false,"campfire_choices":[{"floor":6,"key":"REST"},{"floor":10,"key":"REST"},{"floor":13,"key":"REST"},{"data":"Moonworks:Defend","floor":15,"key":"PURGE"}],"circlet_count":0,"master_deck":["Moonworks:Strike","Moonworks:Strike","Moonworks:Strike","Moonworks:Strike","Moonworks:Defend","Moonworks:Defend","Moonworks:Defend","Moonworks:Ambush","Moonworks:LongDistanceShot","Moonworks:CloudOfSeagulls","Moonworks:CloudOfSeagulls","Moonworks:Assault","Moonworks:AccelHyper","Moonworks:MiracleRedBeanIceCream"],"relics":["Moonworks:BrokenBomb","Moonworks:Homemark","NeowsBlessing","Peace Pipe","aspiration:HiddenCompartment"],"acts_visited":["Exordium"],"potions_floor_usage":[7,7,16,16],"damage_taken":[{"damage":0,"enemies":"Small Slimes","floor":1,"turns":1},{"damage":0,"enemies":"Jaw Worm","floor":2,"turns":1},{"damage":0,"enemies":"Cultist","floor":3,"turns":1},{"damage":31,"enemies":"Exordium Wildlife","floor":4,"turns":7},{"damage":31,"enemies":"Lagavulin","floor":7,"turns":6},{"damage":10,"enemies":"2 Fungi Beasts","floor":12,"turns":4},{"damage":6,"enemies":"Blue Slaver","floor":14,"turns":3},{"damage":999,"enemies":"Hexaghost","floor":16,"turns":2}],"seed_played":"-34688367955130145","potions_obtained":[{"floor":3,"key":"CultistPotion"},{"floor":4,"key":"EntropicBrew"},{"floor":7,"key":"AttackPotion"}],"is_trial":false,"path_per_floor":["M","M","M","M","?","R","E","?","T","R","?","M","R","M","R","B"],"character_chosen":"THE_STARBREAKER","items_purchased":[],"campfire_rested":3,"item_purchase_floors":[],"current_hp_per_floor":[60,60,60,29,29,47,16,36,36,54,43,33,51,45,45,0,0],"gold":82,"neow_bonus":"THREE_ENEMY_KILL","is_daily":false,"chose_seed":false,"campfire_upgraded":0,"win_rate":0.0,"timestamp":1612774135,"path_taken":["M","M","M","M","?","R","E","?","T","R","?","M","R","M","R","BOSS"],"items_purchased_type":[],"build_version":"2020-12-22","purchased_purges":0,"victory":false,"max_hp_per_floor":[60,60,60,60,60,60,60,60,60,60,60,60,60,60,60,60,60],"card_choices":[{"not_picked":["Moonworks:RagingMadness","Moonworks:Assault"],"picked":"Moonworks:CloudOfSeagulls","floor":1},{"not_picked":["Moonworks:SakisCookie","Moonworks:EvilSpyWorkPreparation"],"picked":"Moonworks:CloudOfSeagulls","floor":2},{"not_picked":["Moonworks:ImOnFire","Moonworks:DeployBits","Moonworks:IndiscriminateFireSupport"],"picked":"SKIP","floor":3},{"not_picked":["Moonworks:ImOnFire","Moonworks:LulusLuckyEgg"],"picked":"Moonworks:Assault","floor":4},{"not_picked":["Moonworks:ImOnFire","Moonworks:LuckyCharm","Moonworks:Heat300Percent"],"picked":"SKIP","floor":7},{"not_picked":["Moonworks:ImOnFire","Moonworks:RagingMadness"],"picked":"Moonworks:AccelHyper","floor":12},{"not_picked":["Moonworks:FinalSurgery","Moonworks:IndiscriminateFireSupport"],"picked":"Moonworks:MiracleRedBeanIceCream","floor":14}],"player_experience":131231,"relics_obtained":[{"floor":7,"key":"Peace Pipe"},{"floor":9,"key":"aspiration:HiddenCompartment"}],"event_choices":[{"damage_healed":20,"gold_gain":0,"player_choice":"Banana","damage_taken":0,"max_hp_gain":0,"max_hp_loss":0,"event_name":"Big Fish","floor":8,"gold_loss":0},{"damage_healed":0,"gold_gain":75,"player_choice":"Gold","damage_taken":11,"max_hp_gain":0,"max_hp_loss":0,"event_name":"betterThird:BetterGoop","floor":11,"gold_loss":0}],"is_beta":false,"boss_relics":[],"items_purged_floors":[],"is_endless":false,"potions_floor_spawned":[3,4,7],"killed_by":"Hexaghost","ascension_level":0}}