{"host":"nptej036rrbiurf5","time":1612767754,"event":{"mods":["BaseMod","Colored Map","Colored Powertips","DeckTracker","Minty Spire (QoL Compilation)","StSLib","SuperFastMode"],"gold_per_floor":[116,133,145,156,156,190,265,293,317,282,308,328,339,226,226,328,328,347,363,363,363,380,406,406,417,417,417,417],"floor_reached":27,"language":"KOR","playtime":564,"items_purged":["Strike_P"],"score":245,"play_id":"58a9de37-ac29-4e79-933d-37b4bb73c912","local_time":"20210208160234","is_ascension_mode":false,"campfire_choices":[{"data":"Eruption","floor":15.0,"key":"SMITH"},{"data":"CutThroughFate","floor":24.0,"key":"SMITH"}],"circlet_count":0,"master_deck":["Strike_P","Strike_P","Defend_P","Defend_P","Eruption+1","Vigilance","CutThroughFate+1","Consecrate","FlurryOfBlows","EmptyBody","Sanctity","Indignation","FearNoEvil","Protect+1","Adaptation+1"],"relics":["PureWater"],"acts_visited":["Exordium","TheCity"],"potions_floor_usage":[],"damage_taken":[{"damage":20.0,"enemies":"Small Slimes","floor":1.0,"turns":2.0},{"damage":8.0,"enemies":"2 Louse","floor":2.0,"turns":2.0},{"damage":0.0,"enemies":"Jaw Worm","floor":3.0,"turns":3.0},{"damage":0.0,"enemies":"3 Louse","floor":4.0,"turns":2.0},{"damage":6.0,"enemies":"Lagavulin","floor":6.0,"turns":5.0},{"damage":15.0,"enemies":"3 Sentries","floor":8.0,"turns":5.0},{"damage":0.0,"enemies":"Exordium Wildlife","floor":12.0,"turns":2.0},{"damage":3.0,"enemies":"Looter","floor":13.0,"turns":2.0},{"damage":3.0,"enemies":"Slime Boss","floor":16.0,"turns":5.0},{"damage":17.0,"enemies":"3 Byrds","floor":18.0,"turns":4.0},{"damage":0.0,"enemies":"Spheric Guardian","floor":19.0,"turns":2.0},{"damage":8.0,"enemies":"3 Cultists","floor":22.0,"turns":4.0},{"damage":14.0,"enemies":"Book of Stabbing","floor":23.0,"turns":4.0},{"damage":25,"enemies":"Sentry and Sphere","floor":25,"turns":5},{"damage":21,"enemies":"Snake Plant","floor":27,"turns":2}],"seed_played":"7235029235089818412","potions_obtained":[{"floor":2.0,"key":"Block Potion"},{"floor":3.0,"key":"Swift Potion"},{"floor":6.0,"key":"EssenceOfSteel"},{"floor":16.0,"key":"LiquidMemories"},{"floor":19.0,"key":"FearPotion"}],"is_trial":false,"path_per_floor":["M","M","M","M","?","E","?","E","T","?","T","M","M","$","R","B",null,"M","M","?","?","M","E","R","M","T","M"],"character_chosen":"WATCHER","items_purchased":["FearNoEvil"],"campfire_rested":0,"item_purchase_floors":[14],"current_hp_per_floor":[52,44,44,44,37,31,20,5,5,23,23,23,20,20,20,17,72,55,55,55,55,47,33,33,8,8,0,0],"gold":417,"neow_bonus":"REMOVE_CARD","is_daily":false,"chose_seed":false,"campfire_upgraded":2,"win_rate":0.0,"timestamp":1612767754,"path_taken":["M","M","M","M","?","E","?","E","T","?","?","M","M","$","R","BOSS","M","M","?","?","M","E","R","M","T","M"],"items_purchased_type":["Card"],"build_version":"2020-12-22","purchased_purges":1,"victory":false,"max_hp_per_floor":[72,72,72,72,72,72,72,72,72,72,72,72,72,72,72,72,72,72,72,72,72,72,72,72,72,72,72,72],"card_choices":[{"not_picked":["BowlingBash","MentalFortress"],"picked":"CutThroughFate","floor":1.0},{"not_picked":["FollowUp","Halt"],"picked":"Consecrate","floor":2.0},{"not_picked":["JustLucky","Crescendo"],"picked":"FlurryOfBlows","floor":3.0},{"not_picked":["SashWhip","Pray","Perseverance"],"picked":"SKIP","floor":4.0},{"not_picked":["ThirdEye","ForeignInfluence"],"picked":"EmptyBody","floor":6.0},{"not_picked":["SpiritShield","Fasting2","Pray"],"picked":"SKIP","floor":8.0},{"not_picked":["ThirdEye","BattleHymn"],"picked":"Sanctity","floor":12.0},{"not_picked":["ThirdEye","Wallop"],"picked":"Indignation","floor":13.0},{"not_picked":["ThirdEye","FollowUp+1","PathToVictory"],"picked":"SKIP","floor":18.0},{"not_picked":["Prostrate","Perseverance"],"picked":"Protect+1","floor":19.0},{"not_picked":["FollowUp","ClearTheMind+1","CrushJoints+1"],"picked":"SKIP","floor":22.0},{"not_picked":["Meditate","EmptyFist+1"],"picked":"Adaptation+1","floor":23.0},{"not_picked":["Evaluate+1","EmptyBody","TalkToTheHand"],"picked":"SKIP","floor":25}],"player_experience":912716,"relics_obtained":[],"event_choices":[{"cards_removed":["Strike_P"],"damage_healed":0.0,"max_hp_gain":0.0,"max_hp_loss":0.0,"gold_gain":0.0,"event_name":"Golden Wing","player_choice":"Card Removal","floor":5.0,"gold_loss":0.0,"damage_taken":7.0},{"damage_healed":0.0,"max_hp_gain":0.0,"max_hp_loss":0.0,"gold_gain":75.0,"event_name":"World of Goop","player_choice":"Gather Gold","floor":7.0,"gold_loss":0.0,"damage_taken":11.0},{"damage_healed":18.0,"max_hp_gain":0.0,"max_hp_loss":0.0,"gold_gain":0.0,"event_name":"The Cleric","player_choice":"Healed","floor":10.0,"gold_loss":35.0,"damage_taken":0.0},{"damage_healed":0.0,"max_hp_gain":0.0,"max_hp_loss":0.0,"gold_gain":0.0,"event_name":"Cursed Tome","player_choice":"Ignored","floor":20.0,"gold_loss":0.0,"damage_taken":0.0},{"cards_removed":["Defend_P"],"damage_healed":0.0,"max_hp_gain":0.0,"max_hp_loss":0.0,"gold_gain":0.0,"event_name":"Back to Basics","player_choice":"Elegance","floor":21.0,"gold_loss":0.0,"damage_taken":0.0}],"is_beta":false,"boss_relics":[{"not_picked":["Calling Bell","Tiny House","Astrolabe"]}],"items_purged_floors":[14],"is_endless":false,"potions_floor_spawned":[2,3,6,16,19],"killed_by":"Snake Plant","ascension_level":0}}