{"host":"m6aaltr68g9tvoay","time":1612750106,"event":{"mods":["AchievementEnabler","BaseMod","Colored Map","Downfall","Minty Spire (QoL Compilation)","Slay the Relics Exporter","StSLib"],"gold_per_floor":[99,111,111,125,35,35,35,96,96,117,117,117,161,261,286,390,399,399,424,440,463,463,463,463,484,526,526,526,426,443,443,472,472,472,472],"floor_reached":33,"language":"ENG","playtime":3646,"items_purged":["bronze:Strike"],"score":384,"play_id":"5dd6ce9f-cbfa-4360-9640-d24b7f0738e4","local_time":"20210207180826","is_ascension_mode":true,"campfire_choices":[{"data":"bronze:BurnOut","floor":1,"key":"SMITH"},{"floor":9,"key":"REST"},{"data":"bronze:Goto","floor":18,"key":"SMITH"},{"floor":23,"key":"RECALL"},{"floor":29,"key":"REST"}],"circlet_count":0,"master_deck":["bronze:Strike","bronze:Strike","bronze:Defend","bronze:Defend+1","bronze:Defend","bronze:Defend+1","bronze:Replicate+1","bronze:BurnOut+1","bronze:Shield","bronze:Separator","bronze:Shield","bronze:BugBarrage","downfall:Malfunctioning","bronze:InfiniteLoop","bronze:ItsAFeature","CurseOfTheBell","bronze:FunctionCard","bronze:Turbo","bronze:BugBarrage","bronze:MaxOutput","bronze:Boost"],"relics":["bronze:BronzeCore","Blood Vial","CeramicFish","Pear","bronze:CableSpool","Calling Bell","Guardian:PocketSentry","Blue Candle","Unceasing Top","Ancient Tea Set","MealTicket","downfall:HeartBlessingRed"],"acts_visited":["Exordium","TheCity"],"potions_floor_usage":[13,16,16,19,21,25,33,33,33],"damage_taken":[{"damage":16,"enemies":"Jaw Worm","floor":2,"turns":7},{"damage":3,"enemies":"2 Louse","floor":4,"turns":2},{"damage":10,"enemies":"downfall:FleeingMerchant","floor":5,"turns":4},{"damage":9,"enemies":"3 Sentries","floor":8,"turns":4},{"damage":0,"enemies":"Small Slimes","floor":10,"turns":2},{"damage":19,"enemies":"3 Sentries","floor":13,"turns":5},{"damage":3,"enemies":"Blue Slaver","floor":15,"turns":3},{"damage":33,"enemies":"WA_ARCHETYPE_RETAIN","floor":16,"turns":8},{"damage":8,"enemies":"Chosen","floor":19,"turns":6},{"damage":0,"enemies":"3 Byrds","floor":20,"turns":4},{"damage":7,"enemies":"Snake Plant","floor":21,"turns":4},{"damage":0,"enemies":"Chosen and Byrds","floor":25,"turns":5},{"damage":24,"enemies":"Book of Stabbing","floor":26,"turns":5},{"damage":0,"enemies":"Centurion and Healer","floor":30,"turns":4},{"damage":0,"enemies":"Snecko","floor":32,"turns":2},{"damage":66,"enemies":"SI_MIRROR_ARCHETYPE","floor":33,"turns":12}],"seed_played":"-4130737031713099051","potions_obtained":[{"floor":2,"key":"Slimebound:ThreeZeroPotion"},{"floor":4,"key":"Guardian:BlockOnCardUsePotion"},{"floor":10,"key":"Swift Potion"},{"floor":13,"key":"bronze:BurnAndBuffPotion"},{"floor":19,"key":"Block Potion"},{"floor":21,"key":"Block Potion"},{"floor":31,"key":"LiquidBronze"},{"floor":31,"key":"SteroidPotion"},{"floor":31,"key":"Explosive Potion"},{"floor":32,"key":"Regen Potion"}],"is_trial":false,"path_per_floor":["R","M","?","M","$","?","T","?","R","M","T","?","E","?","M","B",null,"R","M","M","M","?","R","T","M","E","?","?","R","M","?","M","B"],"character_chosen":"THE_AUTOMATON","items_purchased":[],"campfire_rested":2,"item_purchase_floors":[],"current_hp_per_floor":[63,47,47,44,34,34,34,27,45,47,57,73,54,54,53,22,60,60,54,56,51,51,51,51,53,31,55,55,73,73,73,73,22,22,22],"gold":472,"neow_bonus":"THREE_RARE_CARDS","is_daily":false,"chose_seed":false,"campfire_upgraded":2,"win_rate":0.0,"timestamp":1612750106,"path_taken":["R","M","?","M","$","?","T","?","R","M","?","?","E","?","M","BOSS","R","M","M","M","?","R","T","M","E","?","?","R","M","?","M","BOSS"],"items_purchased_type":[],"build_version":"2020-12-22","purchased_purges":1,"victory":false,"max_hp_per_floor":[63,63,63,63,63,63,63,63,63,63,73,73,73,73,73,73,73,73,73,73,73,73,73,73,73,73,73,73,73,73,73,73,73,73,73],"card_choices":[{"not_picked":["bronze:HyperBeam","bronze:Break"],"picked":"bronze:BurnOut","floor":0},{"not_picked":["bronze:Repair","bronze:DigitalCarnage"],"picked":"bronze:Shield","floor":2},{"not_picked":["bronze:ForLoop","bronze:FineTuning"],"picked":"bronze:Shield","floor":4},{"not_picked":["bronze:InfiniteBeams","bronze:Deprecate"],"picked":"bronze:BugBarrage","floor":5},{"not_picked":["bronze:Separator","bronze:InfiniteBeams"],"picked":"bronze:Iterate","floor":10},{"not_picked":["bronze:Library","bronze:CloningBeam"],"picked":"bronze:InfiniteLoop","floor":13},{"not_picked":["bronze:OilSpill","bronze:Branch"],"picked":"bronze:ItsAFeature","floor":15},{"not_picked":["bronze:FindAndReplace","bronze:TinkerersToolbox"],"picked":"bronze:Hardcode","floor":16},{"not_picked":["bronze:ForceShield","bronze:WhirlingStrike","bronze:ClassDefault"],"picked":"SKIP","floor":19},{"not_picked":["bronze:Separator","bronze:WildBeam","bronze:WhirlingStrike"],"picked":"SKIP","floor":20},{"not_picked":["bronze:Break","bronze:NullPointer"],"picked":"bronze:Turbo","floor":21},{"not_picked":["bronze:BitShift+1","bronze:Separator"],"picked":"bronze:BugBarrage","floor":25},{"not_picked":["bronze:Constructor","bronze:Frontload+1"],"picked":"bronze:MaxOutput","floor":26},{"not_picked":["bronze:ItsAFeature","bronze:Philosophize+1","bronze:Safeguard"],"picked":"SKIP","floor":30},{"not_picked":["bronze:FollowUp","bronze:BitShift"],"picked":"bronze:Boost","floor":32}],"player_experience":1857840,"relics_obtained":[{"floor":7,"key":"Blood Vial"},{"floor":8,"key":"CeramicFish"},{"floor":11,"key":"Pear"},{"floor":13,"key":"bronze:CableSpool"},{"floor":17,"key":"Guardian:PocketSentry"},{"floor":17,"key":"Blue Candle"},{"floor":17,"key":"Unceasing Top"},{"floor":24,"key":"Ancient Tea Set"},{"floor":26,"key":"MealTicket"}],"event_choices":[{"damage_healed":24,"gold_gain":0,"player_choice":"Banana","damage_taken":0,"max_hp_gain":0,"max_hp_loss":0,"event_name":"Big Fish","floor":12,"gold_loss":0},{"damage_healed":24,"gold_gain":0,"player_choice":"Heal","damage_taken":0,"max_hp_gain":0,"max_hp_loss":0,"event_name":"The Library","floor":27,"gold_loss":0},{"damage_healed":0,"gold_gain":0,"player_choice":"Ignored","damage_taken":0,"max_hp_gain":0,"max_hp_loss":0,"event_name":"Vampires","floor":28,"gold_loss":0},{"damage_healed":0,"gold_gain":0,"player_choice":"Got Potions","damage_taken":0,"max_hp_gain":0,"max_hp_loss":0,"event_name":"Lab","floor":31,"gold_loss":0}],"is_beta":false,"boss_relics":[{"not_picked":["Runic Pyramid","Coffee Dripper"],"picked":"Calling Bell"}],"items_purged_floors":[5],"is_endless":false,"potions_floor_spawned":[2,4,10,13,19,21,32],"killed_by":"SI_MIRROR_ARCHETYPE","ascension_level":9}}