{"host":"dv29tre2e7vje47n","time":1612794712,"event":{"mods":["AchievementEnabler","BaseMod","Colored Map","Colored Powertips","DeckTracker","Displayed Cursed Tome","Downfall","Friendly Minions","Googly Eyes","Highlight Path","Infinite Spire","Key Reminder","Minty Spire (QoL Compilation)","Quick Restart","Random Character Button","Rare Cards Sparkle","Relic Sorter","Relic Stats","Replay The Spire","Spire Arcade","Spire Birthday Party","StSLib","SuperFastMode","Unceasing Turn Reminder"],"gold_per_floor":[99,109,18,118,118,147,170,181,191,201,201,201,201,201,220,220,220,220],"floor_reached":16,"language":"ENG","playtime":548,"items_purged":[],"score":105,"play_id":"f7d808a5-5ba9-4d3a-bf1d-4b01042ce607","local_time":"20210208153152","is_ascension_mode":true,"campfire_choices":[{"data":"sneckomod:TailWhip","floor":1,"key":"SMITH"},{"data":"sneckomod:Rotation","floor":11,"key":"SMITH"},{"data":"sneckomod:SnekBite","floor":13,"key":"SMITH"}],"circlet_count":0,"master_deck":["sneckomod:Strike","sneckomod:Strike","sneckomod:Strike","sneckomod:Defend","sneckomod:Defend","sneckomod:Defend","sneckomod:TailWhip+1","sneckomod:SnekBite+1","sneckomod:Unknown","sneckomod:Unknown","sneckomod:UnknownDraw","sneckomod:MorePower","sneckomod:UnendingSupply","sneckomod:UnknownExhaust+1","sneckomod:DefensiveFlair","sneckomod:WideSting+1","sneckomod:UnknownX+1","sneckomod:UnknownRareSkill+1","sneckomod:Rotation+1","sneckomod:Unknown3Cost+1"],"relics":["sneckomod:SneckoSoul","Counterbalance","Replay:Wax Seal","hexamod:CandleOfCauterizing"],"acts_visited":["Exordium"],"potions_floor_usage":[],"damage_taken":[{"damage":2,"enemies":"2 Louse","floor":2,"turns":2},{"damage":5,"enemies":"downfall:FleeingMerchant","floor":3,"turns":4},{"damage":21,"enemies":"Lagavulin","floor":6,"turns":7},{"damage":5,"enemies":"Small Slimes","floor":8,"turns":4},{"damage":1,"enemies":"Cultist","floor":9,"turns":4},{"damage":4,"enemies":"Lots of Slimes","floor":10,"turns":2},{"damage":13,"enemies":"3 Louse","floor":15,"turns":3},{"damage":52,"enemies":"WA_ARCHETYPE_RETAIN","floor":16,"turns":6}],"seed_played":"4533196548801875479","potions_obtained":[{"floor":6,"key":"Venom Potion"},{"floor":8,"key":"Venom Potion"}],"is_trial":false,"path_per_floor":["R","M","$","?","?","E","T","M","M","M","R","?","R","T","M","B"],"character_chosen":"THE_SNECKO","items_purchased":["sneckomod:UnendingSupply"],"campfire_rested":0,"item_purchase_floors":[3],"current_hp_per_floor":[99,97,92,92,92,71,71,66,65,61,61,61,61,61,48,0,0,0],"gold":220,"neow_bonus":"TEN_PERCENT_HP_BONUS","is_daily":false,"chose_seed":false,"campfire_upgraded":3,"win_rate":0.0,"timestamp":1612794712,"path_taken":["R","M","$","?","?","E","T","M","M","M","R","?","R","?","M","BOSS"],"items_purchased_type":["Card"],"build_version":"2020-12-22","purchased_purges":0,"victory":false,"max_hp_per_floor":[99,99,99,99,99,99,99,99,99,99,99,99,99,99,99,99,99,99],"relic_stats":{"counters":[8,32],"obtain_stats":[{"hexamod:CandleOfCauterizing":14,"Counterbalance":6,"Replay:Wax Seal":7,"sneckomod:SneckoSoul":0},{"hexamod:CandleOfCauterizing":6,"Counterbalance":3,"Replay:Wax Seal":3,"sneckomod:SneckoSoul":0},{"hexamod:CandleOfCauterizing":23,"Counterbalance":13,"Replay:Wax Seal":13,"sneckomod:SneckoSoul":0}]},"card_choices":[{"not_picked":["sneckomod:DiceCrush","sneckomod:DiceBlock"],"picked":"sneckomod:UnknownDraw","floor":2},{"not_picked":["sneckomod:RainOfDice","sneckomod:QuickBite"],"picked":"sneckomod:MorePower","floor":3},{"not_picked":["sneckomod:DiceBlock","sneckomod:QuickBite","sneckomod:Unknown1Cost"],"picked":"SKIP","floor":3},{"not_picked":["sneckomod:UnknownBlock+1","sneckomod:UnknownUncommonAttack+1"],"picked":"sneckomod:UnknownExhaust+1","floor":6},{"not_picked":["sneckomod:Unknown1Cost","sneckomod:GlitteringGambit"],"picked":"sneckomod:DefensiveFlair","floor":6},{"not_picked":["sneckomod:UnknownBlock","sneckomod:UnknownCommonSkill"],"picked":"sneckomod:WideSting","floor":8},{"not_picked":["sneckomod:UnknownCommonAttack+1","sneckomod:UnknownDexterity+1"],"picked":"sneckomod:UnknownX+1","floor":8},{"not_picked":["sneckomod:UnknownWeak+1","sneckomod:UnknownDraw+1"],"picked":"sneckomod:UnknownRareSkill+1","floor":9},{"not_picked":["sneckomod:DefensiveFlair","sneckomod:UnendingSupply","sneckomod:UnknownX"],"picked":"SKIP","floor":9},{"not_picked":["sneckomod:IronFang","sneckomod:SoulDraw"],"picked":"sneckomod:Rotation","floor":10},{"not_picked":["sneckomod:UnknownUncommonPower+1","sneckomod:Unknown1Cost+1"],"picked":"sneckomod:Unknown3Cost+1","floor":15},{"not_picked":["sneckomod:RainOfDice","sneckomod:UnknownDraw","sneckomod:MorePower"],"picked":"SKIP","floor":15}],"player_experience":137638,"relics_obtained":[{"floor":6,"key":"Counterbalance"},{"floor":7,"key":"Replay:Wax Seal"},{"floor":14,"key":"hexamod:CandleOfCauterizing"}],"event_choices":[],"is_beta":false,"boss_relics":[],"items_purged_floors":[],"is_endless":false,"potions_floor_spawned":[6,8],"killed_by":"WA_ARCHETYPE_RETAIN","ascension_level":1}}