{"host":"bw00wb7p5bw58om7","time":1612821463,"event":{"mods":["100% Spire Juice","Act Like it!","BaseMod","Better Third Choice","CapriCore","Chen","Downfall","Gensokyo","Hermit","KinomotoSakuraMod(????)","Koishi","KomeijiMod","Mari Mod (Legacy)","Mari\u0027s V1 Patch","Marisa????????","Minty Spire (QoL Compilation)","MostiFishMod","Onozuka Komachi Mod","Permanent Neow","Prisma Mod","Railgun Mod","Reimu??????","Remilia_Scarlet Moed?????·?????3.3.5","Remilia??????","StSLib","The Administrix","The Alterego","The Death Knight","The Immortal","The Mystic","The Senshi","The Servant 0.9.4","TheSwordswoman","TheVelvet","WarShipGirlsR/????R mod","Yakumo Yukari mod","Youmu??????","Yuyuko"],"gold_per_floor":[117,135,165,179,189,216,93,118,144,144,144,169,169,196,196,296,296,309,14,32,43,43,69,69,98,98,117,117,117,127,142,142,242,242,258,272,272,283,283,314,314,340,408,421,421,435,435,435,435,435],"floor_reached":51,"language":"ENG","playtime":3333,"items_purged":[],"score":1228,"play_id":"4c6b6690-b0a0-40fa-8109-78fca14d46e7","local_time":"20210208215743","is_ascension_mode":true,"campfire_choices":[{"floor":11,"key":"REST"},{"data":"MastersStateliness","floor":13,"key":"SMITH"},{"data":"MastersStateliness","floor":15,"key":"SMITH"},{"data":"Gensokyo:FourOfAKind","floor":29,"key":"SMITH"},{"data":"DiffusionOfMisfortune","floor":32,"key":"SMITH"},{"data":"DiffusionOfMisfortune","floor":41,"key":"SMITH"},{"data":"ScarletMeister","floor":49,"key":"SMITH"}],"circlet_count":0,"master_deck":["Strike_RM+1","Strike_RM+1","Strike_RM+1","Strike_RM+1","Defend_RM+1","Defend_RM+1","Defend_RM+1","Defend_RM+1","RedMoon","ScarletShoot","UnderTheZenith","MastersStateliness+1","CharismaGuard+1","CharismaGuard+1","EternalNight","KillingBlow","DiffusionOfMisfortune+1","RedRainbow","MastersStateliness+1","DiffusionOfMisfortune+1","TransientEternity+1","MastersStateliness","ScarletImprint+1","UnstableMagic+1","CurseOfVladTepes","VampireFantasy","Gensokyo:FourOfAKind+1","Gensokyo:FourOfAKind+1","Gensokyo:FourOfAKind+1","Gensokyo:FourOfAKind","ScarletImprint","AfternoonTea+1","UnderTheZenith+1","MastersStateliness+1","TransientEternity+1","Stigmanizer","ScarletSymphony+1","UnderTheZenith+1","BloodySeventeenLaser","VampireFantasy+1","UnderTheZenith+1","DiffusionOfMisfortune","ScarletMeister+1","UnstableMagic+1","CeilingFear+1"],"relics":["ScarletHat","DaveBox","SynthV:TestCard","Meat on the Bone","Incense Burner","GoodDreamPillow","Smiling Mask","Dream Catcher","WingedGreaves","theSenshi:SailorFukuRelic","Dead Branch","Black Star","BionicSphere","Gambling Chip","Lizard Tail","Tiny Chest","Toxic Egg 2","RedBat","Matryoshka","MariMod:MariFestivalBadge","Gensokyo:DualWield","SynthV:C4","Prayer Wheel","StoneCalendar","ThornShield","Omamori","Letter Opener","RuthlessExorcism:ReiMu","White Beast Statue","Molten Egg 2"],"acts_visited":["Gensokyo:Gensokyo","Gensokyo:Gensokyoer","Gensokyo:Gensokyoest"],"potions_floor_usage":[16,42],"damage_taken":[{"damage":0.0,"enemies":"Gensokyo:2_Kodama","floor":1.0,"turns":4.0},{"damage":4.0,"enemies":"Gensokyo:Gryphon","floor":2.0,"turns":6.0},{"damage":4.0,"enemies":"Gensokyo:Mamizou","floor":3.0,"turns":11.0},{"damage":0.0,"enemies":"Gensokyo:Python","floor":4.0,"turns":4.0},{"damage":6.0,"enemies":"Gensokyo:Gryphon_and_Rabbit","floor":5.0,"turns":10.0},{"damage":0.0,"enemies":"Gensokyo:Mamizou","floor":6.0,"turns":15.0},{"damage":17.0,"enemies":"Gensokyo:Aya","floor":8.0,"turns":5.0},{"damage":5,"enemies":"Gensokyo:Cirno","floor":12,"turns":4},{"damage":0,"enemies":"Gensokyo:Aya","floor":14,"turns":8},{"damage":19,"enemies":"Gensokyo:Reimu","floor":16,"turns":10},{"damage":0,"enemies":"Gensokyo:Chomper","floor":18,"turns":5},{"damage":0,"enemies":"Gensokyo:CosmicMonolith","floor":20,"turns":3},{"damage":0,"enemies":"Gensokyo:Wraith","floor":21,"turns":4},{"damage":0,"enemies":"Gensokyo:Reisen","floor":23,"turns":3},{"damage":5,"enemies":"Gensokyo:Tenshi","floor":25,"turns":2},{"damage":0,"enemies":"Gensokyo:Swordslinger","floor":27,"turns":4},{"damage":0,"enemies":"Gensokyo:Slime_Group","floor":30,"turns":6},{"damage":28,"enemies":"Gensokyo:Monolith_and_Dog","floor":31,"turns":4},{"damage":0,"enemies":"Gensokyo:Eiki","floor":33,"turns":8},{"damage":1,"enemies":"Gensokyo:AncientGuardian","floor":35,"turns":3},{"damage":0,"enemies":"Gensokyo:3_Bats","floor":36,"turns":5},{"damage":6,"enemies":"Gensokyo:3_Boulders","floor":38,"turns":4},{"damage":0,"enemies":"Gensokyo:Marisa","floor":40,"turns":2},{"damage":12,"enemies":"Gensokyo:Kasen","floor":42,"turns":4},{"damage":0,"enemies":"Gensokyo:Rafflesia","floor":44,"turns":3},{"damage":0,"enemies":"Gensokyo:AtlasGolem","floor":46,"turns":2},{"damage":54,"enemies":"Gensokyo:Scarlet_Devils","floor":50,"turns":3}],"seed_played":"-7792011341360961468","potions_obtained":[{"floor":3.0,"key":"GamblersBrew"},{"floor":4.0,"key":"RedTea"},{"floor":5.0,"key":"Ancient Potion"},{"floor":21,"key":"GrandPatriotsElixir:ReiMu"},{"floor":27,"key":"DeathKnight:RimePotion"},{"floor":42,"key":"GamblersBrew"},{"floor":44,"key":"ZuzhouPotion:ReiMu"},{"floor":46,"key":"MagicPotion:ReiMu"}],"is_trial":false,"path_per_floor":["M","M","?","M","M","E","?","E","T","T","R","E","R","E","R","B",null,"M","$","M","M","$","E","?","E","T","M","T","R","M","M","R","B",null,"M","M","?","M","T","E","R","E","T","M","?","M","?","T","R","B",null],"character_chosen":"REMILIA","items_purchased":["BionicSphere"],"campfire_rested":1,"item_purchase_floors":[19],"current_hp_per_floor":[82,80,78,80,78,79,79,65,65,65,82,77,77,77,77,61,82,82,82,82,82,82,82,58,58,58,58,58,58,58,30,30,54,58,57,58,58,52,52,55,55,44,44,54,54,57,57,57,57,26],"gold":435,"neow_bonus":"TEN_PERCENT_HP_BONUS","is_daily":false,"chose_seed":false,"campfire_upgraded":6,"win_rate":0.0,"timestamp":1612821463,"path_taken":["M","M","?","M","M","E","?","E","T","?","R","E","R","E","R","BOSS","M","$","?","M","?","E","?","E","T","M","?","R","?","M","R","BOSS","M","M","?","M","?","E","R","E","T","M","?","?","?","?","R","BOSS"],"items_purchased_type":["Relic"],"build_version":"2020-12-22","purchased_purges":0,"victory":true,"max_hp_per_floor":[82,82,82,82,82,82,82,82,82,82,82,82,82,82,82,82,82,82,82,82,82,82,82,58,58,58,58,58,58,58,58,58,58,58,58,58,58,58,58,58,58,58,58,58,58,58,58,58,58,58],"card_choices":[{"not_picked":["DevilSight","ForbiddenFruit"],"picked":"UnderTheZenith","floor":1.0},{"not_picked":["ScarletImprint","UnderTheZenith","Stigmanizer","RedRainbow"],"picked":"MastersStateliness","floor":2.0},{"not_picked":["VampireFantasy","ScarletImprint","GlobalNightmare","ForbiddenFruit"],"picked":"CharismaGuard","floor":3.0},{"not_picked":["UltimateOffering","RedNightlessCastle","BlasphemousPunishment","BloodySeventeenLaser"],"picked":"CharismaGuard","floor":4.0},{"not_picked":["ScarletDevilSign","BlasphemousPunishment","BloodyTrap","BloodHunter"],"picked":"EternalNight","floor":5.0},{"not_picked":["ScarletSymphony","Stigmanizer","EndlessAdversity","UltimateOffering"],"picked":"KillingBlow","floor":6.0},{"not_picked":["EndlessAdversity","BlasphemousPunishment","ScarletImprint","GlobalNightmare"],"picked":"DiffusionOfMisfortune","floor":8.0},{"not_picked":["FavorOfDestiny","NightLord","BlasphemousPunishment","ReincarnationDial"],"picked":"RedRainbow","floor":11},{"not_picked":["CharismaGuard","BloodySeventeenLaser","EndlessAdversity","FavorOfDestiny"],"picked":"MastersStateliness","floor":12},{"not_picked":["BloodHunter","EmergencyRegeneration","NightLord","MastersStateliness"],"picked":"DiffusionOfMisfortune","floor":14},{"not_picked":["CurseOfVladTepes","ChaoticDestiny","BloodyHallows","BloodRain"],"picked":"TransientEternity","floor":16},{"not_picked":["CharismaGuard+1","VampireFantasy","ScarletImprint","ChaoticDestiny"],"picked":"MastersStateliness","floor":18},{"not_picked":["Ultimatum","BlasphemousPunishment","FavorOfDestiny","UltimateOffering"],"picked":"ScarletImprint+1","floor":20},{"not_picked":["ScarletImprint","FavorOfDestiny","CharismaGuard","Maim"],"picked":"UnstableMagic+1","floor":21},{"not_picked":["RedNightlessCastle","ScarletGensokyo","AfternoonTea","RedRainbow"],"picked":"CurseOfVladTepes","floor":23},{"not_picked":["ForbiddenFruit+1","Stigmanizer","EndlessAdversity","RedRainbow"],"picked":"VampireFantasy","floor":23},{"not_picked":["FavorOfDestiny+1","UnderTheZenith+1","ScarletSymphony+1","HunterOfTheNight"],"picked":"ScarletImprint","floor":25},{"not_picked":["Stigmanizer","BloodHunter+1","CharismaGuard+1","VampireSweep"],"picked":"AfternoonTea+1","floor":27},{"not_picked":["BloodHunter+1","FavorOfDestiny+1","BloodAndWine+1","RedRainbow"],"picked":"UnderTheZenith+1","floor":30},{"not_picked":["UnderTheZenith+1","BlasphemousPunishment+1","RedRainbow","ReincarnationDial+1"],"picked":"MastersStateliness+1","floor":31},{"not_picked":["BloodRain+1","BloodySeventeenLaser","CurseOfVladTepes","ScarletMeister"],"picked":"TransientEternity","floor":33},{"not_picked":["BlasphemousPunishment+1","ScarletDream+1","EndlessAdversity","DevilSight+1"],"picked":"Stigmanizer","floor":35},{"not_picked":["RedNightlessCastle+1","HunterOfTheNight+1","ForbiddenFruit+1","Stigmanizer"],"picked":"ScarletSymphony+1","floor":36},{"not_picked":["EndlessAdversity+1","CharismaGuard","MastersStateliness","ScarletImprint+1"],"picked":"UnderTheZenith+1","floor":38},{"not_picked":["EmergencyRegeneration+1","Stigmanizer","ScarletDevilSign","CharismaGuard"],"picked":"BloodySeventeenLaser","floor":40},{"not_picked":["ScarletImprint","AfternoonTea+1","Stigmanizer+1","Maim+1"],"picked":"VampireFantasy+1","floor":42},{"not_picked":["ScarletImprint","BloodHunter+1","DiffusionOfMisfortune+1","ScarletDream+1"],"picked":"UnderTheZenith+1","floor":44},{"not_picked":["DevilSight+1","Stigmanizer","BloodAndWine+1","CharismaGuard"],"picked":"DiffusionOfMisfortune","floor":44},{"not_picked":["DiffusionOfMisfortune+1","ScarletSymphony+1","RedNightlessCastle","FavorOfDestiny+1"],"picked":"ScarletMeister","floor":46},{"not_picked":["VampireFantasy+1","CharismaGuard+1","BloodyTrap+1","DevilSight+1"],"picked":"UnstableMagic+1","floor":46},{"not_picked":[],"picked":"CeilingFear","floor":47}],"player_experience":325727,"relics_obtained":[{"floor":1.0,"key":"SynthV:TestCard"},{"floor":3.0,"key":"Meat on the Bone"},{"floor":6.0,"key":"Incense Burner"},{"floor":8.0,"key":"Smiling Mask"},{"floor":9.0,"key":"Dream Catcher"},{"floor":10.0,"key":"WingedGreaves"},{"floor":12,"key":"theSenshi:SailorFukuRelic"},{"floor":14,"key":"Dead Branch"},{"floor":23,"key":"Gambling Chip"},{"floor":23,"key":"Lizard Tail"},{"floor":25,"key":"Tiny Chest"},{"floor":25,"key":"Toxic Egg 2"},{"floor":26,"key":"RedBat"},{"floor":28,"key":"Matryoshka"},{"floor":39,"key":"SynthV:C4"},{"floor":39,"key":"Prayer Wheel"},{"floor":40,"key":"StoneCalendar"},{"floor":40,"key":"ThornShield"},{"floor":42,"key":"Omamori"},{"floor":42,"key":"Letter Opener"},{"floor":43,"key":"RuthlessExorcism:ReiMu"},{"floor":43,"key":"White Beast Statue"},{"floor":48,"key":"Molten Egg 2"}],"event_choices":[],"is_beta":false,"boss_relics":[{"not_picked":["OneHitWonderSystem","GuanYuAspect"],"picked":"Black Star"},{"not_picked":["Runic Pyramid","SacredBark"],"picked":"MariMod:MariFestivalBadge"}],"items_purged_floors":[],"is_endless":false,"potions_floor_spawned":[3,4,5,8,21,25,27,33,35,40,42,44,46],"ascension_level":1}}