{"host":"bz6w3lfmpwgz81o3","time":1612754865,"event":{"mods":["BaseMod","Downfall","Hermit","Minty Spire (QoL Compilation)","StSLib"],"gold_per_floor":[99,112,123,123,141,203,203,203,233,233,233,251,251,19,29,126,126,126,142,154,254,16,30,30,30,50,0,0,0,19,37,49,146,146,146,164,180,94,109,109,109,129,146,160,180,180,55,71,86,86,86,86],"floor_reached":50,"language":"ENG","playtime":3230,"items_purged":["Guardian:Defend_Guardian","Guardian:Strike_Guardian","Guardian:Defend_Guardian"],"score":502,"play_id":"4dbbde33-10f5-4a8c-b61a-bfde94f69b39","local_time":"20210208042745","is_ascension_mode":false,"campfire_choices":[{"data":"Guardian:TwinSlam","floor":1,"key":"SMITH"},{"data":"Guardian:RefractedBeam","floor":8,"key":"SMITH"},{"data":"Guardian:RefractedBeam+2","floor":11,"key":"SMITH"},{"data":"Guardian:RefractedBeam+3","floor":13,"key":"SMITH"},{"data":"Guardian:RevengeProtocol","floor":18,"key":"SMITH"},{"data":"Guardian:RefractedBeam+4","floor":25,"key":"SMITH"},{"data":"Guardian:SpikerProtocol","floor":29,"key":"SMITH"},{"data":"Guardian:RefractedBeam+4","floor":35,"key":"SMITH"},{"data":"1","floor":40,"key":"LIFT"}],"circlet_count":0,"master_deck":["Guardian:Strike_Guardian","Guardian:Strike_Guardian","Guardian:Strike_Guardian","Guardian:Defend_Guardian","Guardian:Defend_Guardian","Guardian:CurlUp","Guardian:TwinSlam+1","Guardian:ShieldSpikes","Guardian:RefractedBeam+5","Guardian:SentryBeam","Guardian:RollAttack","Guardian:ArmoredProtocol","Guardian:GuardianWhirl","Guardian:RefractedBeam+5","Guardian:RevengeProtocol+1","Guardian:Clone+1","Guardian:Incinerate+1","Guardian:DonusPower+1","Guardian:SpikerProtocol+1","Guardian:PiercingHide+1","Guardian:ArmoredProtocol+1","Guardian:ShieldSpikes+1","Guardian:ShieldSpikes+1","Guardian:BodySlam+1"],"relics":["Guardian:ModeShifter","HornCleat","Gremlin Horn","Pen Nib","DollysMirror","Runic Pyramid","Girya","Molten Egg 2","HandDrill","Eternal Feather","Mercury Hourglass","Snecko Eye","Frozen Egg 2","Calipers"],"acts_visited":["Exordium","TheCity","TheBeyond"],"potions_floor_usage":[6,15,16,21,22,33,38,45,48,48,50,50],"damage_taken":[{"damage":8,"enemies":"2 Louse","floor":2,"turns":4},{"damage":0,"enemies":"Small Slimes","floor":3,"turns":3},{"damage":1,"enemies":"Cultist","floor":5,"turns":3},{"damage":2,"enemies":"Lagavulin Event","floor":6,"turns":7},{"damage":0,"enemies":"Gremlin Nob","floor":9,"turns":4},{"damage":12,"enemies":"Blue Slaver","floor":12,"turns":2},{"damage":0,"enemies":"downfall:FleeingMerchant","floor":14,"turns":4},{"damage":9,"enemies":"Gremlin Gang","floor":15,"turns":10},{"damage":4,"enemies":"SI_SHIV_ARCHETYPE","floor":16,"turns":5},{"damage":7,"enemies":"Shell Parasite","floor":19,"turns":3},{"damage":8,"enemies":"Centurion and Healer","floor":20,"turns":2},{"damage":19,"enemies":"Colosseum Nobs","floor":21,"turns":4},{"damage":1,"enemies":"downfall:FleeingMerchant","floor":22,"turns":4},{"damage":5,"enemies":"Cultist and Chosen","floor":23,"turns":8},{"damage":16,"enemies":"Snake Plant","floor":26,"turns":4},{"damage":0,"enemies":"Centurion and Healer","floor":30,"turns":4},{"damage":10,"enemies":"Cultist and Chosen","floor":31,"turns":4},{"damage":0,"enemies":"Snecko","floor":32,"turns":4},{"damage":50,"enemies":"IC_MUSHROOM_ARCHETYPE","floor":33,"turns":6},{"damage":3,"enemies":"3 Darklings","floor":36,"turns":2},{"damage":9,"enemies":"3 Shapes","floor":37,"turns":3},{"damage":0,"enemies":"downfall:FleeingMerchant","floor":38,"turns":3},{"damage":0,"enemies":"Sphere and 2 Shapes","floor":39,"turns":6},{"damage":0,"enemies":"4 Shapes","floor":42,"turns":3},{"damage":17,"enemies":"Spire Growth","floor":43,"turns":6},{"damage":13,"enemies":"Sphere and 2 Shapes","floor":44,"turns":14},{"damage":33,"enemies":"Maw","floor":45,"turns":9},{"damage":9,"enemies":"Transient","floor":48,"turns":5},{"damage":0,"enemies":"Spire Growth","floor":49,"turns":3},{"damage":40,"enemies":"WA_ARCHETYPE_DIVINITY","floor":50,"turns":9}],"seed_played":"-2944339680198668994","potions_obtained":[{"floor":3,"key":"AttackPotion"},{"floor":5,"key":"Fire Potion"},{"floor":6,"key":"Guardian:AcceleratePotion"},{"floor":15,"key":"bronze:BurnAndBuffPotion"},{"floor":19,"key":"SteroidPotion"},{"floor":20,"key":"Guardian:AcceleratePotion"},{"floor":23,"key":"Strength Potion"},{"floor":26,"key":"Dexterity Potion"},{"floor":33,"key":"GamblersBrew"},{"floor":39,"key":"Guardian:AcceleratePotion"},{"floor":45,"key":"FearPotion"},{"floor":46,"key":"Guardian:BlockOnCardUsePotion"},{"floor":46,"key":"Slimebound:ThreeZeroPotion"},{"floor":48,"key":"EssenceOfSteel"}],"is_trial":false,"path_per_floor":["R","M","M","?","M","?","T","R","E","?","R","M","R","$","M","B",null,"R","M","M","?","$","M","T","R","M","?","T","R","M","M","M","B",null,"R","M","M","$","M","R","T","M","M","M","M","?","$","M","M","B"],"character_chosen":"GUARDIAN","items_purchased":["Guardian:GuardianWhirl","DollysMirror","HandDrill","Frozen Egg 2","Guardian:ArmoredProtocol+1"],"campfire_rested":0,"item_purchase_floors":[14,14,22,38,38],"current_hp_per_floor":[88,80,80,80,79,77,77,77,77,77,77,65,65,65,56,52,88,88,81,73,54,53,48,48,60,44,76,76,88,88,78,78,28,88,88,85,76,76,76,88,88,88,71,58,25,25,25,16,16,0,0,0],"gold":86,"neow_bonus":"TEN_PERCENT_HP_BONUS","is_daily":false,"chose_seed":false,"campfire_upgraded":8,"win_rate":0.0,"timestamp":1612754865,"path_taken":["R","M","M","?","M","?","T","R","E","?","R","M","R","$","M","BOSS","R","M","M","?","$","M","T","R","M","?","?","R","M","?","M","BOSS","R","M","M","$","M","R","T","M","M","M","M","?","?","M","M","BOSS"],"items_purchased_type":["Card","Relic","Relic","Relic","Card"],"build_version":"2020-12-22","purchased_purges":3,"victory":false,"max_hp_per_floor":[88,88,88,88,88,88,88,88,88,88,88,88,88,88,88,88,88,88,88,88,88,88,88,88,88,88,88,88,88,88,88,88,88,88,88,88,88,88,88,88,88,88,88,88,88,88,88,88,88,88,88,88],"card_choices":[{"not_picked":["Guardian:TemporalStrike","Guardian:CrystalBeam"],"picked":"Guardian:ShieldSpikes","floor":2},{"not_picked":["Guardian:FloatingOrbs","Guardian:Gem_Green"],"picked":"Guardian:RefractedBeam","floor":3},{"not_picked":["Guardian:ArmoredProtocol","Guardian:WalkerClaw"],"picked":"Guardian:SentryBeam","floor":5},{"not_picked":["Guardian:Emergency","Guardian:TemporalShield"],"picked":"Guardian:RollAttack","floor":6},{"not_picked":["Guardian:Preprogram","Guardian:RollAttack"],"picked":"Guardian:Gem_Cyan","floor":9},{"not_picked":["Guardian:Planning","Guardian:Gem_Cyan"],"picked":"Guardian:ArmoredProtocol","floor":12},{"not_picked":["Guardian:SphericShield","Guardian:TemporalStrike","Guardian:Clone"],"picked":"SKIP","floor":14},{"not_picked":["Guardian:Gem_Red","Guardian:Reroute","Guardian:VentSteam"],"picked":"SKIP","floor":15},{"not_picked":["Guardian:BaubleBeam","Guardian:AncientConstruct"],"picked":"Guardian:RevengeProtocol","floor":16},{"not_picked":["Guardian:PrismaticBarrier","Guardian:RollAttack","Guardian:CrystalBeam"],"picked":"SKIP","floor":19},{"not_picked":["Guardian:Gem_Crimson","Guardian:TemporalShield"],"picked":"Guardian:Clone+1","floor":20},{"not_picked":["Guardian:ShieldCharger","Guardian:TemporalShield"],"picked":"Guardian:Incinerate+1","floor":21},{"not_picked":["Guardian:EvasiveProtocol","Guardian:TimeBomb"],"picked":"Guardian:DonusPower+1","floor":22},{"not_picked":["Guardian:SentryBeam+1","Guardian:Recover","Guardian:CrystalBeam+1"],"picked":"SKIP","floor":23},{"not_picked":["Guardian:Gem_Purple","Guardian:MultiBeam+1"],"picked":"Guardian:SpikerProtocol","floor":26},{"not_picked":["Guardian:EvasiveProtocol","Guardian:Gem_Cyan","Guardian:PrimingBeam+1"],"picked":"SKIP","floor":30},{"not_picked":["Guardian:GuardianWhirl+1","Guardian:RollAttack+1","Guardian:FastForward"],"picked":"SKIP","floor":31},{"not_picked":["Guardian:Planning","Guardian:CrystalBeam+1"],"picked":"Guardian:PiercingHide+1","floor":32},{"not_picked":["Guardian:RollAttack+1","Guardian:TemporalStrike+1","Guardian:PrimingBeam+1"],"picked":"SKIP","floor":36},{"not_picked":["Guardian:Gem_Red","Guardian:PrimingBeam+1","Guardian:Recover+1"],"picked":"SKIP","floor":37},{"not_picked":["Guardian:Incinerate+1","Guardian:Gem_Lightblue","Guardian:PiercingHide"],"picked":"SKIP","floor":38},{"not_picked":["Guardian:Preprogram","Guardian:PrimingBeam+1","Guardian:WalkerClaw+1"],"picked":"SKIP","floor":39},{"not_picked":["Guardian:RefractedBeam+1","Guardian:DonusPower"],"picked":"Guardian:ShieldSpikes+1","floor":42},{"not_picked":["Guardian:RollAttack+1","Guardian:Clone+1"],"picked":"Guardian:ShieldSpikes+1","floor":43},{"not_picked":["Guardian:TemporalStrike+1","Guardian:ChargeCore+1","Guardian:TimeCapacitor+1"],"picked":"SKIP","floor":44},{"not_picked":["Guardian:Reroute+1","Guardian:CrystalBeam+1"],"picked":"Guardian:BodySlam+1","floor":45},{"not_picked":["Guardian:Recover","Guardian:Gem_Yellow","Guardian:PiercingHide"],"picked":"SKIP","floor":48},{"not_picked":["Guardian:BronzeArmor+1","Guardian:Gem_White","Guardian:CrystalBeam+1"],"picked":"SKIP","floor":49}],"player_experience":12526,"relics_obtained":[{"floor":7,"key":"Gremlin Horn"},{"floor":9,"key":"Pen Nib"},{"floor":21,"key":"Girya"},{"floor":21,"key":"Molten Egg 2"},{"floor":24,"key":"Eternal Feather"},{"floor":28,"key":"Mercury Hourglass"},{"floor":41,"key":"Calipers"}],"event_choices":[{"damage_healed":0,"gold_gain":0,"player_choice":"Got Potions","damage_taken":0,"max_hp_gain":0,"max_hp_loss":0,"event_name":"Lab","floor":46,"gold_loss":0}],"is_beta":false,"boss_relics":[{"not_picked":["Velvet Choker","Tiny House"],"picked":"Runic Pyramid"},{"not_picked":["bronze:MakeshiftBattery","Cursed Key"],"picked":"Snecko Eye"}],"items_purged_floors":[22,38,47],"is_endless":false,"potions_floor_spawned":[3,5,6,15,19,20,23,26,33,36,37,39,45,48],"killed_by":"WA_ARCHETYPE_DIVINITY","ascension_level":0}}