{"host":"oopoa2qluour3scl","time":1612805535,"event":{"mods":["2.2 Compatiblity","AchievementEnabler","AlwaysNeverKeys","BaseMod","Better Match","Better Note","Better Sensory Stone","Better Synergies","Better Third Choice","Better Vampires","BetterRewards","Bossed Relics","Colored Powertips","Communication Mod","Infinite Spire","Minty Spire (QoL Compilation)","Practice Mode","Random Character Button","Relic Filter Mod","Relic Stats","Smile Girya","StS++","StSLib","SuperFastMode","Swap Starting Deck Mod","Weighted Paths"],"gold_per_floor":[115,115,125,125,135,135,165,184,210,275,340,340,352,387,387,494,494,529,489,489,508,52,52,52,2,2,21,52,71,71,85,85,184,184,203,216,141,152,154,183,205,205,229,253,255,255,302,302,302,412,412,440,462,206,208,210,235,235,256,256,264,264,264,291,300,300,422,422,435,435,444,464,26,26,39,39,63,63,63,62,62],"floor_reached":80,"language":"ENG","playtime":5447,"items_purged":["WindmillStrike","Parasite","Regret"],"score":1487,"play_id":"dc0b3929-950d-4573-88af-2598b6ea227e","local_time":"20210208183215","is_ascension_mode":false,"campfire_choices":[{"data":"Pray","floor":6,"key":"SMITH"},{"data":"BattleHymn","floor":12,"key":"SMITH"},{"data":"Omniscience","floor":15,"key":"SMITH"},{"data":"Apotheosis","floor":24,"key":"SMITH"},{"data":"Blasphemy","floor":32,"key":"SMITH"},{"data":"Alpha","floor":42,"key":"SMITH"},{"floor":46,"key":"REST"},{"data":"Prostrate","floor":49,"key":"SMITH"},{"data":"infinitespire:Collect","floor":58,"key":"SMITH"},{"data":"Ghostly","floor":63,"key":"SMITH"},{"floor":66,"key":"REST"},{"data":"1","floor":74,"key":"LIFT"},{"data":"2","floor":78,"key":"LIFT"}],"circlet_count":0,"master_deck":["ReachHeaven","ReachHeaven+1","ReachHeaven+1","Prostrate+1","Prostrate","Prostrate","Prostrate+1","Prostrate+1","Pray+1","Sanctity","Bandage Up+1","Perseverance+1","Blasphemy+1","BattleHymn+1","Omniscience+1","WindmillStrike+1","LessonLearned+1","Pray","Seek+1","Study","Apotheosis+1","Ghostly+1","Ghostly+1","Ghostly","Ghostly","Ghostly","Pray+1","StSpp:Patience+1","ThirdEye+1","infinitespire:Collect+1","Alpha+1","Devotion+1","StSpp:Purify","MasterReality+1","Prostrate+1","infinitespire:Gouge","Meditate"],"relics":["HolyWater","swapstartingdeckmod:DeadBlossom","Pen Nib","Happy Flower","Juzu Bracelet","infinitespire:Midas Blood","Orichalcum","infinitespire:Cupcake","CloakClasp","Meat on the Bone","infinitespire:ShieldingShard","MealTicket","Runic Pyramid","StSpp:PetrifiedCaterpillar","CeramicFish","Bird Faced Urn","Philosopher\u0027s Stone","Blood Vial","StoneCalendar","Odd Mushroom","Yang","Bloody Idol","Girya","Blue Candle","MutagenicStrength","infinitespire:CheckeredPen","betterThird:NestCultRelic","Strawberry"],"acts_visited":["Exordium","TheCity","TheBeyond","Exordium","TheCity"],"potions_floor_usage":[8,16,16,16,28,31,33,36,47,50],"damage_taken":[{"damage":7,"enemies":"Small Slimes","floor":1,"turns":2},{"damage":0,"enemies":"2 Louse","floor":3,"turns":2},{"damage":0,"enemies":"Jaw Worm","floor":5,"turns":2},{"damage":1,"enemies":"3 Sentries","floor":7,"turns":3},{"damage":0,"enemies":"2 Fungi Beasts","floor":8,"turns":2},{"damage":15,"enemies":"Lagavulin Event","floor":11,"turns":3},{"damage":0,"enemies":"Large Slime","floor":13,"turns":2},{"damage":0,"enemies":"Gremlin Nob","floor":14,"turns":2},{"damage":15,"enemies":"Hexaghost","floor":16,"turns":4},{"damage":9,"enemies":"3 Byrds","floor":18,"turns":3},{"damage":0,"enemies":"Spheric Guardian","floor":21,"turns":2},{"damage":0,"enemies":"Centurion and Healer","floor":27,"turns":3},{"damage":0,"enemies":"Nightmare","floor":28,"turns":6},{"damage":0,"enemies":"3 Cultists","floor":29,"turns":3},{"damage":0,"enemies":"Shelled Parasite and Fungi","floor":31,"turns":3},{"damage":0,"enemies":"Champ","floor":33,"turns":5},{"damage":0,"enemies":"Orb Walker","floor":35,"turns":2},{"damage":0,"enemies":"3 Darklings","floor":36,"turns":2},{"damage":0,"enemies":"Writhing Mass","floor":38,"turns":3},{"damage":0,"enemies":"Nemesis","floor":40,"turns":3},{"damage":7,"enemies":"4 Shapes","floor":41,"turns":3},{"damage":0,"enemies":"Spire Growth","floor":44,"turns":3},{"damage":0,"enemies":"Giant Head","floor":47,"turns":5},{"damage":9,"enemies":"Time Eater","floor":50,"turns":8},{"damage":0,"enemies":"Jaw Worm","floor":52,"turns":2},{"damage":0,"enemies":"2 Louse","floor":53,"turns":2},{"damage":0,"enemies":"Gremlin Nob","floor":57,"turns":2},{"damage":0,"enemies":"The Mushroom Lair","floor":59,"turns":3},{"damage":0,"enemies":"Small Slimes","floor":61,"turns":2},{"damage":1,"enemies":"3 Sentries","floor":64,"turns":3},{"damage":0,"enemies":"The Guardian","floor":67,"turns":4},{"damage":0,"enemies":"Shell Parasite","floor":69,"turns":2},{"damage":0,"enemies":"Spheric Guardian","floor":72,"turns":2},{"damage":0,"enemies":"3 Cultists","floor":75,"turns":3},{"damage":55,"enemies":"Gremlin Leader","floor":80,"turns":2}],"seed_played":"-6823829321062189233","potions_obtained":[{"floor":1,"key":"Swift Potion"},{"floor":5,"key":"Strength Potion"},{"floor":8,"key":"LiquidBronze"},{"floor":11,"key":"PowerPotion"},{"floor":13,"key":"infinitespire:BlackPotion"},{"floor":16,"key":"Weak Potion"},{"floor":21,"key":"DistilledChaos"},{"floor":27,"key":"Block Potion"},{"floor":33,"key":"Regen Potion"},{"floor":35,"key":"PowerPotion"},{"floor":44,"key":"SneckoOil"},{"floor":47,"key":"FearPotion"},{"floor":53,"key":"StSpp:ScatteredPotion"},{"floor":59,"key":"CultistPotion"},{"floor":64,"key":"CultistPotion"},{"floor":72,"key":"Energy Potion"}],"is_trial":false,"path_per_floor":["M","?","M","?","M","R","E","M","T","?","?","R","M","E","R","B",null,"M","?","?","M","$","?","R","?","T","M","NM","M","$","M","R","B",null,"M","M","$","M","?","E","M","R","T","M","?","R","E","?","R","B",null,"M","M","$","?","?","E","R","?","T","M","?","R","E","?","R","B",null,"M","?","?","M","$","R","M","?","T","R","?","E"],"character_chosen":"WATCHER","items_purchased":["Apotheosis","CloakClasp","Blood Vial","infinitespire:CheckeredPen","Meditate"],"campfire_rested":2,"item_purchase_floors":[22,22,54,73,73],"current_hp_per_floor":[65,65,65,65,67,67,68,70,70,70,55,55,55,55,55,42,72,63,63,63,63,63,36,36,36,36,36,36,36,36,36,36,36,36,36,36,36,36,27,27,23,23,23,23,17,22,25,25,25,31,36,36,36,33,26,19,22,22,28,28,30,30,30,30,30,31,31,31,31,31,31,31,31,31,31,31,35,35,35,0,0],"gold":62,"neow_bonus":"","is_daily":false,"chose_seed":false,"campfire_upgraded":9,"win_rate":0.0,"timestamp":1612805535,"path_taken":["M","?","M","?","M","R","E","M","T","?","?","R","M","E","R","BOSS","M","?","?","M","$","?","R","?","T","M","NM","M","?","M","R","BOSS","M","M","$","M","?","E","M","R","T","M","?","R","E","?","R","BOSS","M","M","$","?","?","E","R","?","T","M","?","R","E","?","R","BOSS","M","?","?","M","$","R","M","?","T","R","?","E"],"items_purchased_type":["Card","Relic","Relic","Relic","Card"],"build_version":"2020-12-22","purchased_purges":3,"victory":false,"max_hp_per_floor":[72,72,72,72,72,72,72,72,72,72,72,72,72,72,72,72,72,72,72,72,72,72,36,36,36,36,36,36,36,36,36,36,36,36,36,36,36,36,36,36,36,36,36,36,36,36,36,36,36,36,36,36,36,33,33,33,33,33,33,33,33,31,31,31,31,31,31,31,31,31,31,31,31,31,31,31,38,38,38,38,38],"relic_stats":{"Happy Flower":[31],"counters":[158,568],"CeramicFish":63,"Blue Candle":[1],"StoneCalendar":[0],"Yang":[20],"Pen Nib":[15],"Juzu Bracelet":4,"CloakClasp":[203],"Orichalcum":[126],"Blood Vial":5,"Bird Faced Urn":[9],"Bloody Idol":14,"MealTicket":0,"obtain_stats":[{"infinitespire:BottledMercury":24,"Tiny House":34,"CeramicFish":48,"Vajra":28,"Whetstone":26,"Ginger":54,"StSpp:PetrifiedCaterpillar":40,"Bottled Tornado":43,"Sling":20,"Boot":25,"Old Coin":7,"Sozu":0,"Blood Vial":54,"Centennial Puzzle":14,"HornCleat":30,"infinitespire:ShieldingShard":26,"Sundial":42,"Strawberry":77,"MealTicket":26,"infinitespire:Golems Mask":36,"Philosopher\u0027s Stone":51,"Toxic Egg 2":26,"Girya":37,"Happy Flower":7,"Dead Branch":31,"Astrolabe":34,"Blue Candle":65,"Oddly Smooth Stone":9,"Pen Nib":4,"Letter Opener":24,"Question Card":38,"Cables":0,"Bottled Flame":10,"Shuriken":38,"Bronze Scales":0,"Bird Faced Urn":9,"MutagenicStrength":71,"Snecko Eye":17,"Molten Egg 2":26,"Pandora\u0027s Box":17,"StrikeDummy":6,"Unceasing Top":0,"Pocketwatch":6,"Meat on the Bone":0,"infinitespire:Cupcake":17,"Darkstone Periapt":29,"Regal Pillow":0,"Singing Bowl":25,"Melange":20,"Yang":40,"StoneCalendar":57,"Bag of Preparation":53,"Juzu Bracelet":9,"CloakClasp":22,"Cursed Key":17,"Smiling Mask":40,"SsserpentHead":6,"Nunchaku":53,"Mummified Hand":0,"Pantograph":0,"Gambling Chip":37,"infinitespire:Eraser":39,"Cracked Core":0,"Runic Pyramid":34,"StSpp:SailorCap":10,"Lee\u0027s Waffle":19,"NeowsBlessing":0,"Golden Idol":0,"Damaru":23,"betterThird:NestCultRelic":76,"infinitespire:Lucky Rock":9,"infinitespire:CheckeredPen":73,"Frozen Egg 2":23,"Orichalcum":31,"Odd Mushroom":59,"GoldenEye":8,"swapstartingdeckmod:DeadBlossom":0,"DataDisk":40,"Anchor":11,"Bloody Idol":79,"infinitespire:Satchel":4,"HolyWater":68,"Turnip":23,"Coffee Dripper":34,"Bag of Marbles":6,"Bottled Lightning":54,"Membership Card":53,"PureWater":29,"Toy Ornithopter":23,"FossilizedHelix":20,"TungstenRod":0,"infinitespire:Midas Blood":11},{"infinitespire:BottledMercury":115,"Tiny House":91,"CeramicFish":30,"Vajra":20,"Whetstone":4,"Ginger":73,"StSpp:PetrifiedCaterpillar":143,"Bottled Tornado":28,"Sling":43,"Boot":62,"Old Coin":106,"Sozu":0,"Blood Vial":149,"Centennial Puzzle":110,"HornCleat":21,"infinitespire:ShieldingShard":134,"Sundial":69,"Strawberry":157,"MealTicket":86,"infinitespire:Golems Mask":120,"Philosopher\u0027s Stone":147,"Toxic Egg 2":62,"Girya":25,"Happy Flower":127,"Dead Branch":64,"Astrolabe":65,"Blue Candle":153,"Oddly Smooth Stone":51,"Pen Nib":125,"Letter Opener":45,"Question Card":25,"Cables":0,"Bottled Flame":39,"Shuriken":25,"Bronze Scales":0,"Bird Faced Urn":9,"MutagenicStrength":155,"Snecko Eye":42,"Molten Egg 2":19,"Pandora\u0027s Box":82,"StrikeDummy":37,"Unceasing Top":74,"Pocketwatch":9,"Meat on the Bone":74,"infinitespire:Cupcake":132,"Darkstone Periapt":116,"Regal Pillow":33,"Singing Bowl":19,"Melange":83,"Yang":95,"StoneCalendar":150,"Bag of Preparation":72,"Juzu Bracelet":128,"CloakClasp":134,"Cursed Key":56,"Smiling Mask":67,"SsserpentHead":100,"Nunchaku":31,"Mummified Hand":0,"Pantograph":0,"Gambling Chip":93,"infinitespire:Eraser":121,"Cracked Core":0,"Runic Pyramid":139,"StSpp:SailorCap":78,"Lee\u0027s Waffle":112,"NeowsBlessing":104,"Golden Idol":0,"Damaru":85,"betterThird:NestCultRelic":157,"infinitespire:Lucky Rock":106,"infinitespire:CheckeredPen":156,"Frozen Egg 2":17,"Orichalcum":90,"Odd Mushroom":151,"GoldenEye":38,"swapstartingdeckmod:DeadBlossom":123,"DataDisk":27,"Anchor":53,"Bloody Idol":157,"infinitespire:Satchel":105,"HolyWater":154,"Turnip":61,"Coffee Dripper":23,"Bag of Marbles":50,"Bottled Lightning":32,"Membership Card":72,"PureWater":88,"Toy Ornithopter":3,"FossilizedHelix":58,"TungstenRod":74,"infinitespire:Midas Blood":129},{"infinitespire:BottledMercury":433,"Tiny House":330,"CeramicFish":94,"Vajra":64,"Whetstone":18,"Ginger":259,"StSpp:PetrifiedCaterpillar":522,"Bottled Tornado":90,"Sling":156,"Boot":217,"Old Coin":386,"Sozu":0,"Blood Vial":545,"Centennial Puzzle":398,"HornCleat":66,"infinitespire:ShieldingShard":492,"Sundial":240,"Strawberry":566,"MealTicket":309,"infinitespire:Golems Mask":456,"Philosopher\u0027s Stone":541,"Toxic Egg 2":217,"Girya":81,"Happy Flower":474,"Dead Branch":223,"Astrolabe":228,"Blue Candle":555,"Oddly Smooth Stone":180,"Pen Nib":469,"Letter Opener":167,"Question Card":81,"Cables":0,"Bottled Flame":133,"Shuriken":81,"Bronze Scales":0,"Bird Faced Urn":31,"MutagenicStrength":561,"Snecko Eye":150,"Molten Egg 2":61,"Pandora\u0027s Box":293,"StrikeDummy":121,"Unceasing Top":262,"Pocketwatch":31,"Meat on the Bone":262,"infinitespire:Cupcake":487,"Darkstone Periapt":437,"Regal Pillow":102,"Singing Bowl":61,"Melange":297,"Yang":349,"StoneCalendar":547,"Bag of Preparation":255,"Juzu Bracelet":476,"CloakClasp":492,"Cursed Key":196,"Smiling Mask":234,"SsserpentHead":370,"Nunchaku":96,"Mummified Hand":0,"Pantograph":0,"Gambling Chip":340,"infinitespire:Eraser":459,"Cracked Core":0,"Runic Pyramid":512,"StSpp:SailorCap":276,"Lee\u0027s Waffle":419,"NeowsBlessing":384,"Golden Idol":0,"Damaru":304,"betterThird:NestCultRelic":566,"infinitespire:Lucky Rock":386,"infinitespire:CheckeredPen":563,"Frozen Egg 2":54,"Orichalcum":325,"Odd Mushroom":550,"GoldenEye":124,"swapstartingdeckmod:DeadBlossom":465,"DataDisk":86,"Anchor":185,"Bloody Idol":566,"infinitespire:Satchel":385,"HolyWater":559,"Turnip":213,"Coffee Dripper":73,"Bag of Marbles":178,"Bottled Lightning":99,"Membership Card":255,"PureWater":318,"Toy Ornithopter":14,"FossilizedHelix":203,"TungstenRod":262,"infinitespire:Midas Blood":479}],"Meat on the Bone":0},"card_choices":[{"not_picked":["EmptyMind","Pray"],"picked":"Sanctity","floor":1},{"not_picked":["Swift Strike","StSpp:Cataclysm"],"picked":"Bandage Up","floor":2},{"not_picked":["JustLucky","StSpp:LatentStrike"],"picked":"Perseverance","floor":3},{"not_picked":["EmptyFist","Prostrate","StSpp:Chanting"],"picked":"SKIP","floor":5},{"not_picked":["Prostrate","FlyingSleeves"],"picked":"Blasphemy","floor":7},{"not_picked":["Prostrate","ClearTheMind"],"picked":"WindmillStrike","floor":8},{"not_picked":["ThirdEye","Perseverance"],"picked":"BattleHymn","floor":11},{"not_picked":["Evaluate","ReachHeaven"],"picked":"Omniscience","floor":13},{"not_picked":["FlurryOfBlows","CutThroughFate"],"picked":"WindmillStrike","floor":14},{"not_picked":["StSpp:Patience","Omniscience"],"picked":"LessonLearned","floor":16},{"not_picked":["SashWhip","TalkToTheHand"],"picked":"Pray","floor":18},{"not_picked":["ClearTheMind+1","EmptyBody"],"picked":"Study","floor":21},{"not_picked":["StSpp:LatentStrike+1","CrushJoints","Crescendo"],"picked":"SKIP","floor":27},{"not_picked":["StSpp:LatentStrike+1","CrushJoints","Crescendo"],"picked":"SKIP","floor":27},{"not_picked":["StSpp:LatentStrike","FollowUp","StSpp:Renounce"],"picked":"SKIP","floor":28},{"not_picked":["CutThroughFate","CarveReality","JustLucky"],"picked":"SKIP","floor":29},{"not_picked":["Prostrate","Blasphemy"],"picked":"Pray+1","floor":31},{"not_picked":["StSpp:VitalPoint","LessonLearned"],"picked":"StSpp:Patience","floor":33},{"not_picked":["Nirvana","Halt"],"picked":"ThirdEye+1","floor":35},{"not_picked":["StSpp:Renounce","Weave+1","CrushJoints"],"picked":"SKIP","floor":36},{"not_picked":["SashWhip","LikeWater+1","StSpp:Chanting"],"picked":"SKIP","floor":38},{"not_picked":["infinitespire:Execution","infinitespire:Starlight"],"picked":"infinitespire:Collect","floor":39},{"not_picked":["ForeignInfluence+1","SandsOfTime"],"picked":"Alpha","floor":40},{"not_picked":["DeceiveReality","Conclude"],"picked":"ReachHeaven+1","floor":41},{"not_picked":["Tantrum+1","Indignation+1","Consecrate"],"picked":"SKIP","floor":44},{"not_picked":["FlurryOfBlows","Conclude+1","PathToVictory"],"picked":"SKIP","floor":47},{"not_picked":["DevaForm","StSpp:Faith"],"picked":"Devotion","floor":50},{"not_picked":["JustLucky","SashWhip"],"picked":"StSpp:Purify","floor":52},{"not_picked":["CutThroughFate","ClearTheMind","Consecrate"],"picked":"SKIP","floor":53},{"not_picked":["CrushJoints","Consecrate","ForeignInfluence"],"picked":"SKIP","floor":57},{"not_picked":["WheelKick","SashWhip","Vengeance"],"picked":"SKIP","floor":61},{"not_picked":["FlyingSleeves","StSpp:VitalPoint","Tantrum"],"picked":"SKIP","floor":64},{"not_picked":["DevaForm","Ragnarok"],"picked":"MasterReality","floor":67},{"not_picked":["WreathOfFlame+1","ThirdEye+1"],"picked":"Prostrate+1","floor":69},{"not_picked":["infinitespire:Execution","infinitespire:Oblivion"],"picked":"infinitespire:Gouge","floor":71},{"not_picked":["JustLucky+1","FollowUp","DeceiveReality+1"],"picked":"SKIP","floor":72},{"not_picked":["Halt+1","Conclude","StSpp:TimeDodge"],"picked":"SKIP","floor":75}],"player_experience":506403,"relics_obtained":[{"floor":4,"key":"Pen Nib"},{"floor":7,"key":"Happy Flower"},{"floor":9,"key":"Juzu Bracelet"},{"floor":11,"key":"infinitespire:Midas Blood"},{"floor":14,"key":"Orichalcum"},{"floor":26,"key":"infinitespire:ShieldingShard"},{"floor":28,"key":"MealTicket"},{"floor":40,"key":"StSpp:PetrifiedCaterpillar"},{"floor":43,"key":"CeramicFish"},{"floor":47,"key":"Bird Faced Urn"},{"floor":57,"key":"StoneCalendar"},{"floor":59,"key":"Odd Mushroom"},{"floor":60,"key":"Yang"},{"floor":64,"key":"Girya"},{"floor":77,"key":"Strawberry"}],"event_choices":[{"damage_healed":0,"gold_gain":1,"player_choice":"1","damage_taken":0,"max_hp_gain":0,"max_hp_loss":0,"event_name":"betterStone:BetterStone","floor":2,"gold_loss":0},{"damage_healed":0,"gold_gain":65,"player_choice":"Gained Gold","damage_taken":0,"max_hp_gain":0,"max_hp_loss":0,"event_name":"Golden Wing","floor":10,"gold_loss":0},{"damage_healed":0,"gold_gain":0,"player_choice":"Searched \u00272\u0027 times","damage_taken":0,"max_hp_gain":0,"max_hp_loss":0,"event_name":"Dead Adventurer","floor":11,"gold_loss":0},{"damage_healed":0,"gold_gain":0,"player_choice":"Upgraded Two","damage_taken":0,"max_hp_gain":0,"max_hp_loss":0,"event_name":"Designer","floor":19,"gold_loss":40,"cards_upgraded":["Bandage Up","WindmillStrike"]},{"cards_removed":["Blasphemy"],"damage_healed":0,"gold_gain":0,"player_choice":"Take \u0026 Give","damage_taken":0,"max_hp_gain":0,"max_hp_loss":0,"event_name":"betterNote:BetterNote","floor":20,"gold_loss":0,"cards_obtained":["Seek"]},{"damage_healed":0,"gold_gain":0,"player_choice":"Became a Ghost","damage_taken":0,"max_hp_gain":0,"max_hp_loss":36,"event_name":"Ghosts","floor":23,"gold_loss":0,"cards_obtained":["Ghostly","Ghostly","Ghostly","Ghostly","Ghostly"]},{"damage_healed":0,"gold_gain":0,"player_choice":"Paid Gold","damage_taken":0,"relics_obtained":["Meat on the Bone"],"max_hp_gain":0,"max_hp_loss":0,"event_name":"WeMeetAgain","floor":25,"gold_loss":50},{"damage_healed":0,"gold_gain":0,"player_choice":"Random: Green","damage_taken":0,"max_hp_gain":0,"max_hp_loss":0,"event_name":"betterThird:BetterPortal","floor":45,"gold_loss":0},{"damage_healed":0,"gold_gain":0,"player_choice":"","damage_taken":6,"max_hp_gain":0,"max_hp_loss":0,"event_name":"Knowing Skull","floor":45,"potions_obtained":[],"gold_loss":0,"cards_obtained":[]},{"cards_removed":["ReachHeaven"],"damage_healed":0,"gold_gain":0,"player_choice":"Removed Attack","damage_taken":0,"max_hp_gain":0,"max_hp_loss":0,"event_name":"Falling","floor":48,"gold_loss":0},{"cards_removed":["ReachHeaven"],"damage_healed":0,"gold_gain":0,"player_choice":"Card Removal","damage_taken":7,"max_hp_gain":0,"max_hp_loss":0,"event_name":"Golden Wing","floor":55,"gold_loss":0},{"damage_healed":26,"gold_gain":0,"player_choice":"Upgrade","damage_taken":7,"max_hp_gain":0,"max_hp_loss":33,"event_name":"betterThird:BetterShining","floor":56,"gold_loss":0,"cards_upgraded":["LessonLearned","Devotion"]},{"damage_healed":0,"gold_gain":0,"player_choice":"Fought Mushrooms","damage_taken":0,"max_hp_gain":0,"max_hp_loss":0,"event_name":"Mushrooms","floor":59,"gold_loss":0},{"damage_healed":0,"gold_gain":0,"player_choice":"Lose Max HP","damage_taken":0,"relics_obtained":["Golden Idol"],"max_hp_gain":0,"max_hp_loss":2,"event_name":"Golden Idol","floor":62,"gold_loss":0},{"damage_healed":0,"gold_gain":0,"player_choice":"Box","damage_taken":0,"relics_obtained":["Blue Candle"],"max_hp_gain":0,"max_hp_loss":0,"event_name":"Big Fish","floor":65,"gold_loss":0,"cards_obtained":["Regret"]},{"damage_healed":0,"gold_gain":0,"player_choice":"Upgraded","damage_taken":0,"max_hp_gain":0,"max_hp_loss":0,"event_name":"Upgrade Shrine","floor":70,"gold_loss":0,"cards_upgraded":["MasterReality"]},{"damage_healed":0,"gold_gain":0,"player_choice":"Inject Mutagens","damage_taken":0,"relics_obtained":["MutagenicStrength"],"max_hp_gain":0,"max_hp_loss":0,"event_name":"Drug Dealer","floor":71,"gold_loss":0},{"damage_healed":0,"gold_gain":0,"player_choice":"Madness","damage_taken":0,"relics_obtained":["betterThird:NestCultRelic"],"max_hp_gain":0,"max_hp_loss":0,"event_name":"betterThird:BetterNest","floor":76,"gold_loss":0},{"damage_healed":0,"gold_gain":0,"player_choice":"Gave Idol","damage_taken":0,"relics_obtained":["Bloody Idol"],"max_hp_gain":0,"max_hp_loss":0,"event_name":"Forgotten Altar","floor":79,"relics_lost":["Golden Idol"],"gold_loss":0}],"is_beta":false,"boss_relics":[{"not_picked":["HolyWater","Sozu"],"picked":"infinitespire:Cupcake"},{"not_picked":["Velvet Choker","StSpp:Magatama"],"picked":"Runic Pyramid"},{"not_picked":["Runic Dome","Busted Crown"],"picked":"Philosopher\u0027s Stone"},{"not_picked":["Sozu","StSpp:FireArrow"],"picked":"HolyWater"}],"items_purged_floors":[37,54,73],"is_endless":true,"potions_floor_spawned":[1,5,8,11,13,16,21,27,33,35,44,47,53,59,61,64,72],"killed_by":"Gremlin Leader","ascension_level":0}}