{"host":"Ovy","time":1612827637,"event":{"mods":["AchievementEnabler","BaseMod","Minty Spire (QoL Compilation)","Relic Stats"],"gold_per_floor":[366,366,366,382,399,399,136,155,155,186,205,237,256,267,267,344,344,355,83,100,115,128,128,163,183,183,195,207,134,146,169,181,267,279,306,334,346,374,406,447,62,62,143,155,155,166,166,166,166,166,166,166,166,2,32,32,32],"floor_reached":56,"language":"ENG","playtime":4783,"items_purged":["Strike_G","Bouncing Flask"],"score":2026,"play_id":"7a9569b9-bc52-4118-a17e-855c91c19da9","local_time":"20210208184037","is_ascension_mode":true,"campfire_choices":[{"data":"Dagger Spray","floor":6.0,"key":"SMITH"},{"floor":15.0,"key":"REST"},{"floor":23.0,"key":"REST"},{"floor":27.0,"key":"REST"},{"data":"Tactician","floor":30.0,"key":"SMITH"},{"data":"Leg Sweep","floor":32.0,"key":"SMITH"},{"floor":42.0,"key":"RECALL"},{"floor":49.0,"key":"REST"},{"floor":53,"key":"REST"}],"circlet_count":0,"master_deck":["AscendersBane","Survivor","Neutralize","Dagger Spray+1","Poisoned Stab","Masterful Stab","Choke","Flash of Steel","Phantasmal Killer","Quick Slash","Tools of the Trade+1","Poisoned Stab","Cloak And Dagger","Storm of Steel","Heel Hook","Cloak And Dagger","Tactician+1","Phantasmal Killer","Escape Plan","Bouncing Flask","Underhanded Strike","Eviscerate","Eviscerate","Prepared+1","Acrobatics","Acrobatics","Acrobatics","Escape Plan","Leg Sweep+1","Prepared+1","Prepared+1","Wraith Form v2+1","Madness","Madness","Blur","Eviscerate","Doppelganger"],"relics":["Ring of the Snake","Gremlin Horn","Tough Bandages","Frozen Egg 2","Pandora\u0027s Box","Gambling Chip","MawBank","Lantern","HoveringKite","Bag of Preparation","Bronze Scales","Akabeko"],"acts_visited":["Exordium","TheCity","TheBeyond","TheEnding"],"potions_floor_usage":[55,56],"damage_taken":[{"damage":0.0,"enemies":"2 Louse","floor":1.0,"turns":4.0},{"damage":2.0,"enemies":"Jaw Worm","floor":4.0,"turns":5.0},{"damage":2.0,"enemies":"Cultist","floor":5.0,"turns":4.0},{"damage":8.0,"enemies":"Lots of Slimes","floor":8.0,"turns":4.0},{"damage":9.0,"enemies":"3 Sentries","floor":10.0,"turns":5.0},{"damage":0.0,"enemies":"Blue Slaver","floor":11.0,"turns":2.0},{"damage":24.0,"enemies":"Lagavulin","floor":12.0,"turns":5.0},{"damage":0.0,"enemies":"3 Louse","floor":13.0,"turns":1.0},{"damage":7.0,"enemies":"Exordium Thugs","floor":14.0,"turns":3.0},{"damage":0.0,"enemies":"Hexaghost","floor":16.0,"turns":8.0},{"damage":0.0,"enemies":"Chosen","floor":18.0,"turns":3.0},{"damage":12.0,"enemies":"2 Thieves","floor":20.0,"turns":4.0},{"damage":14.0,"enemies":"Snake Plant","floor":21.0,"turns":4.0},{"damage":15.0,"enemies":"Chosen and Byrds","floor":22.0,"turns":4.0},{"damage":24.0,"enemies":"Gremlin Leader","floor":24.0,"turns":4.0},{"damage":0.0,"enemies":"Cultist and Chosen","floor":25.0,"turns":2.0},{"damage":0.0,"enemies":"Sentry and Sphere","floor":31.0,"turns":2.0},{"damage":1.0,"enemies":"Collector","floor":33.0,"turns":5.0},{"damage":0.0,"enemies":"Orb Walker","floor":35.0,"turns":2.0},{"damage":0.0,"enemies":"3 Shapes","floor":36.0,"turns":2.0},{"damage":0.0,"enemies":"Maw","floor":38.0,"turns":5.0},{"damage":0.0,"enemies":"4 Shapes","floor":39.0,"turns":3.0},{"damage":0.0,"enemies":"Nemesis","floor":40.0,"turns":5.0},{"damage":16.0,"enemies":"Writhing Mass","floor":44.0,"turns":6.0},{"damage":0.0,"enemies":"Sphere and 2 Shapes","floor":46.0,"turns":3.0},{"damage":24.0,"enemies":"Donu and Deca","floor":50.0,"turns":10.0},{"damage":13.0,"enemies":"Awakened One","floor":51.0,"turns":15.0},{"damage":37,"enemies":"Shield and Spear","floor":55,"turns":11},{"damage":105,"enemies":"The Heart","floor":56,"turns":3}],"seed_played":"-4103168625637373905","potions_obtained":[{"floor":4.0,"key":"LiquidBronze"},{"floor":10.0,"key":"SmokeBomb"},{"floor":11.0,"key":"GamblersBrew"},{"floor":14.0,"key":"EssenceOfSteel"},{"floor":18.0,"key":"Dexterity Potion"},{"floor":24.0,"key":"BlessingOfTheForge"},{"floor":25.0,"key":"EssenceOfSteel"},{"floor":33.0,"key":"Block Potion"},{"floor":36.0,"key":"Block Potion"},{"floor":44.0,"key":"Strength Potion"}],"is_trial":false,"path_per_floor":["M","?","?","M","M","R","$","M","T","E","M","E","M","M","R","B",null,"M","$","M","M","M","R","E","M","T","R","?","?","R","M","R","B",null,"M","M","?","M","M","E","$","R","T","M","?","M","?","?","R","B","B",null,"R","$","E","B"],"character_chosen":"THE_SILENT","items_purchased":["Choke","Flash of Steel","AttackPotion","Eviscerate","Prepared","DistilledChaos","Wraith Form v2+1","Bronze Scales","Eviscerate","Regen Potion","Eviscerate"],"campfire_rested":5,"item_purchase_floors":[7,7,7,19,19,19,41,41,41,54,54],"current_hp_per_floor":[59,52,57,55,53,53,53,45,45,36,36,12,12,5,24,24,55,55,55,43,29,14,33,9,9,9,28,28,28,28,28,28,27,56,56,56,56,56,56,56,56,56,56,40,28,28,28,28,47,23,10,51,65,65,43,0,0],"gold":32,"neow_bonus":"TWO_FIFTY_GOLD","is_daily":false,"chose_seed":false,"campfire_upgraded":3,"win_rate":0.0,"timestamp":1612827637,"path_taken":["M","?","?","M","?","R","$","M","T","E","M","E","?","M","R","BOSS","M","$","?","M","M","R","E","?","T","R","?","?","R","M","R","BOSS","M","M","?","?","M","E","$","R","T","M","?","M","?","?","R","BOSS","BOSS","R","$","E","BOSS"],"items_purchased_type":["Card","Card","Potion","Card","Card","Potion","Card","Relic","Card","Potion","Card"],"build_version":"2020-12-18","purchased_purges":2,"victory":false,"max_hp_per_floor":[60,60,65,65,65,65,65,65,65,65,65,65,65,65,65,65,65,65,65,65,65,65,65,65,65,65,65,65,65,65,65,65,65,65,65,65,65,65,65,65,65,65,65,65,65,65,65,65,65,65,65,65,65,65,65,65,65],"relic_stats":{"Tough Bandages":[1155],"Gremlin Horn":[26,26],"counters":[29,134],"Gambling Chip":[62],"Bronze Scales":[201],"HoveringKite":[64],"Pandora\u0027s Box":["Bouncing Flask","Heel Hook","Cloak And Dagger","Tactician","Phantasmal Killer","Escape Plan","Bouncing Flask","Underhanded Strike"],"Bag of Preparation":[12],"MawBank":180,"obtain_stats":[{"Tough Bandages":10,"Lantern":29,"Gremlin Horn":9,"Gambling Chip":24,"Bronze Scales":41,"HoveringKite":34,"Pandora\u0027s Box":17,"Bag of Preparation":40,"Frozen Egg 2":12,"MawBank":26,"Akabeko":55,"Ring of the Snake":0},{"Tough Bandages":5,"Lantern":16,"Gremlin Horn":4,"Gambling Chip":15,"Bronze Scales":23,"HoveringKite":18,"Pandora\u0027s Box":10,"Bag of Preparation":23,"Frozen Egg 2":7,"MawBank":16,"Akabeko":28,"Ring of the Snake":0},{"Tough Bandages":22,"Lantern":62,"Gremlin Horn":17,"Gambling Chip":60,"Bronze Scales":86,"HoveringKite":69,"Pandora\u0027s Box":41,"Bag of Preparation":86,"Frozen Egg 2":29,"MawBank":62,"Akabeko":131,"Ring of the Snake":0}],"Ring of the Snake":[58]},"card_choices":[{"not_picked":["Dodge and Roll","Underhanded Strike"],"picked":"Dagger Spray","floor":1.0},{"not_picked":["Calculated Gamble","Riddle With Holes"],"picked":"Poisoned Stab","floor":4.0},{"not_picked":["Caltrops","Dagger Throw"],"picked":"Masterful Stab","floor":5.0},{"not_picked":["Expertise","Dodge and Roll","Sucker Punch"],"picked":"SKIP","floor":8.0},{"not_picked":["Backflip","Deadly Poison"],"picked":"Phantasmal Killer","floor":10.0},{"not_picked":["Sucker Punch","Cloak And Dagger"],"picked":"Quick Slash","floor":11.0},{"not_picked":["Infinite Blades+1","Escape Plan"],"picked":"Tools of the Trade+1","floor":12.0},{"not_picked":["Concentrate","Deadly Poison"],"picked":"Poisoned Stab","floor":13.0},{"not_picked":["Heel Hook","Setup"],"picked":"Cloak And Dagger","floor":14.0},{"not_picked":["Corpse Explosion","Glass Knife"],"picked":"Storm of Steel","floor":16.0},{"not_picked":["Slice","Footwork+1"],"picked":"Eviscerate","floor":18.0},{"not_picked":["Backflip+1","Bane"],"picked":"Acrobatics","floor":20.0},{"not_picked":["Prepared","Grand Finale"],"picked":"Acrobatics","floor":21.0},{"not_picked":["Backflip","Footwork+1","Choke"],"picked":"SKIP","floor":22.0},{"not_picked":["Poisoned Stab","Choke"],"picked":"Acrobatics","floor":24.0},{"not_picked":["Poisoned Stab","Heel Hook+1"],"picked":"Escape Plan","floor":25.0},{"not_picked":["Underhanded Strike","Blade Dance"],"picked":"Leg Sweep","floor":31.0},{"not_picked":["Choke","Dagger Spray+1","Backflip"],"picked":"SKIP","floor":35.0},{"not_picked":["Outmaneuver+1","Dagger Throw"],"picked":"Prepared+1","floor":36.0},{"not_picked":["Flying Knee","Crippling Poison","Slice+1"],"picked":"SKIP","floor":38.0},{"not_picked":["Flying Knee","Well Laid Plans+1"],"picked":"Prepared+1","floor":39.0},{"not_picked":["Underhanded Strike","Poisoned Stab+1","Footwork+1"],"picked":"SKIP","floor":40.0},{"not_picked":["Skewer","Poisoned Stab","Blade Dance"],"picked":"SKIP","floor":44.0},{"not_picked":["Heel Hook","Setup"],"picked":"Blur","floor":46.0},{"not_picked":["Outmaneuver","Dagger Throw"],"picked":"Doppelganger","floor":55}],"player_experience":1315869,"relics_obtained":[{"floor":9.0,"key":"Gremlin Horn"},{"floor":10.0,"key":"Tough Bandages"},{"floor":12.0,"key":"Frozen Egg 2"},{"floor":24.0,"key":"Gambling Chip"},{"floor":26.0,"key":"MawBank"},{"floor":40.0,"key":"Bag of Preparation"},{"floor":55,"key":"Akabeko"}],"event_choices":[{"cards_removed":["Strike_G"],"damage_healed":0.0,"max_hp_gain":0.0,"max_hp_loss":0.0,"gold_gain":0.0,"event_name":"Golden Wing","player_choice":"Card Removal","floor":2.0,"gold_loss":0.0,"damage_taken":7.0},{"damage_healed":0.0,"max_hp_gain":5.0,"max_hp_loss":0.0,"gold_gain":0.0,"event_name":"Big Fish","player_choice":"Donut","floor":3.0,"gold_loss":0.0,"damage_taken":0.0},{"damage_healed":0.0,"max_hp_gain":0.0,"max_hp_loss":0.0,"gold_gain":0.0,"event_name":"Vampires","player_choice":"Ignored","floor":28.0,"gold_loss":0.0,"damage_taken":0.0},{"damage_healed":0.0,"max_hp_gain":0.0,"max_hp_loss":0.0,"gold_gain":0.0,"event_name":"Addict","player_choice":"Obtained Relic","floor":29.0,"gold_loss":85.0,"damage_taken":0.0,"relics_obtained":["Lantern"]},{"damage_healed":0.0,"max_hp_gain":0.0,"max_hp_loss":0.0,"gold_gain":0.0,"event_name":"Upgrade Shrine","player_choice":"Upgraded","floor":37.0,"gold_loss":0.0,"damage_taken":0.0,"cards_upgraded":["Prepared"]},{"damage_healed":0.0,"max_hp_gain":0.0,"max_hp_loss":0.0,"gold_gain":0.0,"event_name":"Winding Halls","player_choice":"Embrace Madness","floor":45.0,"gold_loss":0.0,"damage_taken":12.0,"cards_obtained":["Madness","Madness"]},{"damage_healed":0.0,"max_hp_gain":0.0,"max_hp_loss":0.0,"gold_gain":0.0,"event_name":"The Moai Head","player_choice":"Ignored","floor":47.0,"gold_loss":0.0,"damage_taken":0.0},{"cards_removed":["Eviscerate"],"damage_healed":0.0,"max_hp_gain":0.0,"max_hp_loss":0.0,"gold_gain":0.0,"event_name":"Falling","player_choice":"Removed Attack","floor":48.0,"gold_loss":0.0,"damage_taken":0.0}],"is_beta":true,"boss_relics":[{"not_picked":["Astrolabe","Philosopher\u0027s Stone"],"picked":"Pandora\u0027s Box"},{"not_picked":["Sozu","WristBlade"],"picked":"HoveringKite"}],"items_purged_floors":[7,19],"is_endless":false,"potions_floor_spawned":[4,8,10,11,14,18,24,25,33,36,44,46],"killed_by":"The Heart","ascension_level":20}}