{"host":"tq99ucv8ezzqzioe","time":1612802686,"event":{"mods":["BaseMod","Colored Map","Downfall","Highlight Path","Minty Spire (QoL Compilation)","StSLib"],"gold_per_floor":[112,112,130,141,15,44,44,78,78,78,78],"floor_reached":10,"language":"ENG","playtime":432,"items_purged":[],"score":106,"play_id":"26ba69e9-1a4c-4351-833c-e727d65e4a7d","local_time":"20210208114446","is_ascension_mode":true,"campfire_choices":[{"floor":7,"key":"REST"}],"circlet_count":0,"master_deck":["Strike_G","Strike_G","Strike_G","Strike_G","Defend_G","Defend_G","Defend_G","Defend_G","Defend_G","Survivor","Neutralize","Caltrops","PiercingWail","Flying Knee","Footwork","Poisoned Stab","Backflip"],"relics":["Ring of the Snake","Bronze Scales","Lantern","Darkstone Periapt"],"acts_visited":["Exordium"],"potions_floor_usage":[6,6],"damage_taken":[{"damage":1,"enemies":"Small Slimes","floor":1,"turns":5},{"damage":4,"enemies":"Jaw Worm","floor":3,"turns":8},{"damage":1,"enemies":"2 Louse","floor":4,"turns":3},{"damage":21,"enemies":"3 Sentries","floor":6,"turns":7},{"damage":28,"enemies":"Lagavulin","floor":8,"turns":9},{"damage":25,"enemies":"Gremlin Nob","floor":10,"turns":4}],"seed_played":"-4423920820414890344","potions_obtained":[{"floor":1,"key":"champ:CounterPotion"}],"is_trial":false,"path_per_floor":["M","?","M","M","$","E","R","E","T","E"],"character_chosen":"THE_SILENT","items_purchased":["Footwork","Block Potion"],"campfire_rested":1,"item_purchase_floors":[5,5],"current_hp_per_floor":[62,55,51,50,50,29,50,22,22,0,0],"gold":78,"neow_bonus":"RANDOM_COMMON_RELIC","is_daily":false,"chose_seed":false,"campfire_upgraded":0,"win_rate":0.0,"timestamp":1612802686,"path_taken":["M","?","M","M","$","E","R","E","T","E"],"items_purchased_type":["Card","Potion"],"build_version":"2020-12-22","purchased_purges":0,"victory":false,"max_hp_per_floor":[70,70,70,70,70,70,70,70,70,70,70],"card_choices":[{"not_picked":["Flechettes","Cloak And Dagger"],"picked":"Caltrops","floor":1},{"not_picked":["Quick Slash","Deadly Poison"],"picked":"PiercingWail","floor":3},{"not_picked":["Acrobatics","Poisoned Stab"],"picked":"Flying Knee","floor":4},{"not_picked":["Grand Finale","Eviscerate"],"picked":"Poisoned Stab","floor":6},{"not_picked":["Underhanded Strike","Slice"],"picked":"Backflip","floor":8}],"player_experience":899005,"relics_obtained":[{"floor":6,"key":"Lantern"},{"floor":8,"key":"Darkstone Periapt"}],"event_choices":[{"cards_removed":["Strike_G"],"damage_healed":0,"gold_gain":0,"player_choice":"Card Removal","damage_taken":7,"max_hp_gain":0,"max_hp_loss":0,"event_name":"Golden Wing","floor":2,"gold_loss":0}],"is_beta":false,"boss_relics":[],"items_purged_floors":[],"is_endless":false,"potions_floor_spawned":[1],"killed_by":"Gremlin Nob","ascension_level":8}}