{"host":"tj6tjcyqgbd0xj5u","time":1612748253,"event":{"mods":["Aspiration","BaseMod","Better Match","BetterRewards","Challenge The Spire","Conspire","Defuse TimeMaze Blight","Dota2Spire","Downfall","Energized Spire","Evolution","GifTheSpireLib","Good Game Mod","Halation","Hubris","Hyrulean Relics","Infinite Spire","Minty Spire (QoL Compilation)","Reliquary","Replay The Spire","Reworked Bosses","Spikes Relics","StS++","StSLib","Stuff the Spire"],"gold_per_floor":[117,117,117,135,60,60,85,85,85,110,110,139,155,155,155,253,253,264,539,551,551,551,551],"floor_reached":22,"language":"ENG","playtime":595,"items_purged":["Strike_R","Regret"],"score":310,"play_id":"a3255e32-d2c1-404c-b9a1-78c32beba8da","local_time":"20210207213733","is_ascension_mode":true,"campfire_choices":[{"data":"hexamod:GhostflameInferno","floor":6,"key":"SMITH"},{"data":"Immolate","floor":8,"key":"SMITH"},{"floor":15,"key":"REST"}],"circlet_count":0,"master_deck":["StuffTheSpire:Incineration","StuffTheSpire:Incineration","StuffTheSpire:Incineration","StuffTheSpire:Incineration","Defend_R","Defend_R","Defend_R","Defend_R","Bash+1","True Grit","hexamod:GhostflameInferno+1","Immolate+1","Shockwave","infinitespire:OneForAll+1","StSpp:MuscleMemory","Iron Wave","Havoc+1","StSpp:Betrayal","Offering","Bludgeon","Immolate","Exhume","Barricade","Fiend Fire","Juggernaut","Limit Break","Eclipse","Hemogenesis","Corruption","Demonic Infusion","Impervious","Replay:Many Hands","StSpp:Turnabout","hubris:StunningStrike","Feed","Double Tap","StSpp:BladeOfBlood","StuffTheSpire:TitanForm","Demon Form","conspire:HitWhereItHurts","conspire:Purge","Berserk","Reaper","Brutality"],"relics":["Burning Blood","EVO:Axolotl","REME:ComplimentaryCards","Centennial Puzzle","Unceasing Top","aspiration:StickyExplosives_weak","halation:StarCompass","Replay:Wax Seal","Cursed Key","ZombieTooth","StSpp:CrystalBall"],"acts_visited":["Exordium","TheCity"],"potions_floor_usage":[16,16],"damage_taken":[{"damage":12,"enemies":"Jaw Worm","floor":1,"turns":2},{"damage":8,"enemies":"Small Slimes","floor":4,"turns":2},{"damage":18,"enemies":"Gremlin Nob","floor":7,"turns":3},{"damage":10,"enemies":"3 Sentries","floor":10,"turns":2},{"damage":42,"enemies":"Lagavulin","floor":12,"turns":4},{"damage":0,"enemies":"Cultist","floor":13,"turns":2},{"damage":44,"enemies":"Hexaghost","floor":16,"turns":8},{"damage":28,"enemies":"Spheric Guardian","floor":18,"turns":4},{"damage":16,"enemies":"2 Thieves","floor":20,"turns":2},{"damage":45,"enemies":"Chosen and Byrds","floor":22,"turns":4}],"seed_played":"8946628875675225312","potions_obtained":[{"floor":4,"key":"Dexterity Potion"},{"floor":12,"key":"EssenceOfSteel"},{"floor":13,"key":"BloodPotion"}],"is_trial":false,"path_per_floor":["M","?","$","M","$","R","E","R","T","E","?","E","M","?","R","B",null,"M","?","M","AVR","M"],"character_chosen":"IRONCLAD","items_purchased":[],"campfire_rested":1,"item_purchase_floors":[],"current_hp_per_floor":[66,66,66,64,64,64,52,52,52,48,48,12,18,18,42,20,65,43,43,33,33,0,0],"gold":551,"neow_bonus":"UPGRADE_CARD","is_daily":false,"chose_seed":false,"campfire_upgraded":2,"win_rate":0.0,"timestamp":1612748253,"path_taken":["M","?","$","M","$","R","E","R","T","E","?","E","M","?","R","BOSS","M","?","M","AVR","M"],"items_purchased_type":[],"build_version":"2020-12-22","purchased_purges":2,"victory":false,"max_hp_per_floor":[80,80,80,80,80,80,80,80,80,80,80,80,80,80,80,80,80,80,80,80,80,80,80],"card_choices":[{"not_picked":["Metallicize","StSpp:TheBiggerTheyAre"],"picked":"True Grit","floor":1},{"not_picked":["True Grit","Anger"],"picked":"Immolate","floor":4},{"not_picked":["Twin Strike","Rampage"],"picked":"Shockwave","floor":7},{"not_picked":["StSpp:BladeOfBlood","Entrench"],"picked":"infinitespire:OneForAll","floor":10},{"not_picked":["StSpp:Sprint","StSpp:TheBiggerTheyAre"],"picked":"StSpp:MuscleMemory","floor":12},{"not_picked":["Headbutt","StSpp:TheBiggerTheyAre"],"picked":"Iron Wave","floor":13},{"not_picked":["Sentinel","Body Slam","Pommel Strike"],"picked":"SKIP","floor":18},{"not_picked":["Sword Boomerang+1","ReplayTheSpireMod:Strike From Hell"],"picked":"Havoc+1","floor":20}],"player_experience":132858,"relics_obtained":[{"floor":7,"key":"Centennial Puzzle"},{"floor":9,"key":"Unceasing Top"},{"floor":10,"key":"aspiration:StickyExplosives_weak"},{"floor":12,"key":"Replay:Wax Seal"}],"event_choices":[{"damage_healed":0,"gold_gain":275,"player_choice":"Desecrate","damage_taken":0,"max_hp_gain":0,"max_hp_loss":0,"event_name":"Golden Shrine","floor":19,"gold_loss":0,"cards_obtained":["Regret"]}],"is_beta":false,"boss_relics":[{"not_picked":["hubris:GrandSneckoEye","StuffTheSpire:RunicHypercube"],"picked":"Cursed Key"}],"items_purged_floors":[5,21],"is_endless":false,"potions_floor_spawned":[4,12,13],"killed_by":"Chosen and Byrds","ascension_level":6}}