{"host":"yg1n0qads92lo9wl","time":1612758333,"event":{"mods":["BaseMod","Downfall","Luminous","Minty Spire (QoL Compilation)","StSLib","Warlord Emblem"],"gold_per_floor":[99,113,124,124,140,154,154,173,189,201,201,201,228,11,28,129,129,129,147,147,32,44,44,44,44,144,154,154,174,74,104,115,215,215,215,231,246,273,273,308,388,36,55,55,105,105,121,133,148,148],"floor_reached":51,"language":"ZHS","playtime":9244,"items_purged":["Guardian:Strike_Guardian","Guardian:Defend_Guardian","Pain"],"score":728,"play_id":"f3fb659f-5d41-4028-a5f4-eaa03c26d591","local_time":"20210208122533","is_ascension_mode":false,"campfire_choices":[{"data":"Guardian:PiercingHide","floor":1.0,"key":"SMITH"},{"data":"Guardian:CurlUp","floor":12.0,"key":"SMITH"},{"data":"Guardian:BronzeArmor","floor":18.0,"key":"SMITH"},{"data":"Guardian:ShieldSpikes","floor":23.0,"key":"SMITH"},{"data":"Guardian:BodySlam","floor":25.0,"key":"SMITH"},{"data":"Enlightenment","floor":30.0,"key":"SMITH"},{"data":"Guardian:ExploitGems","floor":35.0,"key":"SMITH"},{"floor":44.0,"key":"REST"}],"circlet_count":0,"master_deck":["Guardian:Strike_Guardian","Guardian:Defend_Guardian+1","Guardian:Defend_Guardian","Guardian:CurlUp+1","Guardian:TwinSlam","Guardian:PiercingHide+1","Guardian:Incinerate","Guardian:ShieldSpikes+1","Guardian:ArmoredProtocol","Guardian:Harden+1","Guardian:BodySlam+1","Guardian:EvasiveProtocol","Guardian:BronzeArmor+1","Guardian:RollAttack","Guardian:RefractedBeam","Guardian:SentryBeam","Guardian:EvasiveProtocol","Guardian:Gem_Orange","Guardian:Gem_Red","Guardian:VentSteam","Guardian:Repulse","Guardian:GemFinder","Enlightenment+1","Doubt","Guardian:Gem_Cyan","Guardian:CrystalBeam","Guardian:Gem_Green","Guardian:ExploitGems+1","Guardian:Gem_Cyan","Guardian:PrimingBeam+1","expansioncontent:InvincibleStrength","Guardian:SpikerProtocol+1","downfall:Haunted","Guardian:Planning+1","Guardian:Gem_Lightblue","Guardian:Gem_Blue","Guardian:ShieldSpikes","Guardian:Harden+1"],"relics":["Guardian:ModeShifter","Turnip","Dead Branch","Cursed Key","downfall:GremlinSack","downfall:HeartBlessingGreen","War Paint","SlaversCollar","Bag of Preparation","Matryoshka","Potion Belt","Pear","Pantograph","Mercury Hourglass","Mango"],"acts_visited":["Exordium","TheCity","TheBeyond"],"potions_floor_usage":[48,48,50,50,50],"damage_taken":[{"damage":0.0,"enemies":"Small Slimes","floor":2.0,"turns":4.0},{"damage":0.0,"enemies":"Cultist","floor":3.0,"turns":4.0},{"damage":6.0,"enemies":"Jaw Worm","floor":5.0,"turns":5.0},{"damage":0.0,"enemies":"Gremlin Gang","floor":6.0,"turns":7.0},{"damage":2.0,"enemies":"3 Louse","floor":8.0,"turns":6.0},{"damage":4.0,"enemies":"Red Slaver","floor":9.0,"turns":7.0},{"damage":16.0,"enemies":"Large Slime","floor":10.0,"turns":7.0},{"damage":23.0,"enemies":"3 Sentries","floor":13.0,"turns":11.0},{"damage":0.0,"enemies":"downfall:FleeingMerchant","floor":14.0,"turns":4.0},{"damage":13.0,"enemies":"2 Fungi Beasts","floor":15.0,"turns":5.0},{"damage":26.0,"enemies":"IC_STATUS_ARCHETYPE","floor":16.0,"turns":12.0},{"damage":0.0,"enemies":"Shell Parasite","floor":19.0,"turns":4.0},{"damage":0.0,"enemies":"downfall:FleeingMerchant","floor":21.0,"turns":4.0},{"damage":0.0,"enemies":"Spheric Guardian","floor":22.0,"turns":4.0},{"damage":23.0,"enemies":"Spheric Guardian","floor":26.0,"turns":5.0},{"damage":9.0,"enemies":"Snecko","floor":27.0,"turns":6.0},{"damage":0.0,"enemies":"Centurion and Healer","floor":29.0,"turns":5.0},{"damage":10.0,"enemies":"Book of Stabbing","floor":31.0,"turns":7.0},{"damage":4.0,"enemies":"3 Cultists","floor":32.0,"turns":6.0},{"damage":31.0,"enemies":"DF_ARCHETYPE_CLAW","floor":33.0,"turns":7.0},{"damage":15.0,"enemies":"Orb Walker","floor":36.0,"turns":4.0},{"damage":12.0,"enemies":"3 Darklings","floor":37.0,"turns":4.0},{"damage":22.0,"enemies":"Reptomancer","floor":40.0,"turns":4.0},{"damage":4.0,"enemies":"downfall:FleeingMerchant","floor":42.0,"turns":4.0},{"damage":0.0,"enemies":"Writhing Mass","floor":43.0,"turns":5.0},{"damage":8.0,"enemies":"Writhing Mass","floor":45.0,"turns":6.0},{"damage":0.0,"enemies":"4 Shapes","floor":47.0,"turns":4.0},{"damage":2,"enemies":"Jaw Worm Horde","floor":48,"turns":5},{"damage":10,"enemies":"Spire Growth","floor":49,"turns":8},{"damage":62,"enemies":"WA_ARCHETYPE_DIVINITY","floor":50,"turns":15}],"seed_played":"4333484663153335095","potions_obtained":[{"floor":2.0,"key":"Fire Potion"},{"floor":3.0,"key":"Slimebound:ThreeZeroPotion"},{"floor":4.0,"key":"Fire Potion"},{"floor":8.0,"key":"Regen Potion"},{"floor":13.0,"key":"Slimebound:ThreeZeroPotion"},{"floor":19.0,"key":"Fire Potion"},{"floor":29.0,"key":"Slimebound:ThreeZeroPotion"},{"floor":31.0,"key":"SkillPotion"},{"floor":33.0,"key":"Fire Potion"},{"floor":37.0,"key":"Fire Potion"},{"floor":43.0,"key":"Fire Potion"},{"floor":45.0,"key":"Guardian:BlockOnCardUsePotion"},{"floor":48,"key":"DuplicationPotion"},{"floor":49,"key":"LiquidBronze"}],"is_trial":false,"path_per_floor":["R","M","M","?","M","M","T","M","M","M","?","R","E","$","M","B",null,"R","M","?","$","M","R","T","R","?","M","?","M","R","E","M","B",null,"R","M","M","T","?","E","T","$","M","R","?","?","M","M","M","B",null],"character_chosen":"GUARDIAN","items_purchased":["Guardian:BronzeArmor","Guardian:RollAttack","Pantograph","LiquidMemories","Mercury Hourglass"],"campfire_rested":1,"item_purchase_floors":[14,14,42,42,42],"current_hp_per_floor":[80,80,80,80,74,74,74,72,68,67,67,67,44,44,31,5,80,80,80,80,80,80,80,80,80,57,48,48,48,48,38,34,3,80,80,65,53,53,53,31,41,37,37,64,95,95,95,93,83,42],"gold":148,"neow_bonus":"THREE_CARDS","is_daily":false,"chose_seed":false,"campfire_upgraded":7,"win_rate":0.0,"timestamp":1612758333,"path_taken":["R","M","M","?","M","M","T","M","M","?","?","R","E","$","M","BOSS","R","M","?","$","M","R","T","R","?","?","?","M","R","E","M","BOSS","R","M","M","?","?","E","T","$","M","R","?","?","M","?","M","BOSS"],"items_purchased_type":["Card","Card","Relic","Potion","Relic"],"build_version":"2020-12-22","purchased_purges":3,"victory":true,"max_hp_per_floor":[80,80,80,80,80,80,80,80,80,80,80,80,80,80,80,80,80,80,80,80,80,80,80,80,80,80,80,80,80,80,80,80,80,80,80,80,80,80,80,80,90,90,90,90,104,104,104,104,104,104],"card_choices":[{"not_picked":["Guardian:GuardianWhirl","Guardian:DecasProtection"],"picked":"Guardian:PiercingHide","floor":0.0},{"not_picked":["Guardian:TemporalStrike","Guardian:Preprogram"],"picked":"Guardian:Incinerate","floor":2.0},{"not_picked":["Guardian:Recover","Guardian:Incinerate"],"picked":"Guardian:ShieldSpikes","floor":3.0},{"not_picked":["Guardian:DecasProtection","Guardian:ChargeCore"],"picked":"Guardian:ArmoredProtocol","floor":5.0},{"not_picked":["Guardian:MultiBeam","Guardian:TimeCapacitor"],"picked":"Guardian:Harden","floor":6.0},{"not_picked":["Guardian:Gem_White","Guardian:Gem_Green"],"picked":"Guardian:Gem_Lightblue","floor":8.0},{"not_picked":["Guardian:PiercingHide","Guardian:TimeBomb"],"picked":"Guardian:BodySlam","floor":9.0},{"not_picked":["Guardian:WalkerClaw","Guardian:Orbwalk"],"picked":"Guardian:Gem_Green","floor":10.0},{"not_picked":["Guardian:TemporalStrike","Guardian:PiercingHide"],"picked":"Guardian:Gem_Lightblue","floor":13.0},{"not_picked":["Guardian:ShieldCharger","Guardian:BronzeOrb"],"picked":"Guardian:EvasiveProtocol","floor":14.0},{"not_picked":["Guardian:TimeSifter","Guardian:ShieldSpikes"],"picked":"Guardian:Gem_Lightblue","floor":15.0},{"not_picked":["Guardian:FastForward","Guardian:HyperBeam_Guardian"],"picked":"Guardian:Gem_Synthetic","floor":16.0},{"not_picked":["Guardian:RollAttack","Guardian:Incinerate","Guardian:ChargeCore"],"picked":"SKIP","floor":19.0},{"not_picked":["Guardian:CrystalBeam","Guardian:TemporalShield"],"picked":"Guardian:EvasiveProtocol","floor":21.0},{"not_picked":["Guardian:PrimingBeam+1","Guardian:RollAttack+1"],"picked":"Guardian:Gem_Orange","floor":22.0},{"not_picked":["Guardian:Emergency","Guardian:Recover"],"picked":"Guardian:Gem_Cyan","floor":26.0},{"not_picked":["Guardian:Gem_Green","Guardian:Gem_Red"],"picked":"Guardian:Gem_Cyan","floor":27.0},{"not_picked":["Guardian:Gem_Yellow","Guardian:Planning+1","Guardian:MultiBeam+1"],"picked":"SKIP","floor":27.0},{"not_picked":["Guardian:Gem_Cyan","Guardian:Gem_Red"],"picked":"Guardian:Gem_Green","floor":29.0},{"not_picked":["Guardian:VentSteam","Guardian:Planning"],"picked":"Guardian:CrystalBeam","floor":29.0},{"not_picked":["Guardian:Gem_Red","Guardian:Gem_Cyan"],"picked":"Guardian:Gem_Green","floor":31.0},{"not_picked":["Guardian:FierceBash","Guardian:TimeCapacitor","Guardian:ArmoredProtocol"],"picked":"SKIP","floor":31.0},{"not_picked":["Guardian:Gem_Red","Guardian:Gem_Green"],"picked":"Guardian:Gem_Lightblue","floor":32.0},{"not_picked":["Guardian:TimeCapacitor+1","Guardian:CrystalBeam","Guardian:Emergency"],"picked":"SKIP","floor":32.0},{"not_picked":["Guardian:Gem_Red","Guardian:Gem_Green"],"picked":"Guardian:Gem_Lightblue","floor":33.0},{"not_picked":["Guardian:Gem_Synthetic","Guardian:HyperBeam_Guardian"],"picked":"Guardian:ExploitGems","floor":33.0},{"not_picked":["Guardian:Gem_Cyan","Guardian:Gem_Red"],"picked":"Guardian:Gem_Lightblue","floor":36.0},{"not_picked":["Guardian:Incinerate","Guardian:BronzeArmor+1"],"picked":"Guardian:Gem_Cyan","floor":36.0},{"not_picked":["Guardian:Gem_Red","Guardian:Gem_Cyan"],"picked":"Guardian:Gem_Lightblue","floor":37.0},{"not_picked":["Guardian:CrystalBeam+1","Guardian:MultiBeam"],"picked":"Guardian:PrimingBeam+1","floor":37.0},{"not_picked":["expansioncontent:LastStand","expansioncontent:PrepareCrush"],"picked":"expansioncontent:InvincibleStrength","floor":39.0},{"not_picked":["Guardian:Gem_Green","Guardian:Gem_Cyan"],"picked":"Guardian:Gem_Lightblue","floor":40.0},{"not_picked":["Guardian:Gem_Blue","Guardian:Incinerate+1"],"picked":"Guardian:SpikerProtocol+1","floor":40.0},{"not_picked":["Guardian:WalkerClaw+1","Guardian:Incinerate+1"],"picked":"Guardian:Planning+1","floor":42.0},{"not_picked":["Guardian:Gem_Red","Guardian:Gem_Cyan"],"picked":"Guardian:Gem_Lightblue","floor":43.0},{"not_picked":["Guardian:Preprogram","Guardian:Orbwalk+1"],"picked":"Guardian:Gem_White","floor":43.0},{"not_picked":["Guardian:Gem_Green","Guardian:Gem_Red"],"picked":"Guardian:Gem_Lightblue","floor":45.0},{"not_picked":["Guardian:TimeBomb","Guardian:WalkerClaw+1"],"picked":"Guardian:Gem_Blue","floor":47.0},{"not_picked":["Guardian:VentSteam","Guardian:BodySlam"],"picked":"Guardian:ShieldSpikes","floor":48},{"not_picked":["Guardian:Orbwalk+1","Guardian:Gem_Fragmented"],"picked":"Guardian:Harden+1","floor":49}],"player_experience":416423,"relics_obtained":[{"floor":7.0,"key":"Turnip"},{"floor":13.0,"key":"Dead Branch"},{"floor":26.0,"key":"downfall:GremlinSack"},{"floor":31.0,"key":"War Paint"},{"floor":38.0,"key":"Bag of Preparation"},{"floor":40.0,"key":"Matryoshka"},{"floor":41.0,"key":"Potion Belt"},{"floor":41.0,"key":"Pear"},{"floor":45.0,"key":"Mango"}],"event_choices":[{"damage_healed":0.0,"max_hp_gain":0.0,"max_hp_loss":0.0,"gold_gain":0.0,"event_name":"Lab","player_choice":"Got Potions","floor":4.0,"gold_loss":0.0,"damage_taken":0.0},{"cards_removed":["Guardian:Strike_Guardian"],"damage_healed":0.0,"max_hp_gain":0.0,"max_hp_loss":0.0,"gold_gain":0.0,"event_name":"Bonfire Elementals","player_choice":"Offered Basic","floor":11.0,"gold_loss":0.0,"damage_taken":0.0},{"damage_healed":0.0,"max_hp_gain":0.0,"max_hp_loss":0.0,"gold_gain":0.0,"cards_transformed":["Guardian:Defend_Guardian","Guardian:Strike_Guardian"],"event_name":"Drug Dealer","player_choice":"Became Test Subject","floor":20.0,"gold_loss":0.0,"damage_taken":0.0,"cards_obtained":["Guardian:RefractedBeam","Guardian:SentryBeam"]},{"cards_removed":["Guardian:Gem_Lightblue"],"damage_healed":0.0,"max_hp_gain":0.0,"max_hp_loss":0.0,"gold_gain":0.0,"event_name":"Falling","player_choice":"Removed Skill","floor":46.0,"gold_loss":0.0,"damage_taken":0.0}],"is_beta":false,"boss_relics":[{"not_picked":["expansioncontent:StudyCardRelic","Velvet Choker"],"picked":"Cursed Key"},{"not_picked":["Tiny House","SacredBark"],"picked":"SlaversCollar"}],"items_purged_floors":[14,21,42],"is_endless":false,"potions_floor_spawned":[2,3,8,13,19,29,31,33,37,40,43,45,48,49],"ascension_level":0}}