{"host":"7z9w9s73v2jobm2z","time":1612746879,"event":{"mods":["AchievementEnabler","BaseMod","Colored Map","Colored Powertips","Minty Spire (QoL Compilation)","Quick Restart","Rare Cards Sparkle","Relic Stats","StSLib"],"gold_per_floor":[111,111,111,186,186,186,203,203,228,258,258,289,289,303,303,403,403,414,414,414,414,440,440,467,467,467,485,485,99,99,109,109,204,204,224,124,172,47,47,47,47,47,73,87,100,126,126,136,136,136],"floor_reached":51,"language":"ENG","playtime":1732,"items_purged":["Strike_R","Strike_R","Strike_R"],"score":1049,"play_id":"0994c47b-167f-4501-9660-44064ea3672a","local_time":"20210207201439","is_ascension_mode":true,"campfire_choices":[{"data":"Armaments","floor":6.0,"key":"SMITH"},{"floor":8.0,"key":"REST"},{"data":"Rampage","floor":11.0,"key":"SMITH"},{"data":"Uppercut","floor":13.0,"key":"SMITH"},{"floor":15.0,"key":"REST"},{"floor":23.0,"key":"REST"},{"floor":25.0,"key":"REST"},{"data":"Rampage","floor":28.0,"key":"SMITH"},{"data":"1","floor":30.0,"key":"LIFT"},{"data":"2","floor":32.0,"key":"LIFT"},{"floor":40.0,"key":"REST"},{"data":"3","floor":47.0,"key":"LIFT"},{"floor":49.0,"key":"REST"}],"circlet_count":0,"master_deck":["Strike_R+1","Defend_R","Defend_R","Defend_R","Bash+1","Armaments+1","Rampage+1","Uppercut+1","Hemokinesis","Feed","Rampage+1","Necronomicurse","Cleave","Bludgeon","Cleave+1","Trip+1","Offering"],"relics":["Burning Blood","Thread and Needle","Red Skull","Odd Mushroom","Art of War","Runic Pyramid","Necronomicon","MutagenicStrength","Red Mask","Torii","Question Card","Girya","Sozu","Lizard Tail","Pen Nib","Mango"],"acts_visited":["Exordium","TheCity","TheBeyond"],"potions_floor_usage":[],"damage_taken":[{"damage":0.0,"enemies":"2 Louse","floor":1.0,"turns":3.0},{"damage":0.0,"enemies":"Jaw Worm","floor":7.0,"turns":4.0},{"damage":12.0,"enemies":"The Mushroom Lair","floor":10.0,"turns":7.0},{"damage":28.0,"enemies":"Lagavulin","floor":12.0,"turns":6.0},{"damage":0.0,"enemies":"Small Slimes","floor":14.0,"turns":3.0},{"damage":30.0,"enemies":"Slime Boss","floor":16.0,"turns":7.0},{"damage":4.0,"enemies":"Chosen","floor":18.0,"turns":5.0},{"damage":13.0,"enemies":"Masked Bandits","floor":22.0,"turns":5.0},{"damage":38.0,"enemies":"Slavers","floor":24.0,"turns":6.0},{"damage":5.0,"enemies":"3 Byrds","floor":27.0,"turns":5.0},{"damage":13.0,"enemies":"Sentry and Sphere","floor":31.0,"turns":5.0},{"damage":49.0,"enemies":"Collector","floor":33.0,"turns":7.0},{"damage":8.0,"enemies":"3 Shapes","floor":35.0,"turns":3.0},{"damage":38.0,"enemies":"2 Orb Walkers","floor":37.0,"turns":4.0},{"damage":19.0,"enemies":"3 Darklings","floor":44.0,"turns":4.0},{"damage":2.0,"enemies":"Spire Growth","floor":45.0,"turns":3.0},{"damage":19.0,"enemies":"Reptomancer","floor":46.0,"turns":4.0},{"damage":7.0,"enemies":"Sphere and 2 Shapes","floor":48.0,"turns":3.0},{"damage":114,"enemies":"Awakened One","floor":50,"turns":9}],"seed_played":"-4928969501048282177","potions_obtained":[{"floor":7.0,"key":"Energy Potion"},{"floor":10.0,"key":"DuplicationPotion"},{"floor":16.0,"key":"EntropicBrew"},{"floor":18.0,"key":"ColorlessPotion"},{"floor":22.0,"key":"BlessingOfTheForge"},{"floor":24.0,"key":"ElixirPotion"}],"is_trial":false,"path_per_floor":["M","?","?","?","?","R","M","R","T","?","R","E","R","M","R","B",null,"M","?","?","?","?","R","E","R","T","M","R","$","R","M","R","B",null,"M","$","?","$","?","R","?","?","T","M","M","E","R","M","R","B",null],"character_chosen":"IRONCLAD","items_purchased":["Girya"],"campfire_rested":6,"item_purchase_floors":[29],"current_hp_per_floor":[78,71,68,57,41,41,47,71,71,65,65,43,43,49,73,49,72,78,62,62,62,58,84,56,83,83,87,87,87,87,83,83,59,88,86,86,57,57,57,87,87,87,87,74,81,82,82,85,121,16],"gold":136,"neow_bonus":"THREE_CARDS","is_daily":false,"chose_seed":false,"campfire_upgraded":4,"win_rate":0.0,"timestamp":1612746879,"path_taken":["M","?","?","?","?","R","?","R","T","?","R","E","R","M","R","BOSS","M","?","?","?","?","R","E","R","T","M","R","?","R","M","R","BOSS","M","$","?","$","?","R","?","?","T","M","M","E","R","M","R","BOSS"],"items_purchased_type":["Relic"],"build_version":"2020-12-22","purchased_purges":3,"victory":true,"max_hp_per_floor":[80,80,80,80,80,80,80,80,80,80,80,80,80,80,80,80,80,84,84,84,84,87,87,91,91,91,94,94,94,94,97,97,97,97,97,97,100,100,100,100,100,100,100,100,103,117,117,121,121,124],"relic_stats":{"Sozu":3,"Lizard Tail":0,"Torii":33,"counters":[19,93],"Pen Nib":[6],"Art of War":[2],"Necronomicon":[32],"Question Card":10,"obtain_stats":[{"Girya":29,"Torii":24,"Thread and Needle":3,"Mango":46,"Pen Nib":43,"Odd Mushroom":10,"Question Card":26,"Burning Blood":0,"Sozu":34,"Lizard Tail":37,"MutagenicStrength":20,"Art of War":12,"Necronomicon":19,"Red Mask":22,"Red Skull":9,"Runic Pyramid":17},{"Girya":10,"Torii":9,"Thread and Needle":1,"Mango":17,"Pen Nib":14,"Odd Mushroom":3,"Question Card":9,"Burning Blood":0,"Sozu":12,"Lizard Tail":14,"MutagenicStrength":7,"Art of War":4,"Necronomicon":7,"Red Mask":8,"Red Skull":2,"Runic Pyramid":6},{"Girya":51,"Torii":46,"Thread and Needle":3,"Mango":81,"Pen Nib":70,"Odd Mushroom":14,"Question Card":46,"Burning Blood":0,"Sozu":63,"Lizard Tail":70,"MutagenicStrength":35,"Art of War":20,"Necronomicon":35,"Red Mask":40,"Red Skull":7,"Runic Pyramid":30}],"Burning Blood":114},"card_choices":[{"not_picked":["Shrug It Off","Perfected Strike"],"picked":"Armaments","floor":0.0},{"not_picked":["Clothesline","Flex"],"picked":"Rampage","floor":1.0},{"not_picked":["Perfected Strike","Burning Pact","Rupture"],"picked":"SKIP","floor":7.0},{"not_picked":["Evolve","Clothesline"],"picked":"Uppercut","floor":12.0},{"not_picked":["Battle Trance","Thunderclap"],"picked":"Hemokinesis","floor":14.0},{"not_picked":["Bludgeon","Double Tap"],"picked":"Feed","floor":16.0},{"not_picked":["Whirlwind","Body Slam+1"],"picked":"Rampage","floor":18.0},{"not_picked":["Sword Boomerang","Spot Weakness"],"picked":"Cleave","floor":22.0},{"not_picked":["Twin Strike+1","Iron Wave","Headbutt"],"picked":"SKIP","floor":24.0},{"not_picked":["Warcry","Wild Strike","Anger","Rupture"],"picked":"SKIP","floor":27.0},{"not_picked":["Burning Pact+1","Cleave+1","Fire Breathing+1"],"picked":"Bludgeon","floor":31.0},{"not_picked":["Power Through","Flame Barrier","Pommel Strike"],"picked":"Cleave+1","floor":35.0},{"not_picked":["Finesse","Metamorphosis","Secret Weapon"],"picked":"Trip","floor":41.0},{"not_picked":["Rage+1","Twin Strike","Sword Boomerang","Headbutt+1"],"picked":"SKIP","floor":44.0},{"not_picked":["Clash","Dropkick","Pommel Strike","Entrench"],"picked":"SKIP","floor":45.0},{"not_picked":["Limit Break","Inflame","Perfected Strike"],"picked":"Offering","floor":46.0},{"not_picked":["True Grit","Burning Pact+1","Infernal Blade","Heavy Blade+1"],"picked":"SKIP","floor":48.0}],"player_experience":438631,"relics_obtained":[{"floor":9.0,"key":"Red Skull"},{"floor":10.0,"key":"Odd Mushroom"},{"floor":12.0,"key":"Art of War"},{"floor":19.0,"key":"Necronomicon"},{"floor":22.0,"key":"Red Mask"},{"floor":24.0,"key":"Torii"},{"floor":26.0,"key":"Question Card"},{"floor":37.0,"key":"Lizard Tail"},{"floor":43.0,"key":"Pen Nib"},{"floor":46.0,"key":"Mango"}],"event_choices":[{"cards_removed":["Strike_R"],"damage_healed":0.0,"max_hp_gain":0.0,"max_hp_loss":0.0,"gold_gain":0.0,"event_name":"Golden Wing","player_choice":"Card Removal","floor":2.0,"gold_loss":0.0,"damage_taken":7.0},{"damage_healed":0.0,"max_hp_gain":0.0,"max_hp_loss":0.0,"gold_gain":0.0,"event_name":"Scrap Ooze","player_choice":"Success","floor":3.0,"gold_loss":0.0,"damage_taken":3.0,"relics_obtained":["Thread and Needle"]},{"damage_healed":0.0,"max_hp_gain":0.0,"max_hp_loss":0.0,"gold_gain":75.0,"event_name":"World of Goop","player_choice":"Gather Gold","floor":4.0,"gold_loss":0.0,"damage_taken":11.0},{"damage_healed":0.0,"max_hp_gain":0.0,"max_hp_loss":0.0,"gold_gain":0.0,"event_name":"Shining Light","player_choice":"Entered Light","floor":5.0,"gold_loss":0.0,"damage_taken":16.0,"cards_upgraded":["Bash","Strike_R"]},{"damage_healed":0.0,"max_hp_gain":0.0,"max_hp_loss":0.0,"gold_gain":0.0,"event_name":"Mushrooms","player_choice":"Fought Mushrooms","floor":10.0,"gold_loss":0.0,"damage_taken":0.0},{"damage_healed":0.0,"max_hp_gain":0.0,"max_hp_loss":0.0,"gold_gain":0.0,"event_name":"Cursed Tome","player_choice":"Obtained Book","floor":19.0,"gold_loss":0.0,"damage_taken":16.0},{"damage_healed":0.0,"max_hp_gain":0.0,"max_hp_loss":0.0,"gold_gain":0.0,"event_name":"Drug Dealer","player_choice":"Inject Mutagens","floor":20.0,"gold_loss":0.0,"damage_taken":0.0,"relics_obtained":["MutagenicStrength"]},{"damage_healed":0.0,"max_hp_gain":0.0,"max_hp_loss":0.0,"gold_gain":0.0,"event_name":"The Mausoleum","player_choice":"Ignored","floor":21.0,"gold_loss":0.0,"damage_taken":0.0},{"damage_healed":0.0,"max_hp_gain":0.0,"max_hp_loss":0.0,"gold_gain":0.0,"event_name":"Masked Bandits","player_choice":"Fought Bandits","floor":22.0,"gold_loss":0.0,"damage_taken":0.0},{"damage_healed":0.0,"max_hp_gain":0.0,"max_hp_loss":0.0,"gold_gain":0.0,"event_name":"Mysterious Sphere","player_choice":"Fight","floor":37.0,"gold_loss":0.0,"damage_taken":0.0},{"cards_removed":["Defend_R"],"damage_healed":0.0,"max_hp_gain":0.0,"max_hp_loss":0.0,"gold_gain":0.0,"event_name":"Falling","player_choice":"Removed Skill","floor":39.0,"gold_loss":0.0,"damage_taken":0.0},{"damage_healed":0.0,"max_hp_gain":0.0,"max_hp_loss":0.0,"gold_gain":0.0,"event_name":"SensoryStone","player_choice":"Memory 1","floor":41.0,"gold_loss":0.0,"damage_taken":0.0},{"damage_healed":0.0,"max_hp_gain":0.0,"max_hp_loss":0.0,"gold_gain":0.0,"event_name":"Accursed Blacksmith","player_choice":"Forge","floor":42.0,"gold_loss":0.0,"damage_taken":0.0,"cards_upgraded":["Trip"]}],"is_beta":false,"boss_relics":[{"not_picked":["Runic Dome","Pandora\u0027s Box"],"picked":"Runic Pyramid"},{"not_picked":["Velvet Choker","Coffee Dripper"],"picked":"Sozu"}],"items_purged_floors":[29,36,38],"is_endless":false,"potions_floor_spawned":[7,10,16,18,22,24,35,37,44],"ascension_level":8}}