{"host":"nyffms3wv8okr3l3","time":1612792208,"event":{"mods":["Astrologer","Bard","BaseMod","Beaked The Cultist","Bestiary","BetterRewards","Colored Powertips","Downfall","Fiend Mod","Gremlin Mod","Hermit","Hubris","Hunter ??","Infinite Spire","Marisa????????","Minty Spire (QoL Compilation)","Replay The Spire","SOS???????","StSLib","Synergy Search","The Forsaken"],"gold_per_floor":[99,117,132,232,248,182,182,182,182,195,213,232,232,232,245,340,340,403,415,415,415,415,415,488,488,488,488],"floor_reached":25,"language":"ENG","playtime":1263,"items_purged":[],"score":191,"play_id":"e936bf33-cd8f-49e3-a210-8b61b291f52a","local_time":"20210208115008","is_ascension_mode":false,"campfire_choices":[{"data":"Slimebound:Tackle","floor":1,"key":"SMITH"},{"data":"Slimebound:CorrosiveSpit","floor":8,"key":"SMITH"},{"floor":13,"key":"REST"},{"data":"Slimebound:Schlurp","floor":23,"key":"SMITH"}],"circlet_count":0,"master_deck":["Slimebound:Strike_Slimebound","Slimebound:Strike_Slimebound","Slimebound:Strike_Slimebound","Slimebound:Tackle+1","Slimebound:Defend_Slimebound","Slimebound:Defend_Slimebound","Slimebound:Defend_Slimebound","Slimebound:Defend_Slimebound","Slimebound:Split","Slimebound:CorrosiveSpit+1","Slimebound:LeechingTouch","Slimebound:Schlurp+1","Slimebound:ItLooksTasty","Slimebound:FinishingTackle","Slimebound:ViciousTackle+1","Slimebound:ViciousTackle","Slimebound:Gluttony","Slimebound:HauntingLick","Slimebound:LeechEnergy","Slimebound:SlimeSlap","Slimebound:DouseInSlime","Slimebound:SpikyOuterGoop","Writhe"],"relics":["Slimebound:AbsorbEndCombat","Bottled Lightning","Sozu","Orichalcum"],"acts_visited":["Exordium","TheCity"],"potions_floor_usage":[16,16,16,25],"damage_taken":[{"damage":5,"enemies":"Small Slimes","floor":2,"turns":4},{"damage":4,"enemies":"Cultist","floor":3,"turns":3},{"damage":12,"enemies":"2 Louse","floor":5,"turns":3},{"damage":3,"enemies":"downfall:FleeingMerchant","floor":6,"turns":4},{"damage":7,"enemies":"Blue Slaver","floor":10,"turns":3},{"damage":11,"enemies":"3 Louse","floor":11,"turns":4},{"damage":18,"enemies":"Exordium Thugs","floor":12,"turns":4},{"damage":13,"enemies":"Exordium Wildlife","floor":15,"turns":3},{"damage":37,"enemies":"DF_ARCHETYPE_STREAMLINE","floor":16,"turns":6},{"damage":28,"enemies":"Chosen","floor":19,"turns":5},{"damage":42,"enemies":"Shelled Parasite and Fungi","floor":25,"turns":4}],"seed_played":"-2317120248652097370","potions_obtained":[{"floor":0,"key":"Energy Potion"},{"floor":0,"key":"ColorlessPotion"},{"floor":0,"key":"SneckoOil"},{"floor":5,"key":"Explosive Potion"},{"floor":16,"key":"Block Potion"}],"is_trial":false,"path_per_floor":["R","M","M","?","M","$","T","R","?","M","M","M","R","?","M","B",null,"R","M","?","?","?","R","T","M"],"character_chosen":"SLIMEBOUND","items_purchased":["Slimebound:ViciousTackle"],"campfire_rested":1,"item_purchase_floors":[6],"current_hp_per_floor":[65,64,62,62,56,61,61,61,61,60,53,43,62,62,53,24,65,65,41,41,41,41,41,41,0,0,0],"gold":488,"neow_bonus":"THREE_SMALL_POTIONS","is_daily":false,"chose_seed":false,"campfire_upgraded":3,"win_rate":0.0,"timestamp":1612792208,"path_taken":["R","M","M","?","M","?","T","R","?","M","?","M","R","?","M","BOSS","R","M","?","?","?","R","T","?"],"items_purchased_type":["Card"],"build_version":"2020-12-22","purchased_purges":0,"victory":false,"max_hp_per_floor":[65,65,65,65,65,65,65,65,65,65,65,65,65,65,65,65,65,65,65,65,65,65,65,65,65,65,65],"card_choices":[{"not_picked":["Slimebound:GrowthPunch","Slimebound:GoopSpray"],"picked":"Slimebound:LeechingTouch","floor":2},{"not_picked":["Slimebound:ComboTackle","Slimebound:Grow"],"picked":"Slimebound:Schlurp","floor":3},{"not_picked":["Slimebound:DisruptingSlam","Slimebound:ComboTackle"],"picked":"Slimebound:ItLooksTasty","floor":5},{"not_picked":["Slimebound:FormOfPuddle","Slimebound:Nibble"],"picked":"Slimebound:FinishingTackle","floor":6},{"not_picked":["Slimebound:LeadByExample","Slimebound:GoopTackle"],"picked":"Slimebound:Gluttony","floor":10},{"not_picked":["Slimebound:GoopSpray","Slimebound:SlimeBarrage"],"picked":"Slimebound:HauntingLick","floor":11},{"not_picked":["Slimebound:FinishingTackle","Slimebound:SamplingLick"],"picked":"Slimebound:LeechEnergy","floor":12},{"not_picked":["Slimebound:GoopTackle","Slimebound:Schlurp"],"picked":"Slimebound:SlimeSlap","floor":15},{"not_picked":["Slimebound:MassRepurpose","Slimebound:PrepareCrush"],"picked":"Slimebound:DouseInSlime","floor":16},{"not_picked":["Slimebound:ProtectTheBoss","Slimebound:ComboTackle"],"picked":"Slimebound:SpikyOuterGoop","floor":19}],"player_experience":71297,"relics_obtained":[{"floor":7,"key":"Bottled Lightning"}],"event_choices":[{"damage_healed":0,"gold_gain":0,"player_choice":"Got Potions","damage_taken":0,"max_hp_gain":0,"max_hp_loss":0,"event_name":"Lab","floor":9,"gold_loss":0}],"is_beta":false,"boss_relics":[{"not_picked":["Cursed Key","Replay:Wanted Poster"],"picked":"Sozu"}],"items_purged_floors":[],"is_endless":false,"potions_floor_spawned":[5,11,12,15,16,19],"killed_by":"Shelled Parasite and Fungi","ascension_level":0}}