{"host":"ypzb5vvnu9f3ii1t","time":1612760000,"event":{"mods":["AchievementEnabler","BaseMod","Colored Map","DeckTracker","Keyboard Shortcuts","Minty Spire (QoL Compilation)","Permanent Neow","Quick Restart","SuperFastMode"],"gold_per_floor":[16,27,44,64,74,74,29,29,101,101,101,101],"floor_reached":11,"language":"KOR","playtime":1214,"items_purged":[],"score":81,"play_id":"4877b7a4-8171-453c-9264-d6baac5e35df","local_time":"20210208135320","is_ascension_mode":true,"campfire_choices":[{"data":"Heavy Blade","floor":6.0,"key":"SMITH"},{"data":"Cleave","floor":8.0,"key":"SMITH"}],"circlet_count":0,"master_deck":["Strike_R","Strike_R","Strike_R","Strike_R","Strike_R","Defend_R","Defend_R","Defend_R","Defend_R","Bash+1","Heavy Blade+1","Bloodletting+1","Cleave+1"],"relics":["Burning Blood","Bird Faced Urn","Blue Candle"],"acts_visited":[],"potions_floor_usage":[11,11],"damage_taken":[{"damage":1.0,"enemies":"Cultist","floor":1.0,"turns":4.0},{"damage":15.0,"enemies":"Small Slimes","floor":2.0,"turns":3.0},{"damage":9.0,"enemies":"Jaw Worm","floor":3.0,"turns":3.0},{"damage":16.0,"enemies":"Large Slime","floor":4.0,"turns":3.0},{"damage":14.0,"enemies":"Blue Slaver","floor":5.0,"turns":5.0},{"damage":36,"enemies":"Lagavulin","floor":11,"turns":5}],"seed_played":"7216501281378270171","potions_obtained":[{"floor":3.0,"key":"FearPotion"},{"floor":5.0,"key":"SkillPotion"}],"is_trial":false,"path_per_floor":["M","M","M","M","M","R","$","R","T","?","E"],"character_chosen":"IRONCLAD","items_purchased":["Cleave"],"campfire_rested":0,"item_purchase_floors":[7],"current_hp_per_floor":[80,71,68,58,50,50,50,50,50,34,0,0],"gold":101,"neow_bonus":"ONE_RARE_RELIC","is_daily":false,"chose_seed":false,"campfire_upgraded":2,"win_rate":0.0,"timestamp":1612760000,"path_taken":["M","M","?","M","M","R","$","R","T","?","E"],"items_purchased_type":["Card"],"build_version":"2020-12-22","purchased_purges":0,"victory":false,"max_hp_per_floor":[80,80,80,80,80,80,80,80,80,80,80,80],"card_choices":[{"not_picked":["Iron Wave","Armaments"],"picked":"Heavy Blade","floor":1.0},{"not_picked":["Clash","Body Slam","Armaments"],"picked":"SKIP","floor":2.0},{"not_picked":["Anger","Sword Boomerang"],"picked":"Bloodletting","floor":3.0},{"not_picked":["Sword Boomerang","Havoc","Bloodletting"],"picked":"SKIP","floor":4.0},{"not_picked":["Wild Strike","Anger","Armaments"],"picked":"SKIP","floor":5.0}],"player_experience":184703,"relics_obtained":[{"floor":9.0,"key":"Blue Candle"}],"event_choices":[{"damage_healed":0.0,"max_hp_gain":0.0,"max_hp_loss":0.0,"gold_gain":0.0,"event_name":"Shining Light","player_choice":"Entered Light","floor":10.0,"gold_loss":0.0,"damage_taken":16.0,"cards_upgraded":["Bash","Bloodletting"]}],"is_beta":false,"boss_relics":[],"items_purged_floors":[],"is_endless":false,"potions_floor_spawned":[3,5],"killed_by":"Lagavulin","ascension_level":5}}