{"host":"1bzbl1adcbkdzqlf","time":1612757227,"event":{"mods":["BaseMod","Minty Spire (QoL Compilation)","Slay the Relics Exporter"],"gold_per_floor":[109,126,139,64,64,108,108,128,153,172,172,172,192,266,266,386,386,410,474,166,191,209,245,20,20,20,38,112,155,155,171,171,290,290,303,353,403,35,53,53,53],"floor_reached":40,"language":"ENG","playtime":3048,"items_purged":["Parasite","Reprogram+1"],"score":540,"play_id":"adae05f9-8834-492b-aee7-f13ffed1d1cc","local_time":"20210207220707","is_ascension_mode":true,"campfire_choices":[{"floor":12,"key":"REST"},{"data":"Chill","floor":15,"key":"SMITH"},{"floor":25,"key":"REST"},{"floor":30,"key":"REST"},{"data":"Machine Learning","floor":32,"key":"SMITH"}],"circlet_count":0,"master_deck":["Strike_B","Strike_B","Strike_B","Defend_B","Defend_B","Defend_B+1","Zap+1","Dualcast","Streamline","Gash","Lockon","Chill+1","Sweeping Beam","Self Repair","Glacier","Electrodynamics","Ball Lightning","Defragment","Compile Driver","Gash","White Noise","Defragment","White Noise+1","Machine Learning+1","Creative AI","CurseOfTheBell","Chaos+1","Loop","Steam Power+1"],"relics":["Cracked Core","TungstenRod","Golden Idol","DataDisk","Akabeko","SsserpentHead","Empty Cage","Membership Card","Bag of Preparation","Orichalcum","Toy Ornithopter","Bronze Scales","DollysMirror","Blood Vial","StoneCalendar","Calling Bell","Tiny Chest","Meat on the Bone","Mango","Blue Candle","Sundial","Sling"],"acts_visited":["Exordium","TheCity","TheBeyond"],"potions_floor_usage":[6,16,18,21,23,33,33,33,33,33,33,40],"damage_taken":[{"damage":1,"enemies":"Jaw Worm","floor":1,"turns":3},{"damage":0,"enemies":"Small Slimes","floor":2,"turns":3},{"damage":0,"enemies":"Cultist","floor":3,"turns":2},{"damage":28,"enemies":"Gremlin Nob","floor":6,"turns":4},{"damage":4,"enemies":"Gremlin Gang","floor":8,"turns":4},{"damage":0,"enemies":"Blue Slaver","floor":10,"turns":2},{"damage":0,"enemies":"3 Louse","floor":13,"turns":4},{"damage":5,"enemies":"Looter","floor":14,"turns":3},{"damage":25,"enemies":"Hexaghost","floor":16,"turns":10},{"damage":0,"enemies":"3 Byrds","floor":18,"turns":3},{"damage":22,"enemies":"Chosen","floor":19,"turns":5},{"damage":3,"enemies":"Snecko","floor":21,"turns":4},{"damage":14,"enemies":"Sentry and Sphere","floor":22,"turns":5},{"damage":39,"enemies":"Gremlin Leader","floor":23,"turns":6},{"damage":0,"enemies":"Chosen and Byrds","floor":27,"turns":4},{"damage":9,"enemies":"Centurion and Healer","floor":28,"turns":3},{"damage":29,"enemies":"Book of Stabbing","floor":29,"turns":4},{"damage":5,"enemies":"Sentry and Sphere","floor":31,"turns":4},{"damage":30,"enemies":"Collector","floor":33,"turns":7},{"damage":22,"enemies":"3 Shapes","floor":35,"turns":5},{"damage":7,"enemies":"3 Darklings","floor":39,"turns":3},{"damage":83,"enemies":"Reptomancer","floor":40,"turns":4}],"seed_played":"-6151300121221735902","potions_obtained":[{"floor":1,"key":"PowerPotion"},{"floor":8,"key":"FearPotion"},{"floor":10,"key":"Explosive Potion"},{"floor":13,"key":"AttackPotion"},{"floor":14,"key":"PowerPotion"},{"floor":19,"key":"Dexterity Potion"},{"floor":22,"key":"SpeedPotion"},{"floor":27,"key":"Dexterity Potion"},{"floor":31,"key":"EntropicBrew"},{"floor":35,"key":"Strength Potion"}],"is_trial":false,"path_per_floor":["M","M","M","$","?","E","?","M","T","M","?","R","M","M","R","B",null,"M","M","$","M","M","E","$","R","T","M","M","E","R","M","R","B",null,"M","?","?","$","M","E"],"character_chosen":"DEFECT","items_purchased":["Membership Card","Defragment","Bag of Preparation","Toy Ornithopter","Bronze Scales","DollysMirror","Loop","Blue Candle","Sundial","Sling"],"campfire_rested":3,"item_purchase_floors":[20,20,20,24,24,24,38,38,38,38],"current_hp_per_floor":[74,74,74,72,55,27,14,10,10,10,10,31,31,33,33,15,58,65,50,50,54,47,15,15,36,36,45,38,18,39,43,43,52,81,68,68,68,68,70,0,0],"gold":53,"neow_bonus":"ONE_RARE_RELIC","is_daily":false,"chose_seed":false,"campfire_upgraded":2,"win_rate":0.0,"timestamp":1612757227,"path_taken":["M","M","M","$","?","E","?","M","T","M","?","R","M","?","R","BOSS","M","?","$","M","M","E","$","R","T","M","?","E","R","M","R","BOSS","M","?","?","$","M","E"],"items_purchased_type":["Relic","Card","Relic","Relic","Relic","Relic","Card","Relic","Relic","Relic"],"build_version":"2020-12-22","purchased_purges":2,"victory":false,"max_hp_per_floor":[75,75,75,72,72,72,72,72,72,72,72,72,72,72,72,72,72,72,72,72,72,72,72,72,72,72,72,72,72,72,72,72,72,86,86,86,82,82,82,82,82],"card_choices":[{"not_picked":["Steam Power","Fusion"],"picked":"Gash","floor":1},{"not_picked":["Storm","Blizzard"],"picked":"Streamline","floor":2},{"not_picked":["Barrage","Static Discharge"],"picked":"Gash","floor":3},{"not_picked":["Steam Power","Skim"],"picked":"Lockon","floor":6},{"not_picked":["Compile Driver","Gash"],"picked":"Chill","floor":8},{"not_picked":["Melter","Go for the Eyes"],"picked":"Sweeping Beam","floor":10},{"not_picked":["Ball Lightning","Redo"],"picked":"Self Repair","floor":13},{"not_picked":["Steam","Conserve Battery"],"picked":"Glacier","floor":14},{"not_picked":["Fission","Biased Cognition"],"picked":"Electrodynamics","floor":16},{"not_picked":["Skim","Redo"],"picked":"Reprogram+1","floor":18},{"not_picked":["Skim","Stack"],"picked":"Ball Lightning","floor":19},{"not_picked":["Hologram","Redo"],"picked":"Compile Driver","floor":21},{"not_picked":["Go for the Eyes","Consume"],"picked":"Gash","floor":22},{"not_picked":["Recycle+1","Reboot"],"picked":"White Noise","floor":23},{"not_picked":["Aggregate","Go for the Eyes","Streamline"],"picked":"SKIP","floor":27},{"not_picked":["Scrape","Rebound"],"picked":"White Noise+1","floor":28},{"not_picked":["Go for the Eyes","Redo","Tempest+1"],"picked":"SKIP","floor":29},{"not_picked":["Rebound","Fusion"],"picked":"Machine Learning","floor":31},{"not_picked":["Fission","All For One"],"picked":"Creative AI","floor":33},{"not_picked":["Aggregate","Redo"],"picked":"Chaos+1","floor":35},{"not_picked":["Gash+1","Redo+1"],"picked":"Steam Power+1","floor":39}],"player_experience":356621,"relics_obtained":[{"floor":6,"key":"DataDisk"},{"floor":9,"key":"Akabeko"},{"floor":23,"key":"Orichalcum"},{"floor":26,"key":"Blood Vial"},{"floor":29,"key":"StoneCalendar"},{"floor":34,"key":"Tiny Chest"},{"floor":34,"key":"Meat on the Bone"},{"floor":34,"key":"Mango"}],"event_choices":[{"damage_healed":0,"gold_gain":0,"player_choice":"Take Damage","damage_taken":18,"relics_obtained":["Golden Idol"],"max_hp_gain":0,"max_hp_loss":0,"event_name":"Golden Idol","floor":5,"gold_loss":0},{"damage_healed":0,"gold_gain":0,"player_choice":"Entered Light","damage_taken":14,"max_hp_gain":0,"max_hp_loss":0,"event_name":"Shining Light","floor":7,"gold_loss":0,"cards_upgraded":["Defend_B","Zap"]},{"damage_healed":0,"gold_gain":0,"player_choice":"Trade","damage_taken":0,"relics_obtained":["SsserpentHead"],"max_hp_gain":0,"max_hp_loss":0,"event_name":"FaceTrader","floor":11,"gold_loss":0},{"cards_removed":["Gash"],"damage_healed":0,"gold_gain":0,"player_choice":"Removed Attack","damage_taken":0,"max_hp_gain":0,"max_hp_loss":0,"event_name":"Falling","floor":36,"gold_loss":0},{"damage_healed":0,"gold_gain":0,"player_choice":"Max HP","damage_taken":0,"max_hp_gain":0,"max_hp_loss":4,"event_name":"Winding Halls","floor":37,"gold_loss":0}],"is_beta":false,"boss_relics":[{"not_picked":["Runic Dome","Tiny House"],"picked":"Empty Cage"},{"not_picked":["Cursed Key","FrozenCore"],"picked":"Calling Bell"}],"items_purged_floors":[4,20],"is_endless":false,"potions_floor_spawned":[1,8,10,13,14,19,22,27,31,35],"killed_by":"Reptomancer","ascension_level":5}}