{"host":"mv9iawyrph7ym8en","time":1612808907,"event":{"mods":["Act Like it!","Aspiration","BaseMod","Conspire","Defuse TimeMaze Blight","Downfall","Minty Spire (QoL Compilation)","Replay The Spire","Ryuuou¡˙Õı","Shop Mod","Spicy Shops","StSLib","TestMod","[IsaacMod]“‘»ˆº‚À˛"],"gold_per_floor":[99,99,99,99,99,116,142,42,53,73,90,100,132,57,72,175,175,75,95,107,107,132,148,148,148,174,191,222,239,255,280,297,297,297,297],"floor_reached":33,"language":"ZHS","playtime":1784,"items_purged":[],"score":379,"play_id":"b96399fe-a19e-4390-9ca6-fda2d0c756bb","local_time":"20210209022827","is_ascension_mode":true,"campfire_choices":[{"floor":1.0,"key":"RECALL"},{"data":"champ:EndlessRage","floor":8.0,"key":"SMITH"},{"data":"champ:StrikeOfGenius","floor":18.0,"key":"SMITH"}],"circlet_count":0,"master_deck":["champ:Strike","champ:Strike","champ:Strike","champ:Strike","champ:Defend","champ:Defend","champ:Defend","champ:Execute","champ:Taunt","champ:BerserkerStyle","champ:RecklessLeap","champ:GutPunch","champ:BerserkersShout","champ:EndlessRage+1","champ:ShieldSigil","champ:BringItOn","champ:RageSigil","champ:EnragedBash","champ:ShieldWall","champ:StrikeOfGenius+1","champ:FalseCounter+1","champ:Backstep+1","champ:Circumvent+1","champ:Devastate","champ:TornadoPunch+1"],"relics":["champ:ChampionCrownUpgraded","testmod-TestBox","HushsDoor","Leech","testmod-Antiphasic","downfall:HeartsMalice","Guardian:PocketSentry","downfall:HeartBlessingRed","Replay:Mystery Machine","Omamori","downfall:HeartBlessingGreen","Nilry\u0027s Codex","Happy Flower","champ:GladiatorsBookOfMartialProwess","Replay:Ringing Soul","Snack Pack","champ:FightingForDummies"],"acts_visited":["Exordium","TheCity"],"potions_floor_usage":[28,28,31,31,32],"damage_taken":[{"damage":0.0,"enemies":"Small Slimes","floor":2.0,"turns":1.0},{"damage":0.0,"enemies":"Cultist","floor":4.0,"turns":1.0},{"damage":0.0,"enemies":"Jaw Worm","floor":5.0,"turns":1.0},{"damage":30.0,"enemies":"Large Slime","floor":6.0,"turns":3.0},{"damage":34.0,"enemies":"Exordium Wildlife","floor":9.0,"turns":5.0},{"damage":0.0,"enemies":"3 Louse","floor":10.0,"turns":2.0},{"damage":70.0,"enemies":"Lots of Slimes","floor":11.0,"turns":4.0},{"damage":26.0,"enemies":"Blue Slaver","floor":12.0,"turns":3.0},{"damage":51.0,"enemies":"Lagavulin","floor":13.0,"turns":4.0},{"damage":57.0,"enemies":"downfall:FleeingMerchant","floor":14.0,"turns":4.0},{"damage":25.0,"enemies":"2 Fungi Beasts","floor":15.0,"turns":3.0},{"damage":69.0,"enemies":"IC_STATUS_ARCHETYPE","floor":16.0,"turns":6.0},{"damage":32.0,"enemies":"Chosen","floor":19.0,"turns":4.0},{"damage":43.0,"enemies":"Snake Plant","floor":20.0,"turns":3.0},{"damage":58.0,"enemies":"Cultist and Chosen","floor":23.0,"turns":7.0},{"damage":67,"enemies":"Book of Stabbing","floor":26,"turns":4},{"damage":24,"enemies":"3 Cultists","floor":27,"turns":5},{"damage":40,"enemies":"Slavers","floor":28,"turns":4},{"damage":44,"enemies":"Snake Plant","floor":29,"turns":4},{"damage":67,"enemies":"Centurion and Healer","floor":30,"turns":5},{"damage":35,"enemies":"Book of Stabbing","floor":31,"turns":4},{"damage":15,"enemies":"Snecko","floor":32,"turns":3},{"damage":67,"enemies":"SI_MIRROR_ARCHETYPE","floor":33,"turns":4}],"seed_played":"-1596754031420297331","potions_obtained":[{"floor":6.0,"key":"ColorlessPotion"},{"floor":9.0,"key":"SneckoOil"},{"floor":10.0,"key":"Adrenaline Potion"},{"floor":11.0,"key":"Fire Potion"},{"floor":12.0,"key":"Languid Potion"},{"floor":20.0,"key":"Reflective Coating"},{"floor":26,"key":"DuplicationPotion"},{"floor":29,"key":"SkillPotion"},{"floor":30,"key":"FearPotion"},{"floor":31,"key":"LiquidMemories"}],"is_trial":false,"path_per_floor":["R","M","?","M","M","M","T","R","M","M","M","M","E","$","M","B",null,"R","M","M","?","T","M","T","?","E","M","E","M","M","E","M","B"],"character_chosen":"THE_CHAMP","items_purchased":["Omamori"],"campfire_rested":0,"item_purchase_floors":[14],"current_hp_per_floor":[90,90,90,90,90,90,90,90,86,90,76,67,58,52,54,35,90,90,84,71,55,55,52,52,52,43,41,48,40,36,39,54,0,0,0],"gold":297,"neow_bonus":"THREE_ENEMY_KILL","is_daily":false,"chose_seed":false,"campfire_upgraded":2,"win_rate":0.0,"timestamp":1612808907,"path_taken":["R","M","?","M","M","M","T","R","M","M","M","M","E","$","M","BOSS","R","M","M","?","?","M","T","?","E","?","E","M","M","E","M","BOSS"],"items_purchased_type":["Relic"],"build_version":"2020-12-22","purchased_purges":0,"victory":false,"max_hp_per_floor":[90,90,90,90,90,90,90,90,90,90,90,90,90,90,90,90,90,90,90,90,90,90,90,90,90,93,96,99,102,102,102,102,102,102,102],"card_choices":[{"not_picked":["champ:FlashCut","champ:StanceDance"],"picked":"champ:BerserkerStyle","floor":2.0},{"not_picked":["champ:FaceSlap","champ:BringItOn"],"picked":"champ:GutPunch","floor":4.0},{"not_picked":["champ:AdrenalArmor","champ:TornadoPunch"],"picked":"champ:BerserkersShout","floor":5.0},{"not_picked":["champ:FlashCut","champ:TornadoPunch"],"picked":"champ:EndlessRage","floor":6.0},{"not_picked":["champ:Haymaker","champ:DefensiveStyle"],"picked":"champ:ShieldSigil","floor":9.0},{"not_picked":["champ:PerfectedStrike","champ:Backstep"],"picked":"champ:BringItOn","floor":10.0},{"not_picked":["champ:Parry","champ:Shatter","champ:PreciseThrust"],"picked":"SKIP","floor":11.0},{"not_picked":["champ:Lariat","champ:ShieldSigil"],"picked":"champ:RageSigil","floor":12.0},{"not_picked":["champ:Lariat","champ:HeartStrike"],"picked":"champ:EnragedBash","floor":13.0},{"not_picked":["champ:Haymaker","champ:Circumvent","champ:TornadoPunch"],"picked":"SKIP","floor":14.0},{"not_picked":["champ:GutPunch","champ:PerfectedStrike"],"picked":"champ:ShieldWall","floor":15.0},{"not_picked":["champ:ShieldThrow","champ:VampiricStrike"],"picked":"champ:StrikeOfGenius","floor":16.0},{"not_picked":["champ:ShieldSlam","champ:CrownThrow","champ:PreciseThrust"],"picked":"SKIP","floor":19.0},{"not_picked":["champ:StanceDance","champ:Circumvent","champ:BerserkersShout"],"picked":"SKIP","floor":20.0},{"not_picked":["champ:FanOfKnives","champ:CalledShot"],"picked":"champ:FalseCounter+1","floor":23.0},{"not_picked":["champ:ShieldWall","champ:BladeFlurry"],"picked":"champ:Backstep+1","floor":26},{"not_picked":["champ:BladeFlurry","champ:DefensiveShout"],"picked":"champ:Circumvent+1","floor":27},{"not_picked":["champ:Circumvent+1","champ:FancyFootwork"],"picked":"champ:Devastate","floor":28},{"not_picked":["champ:PreciseThrust","champ:RapidStrikes"],"picked":"champ:TornadoPunch+1","floor":29},{"not_picked":["champ:GladiatorStyle","champ:EnGarde","champ:ShieldWall"],"picked":"SKIP","floor":30},{"not_picked":["champ:AdrenalArmor","champ:BerserkersShout","champ:PreemptiveStrike"],"picked":"SKIP","floor":31},{"not_picked":["champ:RecklessLeap","champ:GutPunch","champ:AdrenalArmor+1"],"picked":"SKIP","floor":32}],"player_experience":643861,"relics_obtained":[{"floor":7.0,"key":"Guardian:PocketSentry"},{"floor":13.0,"key":"Replay:Mystery Machine"},{"floor":21.0,"key":"Nilry\u0027s Codex"},{"floor":24.0,"key":"Happy Flower"},{"floor":26,"key":"Replay:Ringing Soul"},{"floor":28,"key":"Snack Pack"},{"floor":31,"key":"champ:FightingForDummies"}],"event_choices":[],"is_beta":false,"boss_relics":[{"not_picked":["testmod-IncinerationGenerator","testmod-Temperance"],"picked":"champ:ChampionCrownUpgraded"},{"not_picked":[]}],"items_purged_floors":[],"is_endless":false,"potions_floor_spawned":[6,9,10,11,12,20,26,29,30,31],"killed_by":"SI_MIRROR_ARCHETYPE","ascension_level":1}}