{"host":"ewn058xs2vaj5uc6","time":1612798810,"event":{"mods":["ATMod(??Mod)","Act Like it!","Aspiration","BaseMod","Better Third Choice","Better Vampires","BetterRewards","Bossed Relics","Colored Map","Colored Powertips","Downfall","Fox Events","Highlight Path","Minty Spire (QoL Compilation)","Morshu Shopkeeper","Morshu Shopkeeper - ENHANCED","MostiFishMod","Quick Restart","Relic Filter Mod","Reliquary","Replay The Spire","Shop Mod","StSLib","SuperFastMode","TestMod","TheWitcher","??????REMEMod","????"],"gold_per_floor":[99,112,126,126,126,137,151,169,169,196,212,232,267,367,167,192,209,304,304,35,48,64,164,179,210,236,236,188,221,237,12,42,54,67,162,162,5,19,30,305,325,351,351,371,386,399,16,44,60,74,90,90,90,118,24,-1376,-1376,-1376,-1376,-1376],"floor_reached":58,"language":"ZHS","playtime":2961,"items_purged":["Guardian:CurlUp","Guardian:Strike_Guardian","Guardian:Strike_Guardian","Guardian:Strike_Guardian","Guardian:Strike_Guardian","Guardian:RollAttack","Regret","AT_ChampionKick"],"score":1672,"play_id":"abca2a3e-a7d6-4f30-b570-532b77521a3a","local_time":"20210208234010","is_ascension_mode":false,"campfire_choices":[{"floor":1.0,"key":"RECALL"},{"data":"Guardian:TwinSlam","floor":15.0,"key":"SMITH"}],"circlet_count":0,"master_deck":["Guardian:Defend_Guardian","Guardian:Defend_Guardian","Guardian:Defend_Guardian","Guardian:Defend_Guardian","Guardian:TwinSlam+1","AT_KingSlayer","Guardian:BronzeOrb","Guardian:FloatingOrbs","MostiFishMod:RacingGame","Guardian:ExploitGems","Guardian:Clone","Guardian:BodySlam+1","Guardian:ExploitGems"],"relics":["Guardian:ModeShifter","testmod-TestBox","AT_ATBox","REME_ComplimentaryCards","DaveBox","GuanYuAspect","testmod-TurbochargingSystem","testmod-Hope","testmod-BalancedPeriapt","downfall:HeartBlessingGreen","downfall:HeartBlessingRed","Charon\u0027s Ashes","aspiration:SecretTechniqueScroll","Membership Card","MerchantsRug","AT_BladeRuinedKing","Sling","AT_GuinsooRageblade","testmod-Antiphasic","REME_CardOfGreed","AT_BellowingDragoncrestRing","ChiXiaoBlade","Vajra","downfall:HeartBlessingBlue","testmod-Brilliant","Strange Spoon","AT_RedNoBalance","AT_RedTearstoneRing","SynthV:MejaisSoulstealer"],"acts_visited":["Exordium","TheCity","TheBeyond","TheEnding"],"potions_floor_usage":[42,42,57,57],"damage_taken":[{"damage":1.0,"enemies":"Cultist","floor":2.0,"turns":4.0},{"damage":1.0,"enemies":"Jaw Worm","floor":3.0,"turns":3.0},{"damage":0.0,"enemies":"2 Louse","floor":6.0,"turns":2.0},{"damage":7.0,"enemies":"Exordium Wildlife","floor":7.0,"turns":3.0},{"damage":8.0,"enemies":"Red Slaver","floor":8.0,"turns":3.0},{"damage":18.0,"enemies":"Gremlin Nob","floor":10.0,"turns":4.0},{"damage":1.0,"enemies":"3 Louse","floor":11.0,"turns":3.0},{"damage":4.0,"enemies":"Large Slime","floor":12.0,"turns":3.0},{"damage":17.0,"enemies":"Lagavulin","floor":13.0,"turns":6.0},{"damage":0.0,"enemies":"Blue Slaver","floor":17.0,"turns":1.0},{"damage":4.0,"enemies":"SI_SHIV_ARCHETYPE","floor":18.0,"turns":4.0},{"damage":0.0,"enemies":"Chosen","floor":21.0,"turns":2.0},{"damage":12.0,"enemies":"3 Cultists","floor":22.0,"turns":3.0},{"damage":0.0,"enemies":"downfall:FleeingMerchant","floor":24.0,"turns":4.0},{"damage":12.0,"enemies":"Replay:Snechameleon","floor":25.0,"turns":3.0},{"damage":0.0,"enemies":"downfall:FleeingMerchant","floor":28.0,"turns":2.0},{"damage":0.0,"enemies":"Gremlin Leader","floor":29.0,"turns":2.0},{"damage":0.0,"enemies":"Replay:Snechameleon","floor":32.0,"turns":2.0},{"damage":1.0,"enemies":"Snake Plant","floor":33.0,"turns":2.0},{"damage":0.0,"enemies":"Cultist and Chosen","floor":34.0,"turns":2.0},{"damage":0.0,"enemies":"IC_MUSHROOM_ARCHETYPE","floor":35.0,"turns":2.0},{"damage":6.0,"enemies":"3 Shapes","floor":38.0,"turns":2.0},{"damage":0.0,"enemies":"3 Darklings","floor":39.0,"turns":2.0},{"damage":5.0,"enemies":"Maw","floor":41.0,"turns":3.0},{"damage":0,"enemies":"Nemesis","floor":42,"turns":1},{"damage":12,"enemies":"4 Shapes","floor":44,"turns":2},{"damage":2,"enemies":"3 Darklings","floor":45,"turns":2},{"damage":0,"enemies":"Maw","floor":46,"turns":1},{"damage":0,"enemies":"R_Hoarder","floor":48,"turns":1},{"damage":5,"enemies":"4 Shapes","floor":49,"turns":2},{"damage":0,"enemies":"Spire Growth","floor":50,"turns":1},{"damage":0,"enemies":"Maw","floor":51,"turns":1},{"damage":0,"enemies":"WA_ARCHETYPE_DIVINITY","floor":52,"turns":1},{"damage":0,"enemies":"downfall:CharBossMerchant","floor":54,"turns":1},{"damage":0,"enemies":"downfall:NeowBoss","floor":57,"turns":4},{"damage":101,"enemies":"downfall:NeowBossFinal","floor":58,"turns":2}],"seed_played":"6218055273659663713","potions_obtained":[{"floor":3.0,"key":"Toxic Potion"},{"floor":7.0,"key":"Fire Potion"},{"floor":8.0,"key":"Fire Potion"},{"floor":10.0,"key":"AttackPotion"},{"floor":18.0,"key":"Fire Potion"},{"floor":22.0,"key":"Fire Potion"},{"floor":25.0,"key":"Fire Potion"},{"floor":32.0,"key":"testmod-TestPotion"},{"floor":34.0,"key":"Adrenaline Potion"},{"floor":35.0,"key":"SkillPotion"},{"floor":41.0,"key":"Dexterity Potion"},{"floor":44,"key":"Regen Potion"},{"floor":45,"key":"Ancient Potion"},{"floor":46,"key":"SteroidPotion"},{"floor":49,"key":"SmokeBomb"}],"is_trial":false,"path_per_floor":["R","M","M","PTL","PTL","M","M","M","T","E","M","M","E","?","R","?","M","B",null,"R","M","M","?","$","E","T","?","$","E","$","R","E","M","M","B",null,"R_BF","M","M","?","M","E","T","M","M","M","R","E","M","M","M","B",null,"E","$","R","B","B"],"character_chosen":"GUARDIAN","items_purchased":["Membership Card","MerchantsRug","Sling","AT_GuinsooRageblade","reliquary:FerryPass","Guardian:BodySlam+1","Guardian:Gem_Yellow","testmod-Antiphasic","REME_CardOfGreed","DiscerningMonocle","testmod-Brilliant","Strange Spoon","SynthV:MejaisSoulstealer"],"campfire_rested":0,"item_purchase_floors":[20,20,28,28,28,28,28,31,31,37,47,47,56],"current_hp_per_floor":[44,44,44,44,44,44,39,39,39,33,41,44,42,42,42,42,44,43,44,44,44,39,39,44,44,44,44,44,44,44,44,44,44,44,44,44,44,44,44,44,44,44,44,41,44,44,44,44,34,34,37,39,44,44,44,44,44,0,0,0],"gold":-1376,"neow_bonus":"TEN_PERCENT_HP_BONUS","is_daily":false,"chose_seed":false,"campfire_upgraded":1,"win_rate":0.0,"timestamp":1612798810,"path_taken":["R","M","M","PTL","PTL","?","M","?","T","E","M","M","E","?","R","?","M","BOSS","R","M","M","?","$","E","T","?","?","E","$","R","E","M","M","BOSS","R_BF","M","M","?","M","E","T","M","M","M","R","E","?","M","M","BOSS","E","$","R","BOSS","BOSS"],"items_purchased_type":["Relic","Relic","Relic","Relic","Relic","Card","Card","Relic","Relic","Relic","Relic","Relic","Relic"],"build_version":"2020-12-22","purchased_purges":8,"victory":false,"max_hp_per_floor":[44,44,44,44,44,44,44,44,44,44,44,44,44,44,44,44,44,44,44,44,44,44,44,44,44,44,44,44,44,44,44,44,44,44,44,44,44,44,44,44,44,44,44,44,44,44,44,44,44,44,44,44,44,44,44,44,44,44,44,44],"card_choices":[{"not_picked":["Guardian:WalkerClaw","Guardian:Incinerate"],"picked":"Guardian:Gem_Purple","floor":2.0},{"not_picked":["Guardian:Suspension","Guardian:DecasProtection","Guardian:PiercingHide"],"picked":"SKIP","floor":3.0},{"not_picked":["Guardian:BodySlam","Guardian:PrismaticBarrier","Guardian:RefractedBeam"],"picked":"SKIP","floor":6.0},{"not_picked":["Guardian:Preprogram","Guardian:PiercingHide","Guardian:ChargeCore"],"picked":"SKIP","floor":7.0},{"not_picked":["Guardian:PrimingBeam","Guardian:PrismaticBarrier"],"picked":"Guardian:Gem_Lightblue","floor":8.0},{"not_picked":["Guardian:TemporalShield","Guardian:Repulse"],"picked":"Guardian:BronzeOrb","floor":10.0},{"not_picked":["Guardian:PrimingBeam","Guardian:Gem_White"],"picked":"Guardian:FloatingOrbs","floor":11.0},{"not_picked":["Guardian:CrystalBeam","Guardian:Suspension","Guardian:Harden"],"picked":"SKIP","floor":12.0},{"not_picked":["Guardian:Reroute","Guardian:Gem_Red"],"picked":"Guardian:RollAttack","floor":13.0},{"not_picked":["Guardian:WalkerClaw","Guardian:TimeCapacitor"],"picked":"Guardian:Gem_White","floor":16.0},{"not_picked":["Guardian:Harden","Guardian:WalkerClaw","Guardian:Reroute"],"picked":"SKIP","floor":17.0},{"not_picked":["Guardian:StasisStrike","Guardian:ConstructionForm"],"picked":"Guardian:ExploitGems","floor":18.0},{"not_picked":["Guardian:BodySlam+1","Guardian:Planning","Guardian:Emergency+1"],"picked":"SKIP","floor":21.0},{"not_picked":["Guardian:Recover","Guardian:Gem_Green","Guardian:Emergency"],"picked":"SKIP","floor":22.0},{"not_picked":["Guardian:DonusPower","Guardian:Emergency","Guardian:Gem_Red"],"picked":"SKIP","floor":24.0},{"not_picked":["Guardian:RollAttack+1","Guardian:WalkerClaw+1"],"picked":"Guardian:Clone","floor":25.0},{"not_picked":["Guardian:VentSteam+1","Guardian:PrismaticBarrier","Guardian:Gem_Cyan"],"picked":"SKIP","floor":28.0},{"not_picked":["Guardian:AncientConstruct","Guardian:VentSteam","Guardian:Repulse"],"picked":"SKIP","floor":29.0},{"not_picked":["Guardian:VentSteam","Guardian:FloatingOrbs","Guardian:TemporalShield+1"],"picked":"SKIP","floor":32.0},{"not_picked":["Guardian:RefractedBeam","Guardian:Gem_Cyan"],"picked":"Guardian:Gem_Crimson","floor":33.0},{"not_picked":["Guardian:Incinerate","Guardian:Suspension","Guardian:PrismaticBeam"],"picked":"SKIP","floor":34.0},{"not_picked":["Guardian:ConstructionForm","Guardian:AncientConstruct"],"picked":"Guardian:ExploitGems","floor":35.0},{"not_picked":["Guardian:ChargeCore","Guardian:Reroute","Guardian:Planning"],"picked":"SKIP","floor":38.0},{"not_picked":["Guardian:TemporalShield+1","Guardian:Gem_Green","Guardian:WalkerClaw"],"picked":"SKIP","floor":39.0},{"not_picked":["Guardian:Gem_Lightblue","Guardian:Gem_Cyan","Guardian:Incinerate"],"picked":"SKIP","floor":41.0},{"not_picked":["Guardian:TimeSifter","Guardian:Incinerate+1","Guardian:StasisField"],"picked":"SKIP","floor":42},{"not_picked":["Guardian:CrystalBeam+1","Guardian:TimeCapacitor","Guardian:Suspension"],"picked":"SKIP","floor":44},{"not_picked":["Guardian:PiercingHide+1","Guardian:PrimingBeam+1","Guardian:WalkerClaw+1"],"picked":"SKIP","floor":45},{"not_picked":["Guardian:DecasProtection","Guardian:Reroute+1","Guardian:CrystalBeam+1"],"picked":"SKIP","floor":46},{"not_picked":["Guardian:RefractedBeam+1","Guardian:SentryBeam","Guardian:WalkerClaw"],"picked":"SKIP","floor":48},{"not_picked":["Guardian:SphericShield","Guardian:Recover","Guardian:DonusPower+1"],"picked":"SKIP","floor":49},{"not_picked":["Guardian:TimeCapacitor","Guardian:ArmoredProtocol+1","Guardian:VentSteam"],"picked":"SKIP","floor":50},{"not_picked":["Guardian:TemporalShield","Guardian:Gem_Red"],"picked":"Guardian:Gem_Yellow","floor":51},{"not_picked":["Guardian:PrismaticBeam","Guardian:TemporalShield+1","Guardian:FloatingOrbs"],"picked":"SKIP","floor":54}],"player_experience":119282,"relics_obtained":[{"floor":9.0,"key":"testmod-Hope"},{"floor":10.0,"key":"testmod-BalancedPeriapt"},{"floor":13.0,"key":"testmod-HeartOfDaVinci"},{"floor":16.0,"key":"Charon\u0027s Ashes"},{"floor":25.0,"key":"Strawberry"},{"floor":26.0,"key":"AT_BladeRuinedKing"},{"floor":29.0,"key":"AT_BellDemon"},{"floor":32.0,"key":"AT_BellowingDragoncrestRing"},{"floor":42,"key":"Vajra"},{"floor":48,"key":"AT_SilverBalance"},{"floor":54,"key":"AT_RedTearstoneRing"}],"event_choices":[{"damage_healed":0.0,"max_hp_gain":0.0,"max_hp_loss":0.0,"gold_gain":0.0,"event_name":"Ghosts","player_choice":"Ignored","floor":27.0,"gold_loss":0.0,"damage_taken":0.0}],"is_beta":false,"boss_relics":[{"not_picked":["aspiration:WatcherSkillbook","xbg"],"picked":"aspiration:SecretTechniqueScroll"},{"not_picked":["testmod-SaigiyounoYou","GreenFoldingFan"],"picked":"ChiXiaoBlade"}],"items_purged_floors":[20,24,28,30,31,37,47,55],"is_endless":false,"potions_floor_spawned":[3,7,8,10,18,22,25,29,32,34,35,41,44,45,46,49,54],"killed_by":"downfall:NeowBossFinal","ascension_level":0}}