{"host":"eaiphzh066bwqdh7","time":1612801709,"event":{"mods":["BaseMod","Better Note","Halation","Hubris","Minty Spire (QoL Compilation)","Reliquary","Replay The Spire","StSLib"],"gold_per_floor":[15,15,15,15,27,42,42,71,71,71,71,71,85,85,85,85,85],"floor_reached":16,"language":"ENG","playtime":455,"items_purged":[],"score":118,"play_id":"35dbc4fc-b3b7-4ba9-ad25-0fa1a063f546","local_time":"20210208112829","is_ascension_mode":true,"campfire_choices":[{"floor":7,"key":"REST"},{"floor":10,"key":"REST"},{"floor":12,"key":"REST"},{"floor":15,"key":"REST"}],"circlet_count":0,"master_deck":["Strike_G","Strike_G","Strike_G","Defend_G","Defend_G","Defend_G","Defend_G","Defend_G","Survivor","Neutralize","Blade Dance","Deadly Poison","Cloak And Dagger+1"],"relics":["hubris:Icosahedron","hubris:Towel","Akabeko","Toxic Egg 2","Sizzling Blood"],"acts_visited":["Exordium"],"potions_floor_usage":[16],"damage_taken":[{"damage":2,"enemies":"Small Slimes","floor":1,"turns":4},{"damage":2,"enemies":"Jaw Worm","floor":5,"turns":5},{"damage":39,"enemies":"Cultist","floor":6,"turns":6},{"damage":14,"enemies":"3 Sentries","floor":8,"turns":11},{"damage":15,"enemies":"Lots of Slimes","floor":13,"turns":5},{"damage":88,"enemies":"Fading Forest","floor":16,"turns":8}],"seed_played":"-8342226520825835576","potions_obtained":[{"floor":8,"key":"EssenceOfSteel"},{"floor":13,"key":"GamblersBrew"}],"is_trial":false,"path_per_floor":["M","?","?","$","M","M","R","E","T","R","$","R","M","?","R","B"],"character_chosen":"THE_SILENT","items_purchased":[],"campfire_rested":4,"item_purchase_floors":[],"current_hp_per_floor":[68,68,68,68,66,27,48,34,34,55,55,70,55,59,74,0,0],"gold":85,"neow_bonus":"REMOVE_TWO","is_daily":false,"chose_seed":false,"campfire_upgraded":0,"win_rate":0.0,"timestamp":1612801709,"path_taken":["M","?","?","?","M","M","R","E","T","R","$","R","?","?","R","BOSS"],"items_purchased_type":[],"build_version":"2020-12-22","purchased_purges":0,"victory":false,"max_hp_per_floor":[70,70,70,70,70,70,70,70,70,70,70,70,70,74,74,74,74],"card_choices":[{"not_picked":["Underhanded Strike","PiercingWail","Dagger Spray"],"picked":"SKIP","floor":1},{"not_picked":["Prepared","Acrobatics"],"picked":"Blade Dance","floor":5},{"not_picked":["Night Terror","Cloak And Dagger"],"picked":"Deadly Poison","floor":6},{"not_picked":["Dash","Footwork","Prepared"],"picked":"SKIP","floor":8},{"not_picked":["Quick Slash","ReplayTheSpireMod:Scrap Shanks"],"picked":"Cloak And Dagger+1","floor":13}],"player_experience":281989,"relics_obtained":[{"floor":8,"key":"Akabeko"},{"floor":9,"key":"Toxic Egg 2"}],"event_choices":[],"is_beta":false,"boss_relics":[],"items_purged_floors":[],"is_endless":false,"potions_floor_spawned":[8,13],"killed_by":"Fading Forest","ascension_level":4}}