{"host":"ftw8honmdnhsve3j","time":1612807307,"event":{"mods":["BaseMod","Colored Powertips","Minty Spire (QoL Compilation)","StSLib","The Bug Knight","The Wild Card"],"gold_per_floor":[116,116,28,47,47,47,63,91,91,117,117,144,144,169,169,265,265,284,284,284,284,300,333,333,344,370,370,381,109,85,98,98,202,202,215,125,137,148,148,148,164,164,187,222,222,272,290,290,290,290],"floor_reached":51,"language":"ENG","playtime":2987,"items_purged":[],"score":772,"play_id":"0cbef995-707c-4426-85d0-26a86d83da6f","local_time":"20210208190147","is_ascension_mode":true,"campfire_choices":[{"data":"HollowMod:WraithStrike","floor":6,"key":"SMITH"},{"data":"HollowMod:MonarchWings","floor":11,"key":"SMITH"},{"data":"HollowMod:Hiveblood","floor":13,"key":"SMITH"},{"data":"Flash of Steel","floor":15,"key":"SMITH"},{"data":"HollowMod:CloakDash","floor":24,"key":"SMITH"},{"data":"HollowMod:VoidDash","floor":27,"key":"SMITH"},{"data":"Master of Strategy","floor":32,"key":"SMITH"},{"data":"HollowMod:SoulMaster","floor":40,"key":"SMITH"},{"data":"HollowMod:MonarchWings","floor":42,"key":"SMITH"},{"data":"theWildCard:Scathach","floor":49,"key":"SMITH"}],"circlet_count":0,"master_deck":["HollowMod:NailStrikeStart","HollowMod:NailStrikeStart+1","HollowMod:NailStrikeStart","HollowMod:NailStrikeStart","HollowMod:QuickDashStart","HollowMod:QuickDashStart","HollowMod:QuickDashStart","HollowMod:QuickDashStart","HollowMod:FocusHealStart+1","HollowMod:PogoStrike+1","HollowMod:MonarchWings+1","Flash of Steel+1","HollowMod:WraithStrike+1","theWildCard:Scathach+1","HollowMod:Hiveblood+1","HollowMod:VoidDash+1","CurseOfTheBell","HollowMod:CloakDash+1","HollowMod:MantisMark","HollowMod:ShadowDash+1","HollowMod:BlackTendrils+1","Master of Strategy+1","HollowMod:VengefulVoid+1","HollowMod:DescendingDark+1","HollowMod:SoulMaster+1","Panacea","HollowMod:MonarchWings+1","Mind Blast+1"],"relics":["HollowMod:VoidIdolRelic","Odd Mushroom","Bronze Scales","Anchor","Molten Egg 2","HollowMod:MillibellesNoteRelic","Calling Bell","Pen Nib","HornCleat","MutagenicStrength","Eternal Feather","Whetstone","PreservedInsect","StoneCalendar"],"acts_visited":["Exordium","TheCity","TheBeyond"],"potions_floor_usage":[16,16,33,50,50],"damage_taken":[{"damage":0,"enemies":"Cultist","floor":1,"turns":4},{"damage":2,"enemies":"Small Slimes","floor":4,"turns":3},{"damage":0,"enemies":"2 Louse","floor":7,"turns":2},{"damage":15,"enemies":"The Mushroom Lair","floor":8,"turns":6},{"damage":8,"enemies":"Gremlin Nob","floor":10,"turns":4},{"damage":3,"enemies":"3 Sentries","floor":12,"turns":8},{"damage":11,"enemies":"HollowMod:MossKnight","floor":14,"turns":11},{"damage":42,"enemies":"Slime Boss","floor":16,"turns":6},{"damage":0,"enemies":"Shell Parasite","floor":18,"turns":5},{"damage":0,"enemies":"2 Thieves","floor":22,"turns":4},{"damage":36,"enemies":"Slavers","floor":23,"turns":6},{"damage":28,"enemies":"Snake Plant","floor":25,"turns":5},{"damage":0,"enemies":"Centurion and Healer","floor":28,"turns":5},{"damage":22,"enemies":"Shelled Parasite and Fungi","floor":31,"turns":5},{"damage":74,"enemies":"Collector","floor":33,"turns":9},{"damage":0,"enemies":"Orb Walker","floor":35,"turns":2},{"damage":6,"enemies":"3 Darklings","floor":37,"turns":6},{"damage":35,"enemies":"Maw","floor":38,"turns":7},{"damage":19,"enemies":"Sphere and 2 Shapes","floor":41,"turns":4},{"damage":21,"enemies":"Giant Head","floor":44,"turns":7},{"damage":42,"enemies":"Mind Bloom Boss Battle","floor":46,"turns":5},{"damage":57,"enemies":"HollowMod:SlobberingHusk","floor":47,"turns":7},{"damage":69,"enemies":"Awakened One","floor":50,"turns":11}],"seed_played":"5786223539257703907","potions_obtained":[{"floor":1,"key":"Swift Potion"},{"floor":4,"key":"Block Potion"},{"floor":14,"key":"FearPotion"},{"floor":16,"key":"GamblersBrew"},{"floor":18,"key":"Explosive Potion"},{"floor":38,"key":"Strength Potion"}],"is_trial":false,"path_per_floor":["M","?","$","M","?","R","M","?","T","E","R","E","R","E","R","B",null,"M","?","$","?","M","E","R","M","T","R","M","$","$","M","R","B",null,"M","$","M","M","?","R","M","R","T","E","$","?","M","?","R","B",null],"character_chosen":"THE_BUGKNIGHT","items_purchased":["Flash of Steel","HollowMod:BlackTendrils+1","Master of Strategy","HollowMod:VengefulVoid+1","Panacea"],"campfire_rested":0,"item_purchase_floors":[3,29,29,30,36],"current_hp_per_floor":[75,75,75,75,75,75,75,70,70,68,68,75,75,75,75,60,75,75,75,75,75,75,71,75,65,65,75,75,75,75,75,75,29,75,75,75,69,62,62,75,68,75,75,75,75,63,49,49,64,48],"gold":290,"neow_bonus":"UPGRADE_CARD","is_daily":false,"chose_seed":false,"campfire_upgraded":10,"win_rate":0.0,"timestamp":1612807307,"path_taken":["M","?","$","?","?","R","M","?","T","E","R","E","R","E","R","BOSS","M","?","$","?","M","E","R","M","T","R","M","?","$","M","R","BOSS","M","$","M","M","?","R","M","R","T","E","$","?","M","?","R","BOSS"],"items_purchased_type":["Card","Card","Card","Card","Card"],"build_version":"2020-12-22","purchased_purges":0,"victory":true,"max_hp_per_floor":[75,75,75,75,75,75,75,75,75,75,75,75,75,75,75,75,75,75,75,75,75,75,75,75,75,75,75,75,75,75,75,75,75,75,75,75,75,75,75,75,75,75,75,75,75,75,75,75,75,75],"card_choices":[{"not_picked":["HollowMod:GrimmsGift","HollowMod:CycloneSlash"],"picked":"HollowMod:MonarchWings","floor":1},{"not_picked":["HollowMod:SoulShaman","HollowMod:CloakDash"],"picked":"HollowMod:WraithStrike","floor":4},{"not_picked":["HollowMod:NewJinnsSoul","HollowMod:InfectedAttack","HollowMod:LifebloodCocoon"],"picked":"SKIP","floor":7},{"not_picked":["HollowMod:ElderbugsWisdom","HollowMod:NewGlowingWomb","HollowMod:InfectedCysts"],"picked":"SKIP","floor":10},{"not_picked":["HollowMod:ChannelNail","HollowMod:Grubsong"],"picked":"HollowMod:Hiveblood","floor":12},{"not_picked":["HollowMod:CornifersMapStart","HollowMod:CrystalDash"],"picked":"HollowMod:CycloneSlash+1","floor":14},{"not_picked":["HollowMod:LifebloodCore","HollowMod:Weaversong"],"picked":"HollowMod:VoidDash","floor":16},{"not_picked":["HollowMod:NewJinnsSoul","HollowMod:SharpenedNail+1"],"picked":"HollowMod:CloakDash","floor":18},{"not_picked":["HollowMod:SoulShaman","HollowMod:DoubleDash"],"picked":"HollowMod:MantisMark","floor":22},{"not_picked":["HollowMod:WraithStrike+1","HollowMod:MothsMistake+1"],"picked":"HollowMod:ShadowDash+1","floor":23},{"not_picked":["HollowMod:DoubleDash","HollowMod:CornifersMapStart+1","HollowMod:ElderbugsWisdom"],"picked":"SKIP","floor":25},{"not_picked":["HollowMod:InfectedAttack+1","HollowMod:NewJinnsSoul+1","HollowMod:LifebloodCocoon"],"picked":"SKIP","floor":28},{"not_picked":["HollowMod:PureNailStrike+1","HollowMod:BrokenVessel"],"picked":"HollowMod:DescendingDark+1","floor":31},{"not_picked":["HollowMod:Weaversong","HollowMod:NewInfectedGuardian"],"picked":"HollowMod:SoulMaster","floor":33},{"not_picked":["HollowMod:HowlingWraiths+1","HollowMod:SoulSplash","HollowMod:CycloneSlash+1"],"picked":"SKIP","floor":35},{"not_picked":["HollowMod:SoulSplash+1","HollowMod:DoubleDash","HollowMod:InfectedCysts+1"],"picked":"SKIP","floor":37},{"not_picked":["HollowMod:SiblingsShadow+1","HollowMod:RecoilStrike+1"],"picked":"HollowMod:MonarchWings","floor":38},{"not_picked":["Thinking Ahead","Dramatic Entrance+1"],"picked":"Mind Blast+1","floor":39},{"not_picked":["HollowMod:SoulSplash+1","HollowMod:InfectedAttack+1","HollowMod:HeavyBlow+1"],"picked":"SKIP","floor":41},{"not_picked":["HollowMod:CycloneSlash+1","HollowMod:ChannelNail+1","HollowMod:CornifersMapStart+1"],"picked":"SKIP","floor":44},{"not_picked":["HollowMod:CycloneSlash+1","HollowMod:SiblingsSouls+1","HollowMod:SharpenedShadows"],"picked":"SKIP","floor":47}],"player_experience":568209,"relics_obtained":[{"floor":8,"key":"Odd Mushroom"},{"floor":9,"key":"Bronze Scales"},{"floor":10,"key":"Anchor"},{"floor":12,"key":"Molten Egg 2"},{"floor":14,"key":"HollowMod:MillibellesNoteRelic"},{"floor":17,"key":"Pen Nib"},{"floor":17,"key":"HornCleat"},{"floor":23,"key":"Eternal Feather"},{"floor":26,"key":"Whetstone"},{"floor":43,"key":"PreservedInsect"},{"floor":44,"key":"StoneCalendar"}],"event_choices":[{"damage_healed":0,"gold_gain":0,"player_choice":"Ignored","damage_taken":0,"max_hp_gain":0,"max_hp_loss":0,"event_name":"Transmorgrifier","floor":2,"gold_loss":0},{"damage_healed":0,"gold_gain":0,"player_choice":"Fought Mushrooms","damage_taken":0,"max_hp_gain":0,"max_hp_loss":0,"event_name":"Mushrooms","floor":8,"gold_loss":0},{"damage_healed":0,"gold_gain":0,"player_choice":"Inject Mutagens","damage_taken":0,"relics_obtained":["MutagenicStrength"],"max_hp_gain":0,"max_hp_loss":0,"event_name":"Drug Dealer","floor":21,"gold_loss":0},{"damage_healed":0,"gold_gain":0,"player_choice":"Memory 1","damage_taken":0,"max_hp_gain":0,"max_hp_loss":0,"event_name":"SensoryStone","floor":39,"gold_loss":0},{"damage_healed":0,"gold_gain":0,"player_choice":"Fight","damage_taken":0,"max_hp_gain":0,"max_hp_loss":0,"event_name":"MindBloom","floor":46,"gold_loss":0},{"cards_removed":["HollowMod:CycloneSlash"],"damage_healed":0,"gold_gain":0,"player_choice":"Removed Attack","damage_taken":0,"max_hp_gain":0,"max_hp_loss":0,"event_name":"Falling","floor":48,"gold_loss":0}],"is_beta":false,"boss_relics":[{"not_picked":["Fusion Hammer","Astrolabe"],"picked":"Calling Bell"},{"not_picked":["SlaversCollar","Sozu"],"picked":"HollowMod:VoidIdolRelic"}],"items_purged_floors":[],"is_endless":false,"potions_floor_spawned":[1,4,14,16,18,28,38,41,46,47],"ascension_level":1}}