{"host":"995ppxxqmb2p2due","time":1612809480,"event":{"mods":["BaseMod","Downfall","Minty Spire (QoL Compilation)","StSLib"],"gold_per_floor":[99,110,128,38,38,56,103,133,150,165,165,184,197,25,45,142,142,42,42,42,62,77,88,88,88,117,135,35,35,54,72,86,191,191,91,110,124,134,149,149,149,149,161,192,274,274,274,274],"floor_reached":46,"language":"ENG","playtime":3045,"items_purged":["bronze:Strike"],"score":480,"play_id":"e18a85f0-91c8-4372-a3dd-502b35ac8f52","local_time":"20210208133800","is_ascension_mode":false,"campfire_choices":[{"floor":1.0,"key":"RECALL"},{"data":"bronze:DelayedSlice","floor":18.0,"key":"SMITH"},{"floor":25.0,"key":"REST"},{"floor":28.0,"key":"REST"},{"data":"RitualDagger","floor":35.0,"key":"SMITH"}],"circlet_count":0,"master_deck":["bronze:Strike","bronze:Strike","bronze:Defend","bronze:Defend","bronze:Defend","bronze:Replicate","bronze:CloningBeam+1","bronze:Branch+1","bronze:BronzeOrb","bronze:DelayedSlice","bronze:WhirlingStrike","bronze:DelayedSlice+1","bronze:Mutator","RitualDagger+1","bronze:ItsAFeature","bronze:ForceShield+1","bronze:Flail","bronze:Shield","bronze:FineTuning","bronze:OilSpill","bronze:Allocate","bronze:Optimize","bronze:Iterate+1"],"relics":["bronze:BronzeCore","Whetstone","Ornamental Fan","Lee\u0027s Waffle","Runic Pyramid","downfall:HeartBlessingGreen","Mummified Hand","downfall:HeartBlessingRed","Busted Crown","downfall:HeartBlessingBlue","bronze:BottledCode","Molten Egg 2","Anchor","Toxic Egg 2"],"acts_visited":["Exordium","TheCity","TheBeyond"],"potions_floor_usage":[43,44,46],"damage_taken":[{"damage":6.0,"enemies":"2 Louse","floor":2.0,"turns":3.0},{"damage":5.0,"enemies":"Jaw Worm","floor":3.0,"turns":5.0},{"damage":5.0,"enemies":"downfall:FleeingMerchant","floor":4.0,"turns":4.0},{"damage":0.0,"enemies":"Small Slimes","floor":6.0,"turns":3.0},{"damage":20.0,"enemies":"Gremlin Nob","floor":8.0,"turns":4.0},{"damage":8.0,"enemies":"Exordium Thugs","floor":9.0,"turns":5.0},{"damage":0.0,"enemies":"Large Slime","floor":10.0,"turns":4.0},{"damage":0.0,"enemies":"2 Fungi Beasts","floor":12.0,"turns":2.0},{"damage":0.0,"enemies":"Blue Slaver","floor":13.0,"turns":2.0},{"damage":1.0,"enemies":"downfall:FleeingMerchant","floor":14.0,"turns":4.0},{"damage":0.0,"enemies":"Large Slime","floor":15.0,"turns":3.0},{"damage":31.0,"enemies":"WA_ARCHETYPE_RETAIN","floor":16.0,"turns":7.0},{"damage":0.0,"enemies":"3 Byrds","floor":21.0,"turns":2.0},{"damage":12.0,"enemies":"Sentry and Sphere","floor":22.0,"turns":4.0},{"damage":25.0,"enemies":"Snake Plant","floor":23.0,"turns":4.0},{"damage":51.0,"enemies":"Book of Stabbing","floor":26.0,"turns":7.0},{"damage":0.0,"enemies":"Snecko","floor":27.0,"turns":3.0},{"damage":17.0,"enemies":"Shelled Parasite and Fungi","floor":30.0,"turns":6.0},{"damage":0.0,"enemies":"Snake Plant","floor":31.0,"turns":3.0},{"damage":3.0,"enemies":"Snecko","floor":32.0,"turns":3.0},{"damage":51.0,"enemies":"SI_MIRROR_ARCHETYPE","floor":33.0,"turns":12.0},{"damage":4.0,"enemies":"Orb Walker","floor":36.0,"turns":4.0},{"damage":6.0,"enemies":"3 Darklings","floor":37.0,"turns":3.0},{"damage":8.0,"enemies":"Sphere and 2 Shapes","floor":38.0,"turns":4.0},{"damage":15.0,"enemies":"Spire Growth","floor":39.0,"turns":5.0},{"damage":10,"enemies":"Writhing Mass","floor":43,"turns":4},{"damage":22,"enemies":"Nemesis","floor":44,"turns":5},{"damage":34,"enemies":"Giant Head","floor":46,"turns":7}],"seed_played":"-3422540784553380696","potions_obtained":[{"floor":6.0,"key":"PowerPotion"},{"floor":8.0,"key":"sneckomod:MuddlingPotion"},{"floor":9.0,"key":"SmokeBomb"},{"floor":15.0,"key":"CultistPotion"},{"floor":23.0,"key":"Strength Potion"},{"floor":30.0,"key":"Guardian:BlockOnCardUsePotion"},{"floor":37.0,"key":"ColorlessPotion"},{"floor":39.0,"key":"hexamod:SoulburnPotion"}],"is_trial":false,"path_per_floor":["R","M","M","$","?","M","T","E","M","M","?","M","M","$","M","B",null,"R","?","?","M","M","M","T","R","E","M","R","?","M","M","M","B",null,"R","M","M","M","M","?","T","?","M","E","?","E"],"character_chosen":"THE_AUTOMATON","items_purchased":["Lee\u0027s Waffle"],"campfire_rested":2,"item_purchase_floors":[14],"current_hp_per_floor":[77,71,66,61,61,61,61,41,33,33,33,33,33,84,84,53,84,84,78,78,78,66,41,41,66,15,15,40,84,67,67,64,13,84,94,90,84,76,61,61,61,61,51,29,29,0,0,0],"gold":274,"neow_bonus":"TEN_PERCENT_HP_BONUS","is_daily":false,"chose_seed":false,"campfire_upgraded":2,"win_rate":0.0,"timestamp":1612809480,"path_taken":["R","M","M","$","?","M","T","E","M","M","?","M","M","$","M","BOSS","R","?","?","M","M","M","T","R","E","M","R","?","M","?","M","BOSS","R","M","M","M","M","?","T","?","M","E","?","E"],"items_purchased_type":["Relic"],"build_version":"2020-12-22","purchased_purges":1,"victory":false,"max_hp_per_floor":[77,77,77,77,77,77,77,77,77,77,77,77,77,84,84,84,84,84,84,84,84,84,84,84,84,84,84,84,84,84,84,84,84,84,94,94,94,94,94,84,84,84,84,84,84,84,84,84],"card_choices":[{"not_picked":["bronze:Shield","bronze:Turbo"],"picked":"bronze:CloningBeam","floor":2.0},{"not_picked":["bronze:Deprecate","bronze:Turbo"],"picked":"bronze:GetLatest","floor":3.0},{"not_picked":["bronze:AlphaBuild","bronze:Flail"],"picked":"bronze:Branch","floor":4.0},{"not_picked":["bronze:Shield","bronze:BugBarrage"],"picked":"bronze:BronzeOrb","floor":6.0},{"not_picked":["bronze:ForLoop","bronze:WildBeam","bronze:DelayedGuard"],"picked":"SKIP","floor":8.0},{"not_picked":["bronze:Return","bronze:Deprecate"],"picked":"bronze:DelayedSlice","floor":9.0},{"not_picked":["bronze:WildBeam","bronze:Invalidate","bronze:Deprecate"],"picked":"SKIP","floor":10.0},{"not_picked":["bronze:NullPointer","bronze:Deprecate"],"picked":"bronze:WhirlingStrike","floor":12.0},{"not_picked":["bronze:BitShift","bronze:Return"],"picked":"bronze:DelayedSlice","floor":13.0},{"not_picked":["bronze:ItsAFeature","bronze:FindAndReplace","bronze:Shield"],"picked":"SKIP","floor":14.0},{"not_picked":["bronze:Invalidate","bronze:WildBeam","bronze:DelayedGuard"],"picked":"SKIP","floor":15.0},{"not_picked":["bronze:ShipIt","bronze:AlphaBuild"],"picked":"bronze:Mutator","floor":16.0},{"not_picked":["bronze:Deprecate","bronze:DelayedSlice"],"picked":"bronze:ItsAFeature","floor":21.0},{"not_picked":["bronze:NullPointer","bronze:BronzeArmor"],"picked":"bronze:ForceShield+1","floor":22.0},{"not_picked":["bronze:Frontload+1","bronze:DelayedGuard","bronze:ForceShield+1"],"picked":"SKIP","floor":23.0},{"not_picked":["bronze:ItsAFeature","bronze:Overheat"],"picked":"bronze:Flail","floor":26.0},{"not_picked":["bronze:Turbo","bronze:DelayedGuard"],"picked":"bronze:Shield","floor":27.0},{"not_picked":["bronze:DarkDash","bronze:DelayedGuard","bronze:Invalidate"],"picked":"SKIP","floor":30.0},{"not_picked":["bronze:Shield+1","bronze:Philosophize"],"picked":"bronze:FineTuning","floor":31.0},{"not_picked":["bronze:Frontload+1","bronze:Deprecate"],"picked":"bronze:OilSpill","floor":32.0},{"not_picked":["bronze:WhirlingStrike+1"],"picked":"SKIP","floor":36.0},{"not_picked":["bronze:Overheat"],"picked":"SKIP","floor":37.0},{"not_picked":[],"picked":"bronze:Allocate","floor":38.0},{"not_picked":[],"picked":"bronze:Optimize","floor":39.0},{"not_picked":[],"picked":"bronze:Iterate+1","floor":43},{"not_picked":["bronze:DelayedSlice+1"],"picked":"SKIP","floor":44}],"player_experience":119008,"relics_obtained":[{"floor":7.0,"key":"Whetstone"},{"floor":8.0,"key":"Ornamental Fan"},{"floor":26.0,"key":"Mummified Hand"},{"floor":41.0,"key":"Molten Egg 2"},{"floor":44,"key":"Anchor"},{"floor":45,"key":"Toxic Egg 2"}],"event_choices":[{"cards_removed":["bronze:Goto"],"damage_healed":0.0,"max_hp_gain":0.0,"max_hp_loss":0.0,"gold_gain":0.0,"event_name":"The Cleric","player_choice":"Card Removal","floor":11.0,"gold_loss":0.0,"damage_taken":0.0},{"damage_healed":0.0,"max_hp_gain":0.0,"max_hp_loss":0.0,"gold_gain":0.0,"event_name":"Ghosts","player_choice":"Ignored","floor":20.0,"gold_loss":0.0,"damage_taken":0.0},{"cards_removed":["bronze:GetLatest"],"damage_healed":44.0,"max_hp_gain":0.0,"max_hp_loss":0.0,"gold_gain":0.0,"event_name":"Bonfire Elementals","player_choice":"Offered Uncommon","floor":29.0,"gold_loss":0.0,"damage_taken":0.0},{"cards_removed":["bronze:Defend"],"damage_healed":0.0,"max_hp_gain":0.0,"max_hp_loss":0.0,"gold_gain":0.0,"event_name":"Falling","player_choice":"Removed Skill","floor":42.0,"gold_loss":0.0,"damage_taken":0.0}],"is_beta":false,"boss_relics":[{"not_picked":["Cursed Key","Fusion Hammer"],"picked":"Runic Pyramid"},{"not_picked":["Velvet Choker","Philosopher\u0027s Stone"],"picked":"Busted Crown"}],"items_purged_floors":[4],"is_endless":false,"potions_floor_spawned":[6,8,9,15,23,30,31,32,37,39],"killed_by":"Giant Head","ascension_level":0}}