{"host":"tmk46lqetm74e6y6","time":1612803302,"event":{"mods":["100% Spire Juice","2.2 Compatiblity","Abigail Mod","AchievementEnabler","Act Like it!","BaseMod","Beaked The Cultist","Better Match","BetterRewards","CapriCore","ChefMod","Chen","Decade(â§è¨ñæ)","Friendly Minions","GifTheSpireLib","HololiveMod","KinomotoSakuraMod(ñÿîVñ{?)","KiyohimeÅiê¥?Åj","Koishi","KomeijiMod","Magitek Elite","MarisaÅiñ∂âJÅ@ñÇóùçπÅj","Minty Spire (QoL Compilation)","Onozuka Komachi Mod","Permanent Neow","Prisma Mod","Railgun Mod","Random Character Button","Reliquary","Remilia_Scarlet MoedÅiÂQïƒ‰ª?ÅEéz?óãì¡Åj3.3.5","SOSÅiézîb?îVéqÅj","Small Relic Pack","StSLib","SuperFastMode","The Administrix","The Alterego","The Animator","The Bladedancer","The Immortal","The Servant 0.9.4","The Wild Card","TheSwordswoman","Trackpad","Wide Potions","Yakumo Yukari mod","YoumuÅiç∞ÈÆódöÎÅj","Yuri Mod"],"gold_per_floor":[110,110,121,121,141,141,168,182,206,219,219,237,249,265,265,364,364,376,390,111,111,111,111,123,123,147,166,179,199,210,118,118,220,220,234,14,33,43,53,53,53,53],"floor_reached":41,"language":"ENG","playtime":3717,"items_purged":[],"score":478,"play_id":"d2fe280e-7e91-49c2-9d94-17527f9dcef8","local_time":"20210209005502","is_ascension_mode":false,"campfire_choices":[{"floor":6,"key":"REST"},{"floor":15,"key":"REST"},{"data":"FloweringNight","floor":23,"key":"SMITH"},{"data":"Moondial","floor":25,"key":"SMITH"},{"data":"Reset","floor":32,"key":"SMITH"},{"data":"Duplication","floor":40,"key":"SMITH"}],"circlet_count":0,"master_deck":["Strike_S","Strike_S","Strike_S","Strike_S","Defend_S","Defend_S","Defend_S","Defend_S","KidneyShot","Exchange","Rearm","Ricochet","Defy","Potential","Sabotage+1","ShatteredReality","Replace","Moondial+1","Dilation","WasteNot","Defy","ShiftingGears","FloweringNight+1","Necronomicurse","Sabotage+1","Ricochet","Defy+1","InstantArmor+1","Reset+1","Read","FlawlessForm","Spin","Duplication+1","PendulumOfEternity","Desolation","Spin+1","Manipulate"],"relics":["Uniform","reliquary:WeakTea","reliquary:Stiletto","Coffee Dripper","Necronomicon","Ancient Tea Set","reliquary:RoseTintedGlasses","Gem_Box"],"acts_visited":["Exordium","TheCity","TheBeyond"],"potions_floor_usage":[5,7,7,10,14,16,33,33,33],"damage_taken":[{"damage":0,"enemies":"Small Slimes","floor":1,"turns":4},{"damage":16,"enemies":"Jaw Worm","floor":3,"turns":12},{"damage":1,"enemies":"Cultist","floor":5,"turns":4},{"damage":4,"enemies":"3 Sentries","floor":7,"turns":5},{"damage":5,"enemies":"3 Louse","floor":8,"turns":3},{"damage":17,"enemies":"Large Slime","floor":10,"turns":8},{"damage":1,"enemies":"Exordium Thugs","floor":12,"turns":4},{"damage":0,"enemies":"2 Fungi Beasts","floor":13,"turns":3},{"damage":4,"enemies":"Lots of Slimes","floor":14,"turns":3},{"damage":42,"enemies":"Hexaghost","floor":16,"turns":11},{"damage":2,"enemies":"Spheric Guardian","floor":18,"turns":3},{"damage":0,"enemies":"Shell Parasite","floor":19,"turns":5},{"damage":13,"enemies":"Sentry and Sphere","floor":24,"turns":7},{"damage":3,"enemies":"Snake Plant","floor":27,"turns":6},{"damage":5,"enemies":"Centurion and Healer","floor":28,"turns":5},{"damage":0,"enemies":"Shelled Parasite and Fungi","floor":29,"turns":4},{"damage":13,"enemies":"Snake Plant","floor":30,"turns":5},{"damage":0,"enemies":"Champ","floor":33,"turns":12},{"damage":0,"enemies":"3 Darklings","floor":35,"turns":4},{"damage":0,"enemies":"Orb Walker","floor":37,"turns":4},{"damage":0,"enemies":"3 Darklings","floor":38,"turns":4},{"damage":0,"enemies":"Maw","floor":39,"turns":9},{"damage":73,"enemies":"Reptomancer","floor":41,"turns":2}],"seed_played":"-3089241954574270067","potions_obtained":[{"floor":0,"key":"EssenceOfSteel"},{"floor":0,"key":"DuplicationPotion"},{"floor":0,"key":"UndeadPotion"},{"floor":3,"key":"AttackPotion"},{"floor":5,"key":"DistilledChaos"},{"floor":8,"key":"LiquidMemories"},{"floor":10,"key":"EssenceOfSteel"},{"floor":14,"key":"SteroidPotion"},{"floor":28,"key":"FearPotion"},{"floor":29,"key":"SteroidPotion"},{"floor":30,"key":"Dexterity Potion"},{"floor":38,"key":"Strength Potion"}],"is_trial":false,"path_per_floor":["M","?","M","?","M","R","E","M","T","M","?","M","M","M","R","B",null,"M","M","$","?","?","R","M","R","T","M","M","M","M","?","R","B",null,"M","$","M","M","M","R","E"],"character_chosen":"THE_SERVANT","items_purchased":["ShiftingGears","FloweringNight","PanachePotion","Duplication","PendulumOfEternity"],"campfire_rested":2,"item_purchase_floors":[20,20,20,36,36],"current_hp_per_floor":[65,65,49,54,53,70,66,61,61,44,44,43,43,39,60,18,70,68,68,68,52,52,52,39,39,39,36,31,31,18,18,18,18,70,70,70,70,70,70,70,0,0],"gold":53,"neow_bonus":"THREE_SMALL_POTIONS","is_daily":false,"chose_seed":false,"campfire_upgraded":4,"win_rate":0.0,"timestamp":1612803302,"path_taken":["M","?","M","?","?","R","E","M","T","M","?","?","M","M","R","BOSS","M","M","$","?","?","R","M","R","T","M","M","?","M","?","R","BOSS","M","$","M","M","M","R","E"],"items_purchased_type":["Card","Card","Potion","Card","Card"],"build_version":"2020-12-22","purchased_purges":0,"victory":false,"max_hp_per_floor":[65,65,65,70,70,70,70,70,70,70,70,70,70,70,70,70,70,70,70,70,70,70,70,70,70,70,70,70,70,70,70,70,70,70,70,70,70,70,70,70,70,70],"card_choices":[{"not_picked":["Unruled","Desolation"],"picked":"Rearm","floor":1},{"not_picked":["Alleviate","Advance"],"picked":"Ricochet","floor":5},{"not_picked":["Hightail","Collapse"],"picked":"Defy","floor":7},{"not_picked":["Defy","ShatteredReality"],"picked":"Potential","floor":8},{"not_picked":["Potential","FastForward"],"picked":"Sabotage","floor":10},{"not_picked":["Shuttle","InstantArmor"],"picked":"ShatteredReality","floor":12},{"not_picked":["Rearm","Revamp"],"picked":"Replace","floor":13},{"not_picked":["WasteNot","RealityMarble"],"picked":"Moondial","floor":14},{"not_picked":["LightFlow","Initiator"],"picked":"Dilation","floor":16},{"not_picked":["ReturningBlade","Ricochet+1"],"picked":"WasteNot","floor":18},{"not_picked":["ShatteredReality","TimeWarp"],"picked":"Defy","floor":19},{"not_picked":["Rearm","BottledTime+1"],"picked":"Ricochet","floor":24},{"not_picked":["Duplication","Alleviate"],"picked":"Defy+1","floor":27},{"not_picked":["Ricochet","BottledTime+1"],"picked":"InstantArmor+1","floor":28},{"not_picked":["WasteNot","Collapse"],"picked":"Reset","floor":29},{"not_picked":["TimeWarp","Replace"],"picked":"Read","floor":30},{"not_picked":["Duplication","PendulumOfEternity"],"picked":"FlawlessForm","floor":33},{"not_picked":["TimeWarp","BottledTime+1"],"picked":"Spin","floor":35},{"not_picked":["ReturningBlade+1","Read"],"picked":"Desolation","floor":37},{"not_picked":["Revamp","Moondial"],"picked":"Spin+1","floor":38},{"not_picked":["InstantArmor","Reset"],"picked":"Manipulate","floor":39}],"player_experience":82380,"relics_obtained":[{"floor":7,"key":"reliquary:WeakTea"},{"floor":9,"key":"reliquary:Stiletto"},{"floor":21,"key":"Necronomicon"},{"floor":26,"key":"Ancient Tea Set"}],"event_choices":[{"damage_healed":0,"gold_gain":0,"player_choice":"Ignored","damage_taken":0,"max_hp_gain":0,"max_hp_loss":0,"event_name":"Golden Wing","floor":2,"gold_loss":0},{"damage_healed":0,"gold_gain":0,"player_choice":"Donut","damage_taken":0,"max_hp_gain":5,"max_hp_loss":0,"event_name":"Big Fish","floor":4,"gold_loss":0},{"damage_healed":0,"gold_gain":0,"player_choice":"Upgraded","damage_taken":0,"max_hp_gain":0,"max_hp_loss":0,"event_name":"Upgrade Shrine","floor":11,"gold_loss":0,"cards_upgraded":["Sabotage"]},{"damage_healed":0,"gold_gain":0,"player_choice":"Obtained Book","damage_taken":16,"max_hp_gain":0,"max_hp_loss":0,"event_name":"Cursed Tome","floor":21,"gold_loss":0},{"damage_healed":0,"gold_gain":0,"player_choice":"Copied","damage_taken":0,"max_hp_gain":0,"max_hp_loss":0,"event_name":"Duplicator","floor":22,"gold_loss":0,"cards_obtained":["Sabotage"]},{"damage_healed":0,"gold_gain":0,"player_choice":"Paid Gold","damage_taken":0,"relics_obtained":["reliquary:RoseTintedGlasses"],"max_hp_gain":0,"max_hp_loss":0,"event_name":"WeMeetAgain","floor":31,"gold_loss":92}],"is_beta":false,"boss_relics":[{"not_picked":["Runic Dome","Snecko Eye"],"picked":"Coffee Dripper"},{"not_picked":["Astrolabe","beaked:MawFillet"],"picked":"Gem_Box"}],"items_purged_floors":[],"is_endless":false,"potions_floor_spawned":[3,5,8,10,14,28,29,30,38],"killed_by":"Reptomancer","ascension_level":0}}