{"host":"630px4nyj50z5id8","time":1612764112,"event":{"mods":["BaseMod","Better Note","Colored Powertips","Good Game Mod","Minty Spire (QoL Compilation)","Quick Restart","Rare Cards Sparkle","Relic Filter Mod","Replay The Spire","StSLib","Waifu the Spire"],"gold_per_floor":[143,143,23,60,121,180,221,221,247,347,5,92,149,214,214,286,286,377,377,59,102,194,263,300,388,441,441,484,534,586,621,621,729,729,782,823,917,1008,1055,1111,840,901,976,976,1023,1124,1124,700,700,700,700],"floor_reached":50,"language":"ZHS","playtime":4475,"items_purged":["Strike_G","Strike_G+1","Strike_G+1"],"score":1579,"play_id":"2afc7e5e-4858-4f17-a64a-2052a34a50b8","local_time":"20210208140152","is_ascension_mode":true,"campfire_choices":[{"floor":8.0,"key":"REST"},{"data":"Doppelganger","floor":15.0,"key":"SMITH"},{"data":"Footwork","floor":44,"key":"SMITH"},{"data":"Double Energy","floor":49,"key":"SMITH"}],"circlet_count":0,"master_deck":["Sadistic Nature+1","HandOfGreed+1","Acrobatics+1","Phantasmal Killer+1","Defend_G+1","Defend_G+1","Defend_G+1","Defend_G+1","Survivor+1","Neutralize+1","Midas Touch+1","Cloak And Dagger+1","HandOfGreed+1","Prepared+1","Doppelganger+1","Accuracy+1","Cloak And Dagger+1","Malaise+1","Acrobatics+1","Acrobatics+1","Calculated Gamble+1","Warcry","Blade Dance","Study","Deep Breath","Secret Technique","Master of Strategy","Enlightenment+1","Double Energy+1","ReplayTheSpireMod:System Scan","Footwork+1","Outmaneuver","Replay:Hum","Deflect+1","Master of Strategy","Footwork+1","Accuracy","PiercingWail","PiercingWail","Transmutation"],"relics":["Ring of the Snake","REME:ComplimentaryCards","NeowsBlessing","Membership Card","Whetstone","ReplayTheSpireMod:TigerMarble","Tiny Chest","PrismaticShard","Molten Egg 2","Regal Pillow","Enchiridion","Chemical X","ReplayTheSpireMod:Ninjato","CeramicFish","Pantograph","Omamori","Lantern","Sundial","Juzu Bracelet","Replay:Ringing Soul","Sling","HornCleat","Bottled Tornado","Letter Opener","Toy Ornithopter","DollysMirror"],"acts_visited":["Exordium","TheCity","TheBeyond"],"potions_floor_usage":[23,50,50,50,50,50,50,50],"damage_taken":[{"damage":2.0,"enemies":"Jaw Worm","floor":1.0,"turns":2.0},{"damage":0.0,"enemies":"Cultist","floor":4.0,"turns":1.0},{"damage":0.0,"enemies":"Small Slimes","floor":5.0,"turns":5.0},{"damage":7.0,"enemies":"Lagavulin","floor":6.0,"turns":7.0},{"damage":0.0,"enemies":"Looter","floor":7.0,"turns":2.0},{"damage":22.0,"enemies":"3 Sentries","floor":10.0,"turns":15.0},{"damage":8.0,"enemies":"Lots of Slimes","floor":12.0,"turns":9.0},{"damage":0.0,"enemies":"Gremlin Nob","floor":13.0,"turns":2.0},{"damage":2.0,"enemies":"Large Slime","floor":14.0,"turns":7.0},{"damage":6.0,"enemies":"Fading Forest","floor":16.0,"turns":11.0},{"damage":1.0,"enemies":"3 Byrds","floor":18.0,"turns":4.0},{"damage":0,"enemies":"Spheric Guardian","floor":21,"turns":3},{"damage":0,"enemies":"3 Cultists","floor":22,"turns":4},{"damage":0,"enemies":"Book of Stabbing","floor":23,"turns":4},{"damage":0,"enemies":"Snecko","floor":24,"turns":3},{"damage":20,"enemies":"Slavers","floor":25,"turns":9},{"damage":0,"enemies":"Snake Plant","floor":28,"turns":2},{"damage":0,"enemies":"Gremlin Leader","floor":29,"turns":4},{"damage":0,"enemies":"Cultist and Chosen","floor":30,"turns":3},{"damage":1,"enemies":"Snecko","floor":31,"turns":6},{"damage":0,"enemies":"Collector","floor":33,"turns":5},{"damage":0,"enemies":"Orb Walker","floor":35,"turns":4},{"damage":0,"enemies":"3 Darklings","floor":36,"turns":1},{"damage":22,"enemies":"4 Shapes","floor":37,"turns":4},{"damage":8,"enemies":"Jaw Worm Horde","floor":38,"turns":4},{"damage":1,"enemies":"3 Darklings","floor":39,"turns":2},{"damage":10,"enemies":"Nemesis","floor":40,"turns":11},{"damage":0,"enemies":"Reptomancer","floor":42,"turns":3},{"damage":16,"enemies":"Spire Growth","floor":45,"turns":5},{"damage":6,"enemies":"Jaw Worm Horde","floor":46,"turns":6},{"damage":117,"enemies":"Time Eater","floor":50,"turns":8}],"seed_played":"879275659527302272","potions_obtained":[{"floor":4.0,"key":"SkillPotion"},{"floor":6.0,"key":"ColorlessPotion"},{"floor":12.0,"key":"EssenceOfSteel"},{"floor":14.0,"key":"SkillPotion"},{"floor":21,"key":"Toxic Potion"},{"floor":24,"key":"Dexterity Potion"},{"floor":30,"key":"ColorlessPotion"}],"is_trial":false,"path_per_floor":["M","?","$","M","M","E","M","R","T","E","$","M","E","M","R","B",null,"M","?","$","M","M","E","M","E","T","?","M","E","M","M","R","B",null,"M","M","M","M","M","E","$","E","T","R","M","M","?","$","R","B"],"character_chosen":"THE_SILENT","items_purchased":["Membership Card","PrismaticShard","Accuracy","Molten Egg 2","Cloak And Dagger","Chemical X","ReplayTheSpireMod:Ninjato","Calculated Gamble","Replay:Ringing Soul","Sling","Footwork","Outmaneuver","Letter Opener","Toy Ornithopter","DollysMirror","Accuracy","PiercingWail","Transmutation"],"campfire_rested":1,"item_purchase_floors":[3,11,11,11,11,20,20,20,41,41,41,41,48,48,48,48,48,48],"current_hp_per_floor":[57,57,57,57,57,50,50,66,66,44,44,36,36,34,34,44,61,60,39,39,39,39,39,39,19,19,19,19,19,19,18,52,66,66,66,66,44,36,35,25,28,31,31,31,18,15,64,67,67,0,0],"gold":700,"neow_bonus":"THREE_ENEMY_KILL","is_daily":false,"chose_seed":false,"campfire_upgraded":3,"win_rate":0.0,"timestamp":1612764112,"path_taken":["M","?","$","M","M","E","M","R","T","E","$","M","E","M","R","BOSS","M","?","$","M","M","E","M","E","T","?","M","E","M","M","R","BOSS","M","M","M","M","M","E","$","E","T","R","M","M","?","$","R","BOSS"],"items_purchased_type":["Relic","Relic","Card","Relic","Card","Relic","Relic","Card","Relic","Relic","Card","Card","Relic","Relic","Relic","Card","Card","Card"],"build_version":"2020-12-22","purchased_purges":3,"victory":false,"max_hp_per_floor":[66,66,66,66,66,66,66,66,66,66,66,66,66,66,66,66,66,66,66,66,66,66,66,66,66,66,66,66,66,66,66,66,66,66,66,66,66,66,66,66,69,72,72,72,75,78,64,67,67,67,67],"card_choices":[{"not_picked":["Skewer","Infinite Blades"],"picked":"Cloak And Dagger","floor":1.0},{"not_picked":["Outmaneuver","Hidden Blade"],"picked":"Eviscerate","floor":4.0},{"not_picked":["Hidden Blade","Deflect"],"picked":"Prepared","floor":5.0},{"not_picked":["Flying Knee","Glass Knife","Sucker Punch"],"picked":"SKIP","floor":6.0},{"not_picked":["Backflip","Deflect","Dodge and Roll"],"picked":"SKIP","floor":7.0},{"not_picked":["Prepared","Atom Bomb"],"picked":"Doppelganger","floor":10.0},{"not_picked":["Streamline+1","Rebound+1","Pummel+1"],"picked":"SKIP","floor":12.0},{"not_picked":["PathToVictory","Flying Knee+1","Backflip"],"picked":"SKIP","floor":13.0},{"not_picked":["Outmaneuver","Clash+1","Time Bomb"],"picked":"SKIP","floor":14.0},{"not_picked":["The Bomb","Chrysalis"],"picked":"Malaise","floor":16.0},{"not_picked":["ReplayTheSpireMod:Strike From Hell+1","Gash+1","Clothesline+1"],"picked":"SKIP","floor":18.0},{"not_picked":["Rebound+1","ReplayTheSpireMod:Strike From Hell+1"],"picked":"Warcry","floor":21},{"not_picked":["Pommel Strike+1","Sword Boomerang+1"],"picked":"Blade Dance","floor":22},{"not_picked":["EmptyFist+1","Sword Boomerang+1"],"picked":"Study","floor":23},{"not_picked":["DeceiveReality","Hidden Blade+1","ThirdEye"],"picked":"SKIP","floor":24},{"not_picked":["Masterful Stab+1","ReplayTheSpireMod:Calculation Training"],"picked":"Deep Breath","floor":25},{"not_picked":["CrushJoints+1","Replay:ManipulateFuture+1","Compile Driver+1"],"picked":"SKIP","floor":28},{"not_picked":["Masterful Stab+1","Pommel Strike+1","Outmaneuver"],"picked":"SKIP","floor":29},{"not_picked":["Dropkick+1","Prepared"],"picked":"Secret Technique","floor":30},{"not_picked":["BowlingBash+1","Infinite Blades","Pommel Strike+1"],"picked":"SKIP","floor":31},{"not_picked":["Blasphemy","ReplayRNGCard"],"picked":"Master of Strategy","floor":33},{"not_picked":["Coolheaded","Backflip+1"],"picked":"Enlightenment+1","floor":35},{"not_picked":["CutThroughFate+1","Backflip","InnerPeace+1"],"picked":"SKIP","floor":36},{"not_picked":["Pommel Strike+1","Bane+1"],"picked":"Double Energy","floor":37},{"not_picked":["Cold Snap+1","Second Wind","Melter+1"],"picked":"SKIP","floor":38},{"not_picked":["Pommel Strike+1","Hemokinesis+1"],"picked":"ReplayTheSpireMod:System Scan","floor":39},{"not_picked":["Ball Lightning+1","Pummel+1","Leap"],"picked":"SKIP","floor":40},{"not_picked":["Life Link","Trip"],"picked":"Replay:Hum","floor":42},{"not_picked":["EmptyFist+1","Sword Boomerang+1"],"picked":"Deflect+1","floor":45},{"not_picked":["Anger+1","SashWhip+1"],"picked":"Master of Strategy","floor":46}],"player_experience":428176,"relics_obtained":[{"floor":6.0,"key":"Whetstone"},{"floor":9.0,"key":"ReplayTheSpireMod:TigerMarble"},{"floor":10.0,"key":"Tiny Chest"},{"floor":13.0,"key":"Regal Pillow"},{"floor":19.0,"key":"Enchiridion"},{"floor":23,"key":"CeramicFish"},{"floor":25,"key":"Pantograph"},{"floor":26,"key":"Omamori"},{"floor":29,"key":"Sundial"},{"floor":40,"key":"Juzu Bracelet"},{"floor":42,"key":"HornCleat"},{"floor":43,"key":"Bottled Tornado"}],"event_choices":[{"damage_healed":0.0,"max_hp_gain":0.0,"max_hp_loss":0.0,"gold_gain":0.0,"event_name":"Cursed Tome","player_choice":"Obtained Book","floor":19.0,"gold_loss":0.0,"damage_taken":21.0},{"damage_healed":0,"gold_gain":0,"player_choice":"Stole Relic","damage_taken":0,"relics_obtained":["Lantern"],"max_hp_gain":0,"max_hp_loss":0,"event_name":"Addict","floor":27,"gold_loss":0,"cards_obtained":["Shame"]},{"damage_healed":64,"gold_gain":0,"player_choice":"Heal","damage_taken":0,"max_hp_gain":0,"max_hp_loss":14,"event_name":"The Moai Head","floor":47,"gold_loss":0}],"is_beta":false,"boss_relics":[{"not_picked":["Runic Dome","Velvet Choker","Busted Crown"]},{"not_picked":["ReplayTheSpireMod:DimensionalGlitch","Snecko Eye","Kintsugi"]}],"items_purged_floors":[3,11,20],"is_endless":false,"potions_floor_spawned":[4,6,10,12,13,14,21,24,30,31,35,37,45,46],"killed_by":"Time Eater","ascension_level":18}}