{"host":"vdpaduzlq0qlaikq","time":1612761788,"event":{"mods":["AchievementEnabler","BaseMod","Better Third Choice","BetterRewards","Colored Map","Downfall","Gold Saver","Hermit","Jorbs\u0027s Wanderer Trilogy","Minty Spire (QoL Compilation)","Relic Filter","Spicy Shops","StSLib","The Necromancer"],"gold_per_floor":[721,740,247,262,234,234,265,277,277,277,289,289,112,139,139,214,214,233,233,233,233,2,2,17,17,98,98,125,145,158,178,178,254,304,314,314,326,326,69,69,402,402,402,450,51,51,63,95,95,95,95,95,95,121,121],"floor_reached":56,"language":"ENG","playtime":2154,"items_purged":["Regret","downfall:Haunted","Decay","Writhe"],"score":2713,"play_id":"35fada3f-07ae-4fb2-abd1-43beb303d0c9","local_time":"20210208032308","is_ascension_mode":true,"campfire_choices":[{"data":"Apotheosis","floor":6,"key":"SMITH"},{"data":"Infinite Blades","floor":10,"key":"SMITH"},{"data":"Phantasmal Killer","floor":15,"key":"SMITH"},{"data":"1","floor":23,"key":"LIFT"},{"data":"2","floor":25,"key":"LIFT"},{"data":"3","floor":27,"key":"LIFT"},{"floor":32,"key":"RECALL"},{"data":"Infinite Blades","floor":40,"key":"SMITH"},{"data":"Backstab","floor":49,"key":"SMITH"},{"floor":52,"key":"REST"}],"circlet_count":0,"master_deck":["AscendersBane","Strike_G","Strike_G","Strike_G","Strike_G","Strike_G","Defend_G","Defend_G","Defend_G","Defend_G+1","Survivor","Neutralize","Apotheosis+1","Blade Dance","Blade Dance","Footwork","Accuracy","Accuracy","Dagger Spray","Infinite Blades+1","PiercingWail","Infinite Blades+1","Accuracy","Phantasmal Killer+1","Venomology","Cloak And Dagger","Injury","Infinite Blades+1","Backflip+1","Malaise","Blade Dance+1","Madness","Riddle With Holes","Backstab+1","Adrenaline","Accuracy+1"],"relics":["Ring of the Snake","Girya","Tiny Chest","Orrery","Pen Nib","Pear","DollysMirror","Lizard Tail","Meat on the Bone","Bronze Scales","Orichalcum","Bottled Lightning","Sling","betterThird:SlimedRelic","Darkstone Periapt","Nunchaku","Shuriken","Thread and Needle","Cursed Key","HornCleat","Happy Flower","Matryoshka","Tiny House","Blue Candle","Lantern","Old Coin","Bag of Preparation","The Courier","Ninja Scroll","Paper Crane","Prayer Wheel","HandDrill","Regal Pillow","FossilizedHelix"],"acts_visited":["Exordium","TheCity","TheBeyond","TheEnding"],"potions_floor_usage":[14,18,31,33,55,55],"damage_taken":[{"damage":0,"enemies":"Cultist","floor":1,"turns":2},{"damage":1,"enemies":"2 Louse","floor":2,"turns":2},{"damage":7,"enemies":"Jaw Worm","floor":4,"turns":2},{"damage":4,"enemies":"Gremlin Nob","floor":7,"turns":3},{"damage":0,"enemies":"2 Fungi Beasts","floor":8,"turns":3},{"damage":0,"enemies":"Large Slime","floor":11,"turns":3},{"damage":0,"enemies":"3 Sentries","floor":14,"turns":3},{"damage":0,"enemies":"Hexaghost","floor":16,"turns":4},{"damage":1,"enemies":"3 Byrds","floor":18,"turns":2},{"damage":2,"enemies":"Shell Parasite","floor":24,"turns":3},{"damage":15,"enemies":"Gremlin Leader","floor":28,"turns":3},{"damage":0,"enemies":"Snake Plant","floor":29,"turns":3},{"damage":0,"enemies":"Centurion and Healer","floor":30,"turns":3},{"damage":0,"enemies":"Cultist and Chosen","floor":31,"turns":3},{"damage":12,"enemies":"Champ","floor":33,"turns":6},{"damage":8,"enemies":"3 Darklings","floor":35,"turns":3},{"damage":6,"enemies":"Orb Walker","floor":37,"turns":4},{"damage":27,"enemies":"Nemesis","floor":41,"turns":5},{"damage":2,"enemies":"2 Orb Walkers","floor":44,"turns":3},{"damage":12,"enemies":"4 Shapes","floor":47,"turns":5},{"damage":0,"enemies":"Giant Head","floor":48,"turns":4},{"damage":16,"enemies":"Awakened One","floor":50,"turns":5},{"damage":1,"enemies":"Shield and Spear","floor":54,"turns":3},{"damage":58,"enemies":"The Heart","floor":55,"turns":6}],"seed_played":"-3940001850661319493","potions_obtained":[{"floor":1,"key":"SkillPotion"},{"floor":4,"key":"AttackPotion"},{"floor":24,"key":"DistilledChaos"},{"floor":30,"key":"Weak Potion"},{"floor":31,"key":"BlessingOfTheForge"},{"floor":37,"key":"FairyPotion"}],"is_trial":false,"path_per_floor":["M","M","$","M","?","R","E","M","T","R","M","?","$","E","R","B",null,"M","$","T","?","$","R","M","R","T","R","E","M","M","M","R","B",null,"M","?","M","?","$","R","E","T","T","?","$","?","M","E","R","B",null,"R","$","E","B",null],"character_chosen":"THE_SILENT","items_purchased":["Apotheosis","Girya","Tiny Chest","Orrery","Footwork","Accuracy","Pen Nib","Pear","DollysMirror","Lizard Tail","Dagger Spray","Infinite Blades","Meat on the Bone","Bronze Scales","Orichalcum","sneckomod:MuddlingPotion","Bottled Lightning","Infinite Blades","Sling","Shuriken","Happy Flower","Infinite Blades","Lantern","Adrenaline","HandDrill"],"campfire_rested":1,"item_purchase_floors":[0,0,0,0,0,0,0,0,0,0,0,0,0,0,0,0,3,3,3,13,22,22,39,45,45],"current_hp_per_floor":[69,68,68,61,50,50,46,46,46,46,46,46,52,52,52,52,75,74,74,80,80,80,80,78,78,84,84,69,69,69,69,69,57,90,82,82,76,71,71,71,56,62,68,66,66,66,66,66,66,62,99,111,111,110,64],"gold":121,"neow_bonus":"","is_daily":false,"chose_seed":false,"campfire_upgraded":5,"win_rate":0.0,"timestamp":1612761788,"path_taken":["M","M","$","M","?","R","E","M","T","R","M","?","?","E","R","BOSS","M","$","?","?","$","R","M","R","T","R","E","M","M","M","R","BOSS","M","?","M","?","$","R","E","?","T","?","$","?","M","E","R","BOSS","R","$","E","BOSS"],"items_purchased_type":["Card","Relic","Relic","Relic","Card","Card","Relic","Relic","Relic","Relic","Card","Card","Relic","Relic","Relic","Potion","Relic","Card","Relic","Relic","Relic","Card","Relic","Card","Relic"],"build_version":"2020-12-22","purchased_purges":4,"victory":true,"max_hp_per_floor":[76,76,76,76,76,76,76,76,76,76,76,76,82,82,82,82,82,82,82,88,88,88,88,88,88,94,94,94,94,94,94,94,94,99,99,99,99,99,99,99,99,105,111,111,111,111,111,111,111,111,111,111,111,111,111],"card_choices":[{"not_picked":["Footwork","Blur"],"picked":"Blade Dance","floor":0},{"not_picked":["Poisoned Stab","All Out Attack"],"picked":"Blade Dance","floor":0},{"not_picked":["Leg Sweep","Flying Knee"],"picked":"PiercingWail","floor":1},{"not_picked":["Acrobatics","Deadly Poison","Dagger Spray"],"picked":"SKIP","floor":2},{"not_picked":["Dash","Dagger Throw"],"picked":"Accuracy","floor":4},{"not_picked":["Finisher","Heel Hook","Tools of the Trade"],"picked":"SKIP","floor":7},{"not_picked":["Prepared","Finisher","Sucker Punch"],"picked":"SKIP","floor":8},{"not_picked":["Underhanded Strike","Choke","Quick Slash"],"picked":"SKIP","floor":11},{"not_picked":["Footwork","Slice"],"picked":"Phantasmal Killer","floor":14},{"not_picked":["Glass Knife","Burst"],"picked":"Venomology","floor":16},{"not_picked":["Dodge and Roll","Sucker Punch"],"picked":"Cloak And Dagger","floor":18},{"not_picked":["Concentrate","Dodge and Roll+1","Setup"],"picked":"SKIP","floor":24},{"not_picked":["Skewer","Deadly Poison","Flechettes"],"picked":"SKIP","floor":28},{"not_picked":["Dagger Spray","Outmaneuver","Blur"],"picked":"SKIP","floor":29},{"not_picked":["Deadly Poison","Dagger Throw","Heel Hook"],"picked":"SKIP","floor":30},{"not_picked":["Dagger Spray+1","Grand Finale"],"picked":"Backflip+1","floor":31},{"not_picked":["Grand Finale","Night Terror"],"picked":"Malaise","floor":33},{"not_picked":["Outmaneuver","Sucker Punch"],"picked":"Blade Dance+1","floor":35},{"not_picked":["Purity","Secret Weapon"],"picked":"Madness","floor":36},{"not_picked":["PiercingWail+1","Choke"],"picked":"Riddle With Holes","floor":37},{"not_picked":["Leg Sweep","Well Laid Plans"],"picked":"Backstab","floor":41},{"not_picked":["Blade Dance+1","Acrobatics","Backflip+1"],"picked":"SKIP","floor":47},{"not_picked":["Distraction+1","Die Die Die","Catalyst"],"picked":"SKIP","floor":47},{"not_picked":["Acrobatics","Skewer"],"picked":"Accuracy+1","floor":48},{"not_picked":["Sucker Punch","Outmaneuver","Masterful Stab"],"picked":"SKIP","floor":54}],"player_experience":745242,"relics_obtained":[{"floor":7,"key":"Darkstone Periapt"},{"floor":9,"key":"Nunchaku"},{"floor":14,"key":"Thread and Needle"},{"floor":20,"key":"HornCleat"},{"floor":28,"key":"Matryoshka"},{"floor":41,"key":"Old Coin"},{"floor":42,"key":"Bag of Preparation"},{"floor":42,"key":"The Courier"},{"floor":43,"key":"Ninja Scroll"},{"floor":43,"key":"Paper Crane"},{"floor":44,"key":"Prayer Wheel"},{"floor":48,"key":"Regal Pillow"},{"floor":54,"key":"FossilizedHelix"}],"event_choices":[{"damage_healed":0,"gold_gain":0,"player_choice":"Slimed","damage_taken":11,"max_hp_gain":0,"max_hp_loss":0,"event_name":"betterThird:BetterGoop","floor":5,"gold_loss":28},{"damage_healed":0,"gold_gain":0,"player_choice":"Grow","damage_taken":0,"max_hp_gain":0,"max_hp_loss":0,"event_name":"Living Wall","floor":12,"gold_loss":0,"cards_upgraded":["Infinite Blades"]},{"damage_healed":0,"gold_gain":0,"player_choice":"Memory 1","damage_taken":0,"max_hp_gain":0,"max_hp_loss":0,"event_name":"SensoryStone","floor":36,"gold_loss":0},{"damage_healed":0,"gold_gain":0,"player_choice":"Fight","damage_taken":0,"max_hp_gain":0,"max_hp_loss":0,"event_name":"Mysterious Sphere","floor":44,"gold_loss":0},{"cards_removed":["Defend_G"],"damage_healed":0,"gold_gain":0,"player_choice":"Removed Skill","damage_taken":0,"max_hp_gain":0,"max_hp_loss":0,"event_name":"Falling","floor":46,"gold_loss":0}],"is_beta":false,"boss_relics":[{"not_picked":["Fusion Hammer","Astrolabe"],"picked":"Cursed Key"},{"not_picked":["HoveringKite","Velvet Choker"],"picked":"Tiny House"}],"items_purged_floors":[13,39,45,45],"is_endless":false,"potions_floor_spawned":[1,4,8,24,30,31,33,37,41,44],"ascension_level":14}}