{"host":"lzlnscgb2n0l5w2m","time":1612768481,"event":{"mods":["AchievementEnabler","Act Like it!","BaseMod","Block Reminder","Colored Map","Colored Powertips","Highlight Path","Minty Spire (QoL Compilation)","Permanent Neow","Relic Stats","StSLib"],"gold_per_floor":[116,129,16,16,91,91,121,137,137,157,177,211,240,253,253,358,358,371,390,57,357,357,384,396,442,479,491,503,542,580,607,619,631,631],"floor_reached":33,"language":"ZHT","playtime":2578,"items_purged":["Strike_R","Clumsy"],"score":473,"play_id":"0ad92616-c8d6-430d-b2b3-4afa0086dad5","local_time":"20210208151441","is_ascension_mode":true,"campfire_choices":[{"data":"Feed","floor":6.0,"key":"SMITH"},{"floor":15.0,"key":"REST"},{"data":"Berserk","floor":24,"key":"SMITH"},{"floor":28,"key":"REST"},{"floor":32,"key":"REST"}],"circlet_count":0,"master_deck":["Strike_R","Strike_R","Strike_R+1","Strike_R","Defend_R","Defend_R","Defend_R","Defend_R","Bash","Feed+1","Uppercut+1","Pommel Strike","Fire Breathing","Metallicize","Wild Strike","Warcry","Disarm+1","Berserk+1","Double Tap+1","Disarm+1","Intimidate+1","Power Through+1","Shame","Warcry+1"],"relics":["Burning Blood","Pear","Lantern","Paper Frog","Toxic Egg 2","Odd Mushroom","Mark of Pain","PreservedInsect","Old Coin","MawBank","Letter Opener","Whetstone","Ancient Tea Set","White Beast Statue","Regal Pillow"],"acts_visited":["Exordium","TheCity"],"potions_floor_usage":[16,18,18,23,33],"damage_taken":[{"damage":6.0,"enemies":"Small Slimes","floor":1.0,"turns":5.0},{"damage":0.0,"enemies":"2 Louse","floor":2.0,"turns":2.0},{"damage":43.0,"enemies":"Gremlin Nob","floor":7.0,"turns":5.0},{"damage":3.0,"enemies":"Cultist","floor":8.0,"turns":3.0},{"damage":10.0,"enemies":"2 Fungi Beasts","floor":10.0,"turns":3.0},{"damage":8.0,"enemies":"Looter","floor":11.0,"turns":2.0},{"damage":9.0,"enemies":"3 Sentries","floor":12.0,"turns":5.0},{"damage":27.0,"enemies":"The Mushroom Lair","floor":13.0,"turns":6.0},{"damage":9.0,"enemies":"Blue Slaver","floor":14.0,"turns":2.0},{"damage":8,"enemies":"Slime Boss","floor":16,"turns":7},{"damage":29,"enemies":"Spheric Guardian","floor":18,"turns":4},{"damage":2,"enemies":"3 Byrds","floor":19,"turns":5},{"damage":35,"enemies":"Gremlin Leader","floor":23,"turns":4},{"damage":51,"enemies":"Slavers","floor":25,"turns":4},{"damage":25,"enemies":"Gremlin Leader","floor":29,"turns":5},{"damage":23,"enemies":"Snake Plant","floor":31,"turns":5},{"damage":86,"enemies":"Champ","floor":33,"turns":14}],"seed_played":"-1112663020741309000","potions_obtained":[{"floor":7.0,"key":"SkillPotion"},{"floor":8.0,"key":"Energy Potion"},{"floor":10.0,"key":"SteroidPotion"},{"floor":13.0,"key":"Swift Potion"},{"floor":16,"key":"Regen Potion"},{"floor":25,"key":"Energy Potion"},{"floor":29,"key":"DuplicationPotion"},{"floor":31,"key":"DuplicationPotion"}],"is_trial":false,"path_per_floor":["M","M","$","?","?","R","E","M","T","M","M","E","?","M","R","B",null,"M","M","$","?","?","E","R","E","T","?","R","E","T","M","R","B"],"character_chosen":"IRONCLAD","items_purchased":["Fire Breathing","Power Through+1","PreservedInsect"],"campfire_rested":3,"item_purchase_floors":[3,20,20],"current_hp_per_floor":[75,84,84,91,80,80,43,50,50,50,52,53,32,29,62,60,99,88,92,92,92,92,63,63,18,18,18,51,36,36,19,68,0,0],"gold":631,"neow_bonus":"THREE_RARE_CARDS","is_daily":false,"chose_seed":false,"campfire_upgraded":2,"win_rate":0.0,"timestamp":1612768481,"path_taken":["M","M","$","?","?","R","E","M","T","M","M","E","?","M","R","BOSS","M","M","$","?","?","E","R","E","T","?","R","E","?","M","R","BOSS"],"items_purchased_type":["Card","Card","Relic"],"build_version":"2020-12-22","purchased_purges":2,"victory":false,"max_hp_per_floor":[83,86,86,96,96,96,96,100,100,104,108,112,112,112,112,112,112,112,112,112,112,112,112,112,112,112,112,112,116,116,116,116,116,116],"relic_stats":{"Regal Pillow":15,"counters":[17,81],"PreservedInsect":135,"Letter Opener":[12],"Whetstone":["Uppercut","Strike_R"],"MawBank":120,"obtain_stats":[{"Lantern":7,"Regal Pillow":30,"Pear":4,"PreservedInsect":20,"Letter Opener":25,"Whetstone":26,"Odd Mushroom":13,"MawBank":23,"Ancient Tea Set":27,"Burning Blood":0,"White Beast Statue":29,"Old Coin":21,"Mark of Pain":17,"Toxic Egg 2":12,"Paper Frog":9},{"Lantern":3,"Regal Pillow":15,"Pear":2,"PreservedInsect":12,"Letter Opener":14,"Whetstone":14,"Odd Mushroom":8,"MawBank":13,"Ancient Tea Set":14,"Burning Blood":0,"White Beast Statue":15,"Old Coin":12,"Mark of Pain":10,"Toxic Egg 2":7,"Paper Frog":4},{"Lantern":12,"Regal Pillow":62,"Pear":7,"PreservedInsect":49,"Letter Opener":57,"Whetstone":57,"Odd Mushroom":31,"MawBank":53,"Ancient Tea Set":57,"Burning Blood":0,"White Beast Statue":62,"Old Coin":49,"Mark of Pain":40,"Toxic Egg 2":25,"Paper Frog":15}],"Burning Blood":96},"card_choices":[{"not_picked":["Bludgeon","Corruption"],"picked":"Feed","floor":0.0},{"not_picked":["True Grit","Iron Wave"],"picked":"Uppercut","floor":1.0},{"not_picked":["Armaments","Pummel"],"picked":"Pommel Strike","floor":2.0},{"not_picked":["Perfected Strike","Body Slam"],"picked":"Metallicize","floor":7.0},{"not_picked":["Shrug It Off","Feed"],"picked":"Wild Strike","floor":8.0},{"not_picked":["Iron Wave","Pummel"],"picked":"Warcry","floor":10.0},{"not_picked":["Armaments","Perfected Strike","Clash"],"picked":"SKIP","floor":11.0},{"not_picked":["Armaments+1","Uppercut"],"picked":"Disarm+1","floor":12.0},{"not_picked":["True Grit+1","Perfected Strike"],"picked":"Berserk","floor":13.0},{"not_picked":["Cleave","Havoc+1","Body Slam"],"picked":"SKIP","floor":14.0},{"not_picked":["Demon Form","Corruption"],"picked":"Double Tap+1","floor":16},{"not_picked":["Anger","Perfected Strike"],"picked":"Disarm+1","floor":18},{"not_picked":["Entrench+1","Anger"],"picked":"Intimidate+1","floor":19},{"not_picked":["Sever Soul","Twin Strike","Limit Break+1"],"picked":"SKIP","floor":23},{"not_picked":["Flex+1","Dual Wield+1","Havoc+1"],"picked":"SKIP","floor":25},{"not_picked":["Flex+1","Dual Wield+1","Havoc+1"],"picked":"SKIP","floor":25},{"not_picked":["Second Wind+1","True Grit+1","Twin Strike"],"picked":"SKIP","floor":29},{"not_picked":["Thunderclap","Headbutt"],"picked":"Warcry+1","floor":31}],"player_experience":286400,"relics_obtained":[{"floor":7.0,"key":"Lantern"},{"floor":9.0,"key":"Paper Frog"},{"floor":12.0,"key":"Toxic Egg 2"},{"floor":13.0,"key":"Odd Mushroom"},{"floor":23,"key":"MawBank"},{"floor":25,"key":"Letter Opener"},{"floor":26,"key":"Whetstone"},{"floor":29,"key":"White Beast Statue"},{"floor":30,"key":"Regal Pillow"}],"event_choices":[{"damage_healed":0.0,"max_hp_gain":0.0,"max_hp_loss":0.0,"gold_gain":0.0,"event_name":"Scrap Ooze","player_choice":"Success","floor":4.0,"gold_loss":0.0,"damage_taken":3.0,"relics_obtained":["Pear"]},{"damage_healed":0.0,"max_hp_gain":0.0,"max_hp_loss":0.0,"gold_gain":75.0,"event_name":"World of Goop","player_choice":"Gather Gold","floor":5.0,"gold_loss":0.0,"damage_taken":11.0},{"damage_healed":0.0,"max_hp_gain":0.0,"max_hp_loss":0.0,"gold_gain":0.0,"event_name":"Mushrooms","player_choice":"Fought Mushrooms","floor":13.0,"gold_loss":0.0,"damage_taken":0.0},{"damage_healed":0,"gold_gain":0,"player_choice":"Stole Relic","damage_taken":0,"relics_obtained":["Old Coin"],"max_hp_gain":0,"max_hp_loss":0,"event_name":"Addict","floor":21,"gold_loss":0,"cards_obtained":["Shame"]},{"damage_healed":0,"gold_gain":0,"player_choice":"Ignored","damage_taken":0,"max_hp_gain":0,"max_hp_loss":0,"event_name":"Vampires","floor":22,"gold_loss":0},{"damage_healed":0,"gold_gain":0,"player_choice":"Opened","damage_taken":0,"relics_obtained":["Ancient Tea Set"],"max_hp_gain":0,"max_hp_loss":0,"event_name":"The Mausoleum","floor":27,"gold_loss":0}],"is_beta":false,"boss_relics":[{"not_picked":["Sozu","Runic Pyramid"],"picked":"Mark of Pain"}],"items_purged_floors":[3,20],"is_endless":false,"potions_floor_spawned":[7,8,10,13,16,25,29,31],"killed_by":"Champ","ascension_level":7}}