{"host":"s8caws4n06h39s1x","time":1612793641,"event":{"mods":["BaseMod","Colored Powertips","Highlight Path","Minty Spire (QoL Compilation)","Quick Restart"],"gold_per_floor":[116,136,152,167,186,221,221,255,255,287,300,300,265,285,285,386,386,405,415,415,425,437,471,66,108,108,15,59,38,38,67,67,67,67],"floor_reached":33,"language":"ENG","playtime":2303,"items_purged":[],"score":475,"play_id":"31aa9afd-07cc-473e-af3d-7e675c79d252","local_time":"20210208151401","is_ascension_mode":true,"campfire_choices":[{"floor":7,"key":"REST"},{"floor":15,"key":"REST"},{"data":"White Noise","floor":30,"key":"SMITH"},{"data":"Conserve Battery","floor":32,"key":"SMITH"}],"circlet_count":0,"master_deck":["Strike_B","Strike_B+1","Strike_B+1","Strike_B+1","Defend_B","Defend_B","Defend_B","Defend_B","Zap","Dualcast","Ball Lightning","Self Repair","Conserve Battery+1","White Noise+1","Turbo","Chaos+1","Gash","Hologram","Ball Lightning","Chill","Electrodynamics","Hologram","Ball Lightning","Sweeping Beam+1","Leap+1","Leap+1","Bandage Up","Gash","Leap","Hologram","Force Field","Loop","Hello World","Tempest","Self Repair","Sweeping Beam+1"],"relics":["Cracked Core","Toy Ornithopter","Bronze Scales","InkBottle","Whetstone","Black Star","Letter Opener","CeramicFish","Pantograph","Eternal Feather","Anchor","Regal Pillow","The Courier","Blood Vial","Meat on the Bone"],"acts_visited":["TheCity"],"potions_floor_usage":[23,25,25,28,28],"damage_taken":[{"damage":1,"enemies":"Cultist","floor":1,"turns":3},{"damage":1,"enemies":"Jaw Worm","floor":2,"turns":2},{"damage":0,"enemies":"Small Slimes","floor":3,"turns":3},{"damage":7,"enemies":"Exordium Wildlife","floor":4,"turns":5},{"damage":11,"enemies":"Red Slaver","floor":5,"turns":4},{"damage":42,"enemies":"3 Sentries","floor":6,"turns":8},{"damage":18,"enemies":"Gremlin Nob","floor":8,"turns":4},{"damage":17,"enemies":"3 Sentries","floor":10,"turns":7},{"damage":0,"enemies":"2 Fungi Beasts","floor":11,"turns":2},{"damage":3,"enemies":"Looter","floor":14,"turns":2},{"damage":45,"enemies":"The Guardian","floor":16,"turns":10},{"damage":12,"enemies":"Shell Parasite","floor":18,"turns":6},{"damage":0,"enemies":"3 Byrds","floor":19,"turns":3},{"damage":21,"enemies":"Snake Plant","floor":21,"turns":3},{"damage":25,"enemies":"Snecko","floor":22,"turns":4},{"damage":23,"enemies":"Slavers","floor":23,"turns":3},{"damage":18,"enemies":"Book of Stabbing","floor":25,"turns":5},{"damage":1,"enemies":"Gremlin Leader","floor":28,"turns":6},{"damage":45,"enemies":"Shelled Parasite and Fungi","floor":31,"turns":7},{"damage":86,"enemies":"Collector","floor":33,"turns":6}],"seed_played":"7530165912260222608","potions_obtained":[{"floor":2,"key":"SteroidPotion"},{"floor":4,"key":"BlessingOfTheForge"},{"floor":5,"key":"FocusPotion"},{"floor":22,"key":"Energy Potion"},{"floor":23,"key":"Strength Potion"},{"floor":25,"key":"Ancient Potion"}],"is_trial":true,"path_per_floor":["M","M","M","M","M","E","R","E","T","E","M","?","?","M","R","B",null,"M","M","?","M","M","E","$","E","T","$","E","$","R","M","R","B"],"character_chosen":"DEFECT","items_purchased":["Eternal Feather","Bandage Up","Gash","Leap","Hologram","Loop","Hello World","Self Repair"],"campfire_rested":2,"item_purchase_floors":[24,24,24,24,24,27,27,29],"current_hp_per_floor":[74,73,75,75,71,36,58,47,47,37,37,22,40,44,66,28,75,70,75,75,54,36,25,25,28,28,28,48,48,69,56,75,0,0],"gold":67,"neow_bonus":"","is_daily":false,"chose_seed":false,"campfire_upgraded":2,"win_rate":0.0,"timestamp":1612793641,"path_taken":["M","?","M","?","?","E","R","E","T","E","M","?","?","M","R","BOSS","M","M","?","?","M","E","$","E","T","?","E","$","R","M","R","BOSS"],"items_purchased_type":["Relic","Card","Card","Card","Card","Card","Card","Card"],"build_version":"2020-12-22","purchased_purges":0,"victory":false,"max_hp_per_floor":[75,75,75,75,75,75,75,75,75,75,75,75,75,75,75,75,75,75,75,75,75,75,75,75,75,75,75,75,75,75,75,75,75,75],"card_choices":[{"not_picked":["Hologram","Streamline"],"picked":"Ball Lightning","floor":1},{"not_picked":["Melter","Sunder"],"picked":"Self Repair","floor":2},{"not_picked":["Stack","Steam"],"picked":"Conserve Battery","floor":3},{"not_picked":["Auto Shields","Blizzard"],"picked":"White Noise","floor":4},{"not_picked":["Streamline","Compile Driver"],"picked":"Turbo","floor":5},{"not_picked":["Auto Shields","Multi-Cast"],"picked":"Chaos","floor":6},{"not_picked":["Scrape","Blizzard"],"picked":"Gash","floor":8},{"not_picked":["Turbo","All For One"],"picked":"Hologram","floor":10},{"not_picked":["Sweeping Beam","Compile Driver"],"picked":"Ball Lightning","floor":11},{"not_picked":["FTL","Skim"],"picked":"Chill","floor":14},{"not_picked":["Multi-Cast","Seek"],"picked":"Electrodynamics","floor":16},{"not_picked":["Sweeping Beam","Cold Snap"],"picked":"Hologram","floor":18},{"not_picked":["Sunder","Stack"],"picked":"Ball Lightning","floor":19},{"not_picked":["Stack+1","Barrage"],"picked":"Sweeping Beam+1","floor":21},{"not_picked":["Cold Snap+1","Doom and Gloom"],"picked":"Leap+1","floor":22},{"not_picked":["Recycle","Undo+1"],"picked":"Leap+1","floor":23},{"not_picked":["Rebound","Streamline"],"picked":"Force Field","floor":25},{"not_picked":["Steam","Hologram"],"picked":"Tempest","floor":28},{"not_picked":["Cold Snap","Beam Cell"],"picked":"Sweeping Beam+1","floor":31}],"player_experience":476997,"relics_obtained":[{"floor":6,"key":"Toy Ornithopter"},{"floor":8,"key":"Bronze Scales"},{"floor":9,"key":"InkBottle"},{"floor":10,"key":"Whetstone"},{"floor":23,"key":"CeramicFish"},{"floor":23,"key":"Pantograph"},{"floor":25,"key":"Anchor"},{"floor":25,"key":"Regal Pillow"},{"floor":26,"key":"The Courier"},{"floor":28,"key":"Blood Vial"},{"floor":28,"key":"Meat on the Bone"}],"event_choices":[{"damage_healed":0,"gold_gain":0,"player_choice":"Entered Light","damage_taken":15,"max_hp_gain":0,"max_hp_loss":0,"event_name":"Shining Light","floor":12,"gold_loss":0,"cards_upgraded":["Chaos","Strike_B"]},{"damage_healed":18,"gold_gain":0,"player_choice":"Healed","damage_taken":0,"max_hp_gain":0,"max_hp_loss":0,"event_name":"The Cleric","floor":13,"gold_loss":35},{"damage_healed":0,"gold_gain":0,"player_choice":"Gave Potion","damage_taken":0,"relics_obtained":["Letter Opener"],"max_hp_gain":0,"max_hp_loss":0,"event_name":"WeMeetAgain","floor":20,"gold_loss":0}],"is_beta":false,"boss_relics":[{"not_picked":["Inserter","Snecko Eye"],"picked":"Black Star"}],"items_purged_floors":[],"is_endless":true,"potions_floor_spawned":[2,4,5,8,19,22,23,25],"killed_by":"Collector","ascension_level":1}}