{"host":"qxeepl7ydvsgmfdb","time":1612795772,"event":{"mods":["AchievementEnabler","BaseMod","Colored Powertips","Minty Spire (QoL Compilation)","Quick Restart","slay the spire mod where everything is the same but ironclad has a cowboy hat"],"gold_per_floor":[117,292,317,317,331,365,365,79,79,90,102,102,130,130,130,225,225,240,515,292,217,40,75,75,35,62,72,84,104,139,157,157,261,261,275,550,561,581,599,599,619,636,685,245,245,245,257,268,268,268],"floor_reached":51,"language":"ENG","playtime":2325,"items_purged":["Doubt","Regret"],"score":754,"play_id":"33f66e7d-7f4a-4630-bc8e-16bbefe9aeeb","local_time":"20210208094932","is_ascension_mode":false,"campfire_choices":[{"data":"White Noise","floor":7.0,"key":"SMITH"},{"data":"Zap","floor":12.0,"key":"SMITH"},{"floor":15.0,"key":"REST"},{"floor":24.0,"key":"REST"},{"floor":32.0,"key":"REST"},{"floor":40.0,"key":"REST"},{"floor":45,"key":"REST"},{"floor":49,"key":"REST"}],"circlet_count":0,"master_deck":["Strike_B","Strike_B","Strike_B+1","Defend_B","Defend_B","Defend_B","Defend_B","Zap+1","Dualcast","White Noise+1","Cold Snap","Coolheaded","Darkness","Ball Lightning","Rainbow+1","Ball Lightning+1","Cold Snap","BootSequence+1","Redo+1","Ball Lightning","Leap+1","Redo+1","Sweeping Beam+1","Defragment+1","Cold Snap+1","Dark Shackles+1","White Noise+1"],"relics":["Cracked Core","NeowsBlessing","Centennial Puzzle","Omamori","Sundial","Lizard Tail","Gremlin Horn","Toxic Egg 2","Calling Bell","Strawberry","Darkstone Periapt","Torii","Lee\u0027s Waffle","Membership Card","Frozen Egg 2","Orichalcum","Red Mask","SacredBark","Vajra","Singing Bowl","Bottled Flame"],"acts_visited":["Exordium","TheCity","TheBeyond"],"potions_floor_usage":[41,41,41,42,50,50],"damage_taken":[{"damage":0.0,"enemies":"Small Slimes","floor":1.0,"turns":1.0},{"damage":0.0,"enemies":"Jaw Worm","floor":5.0,"turns":1.0},{"damage":0.0,"enemies":"3 Sentries","floor":6.0,"turns":1.0},{"damage":2.0,"enemies":"2 Louse","floor":10.0,"turns":2.0},{"damage":17.0,"enemies":"Blue Slaver","floor":11.0,"turns":3.0},{"damage":28.0,"enemies":"Gremlin Nob","floor":13.0,"turns":4.0},{"damage":32.0,"enemies":"Hexaghost","floor":16.0,"turns":9.0},{"damage":3.0,"enemies":"3 Byrds","floor":18.0,"turns":3.0},{"damage":52.0,"enemies":"Book of Stabbing","floor":23.0,"turns":6.0},{"damage":0.0,"enemies":"Chosen","floor":27.0,"turns":4.0},{"damage":2.0,"enemies":"Shelled Parasite and Fungi","floor":28.0,"turns":6.0},{"damage":10.0,"enemies":"Cultist and Chosen","floor":29.0,"turns":5.0},{"damage":1.0,"enemies":"Masked Bandits","floor":30.0,"turns":3.0},{"damage":7.0,"enemies":"Chosen and Byrds","floor":31.0,"turns":5.0},{"damage":51.0,"enemies":"Automaton","floor":33.0,"turns":10.0},{"damage":0.0,"enemies":"3 Shapes","floor":35.0,"turns":4.0},{"damage":34.0,"enemies":"3 Darklings","floor":37.0,"turns":6.0},{"damage":32.0,"enemies":"Jaw Worm Horde","floor":38.0,"turns":5.0},{"damage":6.0,"enemies":"4 Shapes","floor":39.0,"turns":7.0},{"damage":47,"enemies":"Writhing Mass","floor":41,"turns":9},{"damage":50,"enemies":"Transient","floor":42,"turns":5},{"damage":2,"enemies":"Maw","floor":47,"turns":8},{"damage":32,"enemies":"Sphere and 2 Shapes","floor":48,"turns":6},{"damage":115,"enemies":"Donu and Deca","floor":50,"turns":11}],"seed_played":"-6274528501674130753","potions_obtained":[{"floor":1.0,"key":"Swift Potion"},{"floor":6.0,"key":"EssenceOfSteel"},{"floor":13.0,"key":"Explosive Potion"},{"floor":23.0,"key":"Fire Potion"},{"floor":30.0,"key":"PowerPotion"},{"floor":31.0,"key":"Regen Potion"},{"floor":35.0,"key":"GamblersBrew"},{"floor":41,"key":"PowerPotion"},{"floor":48,"key":"DistilledChaos"}],"is_trial":false,"path_per_floor":["M","?","T","?","M","E","R","$","T","M","M","R","E","?","R","B",null,"M","?","$","?","$","E","R","?","T","M","M","M","?","M","R","B",null,"M","?","M","M","M","R","M","M","T","$","R","?","M","M","R","B",null],"character_chosen":"DEFECT","items_purchased":["Lizard Tail","Lee\u0027s Waffle","Membership Card","Cold Snap","Singing Bowl","FairyPotion","Bottled Flame","ColorlessPotion","FearPotion","Dark Shackles+1"],"campfire_rested":6,"item_purchase_floors":[8,20,22,22,44,44,44,44,44,44],"current_hp_per_floor":[75,75,75,75,75,75,75,75,75,73,56,56,28,21,43,11,82,79,79,89,89,89,37,63,63,63,63,61,51,50,43,69,18,89,89,95,61,29,23,51,49,47,47,47,75,77,77,45,74,21],"gold":268,"neow_bonus":"THREE_ENEMY_KILL","is_daily":false,"chose_seed":false,"campfire_upgraded":2,"win_rate":0.0,"timestamp":1612795772,"path_taken":["M","?","?","?","M","E","R","$","T","M","M","R","E","?","R","BOSS","M","?","?","?","$","E","R","?","T","M","M","?","?","M","R","BOSS","M","?","M","?","M","R","M","M","T","$","R","?","M","M","R","BOSS"],"items_purchased_type":["Relic","Relic","Relic","Card","Relic","Potion","Relic","Potion","Potion","Card"],"build_version":"2020-12-22","purchased_purges":2,"victory":true,"max_hp_per_floor":[75,75,75,75,75,75,75,75,75,75,75,75,75,75,75,75,82,82,82,89,89,89,89,89,89,89,89,89,89,89,89,89,89,89,89,95,95,95,95,95,95,95,95,95,95,97,99,99,99,99],"card_choices":[{"not_picked":["Leap","Conserve Battery"],"picked":"White Noise","floor":1.0},{"not_picked":["Barrage","Blizzard"],"picked":"Cold Snap","floor":5.0},{"not_picked":["Machine Learning","Turbo","Coolheaded"],"picked":"SKIP","floor":6.0},{"not_picked":["Doom and Gloom","Rebound"],"picked":"Coolheaded","floor":10.0},{"not_picked":["Redo","Auto Shields"],"picked":"Darkness","floor":11.0},{"not_picked":["Double Energy+1","Redo+1"],"picked":"Ball Lightning","floor":13.0},{"not_picked":["Meteor Strike","Creative AI"],"picked":"Rainbow+1","floor":16.0},{"not_picked":["Storm","Steam Power+1"],"picked":"Ball Lightning","floor":18.0},{"not_picked":["Hello World+1","Blizzard"],"picked":"BootSequence+1","floor":23.0},{"not_picked":["Go for the Eyes","Compile Driver"],"picked":"Redo+1","floor":27.0},{"not_picked":["Barrage","Steam Power+1","Reinforced Body+1"],"picked":"SKIP","floor":28.0},{"not_picked":["Hello World+1","Aggregate+1"],"picked":"Ball Lightning","floor":29.0},{"not_picked":["Rip and Tear","Conserve Battery+1"],"picked":"Leap+1","floor":30.0},{"not_picked":["Hologram+1","Glacier+1"],"picked":"Redo+1","floor":31.0},{"not_picked":["Ball Lightning+1","Conserve Battery+1"],"picked":"Sweeping Beam+1","floor":35.0},{"not_picked":["Go for the Eyes","Force Field+1","Hologram+1"],"picked":"SKIP","floor":37.0},{"not_picked":["Turbo+1","Force Field+1","Storm+1"],"picked":"SKIP","floor":38.0},{"not_picked":["Static Discharge+1","Stack+1","Sunder"],"picked":"SKIP","floor":39.0},{"not_picked":["Leap+1","Redo+1"],"picked":"Defragment+1","floor":41},{"not_picked":["Recycle+1","Rebound+1"],"picked":"Cold Snap+1","floor":42},{"not_picked":["Panacea+1","PanicButton+1","Sadistic Nature+1"],"picked":"Singing Bowl","floor":46},{"not_picked":["Reprogram+1","Gash","Ball Lightning+1"],"picked":"Singing Bowl","floor":47},{"not_picked":["Fusion+1","Gash+1"],"picked":"White Noise+1","floor":48}],"player_experience":133104,"relics_obtained":[{"floor":3.0,"key":"Centennial Puzzle"},{"floor":6.0,"key":"Sundial"},{"floor":9.0,"key":"Gremlin Horn"},{"floor":13.0,"key":"Toxic Egg 2"},{"floor":17.0,"key":"Strawberry"},{"floor":17.0,"key":"Darkstone Periapt"},{"floor":17.0,"key":"Torii"},{"floor":23.0,"key":"Frozen Egg 2"},{"floor":26.0,"key":"Orichalcum"},{"floor":30.0,"key":"Red Mask"},{"floor":43,"key":"Vajra"}],"event_choices":[{"damage_healed":0.0,"max_hp_gain":0.0,"max_hp_loss":0.0,"gold_gain":175.0,"event_name":"Liars Game","player_choice":"AGREE","floor":2.0,"gold_loss":0.0,"damage_taken":0.0,"cards_obtained":["Doubt"]},{"damage_healed":0.0,"max_hp_gain":0.0,"max_hp_loss":0.0,"gold_gain":0.0,"event_name":"Big Fish","player_choice":"Box","floor":4.0,"gold_loss":0.0,"damage_taken":0.0,"relics_obtained":["Omamori"],"cards_obtained":["Regret"]},{"cards_removed":["Regret"],"damage_healed":0.0,"max_hp_gain":0.0,"max_hp_loss":0.0,"gold_gain":0.0,"event_name":"Golden Wing","player_choice":"Card Removal","floor":14.0,"gold_loss":0.0,"damage_taken":7.0},{"damage_healed":0.0,"max_hp_gain":0.0,"max_hp_loss":0.0,"gold_gain":275.0,"event_name":"Golden Shrine","player_choice":"Desecrate","floor":19.0,"gold_loss":0.0,"damage_taken":0.0,"cards_obtained":["Regret"]},{"cards_removed":["Strike_B"],"damage_healed":0.0,"max_hp_gain":0.0,"max_hp_loss":0.0,"gold_gain":0.0,"event_name":"Beggar","player_choice":"Gave Gold","floor":21.0,"gold_loss":75.0,"damage_taken":0.0},{"damage_healed":0.0,"max_hp_gain":0.0,"max_hp_loss":0.0,"gold_gain":0.0,"event_name":"Designer","player_choice":"Upgraded Two","floor":25.0,"gold_loss":40.0,"damage_taken":0.0,"cards_upgraded":["Strike_B","Ball Lightning"]},{"damage_healed":0.0,"max_hp_gain":0.0,"max_hp_loss":0.0,"gold_gain":0.0,"event_name":"Masked Bandits","player_choice":"Fought Bandits","floor":30.0,"gold_loss":0.0,"damage_taken":0.0},{"damage_healed":0.0,"max_hp_gain":0.0,"max_hp_loss":0.0,"gold_gain":275.0,"event_name":"Golden Shrine","player_choice":"Desecrate","floor":36.0,"gold_loss":0.0,"damage_taken":0.0,"cards_obtained":["Regret"]},{"damage_healed":0,"gold_gain":0,"player_choice":"Memory 1","damage_taken":0,"max_hp_gain":0,"max_hp_loss":0,"event_name":"SensoryStone","floor":46,"gold_loss":0}],"is_beta":false,"boss_relics":[{"not_picked":["Black Star","Sozu"],"picked":"Calling Bell"},{"not_picked":["Philosopher\u0027s Stone","Tiny House"],"picked":"SacredBark"}],"items_purged_floors":[20,44],"is_endless":false,"potions_floor_spawned":[1,6,13,23,30,31,35,41,48],"ascension_level":0}}