{"host":"sav7uxregyirlf69","time":1612762853,"event":{"mods":["AchievementEnabler","BaseMod","Colored Map","DeckTracker","Keyboard Shortcuts","Minty Spire (QoL Compilation)","READ ME - Guardian Mod","StSLib","SuperFastMode"],"gold_per_floor":[113,113,133,133,133,133,28,28,28,28,103,103,117,131,131,227,290,255,255,104,104,104],"floor_reached":21,"language":"KOR","playtime":251,"items_purged":["Strike_G"],"score":330,"play_id":"55d95a9f-d98f-4bf3-8ffe-66fc5fdfef74","local_time":"20210208144053","is_ascension_mode":true,"campfire_choices":[{"data":"Bouncing Flask","floor":6,"key":"SMITH"},{"data":"Neutralize","floor":8,"key":"SMITH"},{"data":"Flash of Steel","floor":10,"key":"SMITH"},{"floor":12,"key":"REST"},{"floor":15,"key":"RECALL"}],"circlet_count":0,"master_deck":["AscendersBane","Strike_G+1","Strike_G+1","Defend_G+1","Defend_G","Defend_G","Defend_G","Survivor","Neutralize+1","Riddle With Holes","Bouncing Flask+1","Flash of Steel+1","Infinite Blades","Dagger Throw","Night Terror","Bane","Finisher","Footwork"],"relics":["Ring of the Snake","Golden Idol","Ornamental Fan","Tiny House"],"acts_visited":["Exordium","TheCity"],"potions_floor_usage":[16],"damage_taken":[{"damage":4,"enemies":"Small Slimes","floor":1,"turns":3},{"damage":0,"enemies":"2 Louse","floor":3,"turns":2},{"damage":0,"enemies":"Jaw Worm","floor":13,"turns":2},{"damage":1,"enemies":"3 Louse","floor":14,"turns":4},{"damage":36,"enemies":"The Guardian","floor":16,"turns":9},{"damage":32,"enemies":"2 Thieves","floor":18,"turns":5},{"damage":9,"enemies":"Shell Parasite","floor":21,"turns":3}],"seed_played":"-5333747425440925069","potions_obtained":[{"floor":1,"key":"Weak Potion"},{"floor":3,"key":"DuplicationPotion"},{"floor":17,"key":"LiquidBronze"}],"is_trial":false,"path_per_floor":["M","?","M","?","?","R","$","R","T","R","?","R","M","M","R","B",null,"M","?","$","M"],"character_chosen":"THE_SILENT","items_purchased":["Flash of Steel","Footwork"],"campfire_rested":1,"item_purchase_floors":[7,20],"current_hp_per_floor":[55,35,35,35,35,35,35,35,35,35,24,42,42,41,41,5,51,19,19,19,10,10],"gold":104,"neow_bonus":"REMOVE_CARD","is_daily":false,"chose_seed":false,"campfire_upgraded":3,"win_rate":0.0,"timestamp":1612762853,"path_taken":["M","?","M","?","?","R","$","R","T","R","?","R","M","M","R","BOSS","M","?","$","M"],"items_purchased_type":["Card","Card"],"build_version":"2020-12-22","purchased_purges":1,"victory":false,"max_hp_per_floor":[66,66,66,66,60,60,60,60,60,60,60,60,60,60,60,60,65,65,65,65,65,65],"card_choices":[{"not_picked":["Poisoned Stab","PiercingWail"],"picked":"Riddle With Holes","floor":1},{"not_picked":["Infinite Blades","Deflect"],"picked":"Bouncing Flask","floor":3},{"not_picked":["Poisoned Stab","Flying Knee"],"picked":"Infinite Blades","floor":13},{"not_picked":["Masterful Stab","Bane"],"picked":"Dagger Throw","floor":14},{"not_picked":["Tools of the Trade","Storm of Steel"],"picked":"Night Terror","floor":16},{"not_picked":["Underhanded Strike+1","Bane","Dodge and Roll+1"],"picked":"SKIP","floor":18}],"player_experience":1518560,"relics_obtained":[{"floor":9,"key":"Ornamental Fan"}],"event_choices":[{"damage_healed":0,"gold_gain":0,"player_choice":"Entered Light","damage_taken":20,"max_hp_gain":0,"max_hp_loss":0,"event_name":"Shining Light","floor":2,"gold_loss":0,"cards_upgraded":["Strike_G","Defend_G"]},{"damage_healed":0,"gold_gain":0,"player_choice":"Ignored","damage_taken":0,"max_hp_gain":0,"max_hp_loss":0,"event_name":"Liars Game","floor":4,"gold_loss":0},{"damage_healed":0,"gold_gain":0,"player_choice":"Lose Max HP","damage_taken":0,"relics_obtained":["Golden Idol"],"max_hp_gain":0,"max_hp_loss":6,"event_name":"Golden Idol","floor":5,"gold_loss":0},{"damage_healed":0,"gold_gain":75,"player_choice":"Gather Gold","damage_taken":11,"max_hp_gain":0,"max_hp_loss":0,"event_name":"World of Goop","floor":11,"gold_loss":0},{"damage_healed":0,"gold_gain":0,"cards_transformed":["Strike_G","Strike_G"],"player_choice":"Became Test Subject","damage_taken":0,"max_hp_gain":0,"max_hp_loss":0,"event_name":"Drug Dealer","floor":19,"gold_loss":0,"cards_obtained":["Bane","Finisher"]}],"is_beta":false,"boss_relics":[{"not_picked":["Philosopher\u0027s Stone","SacredBark"],"picked":"Tiny House"}],"items_purged_floors":[20],"is_endless":false,"potions_floor_spawned":[1,3],"killed_by":"Shell Parasite","ascension_level":20}}