{"host":"x7n7968bn9ekn290","time":1612818050,"event":{"mods":["AchievementEnabler","BaseMod","Colored Map","Colored Powertips","Dark Map","Googly Eyes","Highlight Path","Minty Spire (QoL Compilation)","Quick Restart","Rare Cards Sparkle","Relic Stats","Spire Birthday Party","The IronCluck","slay the spire mod where everything is the same but ironclad has a cowboy hat"],"gold_per_floor":[110,110,120,131,147,147,174,20,44,56,67,124,141,160,160,260,260,272,272,284,300,316,316,327,327,327,347,347,358,358,374,374,469,469,480,497,514,530,37,37,37],"floor_reached":40,"language":"ENG","playtime":2650,"items_purged":[],"score":450,"play_id":"6a2e0c94-55f6-4876-acc7-ec73b846ad3d","local_time":"20210208130050","is_ascension_mode":false,"campfire_choices":[{"data":"Dash","floor":6.0,"key":"SMITH"},{"data":"Survivor","floor":15.0,"key":"SMITH"},{"floor":23.0,"key":"REST"},{"floor":25.0,"key":"REST"},{"floor":30.0,"key":"REST"},{"floor":32.0,"key":"REST"}],"circlet_count":0,"master_deck":["Strike_G","Strike_G","Strike_G","Strike_G","Strike_G","Defend_G","Defend_G","Defend_G","Defend_G","Defend_G","Survivor+1","Dagger Throw","Well Laid Plans","Dash+1","Backflip","Dagger Throw","PiercingWail","Slice","Blade Dance","Footwork","Slice","Leg Sweep","Adrenaline","Dagger Spray","RitualDagger","PiercingWail","Terror+1","Quick Slash+1","Dagger Spray","Riddle With Holes","Sucker Punch","Dash","Venomology","Deflect+1","Blade Dance+1","Deflect","Bandage Up"],"relics":["Ring of the Serpent","Art of War","Bag of Preparation","Strawberry","Shuriken","SacredBark","Meat on the Bone","Orichalcum"],"acts_visited":["Exordium","TheCity","TheBeyond"],"potions_floor_usage":[33,33,36,37,37,37,40,40,40],"damage_taken":[{"damage":0.0,"enemies":"Cultist","floor":1.0,"turns":4.0},{"damage":0.0,"enemies":"Small Slimes","floor":3.0,"turns":4.0},{"damage":0.0,"enemies":"2 Louse","floor":4.0,"turns":3.0},{"damage":0.0,"enemies":"Blue Slaver","floor":5.0,"turns":5.0},{"damage":24.0,"enemies":"Lagavulin","floor":7.0,"turns":11.0},{"damage":0.0,"enemies":"Red Slaver","floor":10.0,"turns":3.0},{"damage":0.0,"enemies":"Looter","floor":11.0,"turns":3.0},{"damage":3.0,"enemies":"3 Sentries","floor":12.0,"turns":7.0},{"damage":0.0,"enemies":"Lots of Slimes","floor":13.0,"turns":3.0},{"damage":0.0,"enemies":"Gremlin Gang","floor":14.0,"turns":5.0},{"damage":11.0,"enemies":"The Guardian","floor":16.0,"turns":24.0},{"damage":9.0,"enemies":"3 Byrds","floor":18.0,"turns":7.0},{"damage":11.0,"enemies":"Shell Parasite","floor":20.0,"turns":13.0},{"damage":15.0,"enemies":"Centurion and Healer","floor":21.0,"turns":8.0},{"damage":9.0,"enemies":"3 Cultists","floor":22.0,"turns":7.0},{"damage":9.0,"enemies":"Snecko","floor":24.0,"turns":6.0},{"damage":10.0,"enemies":"Chosen and Byrds","floor":27.0,"turns":4.0},{"damage":30.0,"enemies":"Snake Plant","floor":29.0,"turns":4.0},{"damage":14.0,"enemies":"Snecko","floor":31.0,"turns":4.0},{"damage":72,"enemies":"Champ","floor":33,"turns":14},{"damage":1,"enemies":"Orb Walker","floor":35,"turns":5},{"damage":34,"enemies":"3 Shapes","floor":36,"turns":3},{"damage":45,"enemies":"Spire Growth","floor":37,"turns":6},{"damage":66,"enemies":"4 Shapes","floor":38,"turns":7},{"damage":4,"enemies":"Reptomancer","floor":40,"turns":2}],"seed_played":"-6709813105135986355","potions_obtained":[{"floor":2.0,"key":"FearPotion"},{"floor":2.0,"key":"CunningPotion"},{"floor":2.0,"key":"Explosive Potion"},{"floor":4.0,"key":"AttackPotion"},{"floor":7.0,"key":"EssenceOfSteel"},{"floor":10.0,"key":"LiquidMemories"},{"floor":18.0,"key":"Strength Potion"},{"floor":27.0,"key":"AttackPotion"},{"floor":29.0,"key":"Explosive Potion"},{"floor":31.0,"key":"AttackPotion"},{"floor":33,"key":"Regen Potion"},{"floor":37,"key":"SpeedPotion"},{"floor":38,"key":"Weak Potion"}],"is_trial":false,"path_per_floor":["M","?","M","M","M","R","E","$","T","M","M","?","M","M","R","B",null,"M","?","M","M","M","R","M","R","T","M","?","M","R","M","R","B",null,"M","M","M","M","$","E"],"character_chosen":"THE_SILENT","items_purchased":["Fruit Juice","PiercingWail","Meat on the Bone","Orichalcum","Bandage Up"],"campfire_rested":4,"item_purchase_floors":[8,8,39,39,39],"current_hp_per_floor":[77,77,77,77,77,77,53,58,58,58,58,62,62,62,62,51,89,80,74,63,48,39,65,56,82,82,72,72,42,68,54,80,8,89,88,54,69,3,3,0,0],"gold":37,"neow_bonus":"TEN_PERCENT_HP_BONUS","is_daily":false,"chose_seed":false,"campfire_upgraded":2,"win_rate":0.0,"timestamp":1612818050,"path_taken":["M","?","M","M","M","R","E","$","T","?","M","?","M","M","R","BOSS","M","?","M","M","M","R","M","R","T","M","?","?","R","M","R","BOSS","M","M","M","M","$","E"],"items_purchased_type":["Potion","Card","Relic","Relic","Card"],"build_version":"2020-12-22","purchased_purges":0,"victory":false,"max_hp_per_floor":[77,77,77,77,77,77,77,82,82,82,82,89,89,89,89,89,89,89,89,89,89,89,89,89,89,89,89,89,89,89,89,89,89,89,89,89,89,89,89,89,89],"relic_stats":{"counters":[25,162],"Shuriken":[23],"Art of War":[18],"Bag of Preparation":[40],"Orichalcum":[12],"obtain_stats":[{"Shuriken":26,"Strawberry":12,"SacredBark":34,"Art of War":7,"Bag of Preparation":9,"Orichalcum":39,"Ring of the Serpent":17,"Ring of the Snake":0,"Meat on the Bone":39},{"Shuriken":16,"Strawberry":7,"SacredBark":20,"Art of War":5,"Bag of Preparation":5,"Orichalcum":24,"Ring of the Serpent":11,"Ring of the Snake":0,"Meat on the Bone":24},{"Shuriken":113,"Strawberry":33,"SacredBark":139,"Art of War":27,"Bag of Preparation":27,"Orichalcum":160,"Ring of the Serpent":72,"Ring of the Snake":0,"Meat on the Bone":160}],"Meat on the Bone":0},"card_choices":[{"not_picked":["Underhanded Strike","Bane"],"picked":"Dagger Throw","floor":1.0},{"not_picked":["Skewer","Choke"],"picked":"Well Laid Plans","floor":3.0},{"not_picked":["Dagger Spray","Heel Hook"],"picked":"Dash","floor":4.0},{"not_picked":["Escape Plan","Skewer"],"picked":"Backflip","floor":5.0},{"not_picked":["Eviscerate","Acrobatics"],"picked":"Dagger Throw","floor":7.0},{"not_picked":["Escape Plan","Bane"],"picked":"Slice","floor":10.0},{"not_picked":["Crippling Poison","Expertise"],"picked":"Blade Dance","floor":11.0},{"not_picked":["Escape Plan","Eviscerate"],"picked":"Footwork","floor":12.0},{"not_picked":["Dodge and Roll","Bane"],"picked":"Slice","floor":13.0},{"not_picked":["Dagger Throw","Escape Plan"],"picked":"Leg Sweep","floor":14.0},{"not_picked":["Malaise","A Thousand Cuts"],"picked":"Adrenaline","floor":16.0},{"not_picked":["Well Laid Plans","Backflip"],"picked":"Dagger Spray","floor":18.0},{"not_picked":["Prepared","Outmaneuver"],"picked":"PiercingWail","floor":20.0},{"not_picked":["Distraction","Backflip"],"picked":"Terror+1","floor":21.0},{"not_picked":["Prepared","Catalyst"],"picked":"Quick Slash+1","floor":22.0},{"not_picked":["Prepared","Dodge and Roll"],"picked":"Dagger Spray","floor":24.0},{"not_picked":["Bane","Flying Knee+1","Tactician"],"picked":"SKIP","floor":27.0},{"not_picked":["Wraith Form v2","Outmaneuver"],"picked":"Sucker Punch","floor":29.0},{"not_picked":["Acrobatics","Bouncing Flask+1"],"picked":"Dash","floor":31.0},{"not_picked":["Burst","Malaise"],"picked":"Venomology","floor":33},{"not_picked":["Endless Agony+1","Cloak And Dagger"],"picked":"Deflect+1","floor":35},{"not_picked":["Well Laid Plans","Heel Hook","Noxious Fumes+1"],"picked":"SKIP","floor":36},{"not_picked":["Dodge and Roll","Bane"],"picked":"Blade Dance+1","floor":37},{"not_picked":["Eviscerate+1","Finisher+1"],"picked":"Deflect","floor":38}],"player_experience":31814,"relics_obtained":[{"floor":7.0,"key":"Art of War"},{"floor":9.0,"key":"Bag of Preparation"},{"floor":26.0,"key":"Shuriken"}],"event_choices":[{"damage_healed":0.0,"max_hp_gain":0.0,"max_hp_loss":0.0,"gold_gain":0.0,"event_name":"Lab","player_choice":"Got Potions","floor":2.0,"gold_loss":0.0,"damage_taken":0.0},{"damage_healed":0.0,"max_hp_gain":0.0,"max_hp_loss":0.0,"gold_gain":0.0,"event_name":"Dead Adventurer","player_choice":"Searched \u00272\u0027 times","floor":12.0,"gold_loss":0.0,"damage_taken":0.0,"relics_obtained":["Strawberry"]},{"damage_healed":0.0,"max_hp_gain":0.0,"max_hp_loss":0.0,"gold_gain":0.0,"event_name":"Nest","player_choice":"Joined the Cult","floor":19.0,"gold_loss":0.0,"damage_taken":6.0,"cards_obtained":["RitualDagger"]},{"damage_healed":0.0,"max_hp_gain":0.0,"max_hp_loss":0.0,"gold_gain":0.0,"cards_transformed":["Neutralize"],"event_name":"Transmorgrifier","player_choice":"Transformed","floor":28.0,"gold_loss":0.0,"damage_taken":0.0,"cards_obtained":["Riddle With Holes"]}],"is_beta":false,"boss_relics":[{"not_picked":["Tiny House","Velvet Choker"],"picked":"Ring of the Serpent"},{"not_picked":["Fusion Hammer","Cursed Key"],"picked":"SacredBark"}],"items_purged_floors":[],"is_endless":false,"potions_floor_spawned":[4,5,7,10,18,27,29,31,33,37,38],"killed_by":"Reptomancer","ascension_level":0}}