{"host":"1c17lcvl7acx821p","time":1612819294,"event":{"mods":["AchievementEnabler","BaseMod","Bestiary","Colored Map","Minty Spire (QoL Compilation)","Quick Restart","Relic Sorter","StSLib","ojb\u0027s Better Paths Mod","ojb\u0027s Info Mod"],"gold_per_floor":[365,103,119,119,119,137,166,184,184,184,54,70,83,48,48,125,125,138,153,103,120,35,69,69,98,98,98,117,142,0,10,10,87,87,101,1100,1120,1120,1170,1199,1211,1211,1211,667,700,55,69,83,83,83,83],"floor_reached":52,"language":"ENG","playtime":5410,"items_purged":["Strike_B","Normality","Normality"],"score":2794,"play_id":"86269a6e-e030-467b-95b4-ff6729709025","local_time":"20210208232134","is_ascension_mode":true,"campfire_choices":[{"data":"Hologram","floor":10.0,"key":"SMITH"},{"data":"Defragment","floor":15.0,"key":"SMITH"},{"floor":24.0,"key":"REST"},{"floor":32.0,"key":"REST"},{"data":"Capacitor","floor":42.0,"key":"SMITH"},{"floor":49,"key":"REST"}],"circlet_count":0,"master_deck":["AscendersBane","Zap","Dualcast","Gash+1","FTL","Hologram+1","Impatience","Leap+1","Cold Snap","Compile Driver","Sweeping Beam","Gash","Defragment+1","Conserve Battery+1","Recycle+1","Gash+1","Seek+1","Fission+1","Auto Shields+1","Seek+1","Cold Snap","Echo Form","Recycle+1","Barrage","Conserve Battery+1","Go for the Eyes+1","Hologram+1","Steam Power+1","Coolheaded+1","Gash+1","Fission+1","Coolheaded+1","All For One+1","Glacier+1","Biased Cognition","Madness+1","Madness+1","Capacitor+1","Reinforced Body+1","Defragment+1","Defragment","Master of Strategy+1","White Noise+1","Coolheaded+1","Scrape","Defragment"],"relics":["Cracked Core","The Courier","StrikeDummy","Toxic Egg 2","Pandora\u0027s Box","Girya","Bag of Preparation","Oddly Smooth Stone","Symbiotic Virus","Potion Belt","Nuclear Battery","Du-Vu Doll","Lantern","Chemical X","Happy Flower","Shuriken","Medical Kit","Whetstone","Torii"],"acts_visited":["TheCity","TheBeyond"],"potions_floor_usage":[50,50,50],"damage_taken":[{"damage":0.0,"enemies":"2 Louse","floor":1.0,"turns":2.0},{"damage":0.0,"enemies":"Small Slimes","floor":3.0,"turns":2.0},{"damage":0.0,"enemies":"Cultist","floor":6.0,"turns":3.0},{"damage":49.0,"enemies":"Gremlin Nob","floor":7.0,"turns":4.0},{"damage":0.0,"enemies":"Exordium Wildlife","floor":8.0,"turns":2.0},{"damage":5.0,"enemies":"Blue Slaver","floor":12.0,"turns":4.0},{"damage":2.0,"enemies":"Red Slaver","floor":13.0,"turns":4.0},{"damage":7.0,"enemies":"The Guardian","floor":16.0,"turns":9.0},{"damage":3.0,"enemies":"Shell Parasite","floor":18.0,"turns":5.0},{"damage":7.0,"enemies":"Chosen","floor":19.0,"turns":5.0},{"damage":0.0,"enemies":"Snecko","floor":21.0,"turns":5.0},{"damage":12.0,"enemies":"Gremlin Leader","floor":23.0,"turns":7.0},{"damage":19.0,"enemies":"Book of Stabbing","floor":25.0,"turns":5.0},{"damage":0.0,"enemies":"Shelled Parasite and Fungi","floor":28.0,"turns":4.0},{"damage":0.0,"enemies":"Slavers","floor":29.0,"turns":3.0},{"damage":0.0,"enemies":"Centurion and Healer","floor":31.0,"turns":3.0},{"damage":0.0,"enemies":"Champ","floor":33.0,"turns":10.0},{"damage":0.0,"enemies":"3 Shapes","floor":35.0,"turns":2.0},{"damage":0.0,"enemies":"Orb Walker","floor":37.0,"turns":3.0},{"damage":1.0,"enemies":"2 Orb Walkers","floor":39.0,"turns":3.0},{"damage":14.0,"enemies":"Nemesis","floor":40.0,"turns":7.0},{"damage":0.0,"enemies":"Writhing Mass","floor":41.0,"turns":4.0},{"damage":0,"enemies":"Giant Head","floor":45,"turns":3},{"damage":1,"enemies":"3 Darklings","floor":47,"turns":3},{"damage":0,"enemies":"Transient","floor":48,"turns":6},{"damage":0,"enemies":"Awakened One","floor":50,"turns":15},{"damage":1,"enemies":"Donu and Deca","floor":51,"turns":4}],"seed_played":"-4037231888492023078","potions_obtained":[{"floor":1.0,"key":"Dexterity Potion"},{"floor":7.0,"key":"Dexterity Potion"},{"floor":8.0,"key":"BlessingOfTheForge"},{"floor":21.0,"key":"FocusPotion"},{"floor":25.0,"key":"Dexterity Potion"},{"floor":31.0,"key":"Weak Potion"},{"floor":37.0,"key":"EssenceOfDarkness"},{"floor":45,"key":"Dexterity Potion"}],"is_trial":false,"path_per_floor":["M","$","M","?","?","M","E","M","T","R","$","M","M","?","R","B",null,"M","M","?","M","?","E","R","E","T","?","M","E","$","M","R","B",null,"M","?","M","?","?","E","M","R","T","$","E","$","M","M","R","B","B",null],"character_chosen":"DEFECT","items_purchased":["FTL","Hologram","Impatience","Gash","Defragment","Conserve Battery+1","Fission+1","Defragment","Chemical X","Master of Strategy+1","Happy Flower","Medical Kit","Coolheaded+1","Whetstone","Torii"],"campfire_rested":3,"item_purchase_floors":[2,2,2,11,11,11,30,44,44,44,44,46,46,46,46],"current_hp_per_floor":[46,46,46,69,69,69,20,20,20,20,20,15,13,30,30,23,59,56,49,49,49,49,37,58,39,39,19,19,19,19,19,41,41,67,67,67,67,53,52,38,38,38,38,38,38,38,37,37,59,59,58],"gold":83,"neow_bonus":"TWO_FIFTY_GOLD","is_daily":false,"chose_seed":false,"campfire_upgraded":3,"win_rate":0.0,"timestamp":1612819294,"path_taken":["M","$","M","?","?","?","E","M","T","R","$","M","M","?","R","BOSS","M","M","?","?","?","E","R","E","T","?","M","E","?","M","R","BOSS","M","?","M","?","?","E","M","R","T","$","E","?","M","M","R","BOSS","BOSS"],"items_purchased_type":["Card","Card","Card","Card","Card","Card","Card","Card","Relic","Card","Relic","Relic","Card","Relic","Relic"],"build_version":"2020-12-22","purchased_purges":3,"victory":true,"max_hp_per_floor":[71,71,71,71,71,71,71,71,71,71,71,71,71,71,71,71,71,71,71,71,71,71,71,71,71,71,76,76,76,76,76,76,76,76,76,76,76,76,76,76,76,76,76,76,76,76,76,76,76,76,76],"card_choices":[{"not_picked":["Static Discharge","Rip and Tear"],"picked":"Gash","floor":1.0},{"not_picked":["Barrage","Steam"],"picked":"Leap","floor":3.0},{"not_picked":["Turbo","Storm"],"picked":"Cold Snap","floor":6.0},{"not_picked":["Gash","White Noise"],"picked":"Compile Driver","floor":7.0},{"not_picked":["Conserve Battery","Cold Snap"],"picked":"Sweeping Beam","floor":8.0},{"not_picked":["Reboot+1","Reprogram+1"],"picked":"Recycle+1","floor":12.0},{"not_picked":["Cold Snap","Sweeping Beam"],"picked":"Gash","floor":13.0},{"not_picked":["Machine Learning","Creative AI"],"picked":"Seek+1","floor":16.0},{"not_picked":["Stack+1","Barrage"],"picked":"Conserve Battery+1","floor":18.0},{"not_picked":["Stack+1","Compile Driver"],"picked":"Go for the Eyes+1","floor":19.0},{"not_picked":["Self Repair","Consume+1"],"picked":"Hologram+1","floor":21.0},{"not_picked":["Go for the Eyes","Fusion+1","Conserve Battery+1"],"picked":"SKIP","floor":23.0},{"not_picked":["Go for the Eyes","Fusion+1","Conserve Battery+1"],"picked":"SKIP","floor":23.0},{"not_picked":["Hologram+1","White Noise+1"],"picked":"Steam Power+1","floor":25.0},{"not_picked":["Force Field+1","Static Discharge"],"picked":"Coolheaded+1","floor":28.0},{"not_picked":["Sweeping Beam+1","Blizzard"],"picked":"Gash+1","floor":29.0},{"not_picked":["Go for the Eyes","Hello World"],"picked":"Coolheaded+1","floor":31.0},{"not_picked":["Reboot+1","Creative AI"],"picked":"All For One","floor":33.0},{"not_picked":["Barrage","Steam+1"],"picked":"Glacier+1","floor":35.0},{"not_picked":["Coolheaded+1","Steam+1"],"picked":"Biased Cognition","floor":37.0},{"not_picked":["Recycle+1","Compile Driver"],"picked":"Capacitor","floor":39.0},{"not_picked":["Ball Lightning","Beam Cell"],"picked":"Reinforced Body+1","floor":40.0},{"not_picked":["Melter","White Noise+1"],"picked":"Defragment+1","floor":41.0},{"not_picked":["Compile Driver+1","Rip and Tear"],"picked":"White Noise+1","floor":45},{"not_picked":["Stack+1","Turbo+1"],"picked":"Scrape","floor":47},{"not_picked":["Recycle+1","Turbo+1"],"picked":"Defragment","floor":48}],"player_experience":303770,"relics_obtained":[{"floor":7.0,"key":"StrikeDummy"},{"floor":9.0,"key":"Toxic Egg 2"},{"floor":23.0,"key":"Bag of Preparation"},{"floor":25.0,"key":"Oddly Smooth Stone"},{"floor":26.0,"key":"Symbiotic Virus"},{"floor":29.0,"key":"Potion Belt"},{"floor":39.0,"key":"Du-Vu Doll"},{"floor":40.0,"key":"Lantern"},{"floor":45,"key":"Shuriken"}],"event_choices":[{"damage_healed":23.0,"max_hp_gain":0.0,"max_hp_loss":0.0,"gold_gain":0.0,"event_name":"Big Fish","player_choice":"Banana","floor":4.0,"gold_loss":0.0,"damage_taken":0.0},{"damage_healed":0.0,"max_hp_gain":0.0,"max_hp_loss":0.0,"gold_gain":0.0,"event_name":"WeMeetAgain","player_choice":"Gave Potion","floor":5.0,"gold_loss":0.0,"damage_taken":0.0,"relics_obtained":["The Courier"]},{"damage_healed":17.0,"max_hp_gain":0.0,"max_hp_loss":0.0,"gold_gain":0.0,"event_name":"The Cleric","player_choice":"Healed","floor":14.0,"gold_loss":35.0,"damage_taken":0.0},{"damage_healed":0.0,"max_hp_gain":0.0,"max_hp_loss":0.0,"gold_gain":0.0,"event_name":"Designer","player_choice":"Upgraded Two","floor":20.0,"gold_loss":50.0,"damage_taken":0.0,"cards_upgraded":["Gash","Leap"]},{"damage_healed":0.0,"max_hp_gain":0.0,"max_hp_loss":0.0,"gold_gain":0.0,"event_name":"Addict","player_choice":"Obtained Relic","floor":22.0,"gold_loss":85.0,"damage_taken":0.0,"relics_obtained":["Girya"]},{"damage_healed":0.0,"max_hp_gain":5.0,"max_hp_loss":0.0,"gold_gain":0.0,"event_name":"Forgotten Altar","player_choice":"Shed Blood","floor":27.0,"gold_loss":0.0,"damage_taken":25.0},{"damage_healed":0.0,"max_hp_gain":0.0,"max_hp_loss":0.0,"gold_gain":999.0,"event_name":"MindBloom","player_choice":"Gold","floor":36.0,"gold_loss":0.0,"damage_taken":0.0,"cards_obtained":["Normality","Normality"]},{"damage_healed":0.0,"max_hp_gain":0.0,"max_hp_loss":0.0,"gold_gain":0.0,"event_name":"Winding Halls","player_choice":"Embrace Madness","floor":38.0,"gold_loss":0.0,"damage_taken":14.0,"cards_obtained":["Madness","Madness"]},{"damage_healed":0.0,"max_hp_gain":0.0,"max_hp_loss":0.0,"gold_gain":0.0,"event_name":"Mysterious Sphere","player_choice":"Fight","floor":39.0,"gold_loss":0.0,"damage_taken":0.0}],"is_beta":false,"boss_relics":[{"not_picked":["Snecko Eye","SacredBark"],"picked":"Pandora\u0027s Box"},{"not_picked":["Tiny House","Runic Dome"],"picked":"Nuclear Battery"}],"items_purged_floors":[2,44,46],"is_endless":false,"potions_floor_spawned":[1,7,8,16,21,25,28,31,37,41,45],"ascension_level":20}}