{"host":"vrqilyg3eq27f2tn","time":1612819412,"event":{"mods":["2.2 Compatiblity","Aspiration","BaseMod","Colored Powertips","Downfall","Friendly Minions","Hermit","Minty Spire (QoL Compilation)","Relic Stats","Reliquary","Replay The Spire","StSLib","The Cursed"],"gold_per_floor":[365,365,375,386,115,115,134,134,160,175,198,231,231,247,247,342,342,353,353,462,309,328,328,328],"floor_reached":23,"language":"ENG","playtime":1141,"items_purged":["downfall:Malfunctioning"],"score":241,"play_id":"230f2250-a81d-49ca-880c-97e3284d1f2f","local_time":"20210208162332","is_ascension_mode":false,"campfire_choices":[{"data":"CarveReality","floor":6,"key":"SMITH"},{"data":"Eruption","floor":8,"key":"SMITH"},{"data":"Vigilance","floor":13,"key":"SMITH"},{"data":"FlurryOfBlows","floor":15,"key":"SMITH"}],"circlet_count":0,"master_deck":["Strike_P","Strike_P","Strike_P","Strike_P","Defend_P","Defend_P","Defend_P","Defend_P","Eruption+1","Vigilance+1","CarveReality+1","InnerPeace","ReachHeaven+1","FlurryOfBlows+1","Devotion","FlurryOfBlows"],"relics":["PureWater","Lantern","Bronze Scales","ReplayFunnel","ReplayTheSpireMod:TigerMarble","Runic Pyramid","Gremlin Food"],"acts_visited":["Exordium","TheCity"],"potions_floor_usage":[23],"damage_taken":[{"damage":0,"enemies":"Small Slimes","floor":1,"turns":3},{"damage":0,"enemies":"Cultist","floor":3,"turns":2},{"damage":16,"enemies":"2 Louse","floor":4,"turns":3},{"damage":0,"enemies":"2 Fungi Beasts","floor":7,"turns":2},{"damage":11,"enemies":"Large Slime","floor":10,"turns":4},{"damage":28,"enemies":"3 Sentries","floor":12,"turns":7},{"damage":0,"enemies":"3 Louse","floor":14,"turns":1},{"damage":0,"enemies":"Slime Boss","floor":16,"turns":4},{"damage":30,"enemies":"2 Thieves","floor":18,"turns":4},{"damage":5,"enemies":"Chosen","floor":22,"turns":2},{"damage":24,"enemies":"Slavers","floor":23,"turns":2}],"seed_played":"-5940978774119835809","potions_obtained":[{"floor":4,"key":"Doom Potion"},{"floor":7,"key":"Weak Potion"},{"floor":16,"key":"AttackPotion"}],"is_trial":false,"path_per_floor":["M","?","M","M","$","R","M","R","T","M","T","E","R","M","R","B",null,"M","$","?","$","M","E"],"character_chosen":"WATCHER","items_purchased":["ReachHeaven+1","Lantern","Gremlin Food"],"campfire_rested":0,"item_purchase_floors":[5,5,21],"current_hp_per_floor":[72,72,72,56,56,56,56,56,56,45,45,17,17,17,17,17,72,42,42,24,24,19,0,0],"gold":328,"neow_bonus":"TWO_FIFTY_GOLD","is_daily":false,"chose_seed":false,"campfire_upgraded":4,"win_rate":0.0,"timestamp":1612819412,"path_taken":["M","?","?","M","$","R","M","R","T","M","?","E","R","M","R","BOSS","M","$","?","$","M","E"],"items_purchased_type":["Card","Relic","Relic"],"build_version":"2020-12-22","purchased_purges":1,"victory":false,"max_hp_per_floor":[72,72,72,72,72,72,72,72,72,72,72,72,72,72,72,72,72,72,72,72,72,72,72,72],"relic_stats":{"counters":[11,34],"Bronze Scales":[51],"obtain_stats":[{"ReplayFunnel":11,"Gremlin Food":21,"Lantern":5,"Bronze Scales":9,"ReplayTheSpireMod:TigerMarble":12,"PureWater":0,"Runic Pyramid":17},{"ReplayFunnel":5,"Gremlin Food":9,"Lantern":3,"Bronze Scales":4,"ReplayTheSpireMod:TigerMarble":6,"PureWater":0,"Runic Pyramid":8},{"ReplayFunnel":14,"Gremlin Food":30,"Lantern":8,"Bronze Scales":10,"ReplayTheSpireMod:TigerMarble":21,"PureWater":0,"Runic Pyramid":26}]},"card_choices":[{"not_picked":["Collect","Worship"],"picked":"CarveReality","floor":1},{"not_picked":["Replay:BluntJabs","Vengeance","FearNoEvil"],"picked":"SKIP","floor":3},{"not_picked":["Replay:BluntJabs","ClearTheMind"],"picked":"InnerPeace","floor":4},{"not_picked":["Evaluate","ThirdEye","Replay:AtTheReady"],"picked":"SKIP","floor":7},{"not_picked":["FearNoEvil","Replay:BluntJabs","WreathOfFlame"],"picked":"SKIP","floor":10},{"not_picked":["FearNoEvil","CutThroughFate","Replay:ManipulateFuture"],"picked":"SKIP","floor":12},{"not_picked":["Worship","SashWhip"],"picked":"FlurryOfBlows","floor":14},{"not_picked":["Replay:AllIn","LessonLearned"],"picked":"Devotion","floor":16},{"not_picked":["TalkToTheHand","Protect","Replay:Hum"],"picked":"SKIP","floor":18},{"not_picked":["PathToVictory","EmptyFist"],"picked":"FlurryOfBlows","floor":20},{"not_picked":["Replay:DivineShield","Sanctity","Replay:BluntJabs"],"picked":"SKIP","floor":22}],"player_experience":350377,"relics_obtained":[{"floor":9,"key":"Bronze Scales"},{"floor":11,"key":"ReplayFunnel"},{"floor":12,"key":"ReplayTheSpireMod:TigerMarble"}],"event_choices":[{"damage_healed":0,"gold_gain":0,"cards_transformed":["Hallucinations"],"player_choice":"Transformed","damage_taken":0,"max_hp_gain":0,"max_hp_loss":0,"event_name":"Transmorgrifier","floor":2,"gold_loss":0,"cards_obtained":["downfall:Malfunctioning"]}],"is_beta":false,"boss_relics":[{"not_picked":["ChewingGum","Runic Dome"],"picked":"Runic Pyramid"}],"items_purged_floors":[5],"is_endless":false,"potions_floor_spawned":[4,7,16,18],"killed_by":"Slavers","ascension_level":0}}