{"host":"78azdv0oxplymbah","time":1612772919,"event":{"mods":["Aspiration","BaseMod","Better Third Choice","BetterRewards","Challenge The Spire","Conspire","Downfall","Highlight Path","Mimic Mod","Minty Spire (QoL Compilation)","MostiFishMod","Quick Restart","Relic Stats","Remove Card Discount Mod","Replay The Spire","RumiaBox-露米娅的神秘盒子","Spicy Shops","StSLib","TestMod","The Administrix","The Servant 0.9.4","UnlockEverythingMod","Waifu the Spire","【功能Mod】混沌之环修复补丁","【遗物卡牌】REMEMod"],"gold_per_floor":[99,99,99,99,99,109,136,136,159,181,17,42,61,101,120,235,235,235,254,254,298,323,323,323,323,331,331,331],"floor_reached":26,"language":"ZHS","playtime":1373,"items_purged":["hexamod:Defend","hexamod:Defend","hexamod:Strike","hexamod:Strike","hexamod:Strike"],"score":266,"play_id":"7f01cc47-651d-470f-80d9-5e26ea0d2fd3","local_time":"20210208162839","is_ascension_mode":false,"campfire_choices":[{"data":"hexamod:Sear","floor":1.0,"key":"SMITH"},{"data":"hexamod:Again","floor":8.0,"key":"SMITH"},{"floor":18,"key":"RECALL"},{"floor":23,"key":"REST"}],"circlet_count":0,"master_deck":["hexamod:Sear+1","hexamod:Float+1","hexamod:ExtraCrispy+1","hexamod:InspiringFlames+1","hexamod:Again+1","hexamod:SixthSeal","hexamod:RadiantFlame+1","hexamod:NightmareGuise+1","hexamod:SearingWound+1","hexamod:GiftsFromTheDead+1","hexamod:RainOfEmbers+1","hexamod:PhantomFireball+1","hexamod:HexaLevel+1","downfall:Bewildered","hexamod:ThermalTransfer+1","hexamod:CouncilsJustice","hexamod:CouncilsJustice","hexamod:CouncilsJustice","Ghostly","Ghostly","Ghostly"],"relics":["hexamod:SpiritBrand","DaveBox","REME_ComplimentaryCards","testmod-TestBox","testmod-D_4","RhineFirstAidKit","downfall:HeartsMalice","conspire:Flyswatter","Replay:Bandana","testmod-Faith","War Paint","Meat on the Bone","testmod-TimeTraveler","sneckomod:BabySnecko","Matryoshka"],"acts_visited":["Exordium","TheCity"],"potions_floor_usage":[],"damage_taken":[{"damage":0.0,"enemies":"Cultist","floor":2.0,"turns":1.0},{"damage":0.0,"enemies":"Small Slimes","floor":3.0,"turns":1.0},{"damage":0.0,"enemies":"2 Louse","floor":5.0,"turns":1.0},{"damage":6.0,"enemies":"3 Louse","floor":6.0,"turns":3.0},{"damage":0.0,"enemies":"Lots of Slimes","floor":9.0,"turns":5.0},{"damage":45.0,"enemies":"Gremlin Gang","floor":10.0,"turns":6.0},{"damage":0.0,"enemies":"downfall:FleeingMerchant","floor":11.0,"turns":4.0},{"damage":0.0,"enemies":"Lagavulin","floor":12.0,"turns":4.0},{"damage":5.0,"enemies":"3 Louse","floor":13.0,"turns":2.0},{"damage":17.0,"enemies":"Gremlin Nob","floor":14.0,"turns":5.0},{"damage":15,"enemies":"Lots of Slimes","floor":15,"turns":5},{"damage":7,"enemies":"IC_STATUS_ARCHETYPE","floor":16,"turns":3},{"damage":19,"enemies":"Shell Parasite","floor":19,"turns":5},{"damage":28,"enemies":"3 Byrds","floor":21,"turns":3},{"damage":0,"enemies":"Snecko","floor":22,"turns":3},{"damage":0,"enemies":"3 Cultists","floor":26,"turns":3}],"seed_played":"3002443098925424379","potions_obtained":[{"floor":6.0,"key":"AttackPotion"},{"floor":9.0,"key":"Fire Potion"},{"floor":12.0,"key":"Fire Potion"},{"floor":14.0,"key":"Weak Potion"},{"floor":16,"key":"Toxic Potion"},{"floor":21,"key":"PowerPotion"}],"is_trial":false,"path_per_floor":["R","M","M","T","M","M","T","R","M","M","$","E","M","E","M","B",null,"R","M","?","M","M","R","T","?","M"],"character_chosen":"THE_SPIRIT","items_purchased":["testmod-Faith"],"campfire_rested":1,"item_purchase_floors":[11],"current_hp_per_floor":[70,70,70,70,70,64,64,64,64,70,70,70,65,48,45,38,70,70,51,51,70,70,70,70,35,35,35,35],"gold":331,"neow_bonus":"THREE_ENEMY_KILL","is_daily":false,"chose_seed":false,"campfire_upgraded":2,"win_rate":0.0,"timestamp":1612772919,"path_taken":["R","M","M","?","M","?","T","R","M","M","?","E","M","E","M","BOSS","R","M","?","M","M","R","T","?","M"],"items_purchased_type":["Relic"],"build_version":"2020-12-22","purchased_purges":5,"victory":false,"max_hp_per_floor":[70,70,70,70,70,70,70,70,70,70,70,70,70,70,70,70,70,70,70,70,70,70,70,70,35,35,35,35],"relic_stats":{"counters":[16,51],"War Paint":[],"obtain_stats":[{"testmod-TestBox":0,"testmod-TimeTraveler":17,"DaveBox":0,"downfall:HeartsMalice":0,"War Paint":12,"sneckomod:BabySnecko":20,"Replay:Bandana":7,"RhineFirstAidKit":0,"Matryoshka":24,"testmod-D_4":0,"testmod-Faith":11,"hexamod:SpiritBrand":0,"REME_ComplimentaryCards":0,"conspire:Flyswatter":4,"Meat on the Bone":14},{"testmod-TestBox":0,"testmod-TimeTraveler":12,"DaveBox":0,"downfall:HeartsMalice":0,"War Paint":8,"sneckomod:BabySnecko":13,"Replay:Bandana":4,"RhineFirstAidKit":0,"Matryoshka":15,"testmod-D_4":0,"testmod-Faith":7,"hexamod:SpiritBrand":0,"REME_ComplimentaryCards":0,"conspire:Flyswatter":2,"Meat on the Bone":10},{"testmod-TestBox":0,"testmod-TimeTraveler":37,"DaveBox":0,"downfall:HeartsMalice":0,"War Paint":22,"sneckomod:BabySnecko":42,"Replay:Bandana":3,"RhineFirstAidKit":0,"Matryoshka":48,"testmod-D_4":0,"testmod-Faith":18,"hexamod:SpiritBrand":0,"REME_ComplimentaryCards":0,"conspire:Flyswatter":0,"Meat on the Bone":29}],"Meat on the Bone":24},"card_choices":[{"not_picked":["hexamod:AdvancingGuard","hexamod:NightmareStrike"],"picked":"hexamod:ExtraCrispy","floor":2.0},{"not_picked":["hexamod:Hexaguard","hexamod:GhostShield"],"picked":"hexamod:InspiringFlames","floor":3.0},{"not_picked":["hexamod:InspiringFlames","hexamod:SpectersWail"],"picked":"hexamod:Again","floor":5.0},{"not_picked":["hexamod:HauntingEcho","hexamod:GhostLash"],"picked":"hexamod:SixthSeal","floor":6.0},{"not_picked":["hexamod:Hexaguard","hexamod:BurningTouch"],"picked":"hexamod:RadiantFlame","floor":9.0},{"not_picked":["hexamod:AdvancingGuard","hexamod:RetreatToShadows"],"picked":"hexamod:NightmareGuise","floor":10.0},{"not_picked":["hexamod:Rewind","hexamod:SpectersWail"],"picked":"hexamod:SearingWound","floor":11.0},{"not_picked":["hexamod:SoulSteal","hexamod:RecurringNightmare"],"picked":"hexamod:GiftsFromTheDead","floor":12.0},{"not_picked":["hexamod:InspiringFlames","hexamod:Incineration"],"picked":"hexamod:RainOfEmbers","floor":13.0},{"not_picked":["hexamod:InspiringFlames","hexamod:SoulSteal"],"picked":"hexamod:PhantomFireball","floor":14.0},{"not_picked":["hexamod:PhantomFireball","hexamod:Hexaguard","hexamod:GhostLash"],"picked":"SKIP","floor":15},{"not_picked":["hexamod:GhostOfSpirePresent","hexamod:ForkedFlame"],"picked":"hexamod:HexaLevel","floor":16},{"not_picked":["hexamod:GhostShield","hexamod:BacktrackSmack+1","hexamod:GhostLash"],"picked":"SKIP","floor":19},{"not_picked":["hexamod:GhostOfSpireFuture+1","hexamod:GhostShield"],"picked":"hexamod:ThermalTransfer","floor":21},{"not_picked":["hexamod:ThermalTransfer","hexamod:GhostLash","hexamod:AdvancingGuard"],"picked":"SKIP","floor":22}],"player_experience":60080,"relics_obtained":[{"floor":4.0,"key":"conspire:Flyswatter"},{"floor":7.0,"key":"Replay:Bandana"},{"floor":12.0,"key":"War Paint"},{"floor":14.0,"key":"Meat on the Bone"},{"floor":24,"key":"Matryoshka"}],"event_choices":[],"is_beta":false,"boss_relics":[{"not_picked":["hexamod:IceCube","OneHitWonderSystem"],"picked":"testmod-TimeTraveler"}],"items_purged_floors":[11,11,11,11,11],"is_endless":false,"potions_floor_spawned":[6,9,12,14,16,19,21],"killed_by":"3 Cultists","ascension_level":0}}