{"host":"ihsge0lre3slh6sc","time":1612809522,"event":{"mods":["Act Like it!","Arknights","BaseMod","CapriCore","Highlight Path","Lobotomy","LobotomyExtend","Marisa£®ÏF”Í°°ƒß¿Ì…≥£©","Minty Spire (QoL Compilation)","MostiFishMod","Quick Restart","Remilia£®¿Ÿ√◊¿Ú—«£©","Shop Mod","StSLib","TestMod","The Immortal","Waifu the Spire","WarShipGirlsR/’ΩΩ¢…Ÿ≈ÆR mod","Yakumo Yukari mod","Youmu£®ªÍ∆«—˝√Œ£©","[IsaacMod]“‘»ˆº‚À˛","ÛÙª÷∏ƒœ"],"gold_per_floor":[114,124,124,144,158,189,189,218,218,218,250,265,280,292,292,395,395,410,410,410],"floor_reached":19,"language":"ZHS","playtime":724,"items_purged":["ats:Strike S"],"score":210,"play_id":"a00509eb-2233-42b8-babf-13892555914e","local_time":"20210209023842","is_ascension_mode":true,"campfire_choices":[{"data":"ats:Emotion Absorption","floor":7.0,"key":"SMITH"},{"data":"ats:Thorns","floor":15.0,"key":"SMITH"}],"circlet_count":0,"master_deck":["ats:Strike G","ats:Armor Crushing Shot","ats:Defend","ats:Defend","ats:Defend","ats:Defend","ats:Emotion Absorption+1","ats:Sword Rain","ats:Overload","ats:Hammer On","ats:Defend Order","ats:Mental Burst","ats:Apocalypse","ats:Nebulous Foxfire","ats:Thorns+1","ats:Calcification","ats:Disruption Kick","ats:Healing Strengthening"],"relics":["ats:Sanity","HushsDoor","testmod-TestBox","DaveBox","ImprovedEquipment","testmod-Justice","UnicornStump","SynthV:TestCard","ats:Originium","TheBible","Bottled Lightning","Omamori","Lantern","RhineCircuit","Damocles","Succubus","Pantograph"],"acts_visited":["Exordium","TheCity"],"potions_floor_usage":[16],"damage_taken":[{"damage":7.0,"enemies":"2 Louse","floor":1.0,"turns":3.0},{"damage":1.0,"enemies":"Cultist","floor":2.0,"turns":3.0},{"damage":0.0,"enemies":"Small Slimes","floor":4.0,"turns":2.0},{"damage":9.0,"enemies":"Blue Slaver","floor":5.0,"turns":5.0},{"damage":17.0,"enemies":"3 Sentries","floor":6.0,"turns":5.0},{"damage":8.0,"enemies":"Lagavulin","floor":8.0,"turns":6.0},{"damage":24.0,"enemies":"Gremlin Nob","floor":11.0,"turns":4.0},{"damage":0.0,"enemies":"Gremlin Gang","floor":12.0,"turns":2.0},{"damage":10.0,"enemies":"Red Slaver","floor":13.0,"turns":5.0},{"damage":8.0,"enemies":"Looter","floor":14.0,"turns":3.0},{"damage":37,"enemies":"Slime Boss","floor":16,"turns":12},{"damage":0,"enemies":"Shell Parasite","floor":18,"turns":2}],"seed_played":"-5395783068680799018","potions_obtained":[{"floor":2.0,"key":"SmokeBomb"},{"floor":4.0,"key":"SpeedPotion"},{"floor":6.0,"key":"SpeedPotion"},{"floor":8.0,"key":"testmod-TestPotion"},{"floor":13.0,"key":"ColorlessPotion"},{"floor":16,"key":"Energy Potion"}],"is_trial":false,"path_per_floor":["M","M","?","M","M","E","R","E","T","?","E","M","M","M","R","B",null,"M","?"],"character_chosen":"DOCTOR_CLASS","items_purchased":["Damocles","Succubus"],"campfire_rested":0,"item_purchase_floors":[17,17],"current_hp_per_floor":[65,64,64,64,55,38,38,44,44,37,22,22,21,18,18,21,42,42,0,0],"gold":410,"neow_bonus":"THREE_CARDS","is_daily":false,"chose_seed":false,"campfire_upgraded":2,"win_rate":0.0,"timestamp":1612809522,"path_taken":["M","M","?","M","M","E","R","E","T","?","E","?","M","M","R","BOSS","M","?"],"items_purchased_type":["Relic","Relic"],"build_version":"2020-12-22","purchased_purges":1,"victory":false,"max_hp_per_floor":[72,72,72,72,72,72,72,72,72,72,72,72,72,72,72,72,42,42,42,42],"card_choices":[{"not_picked":["ats:Directed Diagnosis","ats:Charging Defense"],"picked":"ats:Sword Rain","floor":0.0},{"not_picked":["ats:Very Hot Blade","ats:Thorns"],"picked":"ats:Overload","floor":1.0},{"not_picked":["ats:Overload","ats:Flexible Camouflage","ats:Flame Of Heaven","ats:Absolute Focus"],"picked":"ats:Hammer On","floor":2.0},{"not_picked":["ats:Thermite Blade","ats:Cat Scratch","ats:Leaping Hammer","ats:LN2 Cannon"],"picked":"ats:Mental Burst","floor":4.0},{"not_picked":["ats:Charging Defense","ats:Neurotoxin","ats:Explosion Area Strengthen","ats:Hammer On"],"picked":"ats:Apocalypse","floor":5.0},{"not_picked":["ats:Absolute Focus","ats:LN2 Cannon","ats:Automatic Cover","ats:Healing Drone"],"picked":"ats:Nebulous Foxfire","floor":6.0},{"not_picked":["ats:Healing Strengthening","Bomb","ats:Demon Strength","ats:Apocalypse"],"picked":"ats:Thorns","floor":8.0},{"not_picked":["ats:Consecutive Shot Auto","ats:Phantom","ats:Hammer On","ats:Guard Mode","ats:Assault Order"],"picked":"SKIP","floor":11.0},{"not_picked":["ats:Support Order","ats:Guard Mode","ats:Consecutive Shot Auto","ats:Cat Scratch","ats:Very Hot Blade"],"picked":"SKIP","floor":12.0},{"not_picked":["ats:Guard Mode","ats:Poison Spread","ats:Song Of Battle","ats:Assault Order"],"picked":"ats:Calcification","floor":13.0},{"not_picked":["ats:Song Of Battle","ats:Leaping Hammer","ats:Revitalization","ats:Curse Doll","ats:Explosion Area Strengthen"],"picked":"SKIP","floor":14.0},{"not_picked":["ats:Durian","ats:Ambush","ats:Fractured Body","ats:Wolf Pack"],"picked":"ats:Disruption Kick","floor":16},{"not_picked":["ats:Thermite Blade","ats:Guard Mode","ats:Poison Spread","ats:Ignite"],"picked":"ats:Healing Strengthening","floor":18}],"player_experience":826235,"relics_obtained":[{"floor":1.0,"key":"SynthV:TestCard"},{"floor":6.0,"key":"ats:Originium"},{"floor":6.0,"key":"TheBible"},{"floor":8.0,"key":"ats:Originium"},{"floor":8.0,"key":"Bottled Lightning"},{"floor":9.0,"key":"Omamori"},{"floor":11.0,"key":"ats:Originium"},{"floor":11.0,"key":"Lantern"},{"floor":18,"key":"Pantograph"}],"event_choices":[{"damage_healed":0.0,"max_hp_gain":0.0,"max_hp_loss":0.0,"gold_gain":0.0,"cards_transformed":["ats:Strike C"],"event_name":"Transmorgrifier","player_choice":"Transformed","floor":3.0,"gold_loss":0.0,"damage_taken":0.0,"cards_obtained":["ats:Defend Order"]},{"cards_removed":["ats:Strike V"],"damage_healed":0.0,"max_hp_gain":0.0,"max_hp_loss":0.0,"gold_gain":0.0,"event_name":"Golden Wing","player_choice":"Card Removal","floor":10.0,"gold_loss":0.0,"damage_taken":7.0}],"is_beta":false,"boss_relics":[{"not_picked":["testmod-BatchProcessingSystem","Busted Crown"],"picked":"RhineCircuit"},{"not_picked":[]}],"items_purged_floors":[17],"is_endless":false,"potions_floor_spawned":[2,4,6,8,13,16],"ascension_level":2}}