{"host":"og21o26alpnbwmz8","time":1612817063,"event":{"mods":["Act Like it!","Aspiration","BaseMod","Conspire","Downfall","Gensokyo","Halation","Hubris","Jedi Mod","Mimic Mod","Minty Spire (QoL Compilation)","Pale of the Ancients","Reliquary","Replay The Spire","Shop Mod","Spikes Relics","StSLib","The Alterego","The Blackbeard","The Blue Laboratory","The Bug Knight","The Death Knight","The Runesmith","Waifu the Spire"],"gold_per_floor":[116,116,116,136,152,152,77,77,125,140,140,0,11,42,42,145,145,157,157,157,170,170,170,45,56,80,92,125,138,138,153,153,252,252,263,263,276,276,287,287,287,307,307,307,5,21,44,61,61,61],"floor_reached":51,"language":"ENG","playtime":1778,"items_purged":["HollowMod:NailStrikeStart","HollowMod:NailStrikeStart","HollowMod:QuickDashStart","Pride"],"score":719,"play_id":"8aca4920-e0cf-45e4-8ab3-267ea9387693","local_time":"20210208154423","is_ascension_mode":false,"campfire_choices":[{"data":"HollowMod:CycloneSlash","floor":6,"key":"SMITH"},{"data":"HollowMod:ChannelNail","floor":11,"key":"SMITH"},{"data":"HollowMod:PogoStrike","floor":15,"key":"SMITH"},{"data":"HollowMod:Weaversong","floor":23,"key":"SMITH"},{"data":"HollowMod:QuickDashStart","floor":30,"key":"SMITH"},{"floor":32,"key":"REST"},{"data":"Gensokyo:PrivateSquare","floor":40,"key":"SMITH"},{"floor":44,"key":"REST"},{"floor":49,"key":"REST"}],"circlet_count":0,"master_deck":["HollowMod:QuickDashStart+1","HollowMod:PogoStrike+1","HollowMod:CycloneSlash+1","HollowMod:ChannelNail+1","HollowMod:DashSlash+1","HollowMod:Weaversong+1","HollowMod:CycloneSlash+1","Gensokyo:PrivateSquare+1","HollowMod:HerrahsAnger","HollowMod:HuntersJournal+1"],"relics":["HollowMod:VesselMask","Gensokyo:Justice","MiniBlackHole","BrokenLever","hubris:RunicObelisk","jedi:crownofsimplicity","Darkstone Periapt","aspiration:RitualDagger","jedi:shrinkray","Dream Catcher"],"acts_visited":["Exordium","Gensokyo:Gensokyo","Gensokyo:Gensokyoer"],"potions_floor_usage":[21],"damage_taken":[{"damage":0,"enemies":"Gensokyo:3_Fairies","floor":1,"turns":3},{"damage":2,"enemies":"Gensokyo:Gryphon","floor":4,"turns":3},{"damage":1,"enemies":"Gensokyo:Python","floor":5,"turns":3},{"damage":8,"enemies":"Gensokyo:CorruptedTreant","floor":10,"turns":3},{"damage":2,"enemies":"Gensokyo:3_Kodama","floor":13,"turns":2},{"damage":0,"enemies":"Gensokyo:Aya","floor":14,"turns":4},{"damage":18,"enemies":"Gensokyo:Kokoro","floor":16,"turns":7},{"damage":0,"enemies":"Gensokyo:CosmicMonolith","floor":18,"turns":3},{"damage":0,"enemies":"Gensokyo:3_Dogs","floor":21,"turns":3},{"damage":9,"enemies":"Gensokyo:Slime_Group","floor":25,"turns":2},{"damage":3,"enemies":"Gensokyo:Swordslinger","floor":27,"turns":3},{"damage":28,"enemies":"Gensokyo:Tenshi","floor":28,"turns":3},{"damage":5,"enemies":"Gensokyo:Wraith","floor":29,"turns":4},{"damage":15,"enemies":"Gensokyo:Slime_Group","floor":31,"turns":2},{"damage":6,"enemies":"Gensokyo:Kaguya","floor":33,"turns":5},{"damage":6,"enemies":"Gensokyo:AncientGuardian","floor":35,"turns":2},{"damage":6,"enemies":"Gensokyo:3_Boulders","floor":37,"turns":2},{"damage":12,"enemies":"Gensokyo:AtlasGolem","floor":39,"turns":4},{"damage":18,"enemies":"Gensokyo:4_Bats","floor":42,"turns":3},{"damage":9,"enemies":"Gensokyo:SeedOfUnknown","floor":46,"turns":3},{"damage":9,"enemies":"Gensokyo:Dusk_and_Dawn","floor":48,"turns":3},{"damage":52,"enemies":"Gensokyo:Scarlet_Devils","floor":50,"turns":8}],"seed_played":"5198618528076781555","potions_obtained":[{"floor":4,"key":"SteroidPotion"},{"floor":16,"key":"Energy Potion"},{"floor":21,"key":"blueLaboratory:Moonshine"},{"floor":27,"key":"LifebloodPotion"},{"floor":46,"key":"Strength Potion"}],"is_trial":false,"path_per_floor":["M","?","?","M","M","R","$","T","T","M","R","$","M","?","R","B",null,"M","?","?","M","?","R","$","M","T","M","E","M","R","M","R","B",null,"M","?","M","?","M","R","?","M","T","R","$","M","T","M","R","B",null],"character_chosen":"THE_BUGKNIGHT","items_purchased":["HollowMod:DashSlash+1","HollowMod:HerrahsAnger"],"campfire_rested":3,"item_purchase_floors":[12,45],"current_hp_per_floor":[64,64,64,62,61,61,61,61,61,53,53,53,51,51,51,33,75,75,75,75,75,75,75,75,66,66,63,35,30,30,15,37,31,75,69,69,63,69,57,57,57,39,39,63,63,54,54,45,69,17],"gold":61,"neow_bonus":"REMOVE_TWO","is_daily":false,"chose_seed":false,"campfire_upgraded":6,"win_rate":0.0,"timestamp":1612817063,"path_taken":["M","?","?","M","M","R","?","?","T","M","R","$","?","?","R","BOSS","M","?","?","?","?","R","$","M","T","?","E","M","R","M","R","BOSS","M","?","M","?","M","R","?","?","T","R","$","M","?","M","R","BOSS"],"items_purchased_type":["Card","Card"],"build_version":"2020-12-22","purchased_purges":4,"victory":true,"max_hp_per_floor":[75,75,75,75,75,75,75,75,75,75,75,75,75,75,75,75,75,75,75,75,75,75,75,75,75,75,75,75,75,75,75,75,75,75,75,75,75,81,81,81,81,81,81,81,81,81,81,81,81,81],"card_choices":[{"not_picked":["HollowMod:CloakDash","HollowMod:WraithStrike"],"picked":"HollowMod:CycloneSlash","floor":1},{"not_picked":["HollowMod:GrimmsGift","HollowMod:HeavyBlow"],"picked":"HollowMod:ChannelNail","floor":4},{"not_picked":["HollowMod:NewLittleFool","HollowMod:ChannelNail","HollowMod:ShadowDash"],"picked":"SKIP","floor":5},{"not_picked":["HollowMod:MawleksShell","HollowMod:LordofShades","HollowMod:VengefulVoid"],"picked":"SKIP","floor":10},{"not_picked":["HollowMod:InfectedAttack","HollowMod:DoubleDash","HollowMod:GoodIntentions"],"picked":"SKIP","floor":13},{"not_picked":["HollowMod:DashSlash","HollowMod:RecoilStrike","HollowMod:HuntersJournal"],"picked":"SKIP","floor":14},{"not_picked":["HollowMod:PaleKingsBlessing","HollowMod:LordofShades"],"picked":"HollowMod:Weaversong","floor":16},{"not_picked":["HollowMod:GoodIntentions","HollowMod:HowlingWraiths","HollowMod:MothsMistake"],"picked":"SKIP","floor":18},{"not_picked":["HollowMod:SoulStrike","HollowMod:InfectedCysts+1","HollowMod:ShapeofUnn"],"picked":"SKIP","floor":21},{"not_picked":["HollowMod:MothsMistake","HollowMod:FallenFury+1","HollowMod:PerfectDash"],"picked":"SKIP","floor":25},{"not_picked":["HollowMod:InfectedCysts","HollowMod:CornifersMapStart+1","HollowMod:GreatSlash+1"],"picked":"SKIP","floor":27},{"not_picked":["HollowMod:Grubsong","HollowMod:InfectedAttack","HollowMod:LuriensSpire"],"picked":"SKIP","floor":28},{"not_picked":["HollowMod:SoulSplash+1","HollowMod:QuirrelsAssistance"],"picked":"HollowMod:CycloneSlash+1","floor":29},{"not_picked":["HollowMod:BrokenVessel","HollowMod:QuirrelsAssistance+1","HollowMod:SoulVessel"],"picked":"SKIP","floor":31},{"not_picked":["HollowMod:HeavyBlow+1","HollowMod:SharpenedNail+1","HollowMod:BrokenVessel"],"picked":"SKIP","floor":35},{"not_picked":["HollowMod:InfectedCysts+1","HollowMod:SiblingsSouls+1","HollowMod:SoulStrike+1"],"picked":"SKIP","floor":37},{"not_picked":["HollowMod:HeavyBlow+1","HollowMod:MidwifesHunger","HollowMod:MawleksShell"],"picked":"SKIP","floor":39},{"not_picked":["HollowMod:NewJinnsSoul+1","HollowMod:VengefulSpirit+1","HollowMod:TaintedHusks+1"],"picked":"SKIP","floor":42},{"not_picked":["HollowMod:SharpenedShadows+1","HollowMod:ChannelNail+1","HollowMod:InfectedAttack+1"],"picked":"SKIP","floor":46},{"not_picked":["HollowMod:AbyssShriek+1","HollowMod:SiblingsSouls+1","HollowMod:SharpenedShadows+1"],"picked":"SKIP","floor":48},{"not_picked":["HollowMod:TaintedHusks","HollowMod:SiblingsSouls"],"picked":"HollowMod:HuntersJournal+1","floor":49}],"player_experience":295864,"relics_obtained":[{"floor":8,"key":"MiniBlackHole"},{"floor":9,"key":"Orichalcum"},{"floor":14,"key":"BrokenLever"},{"floor":26,"key":"jedi:crownofsimplicity"},{"floor":28,"key":"Darkstone Periapt"},{"floor":43,"key":"Dream Catcher"}],"event_choices":[{"damage_healed":0,"gold_gain":0,"player_choice":"Leave","damage_taken":0,"max_hp_gain":0,"max_hp_loss":0,"event_name":"conspire:Investor","floor":3,"gold_loss":0}],"is_beta":false,"boss_relics":[{"not_picked":["hubris:ScarierMask","Abe\u0027s Treasure"],"picked":"hubris:RunicObelisk"},{"not_picked":["Velvet Choker","HollowMod:KingsSoulRelic"],"picked":"aspiration:RitualDagger"}],"items_purged_floors":[7,12,24,45],"is_endless":false,"potions_floor_spawned":[4,16,21,27,35,42,46],"ascension_level":0}}