{"host":"l2dnabsh5e0fsksb","time":1612755761,"event":{"mods":["2.2 Compatiblity","BaseMod","Downfall","Minty Spire (QoL Compilation)","Quick Restart","StSLib"],"gold_per_floor":[99,99,99,99,149,183,207,7,42,27,60,72,72,83,96,168,168,68,84,34,34,45,59,111,141,157,167,186,186,186,202,221,299,299,299,314,327,327,352,70,93,144,162,162,240,154,168,178,189,189,189,215,50,50,50,50],"floor_reached":57,"language":"ENG","playtime":2661,"items_purged":["downfall:Bewildered","downfall:Haunted"],"score":2313,"play_id":"ec4dfa68-6f03-4f4e-ae6b-e17251cbc469","local_time":"20210208141241","is_ascension_mode":true,"campfire_choices":[{"floor":1.0,"key":"RECALL"},{"data":"bronze:Fortify","floor":8.0,"key":"SMITH"},{"data":"bronze:HardenedForm","floor":18.0,"key":"SMITH"},{"floor":30.0,"key":"REST"},{"data":"bronze:Library","floor":35.0,"key":"SMITH"},{"floor":44.0,"key":"REST"},{"floor":54,"key":"REST"}],"circlet_count":0,"master_deck":["AscendersBane","bronze:Strike","bronze:Strike","bronze:Strike","bronze:Strike","bronze:Defend","bronze:Defend","bronze:Defend","bronze:Defend","bronze:Replicate","bronze:ChildClass","bronze:Shell","bronze:Separator+1","bronze:Fortify+1","bronze:DarkDash","bronze:OilSpill","bronze:BronzeOrb","bronze:Iterate+1","bronze:Iterate","bronze:HardenedForm+1","bronze:InfiniteBeams","bronze:WhirlingStrike","bronze:DelayedGuard","bronze:Frontload","bronze:FollowUp","Writhe","bronze:Library+1","bronze:Boost+1","bronze:Format+1","bronze:Boost+1","bronze:BitShift","downfall:Haunted","bronze:BuggyMess","bronze:WhirlingStrike","bronze:HardenedForm","bronze:Optimize","bronze:Return","bronze:Repulsor","bronze:BuggyMess+1","bronze:BronzeOrb","bronze:BitShift+1"],"relics":["bronze:PlatinumCore","downfall:HeartsMalice","bronze:ProtectiveGoggles","downfall:HeartBlessingBlue","downfall:HeartBlessingRed","StrikeDummy","Pen Nib","downfall:HeartBlessingGreen","sneckomod:BabySnecko","Ancient Tea Set","champ:DuelingGlove","Pantograph","Sozu","Darkstone Periapt","Calipers","Chemical X","Toy Ornithopter","Dead Branch","bronze:DecasWashers","War Paint","Strange Spoon","Bag of Preparation","Whetstone"],"acts_visited":["Exordium","TheCity","TheBeyond","TheEnding"],"potions_floor_usage":[46],"damage_taken":[{"damage":0.0,"enemies":"Jaw Worm","floor":2.0,"turns":1.0},{"damage":0.0,"enemies":"Small Slimes","floor":4.0,"turns":1.0},{"damage":0.0,"enemies":"Lagavulin","floor":6.0,"turns":1.0},{"damage":33.0,"enemies":"Gremlin Nob","floor":9.0,"turns":5.0},{"damage":0.0,"enemies":"downfall:FleeingMerchant","floor":10.0,"turns":4.0},{"damage":14.0,"enemies":"Lagavulin","floor":11.0,"turns":5.0},{"damage":0.0,"enemies":"2 Louse","floor":12.0,"turns":2.0},{"damage":2.0,"enemies":"Exordium Wildlife","floor":14.0,"turns":2.0},{"damage":0.0,"enemies":"2 Fungi Beasts","floor":15.0,"turns":2.0},{"damage":8.0,"enemies":"WA_ARCHETYPE_RETAIN","floor":16.0,"turns":4.0},{"damage":0.0,"enemies":"Chosen","floor":19.0,"turns":3.0},{"damage":15.0,"enemies":"Snake Plant","floor":22.0,"turns":4.0},{"damage":16.0,"enemies":"Centurion and Healer","floor":23.0,"turns":5.0},{"damage":22.0,"enemies":"Slavers","floor":25.0,"turns":6.0},{"damage":11.0,"enemies":"Sentry and Sphere","floor":26.0,"turns":4.0},{"damage":0.0,"enemies":"3 Cultists","floor":27.0,"turns":4.0},{"damage":4.0,"enemies":"Snecko","floor":28.0,"turns":5.0},{"damage":5.0,"enemies":"Centurion and Healer","floor":31.0,"turns":5.0},{"damage":9.0,"enemies":"3 Cultists","floor":32.0,"turns":5.0},{"damage":20.0,"enemies":"SI_MIRROR_ARCHETYPE","floor":33.0,"turns":9.0},{"damage":0.0,"enemies":"3 Darklings","floor":36.0,"turns":6.0},{"damage":16.0,"enemies":"3 Shapes","floor":37.0,"turns":2.0},{"damage":3.0,"enemies":"3 Shapes","floor":39.0,"turns":5.0},{"damage":0.0,"enemies":"downfall:FleeingMerchant","floor":40.0,"turns":4.0},{"damage":12.0,"enemies":"2 Orb Walkers","floor":42.0,"turns":4.0},{"damage":16.0,"enemies":"Maw","floor":43.0,"turns":7.0},{"damage":0,"enemies":"downfall:FleeingMerchant","floor":46,"turns":3},{"damage":11,"enemies":"3 Darklings","floor":47,"turns":4},{"damage":3,"enemies":"Sphere and 2 Shapes","floor":48,"turns":3},{"damage":0,"enemies":"Spire Growth","floor":49,"turns":4},{"damage":0,"enemies":"IC_BLOCK_ARCHETYPE","floor":50,"turns":9},{"damage":51,"enemies":"downfall:CharBossMerchant","floor":52,"turns":9},{"damage":0,"enemies":"downfall:NeowBoss","floor":55,"turns":10},{"damage":0,"enemies":"downfall:NeowBossFinal","floor":56,"turns":7}],"seed_played":"-5339129481811430951","potions_obtained":[{"floor":6.0,"key":"Weak Potion"},{"floor":9.0,"key":"EssenceOfSteel"},{"floor":12.0,"key":"bronze:BurnAndBuffPotion"},{"floor":15.0,"key":"BlessingOfTheForge"},{"floor":16.0,"key":"bronze:FreeFunctionsPotion"},{"floor":19.0,"key":"SpeedPotion"},{"floor":22.0,"key":"Explosive Potion"},{"floor":25.0,"key":"SkillPotion"},{"floor":28.0,"key":"BlessingOfTheForge"},{"floor":31.0,"key":"FearPotion"}],"is_trial":false,"path_per_floor":["R","M","?","M","?","E","T","R","E","$","E","M","?","M","M","B",null,"R","M","?","?","M","M","T","E","M","M","M","?","R","M","M","B",null,"R","M","M","?","?","$","T","?","M","R","T","$","M","M","M","B",null,"E","$","R","B","B",null],"character_chosen":"THE_AUTOMATON","items_purchased":["Chemical X","bronze:WhirlingStrike","War Paint","Strange Spoon","Whetstone"],"campfire_rested":3,"item_purchase_floors":[40,40,46,46,53],"current_hp_per_floor":[57,57,57,57,57,57,57,67,34,34,20,20,20,18,18,10,57,57,57,73,73,58,42,42,20,9,9,5,5,26,21,12,17,59,59,59,43,55,77,77,77,65,49,74,74,79,68,65,65,85,85,34,34,59,84,85],"gold":50,"neow_bonus":"THREE_ENEMY_KILL","is_daily":false,"chose_seed":false,"campfire_upgraded":3,"win_rate":0.0,"timestamp":1612755761,"path_taken":["R","M","?","M","?","E","T","R","E","$","E","M","?","M","M","BOSS","R","M","?","?","M","M","T","E","M","M","M","?","R","M","M","BOSS","R","M","M","?","?","?","T","?","M","R","?","$","?","M","M","BOSS","E","$","R","BOSS","BOSS"],"items_purchased_type":["Relic","Card","Relic","Relic","Relic"],"build_version":"2020-12-22","purchased_purges":2,"victory":true,"max_hp_per_floor":[63,63,63,63,63,63,63,73,73,73,73,73,73,73,73,73,73,73,73,73,73,73,73,73,73,73,73,73,73,73,73,73,73,73,73,73,73,85,85,85,85,85,85,85,85,85,85,85,85,85,85,85,85,85,85,85],"card_choices":[{"not_picked":["bronze:FollowUp","bronze:Philosophize"],"picked":"bronze:ChildClass","floor":2.0},{"not_picked":["bronze:ForceShield","bronze:MaxOutput"],"picked":"bronze:Separator","floor":4.0},{"not_picked":["bronze:BugBarrage","bronze:CleanCode"],"picked":"bronze:Fortify","floor":6.0},{"not_picked":["bronze:BitShift","bronze:WildBeam"],"picked":"bronze:DarkDash","floor":9.0},{"not_picked":["bronze:Overheat","bronze:DarkDash"],"picked":"bronze:OilSpill","floor":10.0},{"not_picked":["bronze:NullPointer","bronze:BitShift"],"picked":"bronze:BronzeOrb","floor":11.0},{"not_picked":["bronze:CutThrough","bronze:Allocate"],"picked":"bronze:Iterate","floor":12.0},{"not_picked":["bronze:Overheat","bronze:WildBeam"],"picked":"bronze:Iterate","floor":14.0},{"not_picked":["bronze:Overheat","bronze:WildBeam","bronze:Turbo"],"picked":"SKIP","floor":15.0},{"not_picked":["bronze:Format","bronze:TinkerersToolbox"],"picked":"bronze:HardenedForm","floor":16.0},{"not_picked":["bronze:ClassDefault","bronze:Iterate"],"picked":"bronze:InfiniteBeams","floor":19.0},{"not_picked":["bronze:CutThrough","bronze:ClassDefault"],"picked":"bronze:WhirlingStrike","floor":22.0},{"not_picked":["bronze:BitShift","bronze:Deprecate"],"picked":"bronze:DelayedGuard","floor":23.0},{"not_picked":["bronze:CloningBeam","bronze:Allocate"],"picked":"bronze:Frontload","floor":25.0},{"not_picked":["bronze:Refactor","bronze:Turbo","bronze:Overheat"],"picked":"SKIP","floor":26.0},{"not_picked":["bronze:CutThrough","bronze:ForLoop","bronze:WildBeam"],"picked":"SKIP","floor":27.0},{"not_picked":["bronze:NullPointer","bronze:CutThrough"],"picked":"bronze:FollowUp","floor":28.0},{"not_picked":["bronze:FollowUp","bronze:ItsAFeature"],"picked":"bronze:Library","floor":31.0},{"not_picked":["bronze:NullPointer","bronze:ChildClass"],"picked":"bronze:Boost","floor":32.0},{"not_picked":["bronze:HardenedForm","bronze:ShipIt"],"picked":"bronze:Format","floor":33.0},{"not_picked":["bronze:ForLoop+1","bronze:CutThrough"],"picked":"bronze:Boost+1","floor":36.0},{"not_picked":["bronze:Branch+1","bronze:CutThrough"],"picked":"bronze:BitShift","floor":37.0},{"not_picked":["bronze:Allocate+1","bronze:BitShift+1"],"picked":"bronze:BuggyMess","floor":39.0},{"not_picked":["bronze:Shield","bronze:BitShift","bronze:WildBeam"],"picked":"SKIP","floor":40.0},{"not_picked":["bronze:BitShift","bronze:CloningBeam+1"],"picked":"bronze:HardenedForm","floor":42.0},{"not_picked":["bronze:BitShift","bronze:WhirlingStrike+1"],"picked":"bronze:Optimize","floor":43.0},{"not_picked":["bronze:Turbo","bronze:Separator+1"],"picked":"bronze:Return","floor":46},{"not_picked":["bronze:Backtrace","bronze:Overheat"],"picked":"bronze:Repulsor","floor":47},{"not_picked":["bronze:WildBeam","bronze:Overload+1"],"picked":"bronze:BuggyMess+1","floor":48},{"not_picked":["bronze:BugBarrage","bronze:Turbo"],"picked":"bronze:BronzeOrb","floor":49},{"not_picked":["bronze:FollowUp","bronze:Virus"],"picked":"bronze:BitShift+1","floor":52}],"player_experience":1915499,"relics_obtained":[{"floor":6.0,"key":"bronze:ProtectiveGoggles"},{"floor":9.0,"key":"StrikeDummy"},{"floor":11.0,"key":"Pen Nib"},{"floor":24.0,"key":"Ancient Tea Set"},{"floor":25.0,"key":"champ:DuelingGlove"},{"floor":39.0,"key":"Calipers"},{"floor":41.0,"key":"Toy Ornithopter"},{"floor":42.0,"key":"Dead Branch"},{"floor":45.0,"key":"bronze:DecasWashers"},{"floor":52,"key":"Bag of Preparation"}],"event_choices":[{"damage_healed":0.0,"max_hp_gain":0.0,"max_hp_loss":0.0,"gold_gain":0.0,"event_name":"Mysterious Sphere","player_choice":"Fight","floor":42.0,"gold_loss":0.0,"damage_taken":0.0}],"is_beta":false,"boss_relics":[{"not_picked":["Snecko Eye","bronze:MakeshiftBattery"],"picked":"bronze:PlatinumCore"},{"not_picked":["Fusion Hammer","Empty Cage"],"picked":"Sozu"}],"items_purged_floors":[40,46],"is_endless":false,"potions_floor_spawned":[6,9,12,15,16,19,22,25,28,31,39,43,48,49,52],"ascension_level":19}}