{"host":"81h68oe4mr04pk3r","time":1612768421,"event":{"mods":["Act Like it!","Aspiration","BaseMod","BetterRewards","Colored Map","Colored Powertips","Conspire","Downfall","Gensokyo","Hallownest","Hermit","Hubris","Infinite Spire","Jorbs\u0027s Wanderer Trilogy","Koishi","Lobotomy","LobotomyExtend","Marisa????????","Minty Spire (QoL Compilation)","Quick Restart","Reimu??????","Remilia??????","StSLib","The Bug Knight","The Construct","The Cursed","The Disciple","The Servant 0.9.4"],"gold_per_floor":[116,0,0,0,0,0,0,0,23,34,61,61,61,81,81,182,182,199,199,209,219,219,219],"floor_reached":22,"language":"ENG","playtime":891,"items_purged":[],"score":182,"play_id":"24e6e65d-8f65-4a11-b9f1-0f7a6c16c7f5","local_time":"20210207231341","is_ascension_mode":false,"campfire_choices":[{"data":"TheCursedMod:CursedWand","floor":6,"key":"SMITH"},{"data":"TheCursedMod:CircleOfFlame","floor":8,"key":"SMITH"},{"floor":13,"key":"REST"},{"floor":15,"key":"REST"}],"circlet_count":0,"master_deck":["TheCursedMod:Strike_TheCursed","TheCursedMod:Strike_TheCursed","TheCursedMod:Strike_TheCursed","TheCursedMod:Defend_TheCursed","TheCursedMod:Defend_TheCursed","TheCursedMod:Defend_TheCursed","TheCursedMod:CursedWand+1","TheCursedMod:Dregs","TheCursedMod:CircleOfFlame+1","TheCursedMod:VitalStrike+1","TheCursedMod:Hemoplague","TheCursedMod:SaltUponWound","TheCursedMod:HellfireBreathing","TheCursedMod:DemonSword","TheCursedMod:TacticalStrike+1","TheCursedMod:Grudge+1","TheCursedMod:UltimatePain+1","TheCursedMod:RapidMovement","TheCursedMod:CursedMace+1","TheCursedMod:CursedBoomerang+1"],"relics":["TheCursedMod:BlackMagic101","LetterFromLob","hubris:DeckOfHolding","ScarletDevilRocket","infinitespire:Bottled Soul","Astrolabe","Unceasing Top"],"acts_visited":["Gensokyo:Gensokyo","Gensokyo:Gensokyoer"],"potions_floor_usage":[11,16,16,16,21,21,22],"damage_taken":[{"damage":4,"enemies":"Gensokyo:Gryphon","floor":1,"turns":4},{"damage":9,"enemies":"Gensokyo:Python","floor":10,"turns":4},{"damage":30,"enemies":"Gensokyo:Aya","floor":11,"turns":6},{"damage":7,"enemies":"Gensokyo:2_Kodama","floor":14,"turns":3},{"damage":25,"enemies":"Gensokyo:Yukari","floor":16,"turns":8},{"damage":24,"enemies":"Gensokyo:Chomper","floor":18,"turns":4},{"damage":32,"enemies":"Gensokyo:3_Dogs","floor":20,"turns":5},{"damage":20,"enemies":"Gensokyo:Swordslinger","floor":21,"turns":4},{"damage":15,"enemies":"Gensokyo:Mirror_and_Dog","floor":22,"turns":1}],"seed_played":"6923329668925486498","potions_obtained":[{"floor":0,"key":"bronze:BurnAndBuffPotion"},{"floor":0,"key":"SkillPotion"},{"floor":0,"key":"ColorlessPotion"},{"floor":11,"key":"Weak Potion"},{"floor":16,"key":"Fire Potion"},{"floor":20,"key":"Strength Potion"},{"floor":21,"key":"Regen Potion"}],"is_trial":false,"path_per_floor":["M","COS","$","T","$","R","E","R","T","M","E","?","R","M","R","B",null,"M","?","M","M","M"],"character_chosen":"THE_CURSED","items_purchased":[],"campfire_rested":2,"item_purchase_floors":[],"current_hp_per_floor":[71,71,71,71,71,71,71,71,71,62,32,32,54,47,69,44,75,51,59,27,7,0,0],"gold":219,"neow_bonus":"THREE_SMALL_POTIONS","is_daily":false,"chose_seed":false,"campfire_upgraded":2,"win_rate":0.0,"timestamp":1612768421,"path_taken":["M","COS","?","?","$","R","E","R","T","M","E","?","R","M","R","BOSS","M","?","?","M","M"],"items_purchased_type":[],"build_version":"2020-12-22","purchased_purges":0,"victory":false,"max_hp_per_floor":[75,75,75,75,75,75,75,75,75,75,75,75,75,75,75,75,75,75,75,75,75,75,75],"card_choices":[{"not_picked":["TheCursedMod:HellsGateOpen","TheCursedMod:EmpowerCircles"],"picked":"TheCursedMod:CircleOfFlame","floor":1},{"not_picked":["TheCursedMod:WearCloak+1","TheCursedMod:LuckyCharm+1"],"picked":"TheCursedMod:VitalStrike+1","floor":10},{"not_picked":["TheCursedMod:PrepareRite","TheCursedMod:DemonicPact"],"picked":"TheCursedMod:Hemoplague","floor":10},{"not_picked":["TheCursedMod:SpitefulStrike","TheCursedMod:FuryStrike"],"picked":"TheCursedMod:SaltUponWound","floor":11},{"not_picked":["TheCursedMod:Grudge","TheCursedMod:CursedMace"],"picked":"TheCursedMod:HellfireBreathing","floor":14},{"not_picked":["TheCursedMod:ForbiddenAlchemy","TheCursedMod:CollectTribute"],"picked":"TheCursedMod:DemonSword","floor":16},{"not_picked":["TheCursedMod:AshesToAshes","TheCursedMod:EmpowerCircles"],"picked":"TheCursedMod:RapidMovement","floor":18},{"not_picked":["TheCursedMod:Stigma","TheCursedMod:CursedShiv"],"picked":"TheCursedMod:CursedMace+1","floor":20},{"not_picked":["TheCursedMod:SpitefulPlan","TheCursedMod:CircleOfWindfury"],"picked":"TheCursedMod:CursedBoomerang+1","floor":21}],"player_experience":229490,"relics_obtained":[{"floor":1,"key":"LetterFromLob"},{"floor":4,"key":"hubris:DeckOfHolding"},{"floor":9,"key":"ScarletDevilRocket"},{"floor":11,"key":"infinitespire:Bottled Soul"}],"event_choices":[],"is_beta":false,"boss_relics":[{"not_picked":["infinitespire:Cupcake","Runic Pyramid"],"picked":"Astrolabe"}],"items_purged_floors":[],"is_endless":false,"potions_floor_spawned":[11,14,16,20,21],"killed_by":"Gensokyo:Mirror_and_Dog","ascension_level":0}}