{"host":"uhnh33uh34qot0et","time":1612750929,"event":{"mods":["BaseMod","Colored Map","Downfall","Hermit","Marisa????????","Minty Spire (QoL Compilation)","StSLib","The Bug Knight","The Cursed","The Servant 0.9.4"],"gold_per_floor":[109,28,28,28,42,42,68,68,68,243,254,10,25,35,35,130,130,143,143,143,163,191,191,221,64,89,139,159,85,85,103,103,201,201,221,237,237,28,46,374,374,386,386,386,386,406,406,406,406,406,406],"floor_reached":50,"language":"ENG","playtime":1285,"items_purged":[],"score":638,"play_id":"878eb780-d4ab-457c-a3e4-184cd63127a1","local_time":"20210208032209","is_ascension_mode":false,"campfire_choices":[{"data":"Rip and Tear","floor":6,"key":"SMITH"},{"data":"Gash","floor":8,"key":"SMITH"},{"data":"Reinforced Body","floor":15,"key":"SMITH"},{"data":"Echo Form","floor":23,"key":"SMITH"},{"floor":30,"key":"REST"},{"data":"Reprogram","floor":32,"key":"SMITH"},{"floor":41,"key":"REST"},{"floor":45,"key":"REST"},{"floor":49,"key":"REST"}],"circlet_count":0,"master_deck":["Strike_B","Strike_B","Strike_B","Strike_B","Defend_B","Defend_B","Defend_B","Defend_B","Zap","Dualcast+1","Go for the Eyes+1","Rip and Tear+1","Gash+1","Doubt","Go for the Eyes","Rebound","Go for the Eyes","Echo Form+1","Go for the Eyes","Sunder+1","Rebound+1","Stack","Gash+1","Reprogram+1","Beam Cell","All For One","BootSequence+1","Reinforced Body","Sunder","Reinforced Body","Beam Cell+1","Beam Cell+1","Reprogram+1","BootSequence","Writhe"],"relics":["Cracked Core","NeowsBlessing","White Beast Statue","CaptainsWheel","Gremlin Horn","SacredBark","Regal Pillow","Red Mask","hexamod:BolsterEngine","PreservedInsect","bronze:BronzeIdol","Lantern","SlaversCollar","Old Coin","Unceasing Top","Blue Candle"],"acts_visited":["Exordium","TheCity","TheBeyond"],"potions_floor_usage":[14,16,16,16,21,22,24,24,24,33,33,35,39,40,40,42,50,50],"damage_taken":[{"damage":0,"enemies":"Jaw Worm","floor":1,"turns":1},{"damage":0,"enemies":"Small Slimes","floor":5,"turns":1},{"damage":0,"enemies":"Gremlin Nob","floor":7,"turns":1},{"damage":0,"enemies":"Cultist","floor":11,"turns":3},{"damage":6,"enemies":"2 Fungi Beasts","floor":13,"turns":3},{"damage":12,"enemies":"Exordium Wildlife","floor":14,"turns":4},{"damage":27,"enemies":"Slime Boss","floor":16,"turns":10},{"damage":5,"enemies":"Spheric Guardian","floor":18,"turns":3},{"damage":5,"enemies":"Shell Parasite","floor":21,"turns":4},{"damage":9,"enemies":"Masked Bandits","floor":22,"turns":3},{"damage":24,"enemies":"Book of Stabbing","floor":24,"turns":6},{"damage":13,"enemies":"Centurion and Healer","floor":28,"turns":5},{"damage":6,"enemies":"Cultist and Chosen","floor":31,"turns":6},{"damage":56,"enemies":"Champ","floor":33,"turns":12},{"damage":16,"enemies":"3 Darklings","floor":35,"turns":4},{"damage":34,"enemies":"3 Shapes","floor":36,"turns":4},{"damage":6,"enemies":"Transient","floor":39,"turns":5},{"damage":0,"enemies":"Reptomancer","floor":40,"turns":5},{"damage":46,"enemies":"3 Darklings","floor":42,"turns":6},{"damage":46,"enemies":"Jaw Worm Horde","floor":46,"turns":6},{"damage":68,"enemies":"Time Eater","floor":50,"turns":4}],"seed_played":"7851328904001246512","potions_obtained":[{"floor":1,"key":"Weak Potion"},{"floor":11,"key":"SkillPotion"},{"floor":13,"key":"DistilledChaos"},{"floor":14,"key":"Guardian:BlockOnCardUsePotion"},{"floor":16,"key":"Fire Potion"},{"floor":18,"key":"Strength Potion"},{"floor":21,"key":"Block Potion"},{"floor":22,"key":"SteroidPotion"},{"floor":24,"key":"Fruit Juice"},{"floor":28,"key":"Swift Potion"},{"floor":31,"key":"PowerPotion"},{"floor":33,"key":"PowerPotion"},{"floor":35,"key":"BlessingOfTheForge"},{"floor":36,"key":"Swift Potion"},{"floor":39,"key":"SpeedPotion"},{"floor":40,"key":"PowerPotion"},{"floor":42,"key":"FearPotion"},{"floor":46,"key":"FearPotion"}],"is_trial":false,"path_per_floor":["M","$","?","?","M","R","E","R","T","?","M","$","M","M","R","B",null,"M","?","?","M","?","R","E","$","T","T","M","$","R","M","R","B",null,"M","M","?","$","M","E","R","M","T","?","R","M","?","?","R","B"],"character_chosen":"DEFECT","items_purchased":["Rip and Tear","Gremlin Horn","PreservedInsect","Reprogram","Sunder","Strength Potion","Reinforced Body"],"campfire_rested":4,"item_purchase_floors":[2,12,25,29,38,38,38],"current_hp_per_floor":[75,75,60,60,60,60,60,60,60,60,60,60,54,42,42,15,75,70,70,75,70,61,61,47,47,47,47,34,34,74,68,68,12,85,69,35,27,27,21,21,61,15,15,15,55,9,4,25,65,0,0],"gold":406,"neow_bonus":"THREE_ENEMY_KILL","is_daily":false,"chose_seed":false,"campfire_upgraded":5,"win_rate":0.0,"timestamp":1612750929,"path_taken":["M","$","?","?","?","R","E","R","T","?","M","$","M","M","R","BOSS","M","?","?","?","?","R","E","$","T","?","M","?","R","M","R","BOSS","M","M","?","$","M","E","R","?","T","?","R","M","?","?","R","BOSS"],"items_purchased_type":["Card","Relic","Relic","Card","Card","Potion","Card"],"build_version":"2020-12-22","purchased_purges":0,"victory":false,"max_hp_per_floor":[75,75,75,75,75,75,75,75,75,75,75,75,75,75,75,75,75,75,75,75,75,75,75,85,85,85,85,85,85,85,85,85,85,85,85,85,85,85,85,85,85,85,85,85,85,85,85,85,85,85,85],"card_choices":[{"not_picked":["Hello World","Chill"],"picked":"Go for the Eyes","floor":1},{"not_picked":["Double Energy","Hello World"],"picked":"Gash","floor":5},{"not_picked":["Doom and Gloom","Aggregate"],"picked":"Reinforced Body","floor":7},{"not_picked":["Steam","Steam Power"],"picked":"Go for the Eyes","floor":11},{"not_picked":["Tempest","Force Field"],"picked":"Rebound","floor":13},{"not_picked":["Beam Cell","Compile Driver"],"picked":"Go for the Eyes","floor":14},{"not_picked":["Amplify","Thunder Strike"],"picked":"Echo Form","floor":16},{"not_picked":["Darkness","Static Discharge"],"picked":"Go for the Eyes","floor":18},{"not_picked":["Barrage","Gash"],"picked":"Sunder+1","floor":21},{"not_picked":["Chaos","Hello World+1"],"picked":"Rebound+1","floor":22},{"not_picked":["Heatsinks","Fusion"],"picked":"Stack","floor":24},{"not_picked":["Auto Shields+1","Stack"],"picked":"Gash+1","floor":28},{"not_picked":["Redo","Leap+1"],"picked":"Beam Cell","floor":31},{"not_picked":["Buffer","Creative AI"],"picked":"All For One","floor":33},{"not_picked":["Rebound","Beam Cell"],"picked":"BootSequence+1","floor":35},{"not_picked":["Tempest+1","Fusion+1"],"picked":"Reinforced Body","floor":36},{"not_picked":["Streamline","Leap"],"picked":"Beam Cell+1","floor":39},{"not_picked":["Undo+1","Coolheaded+1"],"picked":"Beam Cell+1","floor":40},{"not_picked":["Go for the Eyes","Reinforced Body"],"picked":"Reprogram+1","floor":42},{"not_picked":["Darkness","Turbo"],"picked":"BootSequence","floor":46}],"player_experience":26093,"relics_obtained":[{"floor":7,"key":"White Beast Statue"},{"floor":9,"key":"CaptainsWheel"},{"floor":22,"key":"Red Mask"},{"floor":24,"key":"hexamod:BolsterEngine"},{"floor":26,"key":"bronze:BronzeIdol"},{"floor":27,"key":"Lantern"},{"floor":40,"key":"Old Coin"},{"floor":43,"key":"Unceasing Top"}],"event_choices":[{"damage_healed":0,"gold_gain":0,"player_choice":"Entered Light","damage_taken":15,"max_hp_gain":0,"max_hp_loss":0,"event_name":"Shining Light","floor":3,"gold_loss":0,"cards_upgraded":["Dualcast","Go for the Eyes"]},{"damage_healed":0,"gold_gain":0,"player_choice":"Leave","damage_taken":0,"max_hp_gain":0,"max_hp_loss":0,"event_name":"FaceTrader","floor":4,"gold_loss":0},{"damage_healed":0,"gold_gain":175,"player_choice":"AGREE","damage_taken":0,"max_hp_gain":0,"max_hp_loss":0,"event_name":"Liars Game","floor":10,"gold_loss":0,"cards_obtained":["Doubt"]},{"damage_healed":0,"gold_gain":0,"player_choice":"Opened","damage_taken":0,"relics_obtained":["Regal Pillow"],"max_hp_gain":0,"max_hp_loss":0,"event_name":"The Mausoleum","floor":19,"gold_loss":0},{"cards_removed":["Reinforced Body"],"damage_healed":5,"gold_gain":0,"player_choice":"Offered Uncommon","damage_taken":0,"max_hp_gain":0,"max_hp_loss":0,"event_name":"Bonfire Elementals","floor":20,"gold_loss":0},{"damage_healed":0,"gold_gain":0,"player_choice":"Fought Bandits","damage_taken":0,"max_hp_gain":0,"max_hp_loss":0,"event_name":"Masked Bandits","floor":22,"gold_loss":0},{"damage_healed":0,"gold_gain":0,"player_choice":"Damaged","damage_taken":8,"max_hp_gain":0,"max_hp_loss":0,"event_name":"Wheel of Change","floor":37,"gold_loss":0},{"damage_healed":0,"gold_gain":0,"player_choice":"Ignored","damage_taken":0,"max_hp_gain":0,"max_hp_loss":0,"event_name":"The Moai Head","floor":44,"gold_loss":0},{"damage_healed":21,"gold_gain":0,"player_choice":"Writhe","damage_taken":0,"max_hp_gain":0,"max_hp_loss":0,"event_name":"Winding Halls","floor":48,"gold_loss":0,"cards_obtained":["Writhe"]}],"is_beta":false,"boss_relics":[{"not_picked":["Busted Crown","Astrolabe"],"picked":"SacredBark"},{"not_picked":["Fusion Hammer","Empty Cage"],"picked":"SlaversCollar"}],"items_purged_floors":[],"is_endless":false,"potions_floor_spawned":[1,11,13,14,16,18,21,22,24,28,31,33,35,36,39,40,42,46],"killed_by":"Time Eater","ascension_level":0}}