{"host":"v4pe0ixo3k7iwzp0","time":1612777007,"event":{"mods":["Ascension Reborn","BaseMod","Bestiary","Highlight Path","Minty Spire (QoL Compilation)","StSLib","The Marked","The Servant 0.9.4"],"gold_per_floor":[117,129,141,161,12,46,46,64,64,80,80,98,52,52,52,151,151,168,181,194,209,223,223,238,238,238,218,231,231,242,261,261,356,356,369,382,397,413,433,433,449,222,222,268,268,282,314,314,314,314],"floor_reached":51,"language":"ENG","playtime":3989,"items_purged":["Strike_S"],"score":609,"play_id":"7f684de7-fa76-49a3-ab47-b70f8b41687a","local_time":"20210208013647","is_ascension_mode":true,"campfire_choices":[{"floor":7.0,"key":"REST"},{"data":"FlawlessForm","floor":11.0,"key":"SMITH"},{"data":"Unruled","floor":15.0,"key":"SMITH"},{"data":"Defy","floor":23.0,"key":"SMITH"},{"floor":25.0,"key":"REST"},{"data":"Unruled","floor":29.0,"key":"SMITH"},{"data":"Initiator","floor":32.0,"key":"SMITH"},{"data":"MoonPhase","floor":40.0,"key":"SMITH"},{"floor":45.0,"key":"REST"},{"data":"LightFlow","floor":49.0,"key":"SMITH"}],"circlet_count":0,"master_deck":["Strike_S","Strike_S","Strike_S","Defend_S","Defend_S","Defend_S","Defend_S","KidneyShot","Exchange","Spin","Unruled+1","FlawlessForm+1","Spin","Defy+1","Initiator+1","FastForward","Reset","SpecialFormula","Defy+1","Unruled+1","Unruled","Spin+1","MoonPhase+1","Hightail+1","LightFlow+1","Contraction+1"],"relics":["Uniform","Lantern","Orichalcum","Gremlin Horn","MysterySword","Regal Pillow","Runic Dome","Anchor","Eternal Feather","Gambling Chip","Oddly Smooth Stone"],"acts_visited":["Exordium","TheCity","TheBeyond"],"potions_floor_usage":[],"damage_taken":[{"damage":0.0,"enemies":"Jaw Worm","floor":1.0,"turns":5.0},{"damage":0.0,"enemies":"Small Slimes","floor":2.0,"turns":3.0},{"damage":0.0,"enemies":"Cultist","floor":3.0,"turns":4.0},{"damage":2.0,"enemies":"Blue Slaver","floor":4.0,"turns":5.0},{"damage":12.0,"enemies":"Gremlin Nob","floor":6.0,"turns":4.0},{"damage":3.0,"enemies":"Looter","floor":8.0,"turns":2.0},{"damage":0.0,"enemies":"3 Louse","floor":10.0,"turns":2.0},{"damage":3.0,"enemies":"Exordium Wildlife","floor":12.0,"turns":2.0},{"damage":15.0,"enemies":"The Guardian","floor":16.0,"turns":15.0},{"damage":0.0,"enemies":"Spheric Guardian","floor":18.0,"turns":2.0},{"damage":9.0,"enemies":"Shell Parasite","floor":19.0,"turns":5.0},{"damage":0.0,"enemies":"Cultist and Chosen","floor":20.0,"turns":4.0},{"damage":10.0,"enemies":"Shelled Parasite and Fungi","floor":21.0,"turns":5.0},{"damage":1.0,"enemies":"Centurion and Healer","floor":22.0,"turns":9.0},{"damage":0.0,"enemies":"Chosen and Byrds","floor":24.0,"turns":4.0},{"damage":2.0,"enemies":"Snecko","floor":28.0,"turns":4.0},{"damage":0.0,"enemies":"3 Cultists","floor":30.0,"turns":5.0},{"damage":0.0,"enemies":"Snake Plant","floor":31.0,"turns":3.0},{"damage":15.0,"enemies":"Collector","floor":33.0,"turns":6.0},{"damage":0.0,"enemies":"3 Darklings","floor":35.0,"turns":5.0},{"damage":0.0,"enemies":"3 Shapes","floor":36.0,"turns":2.0},{"damage":0.0,"enemies":"Maw","floor":37.0,"turns":7.0},{"damage":0.0,"enemies":"Sphere and 2 Shapes","floor":38.0,"turns":4.0},{"damage":2.0,"enemies":"3 Darklings","floor":39.0,"turns":2.0},{"damage":6.0,"enemies":"Spire Growth","floor":41.0,"turns":4.0},{"damage":23.0,"enemies":"2 Orb Walkers","floor":44.0,"turns":4.0},{"damage":0.0,"enemies":"Sphere and 2 Shapes","floor":46.0,"turns":2.0},{"damage":0.0,"enemies":"Reptomancer","floor":47.0,"turns":5.0},{"damage":0,"enemies":"Donu and Deca","floor":50,"turns":10}],"seed_played":"-646316654999107601","potions_obtained":[{"floor":4.0,"key":"Energy Potion"},{"floor":6.0,"key":"BlessingOfTheForge"},{"floor":8.0,"key":"SteroidPotion"},{"floor":10.0,"key":"Block Potion"},{"floor":16.0,"key":"Fire Potion"},{"floor":18.0,"key":"SpeedPotion"},{"floor":19.0,"key":"Fire Potion"},{"floor":22.0,"key":"Block Potion"},{"floor":27.0,"key":"Fire Potion"},{"floor":31.0,"key":"Strength Potion"},{"floor":33.0,"key":"FearPotion"}],"is_trial":false,"path_per_floor":["M","M","M","M","$","E","R","M","T","M","R","M","$","?","R","B",null,"M","M","M","M","M","R","M","R","T","?","M","R","M","M","R","B",null,"M","M","M","M","M","R","M","$","T","?","R","M","E","?","R","B",null],"character_chosen":"THE_SERVANT","items_purchased":["Lantern","Defy","Anchor"],"campfire_rested":3,"item_purchase_floors":[5,13,42],"current_hp_per_floor":[71,71,71,69,69,57,71,68,68,68,68,65,65,65,65,50,71,71,62,62,52,56,56,61,71,71,71,69,69,71,71,71,56,71,71,71,71,71,69,69,68,68,68,50,71,71,71,67,67,67],"gold":314,"neow_bonus":"TEN_PERCENT_HP_BONUS","is_daily":false,"chose_seed":false,"campfire_upgraded":7,"win_rate":0.0,"timestamp":1612777007,"path_taken":["M","M","M","M","$","E","R","M","T","M","R","M","$","?","R","BOSS","M","M","M","M","M","R","M","R","T","?","M","R","M","?","R","BOSS","M","M","M","M","M","R","M","$","T","?","R","M","E","?","R","BOSS"],"items_purchased_type":["Relic","Card","Relic"],"build_version":"2020-12-22","purchased_purges":1,"victory":true,"max_hp_per_floor":[71,71,71,71,71,71,71,71,71,71,71,71,71,71,71,71,71,71,71,71,71,71,71,71,71,71,71,71,71,71,71,71,71,71,71,71,71,71,71,71,71,71,71,71,71,71,71,67,67,67],"card_choices":[{"not_picked":["Rearm","Gouge"],"picked":"Spin","floor":1.0},{"not_picked":["ShiftingGears","Replace","Sabotage"],"picked":"SKIP","floor":2.0},{"not_picked":["Rearm","ShiftingGears","Shuttle"],"picked":"SKIP","floor":3.0},{"not_picked":["Contraction","Revamp"],"picked":"Unruled","floor":4.0},{"not_picked":["StarChef","Gouge","BottledTime"],"picked":"SKIP","floor":6.0},{"not_picked":["Rewind","Moonlight"],"picked":"FlawlessForm","floor":8.0},{"not_picked":["GearUp","Potential"],"picked":"Spin","floor":10.0},{"not_picked":["Moonlight","Advance","Ricochet"],"picked":"SKIP","floor":12.0},{"not_picked":["PendulumOfEternity","FlawlessForm"],"picked":"Initiator","floor":16.0},{"not_picked":["WasteNot","Read"],"picked":"FastForward","floor":18.0},{"not_picked":["Defy","Sabotage+1"],"picked":"Reset","floor":19.0},{"not_picked":["FastForward","Desolation","StarChef"],"picked":"SKIP","floor":20.0},{"not_picked":["BestPractice+1","Rearm"],"picked":"SpecialFormula","floor":21.0},{"not_picked":["Rearm+1","SurpressingFire","Ricochet"],"picked":"SKIP","floor":22.0},{"not_picked":["Rearm","FastForward+1"],"picked":"Defy+1","floor":24.0},{"not_picked":["Sabotage","ShatteredReality"],"picked":"Unruled","floor":28.0},{"not_picked":["Starlight","Potential","RealityMarble"],"picked":"SKIP","floor":30.0},{"not_picked":["Starlight","Potential","RealityMarble"],"picked":"SKIP","floor":30.0},{"not_picked":["Gouge+1","Read","Shuttle"],"picked":"SKIP","floor":31.0},{"not_picked":["ShatteredReality+1","Rewind","Revamp+1"],"picked":"SKIP","floor":35.0},{"not_picked":["Defy","Starlight"],"picked":"Unruled","floor":36.0},{"not_picked":["Defy","Replace+1","FanOfKnives+1"],"picked":"SKIP","floor":37.0},{"not_picked":["Ricochet","Foresight+1"],"picked":"Spin+1","floor":38.0},{"not_picked":["Rewind+1","Ricochet"],"picked":"MoonPhase","floor":39.0},{"not_picked":["Rearm","TimeWarp","WasteNot"],"picked":"SKIP","floor":41.0},{"not_picked":["Rewind","Unruled+1"],"picked":"Hightail+1","floor":44.0},{"not_picked":["Replace","FastForward"],"picked":"LightFlow","floor":46.0},{"not_picked":["Replace+1","Potential+1"],"picked":"Contraction+1","floor":47.0}],"player_experience":175745,"relics_obtained":[{"floor":6.0,"key":"Orichalcum"},{"floor":9.0,"key":"Gremlin Horn"},{"floor":26.0,"key":"Regal Pillow"},{"floor":43.0,"key":"Eternal Feather"},{"floor":44.0,"key":"Gambling Chip"},{"floor":47.0,"key":"Oddly Smooth Stone"}],"event_choices":[{"damage_healed":0.0,"max_hp_gain":0.0,"max_hp_loss":0.0,"gold_gain":0.0,"event_name":"Dead Adventurer","player_choice":"Searched \u00270\u0027 times","floor":14.0,"gold_loss":0.0,"damage_taken":0.0},{"damage_healed":0.0,"max_hp_gain":0.0,"max_hp_loss":0.0,"gold_gain":0.0,"event_name":"The Woman in Blue","player_choice":"Bought 1 Potion","floor":27.0,"gold_loss":0.0,"damage_taken":0.0},{"damage_healed":0.0,"max_hp_gain":0.0,"max_hp_loss":0.0,"gold_gain":0.0,"event_name":"Mysterious Sphere","player_choice":"Fight","floor":44.0,"gold_loss":0.0,"damage_taken":0.0},{"damage_healed":0.0,"max_hp_gain":0.0,"max_hp_loss":4.0,"gold_gain":0.0,"event_name":"Winding Halls","player_choice":"Max HP","floor":48.0,"gold_loss":0.0,"damage_taken":0.0}],"is_beta":false,"boss_relics":[{"not_picked":["Philosopher\u0027s Stone","Cursed Key"],"picked":"MysterySword"},{"not_picked":["Snecko Eye","Runic Pyramid"],"picked":"Runic Dome"}],"items_purged_floors":[42],"is_endless":false,"potions_floor_spawned":[4,6,8,10,16,18,19,22,31,33,35,36,37,44],"ascension_level":-3}}