{"host":"w01zow3jg16g8jdh","time":1612798877,"event":{"mods":["2.2 Compatiblity","AchievementEnabler","BaseMod","DeckTracker","Hermit","Keyboard Shortcuts","Marisa£¨Ùöéë¡¡Øª×âÞÞ£©","Minty Spire (QoL Compilation)","Permanent Neow","StSLib","SuperFastMode"],"gold_per_floor":[115,190,210,210,210,210,244,244,244,256,282,319,406,438,450,559,571,593,605,532,544,575,617,642,684,696,708,243,270,270,296,296,400,400,414,426,326,346,221,254,254,280,303,303,303,153,181,181,181,181,181,181,6,41,41],"floor_reached":56,"language":"KOR","playtime":803,"items_purged":["Strike_MRS","Strike_MRS","Strike_MRS","Defend_MRS","Defend_MRS"],"score":1753,"play_id":"1ab8f224-4ba5-4164-89bb-b8a4063b102d","local_time":"20210209004117","is_ascension_mode":true,"campfire_choices":[{"data":"ManaRampage","floor":6,"key":"SMITH"},{"data":"GrandCross","floor":8,"key":"SMITH"},{"data":"GrandCross","floor":10,"key":"SMITH"},{"floor":15,"key":"REST"},{"data":"Acceleration","floor":27,"key":"SMITH"},{"data":"UpSweep","floor":32,"key":"SMITH"},{"data":"MillisecondPulsars","floor":41,"key":"SMITH"},{"floor":44,"key":"RECALL"},{"data":"MasterSpark","floor":49,"key":"SMITH"},{"data":"Defend_MRS","floor":52,"key":"SMITH"}],"circlet_count":0,"master_deck":["Defend_MRS+1","MasterSpark+1","UpSweep+1","ManaRampage+1","GrandCross+1","GrandCross+1","Acceleration+1","FairyDestructionRay+1","MagicAbsorber+1","AlicesGift+1","GrandCross+1","MagicChant+1","MillisecondPulsars+1","Acceleration+1"],"relics":["MiniHakkero","Omamori","MawBank","Lantern","Philosopher\u0027s Stone","Happy Flower","AmplifyWand","MagicBroom","Matryoshka","Lee\u0027s Waffle","Mercury Hourglass","HandmadeGrimoire","Gremlin Horn","Black Star","Question Card","Akabeko","Kunai","Pocketwatch","Ancient Tea Set","HornCleat","Sundial","Anchor","Whetstone"],"acts_visited":["Exordium","TheCity","TheBeyond","TheEnding"],"potions_floor_usage":[16,18,25,25,33,50,55,55],"damage_taken":[{"damage":2,"enemies":"Jaw Worm","floor":1,"turns":2},{"damage":6,"enemies":"Cultist","floor":3,"turns":3},{"damage":29,"enemies":"3 Sentries","floor":7,"turns":5},{"damage":7,"enemies":"Small Slimes","floor":11,"turns":3},{"damage":0,"enemies":"Gremlin Nob","floor":12,"turns":2},{"damage":11,"enemies":"Looter","floor":14,"turns":2},{"damage":14,"enemies":"Hexaghost","floor":16,"turns":4},{"damage":11,"enemies":"2 Thieves","floor":18,"turns":3},{"damage":0,"enemies":"Shell Parasite","floor":22,"turns":1},{"damage":18,"enemies":"Gremlin Leader","floor":23,"turns":3},{"damage":0,"enemies":"Shelled Parasite and Fungi","floor":24,"turns":2},{"damage":23,"enemies":"Slavers","floor":25,"turns":2},{"damage":20,"enemies":"Book of Stabbing","floor":29,"turns":3},{"damage":6,"enemies":"Slavers","floor":31,"turns":2},{"damage":0,"enemies":"Automaton","floor":33,"turns":4},{"damage":0,"enemies":"Orb Walker","floor":35,"turns":1},{"damage":0,"enemies":"3 Darklings","floor":36,"turns":1},{"damage":20,"enemies":"4 Shapes","floor":38,"turns":1},{"damage":0,"enemies":"Reptomancer","floor":40,"turns":1},{"damage":0,"enemies":"Nemesis","floor":42,"turns":1},{"damage":0,"enemies":"Reptomancer","floor":47,"turns":1},{"damage":23,"enemies":"Time Eater","floor":50,"turns":2},{"damage":0,"enemies":"Shield and Spear","floor":54,"turns":2},{"damage":63,"enemies":"The Heart","floor":55,"turns":5}],"seed_played":"424570656336343745","potions_obtained":[{"floor":1,"key":"SpeedPotion"},{"floor":7,"key":"SkillPotion"},{"floor":16,"key":"DuplicationPotion"},{"floor":18,"key":"Regen Potion"},{"floor":22,"key":"Swift Potion"},{"floor":31,"key":"Strength Potion"},{"floor":33,"key":"FearPotion"},{"floor":36,"key":"Swift Potion"}],"is_trial":false,"path_per_floor":["M","?","M","?","?","R","E","R","T","R","M","E","?","M","R","B",null,"M","?","?","?","M","E","M","E","T","R","$","E","?","E","R","B",null,"M","M","$","M","$","E","R","E","T","R","?","$","E","?","R","B",null,"R","$","E","B",null],"character_chosen":"MARISA","items_purchased":["Lee\u0027s Waffle","Mercury Hourglass"],"campfire_rested":1,"item_purchase_floors":[28,28],"current_hp_per_floor":[73,66,60,60,65,65,36,36,36,36,29,29,18,7,31,17,80,69,69,69,69,69,51,51,33,33,33,87,67,67,61,61,61,87,87,87,87,67,67,67,67,67,67,67,67,67,67,67,67,44,87,87,87,87,24],"gold":41,"neow_bonus":"ONE_RANDOM_RARE_CARD","is_daily":false,"chose_seed":false,"campfire_upgraded":8,"win_rate":0.0,"timestamp":1612798877,"path_taken":["M","?","?","?","?","R","E","R","T","R","M","E","?","M","R","BOSS","M","?","?","?","?","E","M","E","T","R","$","E","?","E","R","BOSS","M","M","$","M","$","E","R","E","T","R","?","$","E","?","R","BOSS","R","$","E","BOSS"],"items_purchased_type":["Relic","Relic"],"build_version":"2020-12-22","purchased_purges":5,"victory":true,"max_hp_per_floor":[75,75,75,75,80,80,80,80,80,80,80,80,80,80,80,80,80,80,80,80,80,80,80,80,80,80,80,87,87,87,87,87,87,87,87,87,87,87,87,87,87,87,87,87,87,87,87,87,87,87,87,87,87,87,87],"card_choices":[{"not_picked":["Orbital","WitchLeyline","IllusionStar"],"picked":"SKIP","floor":1},{"not_picked":["6A","AsteroidBelt"],"picked":"GrandCross","floor":3},{"not_picked":["ManaConvection","DarkMatter"],"picked":"GrandCross","floor":7},{"not_picked":["NonDirectionalLaser","AlicesGift","StarBarrage"],"picked":"SKIP","floor":11},{"not_picked":["DC","AlicesGift","BlazingStar"],"picked":"SKIP","floor":12},{"not_picked":["StarlightTyphoon","ManaConvection","LuminesStrike"],"picked":"SKIP","floor":14},{"not_picked":["AlicesGift","DoubleSpark"],"picked":"Acceleration","floor":18},{"not_picked":["WitchLeyline","AsteroidBelt","DragonMeteor"],"picked":"SKIP","floor":22},{"not_picked":["BigCrunch","PowerUp+1","MysteriousBeam"],"picked":"SKIP","floor":23},{"not_picked":["OrrerysSun","6A"],"picked":"MagicAbsorber+1","floor":24},{"not_picked":["DeepEcoloBomb+1","PowerUp"],"picked":"AlicesGift+1","floor":25},{"not_picked":["UnstableBomb","PulseMagic","6A"],"picked":"SKIP","floor":29},{"not_picked":["EnergyRecoil+1","ShootingEcho"],"picked":"MagicChant+1","floor":31},{"not_picked":["StarDustReverie","SuperNova"],"picked":"MillisecondPulsars","floor":33},{"not_picked":["Occultation","RefractionSpark","EnergyRecoil+1"],"picked":"SKIP","floor":35},{"not_picked":["OneTimeOff+1","DC+1","WitchLeyline+1"],"picked":"SKIP","floor":36},{"not_picked":["DarkMatter+1","6A+1"],"picked":"Acceleration+1","floor":38},{"not_picked":["GrandCross","DC","SuperNova"],"picked":"SKIP","floor":40},{"not_picked":["NonDirectionalLaser","LuminesStrike","Occultation","GravityBeat+1"],"picked":"SKIP","floor":42},{"not_picked":["UnstableBomb","MilkyWay","ShootingEcho","ChargingUp"],"picked":"SKIP","floor":47},{"not_picked":["WitchOfGreed+1","EnergyFlow+1","MachineGunSpark","PowerUp+1"],"picked":"SKIP","floor":54}],"player_experience":377249,"relics_obtained":[{"floor":7,"key":"Omamori"},{"floor":9,"key":"MawBank"},{"floor":12,"key":"Lantern"},{"floor":23,"key":"AmplifyWand"},{"floor":25,"key":"MagicBroom"},{"floor":26,"key":"Matryoshka"},{"floor":29,"key":"HandmadeGrimoire"},{"floor":31,"key":"Gremlin Horn"},{"floor":40,"key":"Question Card"},{"floor":40,"key":"Akabeko"},{"floor":42,"key":"Kunai"},{"floor":42,"key":"Pocketwatch"},{"floor":43,"key":"Ancient Tea Set"},{"floor":47,"key":"HornCleat"},{"floor":47,"key":"Sundial"},{"floor":54,"key":"Anchor"},{"floor":54,"key":"Whetstone"}],"event_choices":[{"damage_healed":0,"gold_gain":75,"player_choice":"Touch","damage_taken":7,"max_hp_gain":0,"max_hp_loss":0,"event_name":"FaceTrader","floor":2,"gold_loss":0},{"damage_healed":0,"gold_gain":0,"player_choice":"Ignored","damage_taken":0,"max_hp_gain":0,"max_hp_loss":0,"event_name":"Liars Game","floor":4,"gold_loss":0},{"damage_healed":0,"gold_gain":0,"player_choice":"Donut","damage_taken":0,"max_hp_gain":5,"max_hp_loss":0,"event_name":"Big Fish","floor":5,"gold_loss":0},{"damage_healed":0,"gold_gain":75,"player_choice":"Gather Gold","damage_taken":11,"max_hp_gain":0,"max_hp_loss":0,"event_name":"World of Goop","floor":13,"gold_loss":0},{"damage_healed":0,"gold_gain":0,"cards_transformed":["Strike_MRS","Defend_MRS"],"player_choice":"Became Test Subject","damage_taken":0,"max_hp_gain":0,"max_hp_loss":0,"event_name":"Drug Dealer","floor":19,"gold_loss":0,"cards_obtained":["FairyDestructionRay","GasGiant"]},{"damage_healed":0,"gold_gain":0,"player_choice":"Obtained Relic","damage_taken":0,"relics_obtained":["Happy Flower"],"max_hp_gain":0,"max_hp_loss":0,"event_name":"Addict","floor":20,"gold_loss":85},{"damage_healed":0,"gold_gain":0,"player_choice":"Ignored","damage_taken":0,"max_hp_gain":0,"max_hp_loss":0,"event_name":"Vampires","floor":21,"gold_loss":0},{"damage_healed":0,"gold_gain":0,"player_choice":"Copied","damage_taken":0,"max_hp_gain":0,"max_hp_loss":0,"event_name":"Duplicator","floor":30,"gold_loss":0,"cards_obtained":["GrandCross"]},{"cards_removed":["GasGiant"],"damage_healed":0,"gold_gain":0,"player_choice":"Removed Skill","damage_taken":0,"max_hp_gain":0,"max_hp_loss":0,"event_name":"Falling","floor":45,"gold_loss":0},{"damage_healed":0,"gold_gain":0,"player_choice":"Ignored","damage_taken":0,"max_hp_gain":0,"max_hp_loss":0,"event_name":"Tomb of Lord Red Mask","floor":48,"gold_loss":0}],"is_beta":false,"boss_relics":[{"not_picked":["Runic Pyramid","Astrolabe"],"picked":"Philosopher\u0027s Stone"},{"not_picked":["Empty Cage","Coffee Dripper"],"picked":"Black Star"}],"items_purged_floors":[28,37,39,46,53],"is_endless":false,"potions_floor_spawned":[1,7,16,18,22,24,31,33,36,38,40],"ascension_level":4}}