{"host":"uhnh33uh34qot0et","time":1612748742,"event":{"mods":["BaseMod","Colored Map","Downfall","Hermit","Marisa????????","Minty Spire (QoL Compilation)","StSLib","The Bug Knight","The Cursed","The Servant 0.9.4"],"gold_per_floor":[115,115,134,134,154,154,168,186,186,211,244,244,260,9,9,107,107,122,142,142,142,142,142,160,178,201,201,201,212,224,239,239,239,239],"floor_reached":33,"language":"ENG","playtime":1348,"items_purged":[],"score":278,"play_id":"52afc226-4c89-443b-8658-e19ad6cfd53e","local_time":"20210208024542","is_ascension_mode":false,"campfire_choices":[{"floor":6,"key":"REST"},{"floor":12,"key":"REST"},{"floor":15,"key":"REST"},{"data":"Machine Learning","floor":23,"key":"SMITH"},{"data":"Aggregate","floor":28,"key":"SMITH"},{"floor":32,"key":"REST"}],"circlet_count":0,"master_deck":["Strike_B","Strike_B","Strike_B","Strike_B","Defend_B","Defend_B","Defend_B","Defend_B","Zap","Dualcast","Leap","Gash+1","Conserve Battery","Beam Cell","Gash","Stack","Conserve Battery","Gash","Gash","Leap","Echo Form","FTL","Machine Learning+1","Writhe","Aggregate+1","Sweeping Beam+1","downfall:Bewildered","Reprogram","Stack+1"],"relics":["bronze:MakeshiftBattery","Oddly Smooth Stone","Slimebound:PreparedRelic","Odd Mushroom","Torii","DollysMirror","Philosopher\u0027s Stone","Meat on the Bone","PreservedInsect","sneckomod:BabySnecko"],"acts_visited":["Exordium","TheCity"],"potions_floor_usage":[11,16,22,33,33,33],"damage_taken":[{"damage":10,"enemies":"Jaw Worm","floor":1,"turns":4},{"damage":0,"enemies":"Small Slimes","floor":3,"turns":4},{"damage":0,"enemies":"Cultist","floor":5,"turns":3},{"damage":15,"enemies":"Gremlin Gang","floor":7,"turns":6},{"damage":0,"enemies":"Blue Slaver","floor":8,"turns":3},{"damage":12,"enemies":"The Mushroom Lair","floor":10,"turns":5},{"damage":14,"enemies":"Lagavulin","floor":11,"turns":6},{"damage":8,"enemies":"Exordium Wildlife","floor":13,"turns":7},{"damage":30,"enemies":"Hexaghost","floor":16,"turns":12},{"damage":17,"enemies":"3 Byrds","floor":18,"turns":8},{"damage":12,"enemies":"Centurion and Healer","floor":19,"turns":7},{"damage":10,"enemies":"Snake Plant","floor":22,"turns":4},{"damage":1,"enemies":"Snecko","floor":24,"turns":6},{"damage":11,"enemies":"Centurion and Healer","floor":25,"turns":7},{"damage":7,"enemies":"Cultist and Chosen","floor":29,"turns":7},{"damage":2,"enemies":"Sentry and Sphere","floor":30,"turns":5},{"damage":15,"enemies":"Shelled Parasite and Fungi","floor":31,"turns":7},{"damage":69,"enemies":"Automaton","floor":33,"turns":10}],"seed_played":"-9032734536140261533","potions_obtained":[{"floor":3,"key":"SmokeBomb"},{"floor":7,"key":"FocusPotion"},{"floor":11,"key":"FocusPotion"},{"floor":16,"key":"Guardian:BlockOnCardUsePotion"},{"floor":18,"key":"EssenceOfSteel"},{"floor":29,"key":"SpeedPotion"}],"is_trial":false,"path_per_floor":["M","?","M","?","M","R","M","M","T","?","E","R","M","$","R","B",null,"M","M","?","?","M","R","M","M","T","?","R","M","M","M","R","B"],"character_chosen":"DEFECT","items_purchased":["Gash","DollysMirror","Leap"],"campfire_rested":4,"item_purchase_floors":[14,14,14],"current_hp_per_floor":[65,32,32,32,32,54,39,39,39,27,13,35,27,27,49,19,75,58,46,46,46,48,48,47,48,48,48,48,41,39,36,58,0,0],"gold":239,"neow_bonus":"BOSS_RELIC","is_daily":false,"chose_seed":false,"campfire_upgraded":2,"win_rate":0.0,"timestamp":1612748742,"path_taken":["M","?","M","?","M","R","M","M","T","?","E","R","M","$","R","BOSS","M","M","?","?","?","R","M","?","T","?","R","M","M","M","R","BOSS"],"items_purchased_type":["Card","Relic","Card"],"build_version":"2020-12-22","purchased_purges":0,"victory":false,"max_hp_per_floor":[75,75,75,75,75,75,75,75,75,75,75,75,75,75,75,75,75,75,75,75,75,75,75,75,75,75,75,75,75,75,75,75,75,75],"card_choices":[{"not_picked":["Ball Lightning","Static Discharge"],"picked":"Leap","floor":1},{"not_picked":["Capacitor","Steam"],"picked":"Gash","floor":3},{"not_picked":["Seek","Steam"],"picked":"Conserve Battery","floor":5},{"not_picked":["Steam","Redo"],"picked":"Beam Cell","floor":7},{"not_picked":["Streamline","Go for the Eyes"],"picked":"Gash","floor":8},{"not_picked":["Blizzard","Ball Lightning"],"picked":"Stack","floor":10},{"not_picked":["Chill","Amplify","Fusion"],"picked":"SKIP","floor":11},{"not_picked":["Steam Power","Skim"],"picked":"Conserve Battery","floor":13},{"not_picked":["Biased Cognition","Multi-Cast"],"picked":"Echo Form","floor":16},{"not_picked":["Go for the Eyes","Stack+1"],"picked":"FTL","floor":18},{"not_picked":["Coolheaded","Chill"],"picked":"Machine Learning","floor":19},{"not_picked":["Steam","Conserve Battery"],"picked":"Aggregate","floor":24},{"not_picked":["Stack+1","Redo"],"picked":"Sweeping Beam+1","floor":25},{"not_picked":["Genetic Algorithm","Chill"],"picked":"Reprogram","floor":29},{"not_picked":["Streamline+1","Rebound"],"picked":"Stack+1","floor":30},{"not_picked":["Defragment","Multi-Cast","Ball Lightning"],"picked":"SKIP","floor":31}],"player_experience":23883,"relics_obtained":[{"floor":9,"key":"Slimebound:PreparedRelic"},{"floor":10,"key":"Odd Mushroom"},{"floor":11,"key":"Torii"},{"floor":26,"key":"PreservedInsect"}],"event_choices":[{"damage_healed":0,"gold_gain":0,"player_choice":"Success","damage_taken":33,"relics_obtained":["Oddly Smooth Stone"],"max_hp_gain":0,"max_hp_loss":0,"event_name":"Scrap Ooze","floor":2,"gold_loss":0},{"damage_healed":0,"gold_gain":0,"player_choice":"Grow","damage_taken":0,"max_hp_gain":0,"max_hp_loss":0,"event_name":"Living Wall","floor":4,"gold_loss":0,"cards_upgraded":["Gash"]},{"damage_healed":0,"gold_gain":0,"player_choice":"Fought Mushrooms","damage_taken":0,"max_hp_gain":0,"max_hp_loss":0,"event_name":"Mushrooms","floor":10,"gold_loss":0},{"damage_healed":0,"gold_gain":0,"player_choice":"Opened","damage_taken":0,"relics_obtained":["Meat on the Bone"],"max_hp_gain":0,"max_hp_loss":0,"event_name":"The Mausoleum","floor":20,"gold_loss":0,"cards_obtained":["Writhe"]},{"damage_healed":0,"gold_gain":0,"player_choice":"Got Potions","damage_taken":0,"max_hp_gain":0,"max_hp_loss":0,"event_name":"Lab","floor":21,"gold_loss":0}],"is_beta":false,"boss_relics":[{"not_picked":["Fusion Hammer","Busted Crown"],"picked":"Philosopher\u0027s Stone"}],"items_purged_floors":[],"is_endless":false,"potions_floor_spawned":[3,7,11,16,18,29,31],"killed_by":"Automaton","ascension_level":0}}