{"host":"prxrhpgaxnj4om9r","time":1612763304,"event":{"mods":["AchievementEnabler","BaseMod","DeckTracker","Keyboard Shortcuts","Minty Spire (QoL Compilation)"],"gold_per_floor":[139,154,154,154,229,267,286,324,324,324,343,168,187,206,206,331,331,350,369,413,413,163,163,201,201,251,251,251,376,376,395,395,520,520,539,539,558,577,77,115,115,115,115,164,164,183,95,428,428,428],"floor_reached":51,"language":"KOR","playtime":3827,"items_purged":[],"score":857,"play_id":"156bfd5e-67f5-468d-a2d3-0c8ef6038782","local_time":"20210208144824","daily_mods":["Shiny","Green Cards","Terminal"],"is_ascension_mode":false,"campfire_choices":[{"data":"Phantasmal Killer","floor":15,"key":"SMITH"},{"floor":23,"key":"REST"},{"data":"Venomology","floor":25,"key":"SMITH"},{"floor":27,"key":"REST"},{"floor":32,"key":"REST"},{"data":"Ragnarok","floor":41,"key":"SMITH"},{"data":"Devotion","floor":45,"key":"SMITH"},{"data":"Bouncing Flask","floor":49,"key":"SMITH"}],"circlet_count":0,"master_deck":["Venomology+1","Corpse Explosion","Malaise","Phantasmal Killer","Die Die Die","Adrenaline","Envenom","Doppelganger","Burst","Wraith Form v2","Tools of the Trade","Night Terror","Unload","After Image","Bullet Time","Storm of Steel","Glass Knife+1","A Thousand Cuts","Judgement","ConjureBlade","MasterReality","Brilliance","Devotion+1","Blasphemy","Ragnarok+1","LessonLearned","Scrawl","Vault","Alpha","Wish+1","Omniscience+1","Establishment","SpiritShield","DevaForm","DeusExMachina+1","Caltrops","Cloak And Dagger+1","Injury","Reflex","CutThroughFate","Phantasmal Killer+1","Crescendo","PiercingWail","Poisoned Stab+1","Reflex","DeusExMachina","Outmaneuver","FollowUp+1","FlurryOfBlows+1","Cloak And Dagger","Shame","Noxious Fumes+1","Evaluate","Vault","Backflip+1","WaveOfTheHand","Flying Knee+1","ReachHeaven+1","Protect+1","Panache","EmptyFist+1","Predator+1","Bouncing Flask+1"],"relics":["PureWater","Darkstone Periapt","Ancient Tea Set","Calipers","Pen Nib","PreservedInsect","Black Star","Nilry\u0027s Codex","Shuriken","Oddly Smooth Stone","Bag of Marbles","Whetstone","Pantograph","Thread and Needle","Molten Egg 2","Snecko Eye","Ornamental Fan","Potion Belt","MealTicket","Vajra","War Paint"],"acts_visited":["Exordium","TheCity","TheBeyond"],"potions_floor_usage":[6,8,13,14,16,20,20,20,24,29,30,33,33,33,35,38,38,39,44,44,46,50,50,50],"damage_taken":[{"damage":3,"enemies":"Small Slimes","floor":1,"turns":4},{"damage":0,"enemies":"2 Louse","floor":2,"turns":2},{"damage":0,"enemies":"3 Sentries","floor":6,"turns":2},{"damage":1,"enemies":"Jaw Worm","floor":7,"turns":3},{"damage":0,"enemies":"Gremlin Nob","floor":8,"turns":2},{"damage":0,"enemies":"Gremlin Gang","floor":11,"turns":3},{"damage":0,"enemies":"Large Slime","floor":13,"turns":1},{"damage":2,"enemies":"Blue Slaver","floor":14,"turns":4},{"damage":0,"enemies":"Hexaghost","floor":16,"turns":5},{"damage":0,"enemies":"Chosen","floor":18,"turns":4},{"damage":25,"enemies":"3 Byrds","floor":19,"turns":4},{"damage":3,"enemies":"Centurion and Healer","floor":20,"turns":7},{"damage":21,"enemies":"Slavers","floor":24,"turns":2},{"damage":2,"enemies":"Colosseum Slavers","floor":29,"turns":2},{"damage":13,"enemies":"Colosseum Nobs","floor":29,"turns":5},{"damage":0,"enemies":"Snake Plant","floor":30,"turns":1},{"damage":3,"enemies":"Snecko","floor":31,"turns":7},{"damage":46,"enemies":"Champ","floor":33,"turns":10},{"damage":0,"enemies":"3 Darklings","floor":35,"turns":3},{"damage":0,"enemies":"3 Shapes","floor":37,"turns":2},{"damage":0,"enemies":"Spire Growth","floor":38,"turns":6},{"damage":0,"enemies":"Nemesis","floor":40,"turns":6},{"damage":8,"enemies":"4 Shapes","floor":44,"turns":5},{"damage":0,"enemies":"Jaw Worm Horde","floor":46,"turns":1},{"damage":15,"enemies":"Time Eater","floor":50,"turns":8}],"seed_played":"-2425098010432476902","potions_obtained":[{"floor":1,"key":"ColorlessPotion"},{"floor":7,"key":"Strength Potion"},{"floor":13,"key":"Block Potion"},{"floor":19,"key":"BlessingOfTheForge"},{"floor":20,"key":"Weak Potion"},{"floor":33,"key":"EssenceOfSteel"},{"floor":35,"key":"Ancient Potion"},{"floor":37,"key":"PowerPotion"},{"floor":38,"key":"BlessingOfTheForge"},{"floor":44,"key":"Fire Potion"}],"is_trial":false,"path_per_floor":["M","M","?","?","?","E","M","E","T","?","M","$","M","M","R","B",null,"M","M","M","?","$","R","E","R","T","R","?","?","M","M","R","B",null,"M","?","M","M","$","E","R","?","T","M","R","M","$","?","R","B",null],"character_chosen":"WATCHER","items_purchased":["PreservedInsect","PiercingWail","Shuriken","Ornamental Fan","Potion Belt","Fruit Juice","Bouncing Flask","SpeedPotion"],"campfire_rested":3,"item_purchase_floors":[12,12,22,39,39,39,47,47],"current_hp_per_floor":[68,68,61,67,56,56,55,55,55,60,60,60,60,58,58,58,65,64,39,51,35,35,53,32,32,32,48,54,39,39,36,53,10,54,53,52,51,50,54,53,52,51,50,49,48,47,46,45,44,29],"gold":428,"neow_bonus":"","is_daily":true,"chose_seed":false,"campfire_upgraded":5,"win_rate":0.0,"timestamp":1612763304,"path_taken":["M","M","?","?","?","E","M","E","T","?","M","$","?","M","R","BOSS","M","M","?","?","$","R","E","R","T","R","?","?","?","M","R","BOSS","M","?","?","M","$","E","R","?","T","M","R","M","$","?","R","BOSS"],"items_purchased_type":["Relic","Card","Relic","Relic","Relic","Potion","Card","Potion"],"build_version":"2020-12-22","purchased_purges":0,"victory":true,"max_hp_per_floor":[70,69,68,73,72,71,70,69,68,72,71,70,69,68,67,66,65,64,63,62,61,60,59,58,57,56,55,60,59,58,57,56,55,54,53,52,51,50,54,53,52,51,50,49,48,47,46,45,44,43],"card_choices":[{"not_picked":["FlyingSleeves","Endless Agony"],"picked":"Caltrops","floor":1},{"not_picked":["LikeWater","PathToVictory"],"picked":"Cloak And Dagger","floor":2},{"not_picked":["FlurryOfBlows","Prepared"],"picked":"Reflex","floor":6},{"not_picked":["Heel Hook","Dagger Spray"],"picked":"CutThroughFate","floor":7},{"not_picked":["CutThroughFate","Setup"],"picked":"Phantasmal Killer","floor":8},{"not_picked":["JustLucky","Halt"],"picked":"Crescendo","floor":11},{"not_picked":["Indignation","Cloak And Dagger"],"picked":"Poisoned Stab","floor":13},{"not_picked":["Devotion","Halt"],"picked":"Reflex","floor":14},{"not_picked":["Scrawl","Doppelganger"],"picked":"DeusExMachina","floor":16},{"not_picked":["Crippling Poison","Collect"],"picked":"Outmaneuver","floor":18},{"not_picked":["Protect","Prepared"],"picked":"FollowUp+1","floor":19},{"not_picked":["Dagger Spray","Slice"],"picked":"FlurryOfBlows+1","floor":20},{"not_picked":["Omniscience","Flechettes"],"picked":"Cloak And Dagger","floor":24},{"not_picked":["Sanctity","Vengeance+1"],"picked":"Noxious Fumes+1","floor":29},{"not_picked":["ClearTheMind","Outmaneuver"],"picked":"Evaluate","floor":31},{"not_picked":["Malaise","Adrenaline"],"picked":"Vault","floor":33},{"not_picked":["Halt+1","FlurryOfBlows+1"],"picked":"Backflip+1","floor":35},{"not_picked":["ClearTheMind","Dagger Throw+1"],"picked":"Flying Knee+1","floor":37},{"not_picked":["Study+1","MentalFortress+1"],"picked":"ReachHeaven+1","floor":38},{"not_picked":["Burst","LikeWater"],"picked":"Protect+1","floor":40},{"not_picked":["Thinking Ahead","Magnetism"],"picked":"Panache","floor":42},{"not_picked":["JustLucky+1","FlurryOfBlows+1"],"picked":"EmptyFist+1","floor":44},{"not_picked":["Bouncing Flask","LikeWater"],"picked":"Predator+1","floor":46}],"player_experience":312267,"relics_obtained":[{"floor":6,"key":"Ancient Tea Set"},{"floor":8,"key":"Calipers"},{"floor":9,"key":"Pen Nib"},{"floor":21,"key":"Nilry\u0027s Codex"},{"floor":24,"key":"Oddly Smooth Stone"},{"floor":24,"key":"Bag of Marbles"},{"floor":26,"key":"Whetstone"},{"floor":29,"key":"Thread and Needle"},{"floor":29,"key":"Molten Egg 2"},{"floor":40,"key":"MealTicket"},{"floor":40,"key":"Vajra"},{"floor":43,"key":"War Paint"}],"event_choices":[{"damage_healed":0,"gold_gain":0,"player_choice":"Success","damage_taken":7,"relics_obtained":["Darkstone Periapt"],"max_hp_gain":0,"max_hp_loss":0,"event_name":"Scrap Ooze","floor":3,"gold_loss":0},{"damage_healed":0,"gold_gain":0,"player_choice":"Take Wound","damage_taken":0,"relics_obtained":["Golden Idol"],"max_hp_gain":0,"max_hp_loss":0,"event_name":"Golden Idol","floor":4,"gold_loss":0,"cards_obtained":["Injury"]},{"damage_healed":0,"gold_gain":75,"player_choice":"Gather Gold","damage_taken":11,"max_hp_gain":0,"max_hp_loss":0,"event_name":"World of Goop","floor":5,"gold_loss":0},{"damage_healed":0,"gold_gain":0,"player_choice":"Donut","damage_taken":0,"max_hp_gain":5,"max_hp_loss":0,"event_name":"Big Fish","floor":10,"gold_loss":0},{"damage_healed":0,"gold_gain":0,"player_choice":"Obtained Book","damage_taken":16,"max_hp_gain":0,"max_hp_loss":0,"event_name":"Cursed Tome","floor":21,"gold_loss":0},{"damage_healed":0,"gold_gain":0,"player_choice":"Stole Relic","damage_taken":0,"relics_obtained":["Pantograph"],"max_hp_gain":0,"max_hp_loss":0,"event_name":"Addict","floor":28,"gold_loss":0,"cards_obtained":["Shame"]},{"damage_healed":0,"gold_gain":0,"player_choice":"Fight","damage_taken":0,"max_hp_gain":0,"max_hp_loss":0,"event_name":"Colosseum","floor":29,"gold_loss":0},{"damage_healed":0,"gold_gain":0,"player_choice":"Fought Nobs","damage_taken":0,"max_hp_gain":0,"max_hp_loss":0,"event_name":"Colosseum","floor":29,"gold_loss":0},{"damage_healed":0,"gold_gain":0,"cards_transformed":["Grand Finale"],"player_choice":"Transformed","damage_taken":0,"max_hp_gain":0,"max_hp_loss":0,"event_name":"Transmorgrifier","floor":36,"gold_loss":0,"cards_obtained":["WaveOfTheHand"]},{"damage_healed":0,"gold_gain":0,"player_choice":"Memory 1","damage_taken":0,"max_hp_gain":0,"max_hp_loss":0,"event_name":"SensoryStone","floor":42,"gold_loss":0},{"damage_healed":0,"gold_gain":333,"player_choice":"Gave Idol","damage_taken":0,"max_hp_gain":0,"max_hp_loss":0,"event_name":"The Moai Head","floor":48,"relics_lost":["Golden Idol"],"gold_loss":0}],"is_beta":false,"boss_relics":[{"not_picked":["Cursed Key","Ectoplasm"],"picked":"Black Star"},{"not_picked":["Tiny House","Fusion Hammer"],"picked":"Snecko Eye"}],"items_purged_floors":[],"is_endless":false,"potions_floor_spawned":[1,7,13,19,20,30,33,35,37,38,44],"ascension_level":0}}