{"host":"tml1x4ylw9tadh99","time":1612811742,"event":{"mods":["AchievementEnabler","Act Like it!","BaseMod","Bestiary","Colored Map","Colored Powertips","DeckTracker","Friendly Minions","GifTheSpireLib","Minty Spire (QoL Compilation)","Quick Restart","Random Character Button","Random Character Mod","Relic Stats","StSLib","Synergy Search"],"gold_per_floor":[136,61,61,98,98,98,151,151,151,194,229,285,285,336,336,486,486,531,574,574,616,110,110,110,110,110,0,57,57,139,187,199,341,353,379,430,162,162,162],"floor_reached":38,"language":"ENG","playtime":4226,"items_purged":["Strike_P","Defend_P","Strike_P"],"score":505,"play_id":"4f1982fa-51c8-48ec-8bad-99c1716ffd9c","local_time":"20210208201542","is_ascension_mode":false,"campfire_choices":[{"data":"HandOfGreed","floor":6,"key":"SMITH"},{"data":"Eruption","floor":8,"key":"SMITH"},{"data":"Sanctity","floor":13,"key":"SMITH"},{"floor":15,"key":"REST"},{"data":"DevaForm","floor":23,"key":"SMITH"},{"data":"SandsOfTime","floor":25,"key":"SMITH"},{"floor":32,"key":"REST"}],"circlet_count":0,"master_deck":["Strike_P","Defend_P","Defend_P","Eruption+1","Vigilance+1","HandOfGreed+1","JustLucky","Sanctity+1","SandsOfTime+1","DevaForm+1","Prostrate+1","Prostrate","Adaptation","Judgement","Study+1"],"relics":["PureWater","Eternal Feather","Juzu Bracelet","Calipers","Bag of Preparation","Shuriken","Black Star","TheAbacus","Question Card","Boot","War Paint","Bottled Tornado","HornCleat","MawBank","Sozu","Toolbox"],"acts_visited":["Exordium","TheCity","TheBeyond"],"potions_floor_usage":[7,12,28,38],"damage_taken":[{"damage":0,"enemies":"2 Louse","floor":1,"turns":2},{"damage":0,"enemies":"Cultist","floor":4,"turns":2},{"damage":17,"enemies":"Lagavulin","floor":7,"turns":9},{"damage":3,"enemies":"Jaw Worm","floor":10,"turns":2},{"damage":0,"enemies":"Blue Slaver","floor":11,"turns":2},{"damage":0,"enemies":"Gremlin Nob","floor":12,"turns":2},{"damage":20,"enemies":"Lagavulin","floor":14,"turns":3},{"damage":35,"enemies":"Slime Boss","floor":16,"turns":9},{"damage":0,"enemies":"Spheric Guardian","floor":18,"turns":3},{"damage":2,"enemies":"Shell Parasite","floor":19,"turns":5},{"damage":13,"enemies":"Snake Plant","floor":21,"turns":4},{"damage":0,"enemies":"Gremlin Leader","floor":28,"turns":5},{"damage":21,"enemies":"Slavers","floor":30,"turns":6},{"damage":5,"enemies":"Snecko","floor":31,"turns":4},{"damage":10,"enemies":"Automaton","floor":33,"turns":8},{"damage":11,"enemies":"3 Darklings","floor":35,"turns":4},{"damage":5,"enemies":"3 Shapes","floor":36,"turns":3},{"damage":56,"enemies":"2 Orb Walkers","floor":38,"turns":6}],"seed_played":"-3813165621054882472","potions_obtained":[{"floor":1,"key":"Block Potion"},{"floor":10,"key":"ColorlessPotion"},{"floor":11,"key":"Ancient Potion"},{"floor":18,"key":"SkillPotion"},{"floor":19,"key":"PowerPotion"},{"floor":31,"key":"Energy Potion"}],"is_trial":false,"path_per_floor":["M","$","?","M","?","R","E","R","T","M","M","E","R","E","R","B",null,"M","M","?","M","$","R","?","R","T","?","E","$","E","M","R","B",null,"M","M","$","?"],"character_chosen":"WATCHER","items_purchased":["TheAbacus","Question Card","Toolbox"],"campfire_rested":2,"item_purchase_floors":[22,22,37],"current_hp_per_floor":[51,51,51,51,48,51,34,37,37,34,34,34,40,20,47,12,72,72,70,70,57,57,63,63,69,69,69,69,69,48,43,70,60,72,61,56,56,0,0],"gold":162,"neow_bonus":"RANDOM_COLORLESS_2","is_daily":false,"chose_seed":false,"campfire_upgraded":5,"win_rate":0.0,"timestamp":1612811742,"path_taken":["M","$","?","?","?","R","E","R","T","M","M","E","R","E","R","BOSS","M","M","?","M","$","R","?","R","T","?","E","$","E","M","R","BOSS","M","M","$","?"],"items_purchased_type":["Relic","Relic","Relic"],"build_version":"2020-12-22","purchased_purges":3,"victory":false,"max_hp_per_floor":[72,72,72,72,72,72,72,72,72,72,72,72,72,72,72,72,72,72,72,72,72,72,72,72,72,72,72,72,72,72,72,72,72,72,72,72,72,72,72],"relic_stats":{"counters":[18,79],"Eternal Feather":36,"Juzu Bracelet":1,"Bag of Preparation":[24],"War Paint":["Vigilance","Prostrate"],"Question Card":6,"Boot":[13],"MawBank":84,"Sozu":0,"TheAbacus":[90],"Shuriken":[13],"Black Star":2,"obtain_stats":[{"Calipers":9,"Eternal Feather":5,"Juzu Bracelet":7,"Bag of Preparation":12,"War Paint":28,"Bottled Tornado":28,"Question Card":22,"Boot":26,"MawBank":30,"Sozu":34,"TheAbacus":22,"HornCleat":30,"Shuriken":14,"Toolbox":37,"Black Star":17,"PureWater":0},{"Calipers":3,"Eternal Feather":2,"Juzu Bracelet":3,"Bag of Preparation":6,"War Paint":12,"Bottled Tornado":12,"Question Card":11,"Boot":11,"MawBank":13,"Sozu":15,"TheAbacus":11,"HornCleat":13,"Shuriken":7,"Toolbox":17,"Black Star":8,"PureWater":0},{"Calipers":13,"Eternal Feather":4,"Juzu Bracelet":13,"Bag of Preparation":19,"War Paint":48,"Bottled Tornado":48,"Question Card":43,"Boot":43,"MawBank":54,"Sozu":66,"TheAbacus":43,"HornCleat":54,"Shuriken":22,"Toolbox":73,"Black Star":31,"PureWater":0}]},"card_choices":[{"not_picked":["Metamorphosis","Chrysalis"],"picked":"HandOfGreed","floor":0},{"not_picked":["CrushJoints","CutThroughFate","ThirdEye"],"picked":"SKIP","floor":1},{"not_picked":["Evaluate","Halt","DeceiveReality"],"picked":"SKIP","floor":4},{"not_picked":["ThirdEye","EmptyFist","CrushJoints"],"picked":"SKIP","floor":7},{"not_picked":["EmptyBody","Consecrate"],"picked":"JustLucky","floor":10},{"not_picked":["Fasting2","Ragnarok","Crescendo"],"picked":"SKIP","floor":11},{"not_picked":["ClearTheMind","Study"],"picked":"Sanctity","floor":12},{"not_picked":["BowlingBash","Perseverance"],"picked":"SandsOfTime","floor":14},{"not_picked":["DeusExMachina","Omniscience"],"picked":"DevaForm","floor":16},{"not_picked":["Collect","Pray","Evaluate"],"picked":"SKIP","floor":18},{"not_picked":["DeceiveReality","BowlingBash","Protect+1"],"picked":"SKIP","floor":19},{"not_picked":["FlurryOfBlows","InnerPeace"],"picked":"Prostrate","floor":21},{"not_picked":["SashWhip+1","Prostrate","Pray+1"],"picked":"Adaptation","floor":28},{"not_picked":["Evaluate","Wallop","Weave+1","Halt"],"picked":"SKIP","floor":30},{"not_picked":["WindmillStrike","EmptyFist+1","Consecrate+1","Omniscience"],"picked":"SKIP","floor":31},{"not_picked":["Blasphemy","DevaForm","Establishment"],"picked":"Judgement","floor":33},{"not_picked":["JustLucky+1","FollowUp","CrushJoints"],"picked":"Study+1","floor":35},{"not_picked":["CutThroughFate+1","Conclude","WaveOfTheHand","FlurryOfBlows"],"picked":"SKIP","floor":36}],"player_experience":22145,"relics_obtained":[{"floor":7,"key":"Juzu Bracelet"},{"floor":9,"key":"Calipers"},{"floor":12,"key":"Bag of Preparation"},{"floor":14,"key":"Shuriken"},{"floor":26,"key":"Boot"},{"floor":28,"key":"War Paint"},{"floor":28,"key":"Bottled Tornado"},{"floor":30,"key":"HornCleat"},{"floor":30,"key":"MawBank"}],"event_choices":[{"cards_removed":["Strike_P"],"damage_healed":0,"gold_gain":0,"player_choice":"Purged","damage_taken":0,"max_hp_gain":0,"max_hp_loss":0,"event_name":"Purifier","floor":3,"gold_loss":0},{"damage_healed":0,"gold_gain":0,"player_choice":"Success","damage_taken":3,"relics_obtained":["Eternal Feather"],"max_hp_gain":0,"max_hp_loss":0,"event_name":"Scrap Ooze","floor":5,"gold_loss":0},{"damage_healed":0,"gold_gain":0,"player_choice":"Read","damage_taken":0,"max_hp_gain":0,"max_hp_loss":0,"event_name":"The Library","floor":20,"gold_loss":0,"cards_obtained":["Prostrate"]},{"cards_removed":["Defend_P"],"damage_healed":0,"gold_gain":0,"player_choice":"Purged","damage_taken":0,"max_hp_gain":0,"max_hp_loss":0,"event_name":"Purifier","floor":24,"gold_loss":0},{"damage_healed":0,"gold_gain":0,"player_choice":"Paid Fearfully","damage_taken":0,"max_hp_gain":0,"max_hp_loss":0,"event_name":"Masked Bandits","floor":27,"gold_loss":110},{"damage_healed":0,"gold_gain":0,"player_choice":"Fight","damage_taken":0,"max_hp_gain":0,"max_hp_loss":0,"event_name":"Mysterious Sphere","floor":38,"gold_loss":0}],"is_beta":false,"boss_relics":[{"not_picked":["Tiny House","HolyWater"],"picked":"Black Star"},{"not_picked":["Runic Pyramid","VioletLotus"],"picked":"Sozu"}],"items_purged_floors":[2,22,37],"is_endless":false,"potions_floor_spawned":[1,10,11,18,19,31,33],"killed_by":"2 Orb Walkers","ascension_level":0}}