{"host":"17xjy7b7ubl548g2","time":1612771967,"event":{"mods":["2.2 Compatiblity","Act Like it!","Aspiration","Astrologer","Bard","BaseMod","Challenge The Spire","ChefMod","Colored Map","Colored Powertips","Conspire","Elementarium","Energized Spire","Gensokyo","GifTheSpireLib","Halation","Hallownest","Hermit","Hubris","Infinite Spire","Jedi Mod","Jorbs\u0027s Wanderer Trilogy","Marisa（霧雨　魔理沙）","Marked Mod","Menagerie","Minty Spire (QoL Compilation)","Permanent Neow","Reliquary","Replay The Spire","Robot Space Explorer","Spicy Shops","Spire Arcade","StSLib","Stuff the Spire","The Blue Laboratory","The Bug Knight","The Construct","The Disciple","The Hayseed","The Hierophant","The Marked","The Runesmith","The Sage","TheFirefly"],"gold_per_floor":[119,139,139,139,149,174,174,207,207,207,225,225,225,235,235,330,330,341,341,341,351,362,389,69,69,69,82,332,344,374,386,386,490,490,506,521,521,535,555,584,604,604,604,614,628,660,660,670,670,670],"floor_reached":51,"language":"ENG","playtime":4990,"items_purged":["Strike_MRS","Regret"],"score":1310,"play_id":"e5c9e6de-74e5-430c-87ae-80b5b11ca9a1","local_time":"20210208031247","is_ascension_mode":true,"campfire_choices":[{"data":"MasterSpark","floor":7,"key":"SMITH"},{"data":"AsteroidBelt","floor":10,"key":"SMITH"},{"data":"thefirefly:Flight","floor":12,"key":"SMITH"},{"data":"NonDirectionalLaser","floor":15,"key":"SMITH"},{"floor":25,"key":"REST"},{"data":"infinitespire:Menacing","floor":32,"key":"SMITH"},{"data":"AbsoluteMagnitude","floor":49,"key":"SMITH"}],"circlet_count":0,"master_deck":["AscendersBane","Strike_MRS","Defend_MRS+1","Defend_MRS","Defend_MRS+1","Defend_MRS","MasterSpark+1","UpSweep+1","NonDirectionalLaser+1","thefirefly:Flight+1","WitchLeyline+1","AsteroidBelt+1","StarlightTyphoon","thefirefly:Boost+1","CasketOfStar+1","OortCloud+1","infinitespire:Menacing+1","infinitespire:Fortify","infinitespire:Gouge+1","EnergyRecoil+1","thefirefly:Quine","ShootingEcho+1","ShootingEcho+1","thefirefly:Lamentation+1","Singularity","6A","thefirefly:FlareScreen","BlazeAway+1","6A","6A","AbsoluteMagnitude+1","PropBag+1"],"relics":["MiniHakkero","Lantern","Strawberry","hubris:DisguiseKit","construct:RocketBooster","Counterbalance","Replay:Towering Pillar of Hats","Gensokyo:OccultBall","jedi:battlestandard","ExperimentalFamiliar","Blue Doll","HollowMod:JonisBlessing","reliquary:Buckler","reliquary:IridiumChain","reliquary:JackalopeAntler","SlaversCollar","infinitespire:CursedDice","reliquary:ExpiredCoupon","StuffTheSpire:GrapeVine","hubris:Towel"],"acts_visited":["Exordium","Gensokyo:Gensokyo","Gensokyo:Gensokyoer"],"potions_floor_usage":[8,23,23,46,50,50],"damage_taken":[{"damage":6.0,"enemies":"Gensokyo:Gryphon","floor":1.0,"turns":3.0},{"damage":0.0,"enemies":"Gensokyo:Python","floor":2.0,"turns":2.0},{"damage":0,"enemies":"Gensokyo:2_Kodama","floor":5,"turns":3},{"damage":15,"enemies":"Gensokyo:Aya","floor":6,"turns":7},{"damage":11,"enemies":"Gensokyo:Cirno","floor":8,"turns":6},{"damage":0,"enemies":"Gensokyo:LivingMonolith","floor":11,"turns":3},{"damage":0,"enemies":"Gensokyo:Kitsune","floor":14,"turns":2},{"damage":19,"enemies":"Gensokyo:Reimu","floor":16,"turns":11},{"damage":13,"enemies":"Gensokyo:3_Dogs","floor":18,"turns":6},{"damage":0,"enemies":"Gensokyo:CosmicMonolith","floor":21,"turns":3},{"damage":0,"enemies":"Gensokyo:Swordslinger","floor":22,"turns":4},{"damage":0,"enemies":"Gensokyo:Reisen","floor":23,"turns":9},{"damage":0,"enemies":"Gensokyo:Slime_Group","floor":27,"turns":3},{"damage":0,"enemies":"Gensokyo:Wraith","floor":29,"turns":4},{"damage":0,"enemies":"Gensokyo:Koishi","floor":30,"turns":3},{"damage":0,"enemies":"Gensokyo:Mirror_and_Dog","floor":31,"turns":2},{"damage":0,"enemies":"Gensokyo:Kaguya","floor":33,"turns":6},{"damage":0,"enemies":"Gensokyo:3_Bats","floor":35,"turns":3},{"damage":0,"enemies":"Gensokyo:AncientGuardian","floor":36,"turns":3},{"damage":0,"enemies":"Gensokyo:3_Boulders","floor":38,"turns":2},{"damage":0,"enemies":"Gensokyo:4_Bats","floor":39,"turns":2},{"damage":0,"enemies":"Gensokyo:Kasen","floor":40,"turns":4},{"damage":0,"enemies":"Gensokyo:Dusk_and_Dawn","floor":41,"turns":2},{"damage":0,"enemies":"Gensokyo:AtlasGolem","floor":44,"turns":4},{"damage":0,"enemies":"Gensokyo:Sharpion","floor":45,"turns":3},{"damage":2,"enemies":"Gensokyo:Marisa","floor":46,"turns":4},{"damage":0,"enemies":"Gensokyo:Dusk_and_Dawn","floor":48,"turns":3},{"damage":0,"enemies":"Gensokyo:Scarlet_Devils","floor":50,"turns":6}],"seed_played":"8075773775427825120","potions_obtained":[{"floor":1.0,"key":"Ancient Potion"},{"floor":6,"key":"LiquidBronze"},{"floor":14,"key":"blueLaboratory:RememoryPotion"},{"floor":16,"key":"Reflective Coating"},{"floor":18,"key":"SkillPotion"},{"floor":21,"key":"EntropicBrew"},{"floor":27,"key":"blueLaboratory:FrostheartPotion"},{"floor":30,"key":"GamblersBrew"},{"floor":46,"key":"SteroidPotion"}],"is_trial":false,"path_per_floor":["M","M","?","T","M","E","R","E","T","R","M","R","?","M","R","B",null,"M","?","AVR","M","M","E","$","R","T","M","?","M","E","M","R","B",null,"M","M","?","M","M","E","M","?","T","M","M","E","?","M","R","B",null],"character_chosen":"MARISA","items_purchased":["HollowMod:JonisBlessing","reliquary:Buckler","ShootingEcho+1"],"campfire_rested":1,"item_purchase_floors":[24,24,24],"current_hp_per_floor":[62,62,59,59,59,44,44,33,33,33,33,33,33,33,33,14,65,52,32,32,32,32,32,32,56,56,56,56,56,56,56,56,56,73,73,73,73,73,73,73,73,73,73,73,73,71,71,71,71,71],"gold":670,"neow_bonus":"RANDOM_COMMON_RELIC","is_daily":false,"chose_seed":false,"campfire_upgraded":6,"win_rate":0.0,"timestamp":1612771967,"path_taken":["M","M","?","?","M","E","R","E","T","R","M","R","?","M","R","BOSS","M","?","AVR","M","M","E","$","R","T","M","?","M","E","M","R","BOSS","M","M","?","M","M","E","M","?","T","M","M","E","?","M","R","BOSS"],"items_purchased_type":["Relic","Relic","Card"],"build_version":"2020-12-22","purchased_purges":2,"victory":true,"max_hp_per_floor":[75,75,82,82,82,82,82,82,82,82,82,82,82,82,82,82,82,82,82,82,82,82,82,82,82,82,82,78,78,78,78,78,78,78,78,78,78,78,78,78,78,78,78,78,78,78,78,78,78,78],"card_choices":[{"not_picked":["ManaConvection","UnstableBomb"],"picked":"NonDirectionalLaser","floor":1.0},{"not_picked":["MysteriousBeam","GravityBeat"],"picked":"GasGiant","floor":2.0},{"not_picked":["Acceleration","ShootingEcho","AlicesGift"],"picked":"thefirefly:Flight","floor":5},{"not_picked":["GasGiant","LuminesStrike","thefirefly:AuroralDischarge"],"picked":"WitchLeyline","floor":6},{"not_picked":["MeteoricShower","BigCrunch","thefirefly:FlareScreen"],"picked":"AsteroidBelt","floor":8},{"not_picked":["UnstableBomb","WitchLeyline","thefirefly:Lamentation"],"picked":"StarlightTyphoon","floor":11},{"not_picked":["AlicesGift","NonDirectionalLaser","Orbital"],"picked":"thefirefly:Boost","floor":14},{"not_picked":["CollectingQuirk","AbsoluteMagnitude","thefirefly:BoltzmannBrain"],"picked":"CasketOfStar","floor":16},{"not_picked":["DoubleSpark","GravityBeat","thefirefly:Reposition"],"picked":"OortCloud+1","floor":18},{"not_picked":["hubris:Rewind","hubris:Fate"],"picked":"infinitespire:Menacing","floor":19},{"not_picked":["Acceleration+1","UnstableBomb+1","thefirefly:ArtillleryBeam"],"picked":"EnergyRecoil+1","floor":21},{"not_picked":["EnergyRecoil","MilkyWay","GravityBeat"],"picked":"thefirefly:Quine","floor":22},{"not_picked":["DC","AsteroidBelt","thefirefly:CreateClone"],"picked":"ShootingEcho+1","floor":23},{"not_picked":["StarBarrage","GalacticHalo","StarDustReverie","thefirefly:Preload"],"picked":"SKIP","floor":27},{"not_picked":["OortCloud","GrandCross","UnstableBomb"],"picked":"thefirefly:Lamentation","floor":29},{"not_picked":["DarkSpark","Acceleration+1","thefirefly:Flight"],"picked":"Singularity","floor":30},{"not_picked":["ShootingEcho+1","Acceleration+1","thefirefly:ArtillleryBeam"],"picked":"6A","floor":31},{"not_picked":["OpenUniverse+1","ManaConvection+1","GrandCross"],"picked":"thefirefly:FlareScreen","floor":35},{"not_picked":["EnergyFlow","OpenUniverse","thefirefly:Flight"],"picked":"BlazeAway+1","floor":36},{"not_picked":["SporeBomb","MachineGunSpark","LuminesStrike+1","thefirefly:AutoTargeting"],"picked":"SKIP","floor":38},{"not_picked":["WitchOfGreed","MeteoricShower+1","thefirefly:AutoTargeting"],"picked":"6A","floor":39},{"not_picked":["EventHorizon+1","AsteroidBelt","DarkSpark","thefirefly:ErraticMotions"],"picked":"SKIP","floor":40},{"not_picked":["BigCrunch","ChargingUp","ShootingEcho","thefirefly:SteadyAim"],"picked":"SKIP","floor":41},{"not_picked":["AsteroidBelt","WitchOfGreed","DarkMatter+1","thefirefly:Distort"],"picked":"SKIP","floor":44},{"not_picked":["IllusionStar+1","Orbital","thefirefly:ErraticMotions"],"picked":"6A","floor":45},{"not_picked":["WitchLeyline","SporeBomb+1","thefirefly:Reposition"],"picked":"AbsoluteMagnitude","floor":46},{"not_picked":["Occultation","PowerUp+1","thefirefly:PotentAmmunition"],"picked":"PropBag+1","floor":48}],"player_experience":2099219,"relics_obtained":[{"floor":4,"key":"hubris:DisguiseKit"},{"floor":6,"key":"construct:RocketBooster"},{"floor":8,"key":"Counterbalance"},{"floor":9,"key":"Replay:Towering Pillar of Hats"},{"floor":16,"key":"Gensokyo:OccultBall"},{"floor":23,"key":"Blue Doll"},{"floor":26,"key":"reliquary:IridiumChain"},{"floor":30,"key":"reliquary:JackalopeAntler"},{"floor":31,"key":"Gensokyo:OccultBall"},{"floor":33,"key":"Gensokyo:OccultBall"},{"floor":40,"key":"infinitespire:CursedDice"},{"floor":43,"key":"reliquary:ExpiredCoupon"},{"floor":44,"key":"Gensokyo:OccultBall"},{"floor":46,"key":"StuffTheSpire:GrapeVine"}],"event_choices":[],"is_beta":false,"boss_relics":[{"not_picked":["aspiration:BardSkillbook","halation:Yufonium"],"picked":"jedi:battlestandard"},{"not_picked":["StuffTheSpire:ModemDavis","Abe\u0027s Treasure"],"picked":"SlaversCollar"}],"items_purged_floors":[20,24],"is_endless":false,"potions_floor_spawned":[1,6,14,16,18,21,27,30,36,40,44,46],"ascension_level":10}}