{"host":"rolltorest","time":1612819635,"event":{"mods":["BaseMod","Minty Spire (QoL Compilation)","Relic Stats","Slay the Relics Exporter","StSLib"],"gold_per_floor":[364,131,144,294,107,140,150,150,174,96,96,110,129,149,149,228,228,244,262,262,262,278,278,278],"floor_reached":23,"language":"ENG","playtime":752,"items_purged":["Parasite","Doubt"],"score":486,"play_id":"b8ae6f95-319b-47a3-a178-4874317b99aa","local_time":"20210208132715","is_ascension_mode":true,"campfire_choices":[{"floor":11,"key":"REST"},{"data":"Well Laid Plans","floor":15,"key":"SMITH"}],"circlet_count":0,"master_deck":["AscendersBane","Strike_G","Strike_G+1","Defend_G","Defend_G+1","Defend_G","Defend_G","Defend_G","Survivor","Neutralize","Dash","Terror","Blade Dance","Blade Dance","Footwork","Slice","Finisher","Well Laid Plans+1","Blade Dance","Footwork","Sucker Punch","After Image","Noxious Fumes+1","Sucker Punch+1","Skewer+1","Deflect","Deflect+1","Decay","Ghostly","Ghostly","Ghostly"],"relics":["Ring of the Snake","Toy Ornithopter","Akabeko","Astrolabe"],"acts_visited":["Exordium","TheCity"],"potions_floor_usage":[12,16,19,23],"damage_taken":[{"damage":8,"enemies":"Jaw Worm","floor":1,"turns":9},{"damage":1,"enemies":"Small Slimes","floor":3,"turns":4},{"damage":22,"enemies":"Gremlin Nob","floor":6,"turns":4},{"damage":0,"enemies":"Cultist","floor":7,"turns":3},{"damage":3,"enemies":"Exordium Thugs","floor":12,"turns":4},{"damage":8,"enemies":"3 Louse","floor":13,"turns":3},{"damage":1,"enemies":"Looter","floor":14,"turns":3},{"damage":0,"enemies":"Hexaghost","floor":16,"turns":8},{"damage":18,"enemies":"Chosen","floor":18,"turns":7},{"damage":14,"enemies":"2 Thieves","floor":19,"turns":3},{"damage":6,"enemies":"Sentry and Sphere","floor":22,"turns":11},{"damage":30,"enemies":"Gremlin Leader","floor":23,"turns":5}],"seed_played":"-4148711845089792968","potions_obtained":[{"floor":7,"key":"Fire Potion"},{"floor":12,"key":"Strength Potion"},{"floor":14,"key":"Poison Potion"},{"floor":16,"key":"PowerPotion"},{"floor":18,"key":"Strength Potion"}],"is_trial":false,"path_per_floor":["M","$","M","?","$","E","M","?","T","$","R","M","M","M","R","B",null,"M","M","?","?","M","E"],"character_chosen":"THE_SILENT","items_purchased":["Dash","Terror","Blade Dance","Footwork","Well Laid Plans"],"campfire_rested":1,"item_purchase_floors":[2,2,5,5,10],"current_hp_per_floor":[51,51,50,50,50,28,28,9,9,9,27,29,21,20,20,25,54,36,27,27,27,21,0,0],"gold":278,"neow_bonus":"TWO_FIFTY_GOLD","is_daily":false,"chose_seed":false,"campfire_upgraded":1,"win_rate":0.0,"timestamp":1612819635,"path_taken":["M","$","M","?","$","E","M","?","T","$","R","M","M","M","R","BOSS","M","M","?","?","?","E"],"items_purchased_type":["Card","Card","Card","Card","Card"],"build_version":"2020-12-18","purchased_purges":2,"victory":false,"max_hp_per_floor":[66,63,63,63,63,63,63,63,63,63,63,63,63,63,63,63,63,63,63,63,31,31,31,31],"relic_stats":{"counters":[12,64],"Astrolabe":["Noxious Fumes","Sucker Punch","Skewer"],"obtain_stats":[{"Astrolabe":17,"Toy Ornithopter":6,"Akabeko":9,"Ring of the Snake":0},{"Astrolabe":8,"Toy Ornithopter":3,"Akabeko":4,"Ring of the Snake":0},{"Astrolabe":38,"Toy Ornithopter":17,"Akabeko":20,"Ring of the Snake":0}],"Toy Ornithopter":20,"Ring of the Snake":[24]},"card_choices":[{"not_picked":["Setup","Outmaneuver","Escape Plan"],"picked":"SKIP","floor":1},{"not_picked":["Backflip","Masterful Stab"],"picked":"Blade Dance","floor":3},{"not_picked":["Terror","Setup"],"picked":"Slice","floor":6},{"not_picked":["Catalyst","Prepared"],"picked":"Finisher","floor":7},{"not_picked":["Outmaneuver","Flying Knee"],"picked":"Blade Dance","floor":12},{"not_picked":["Bane","Terror"],"picked":"Footwork","floor":13},{"not_picked":["Underhanded Strike","Tactician"],"picked":"Sucker Punch","floor":14},{"not_picked":["Storm of Steel","Malaise"],"picked":"After Image","floor":16},{"not_picked":["Quick Slash","Dagger Throw"],"picked":"Deflect","floor":18},{"not_picked":["Slice","Prepared"],"picked":"Deflect+1","floor":19},{"not_picked":["Acrobatics","Slice","Quick Slash"],"picked":"SKIP","floor":22}],"player_experience":1915297,"relics_obtained":[{"floor":6,"key":"Toy Ornithopter"},{"floor":9,"key":"Akabeko"}],"event_choices":[{"damage_healed":0,"gold_gain":150,"player_choice":"AGREE","damage_taken":0,"max_hp_gain":0,"max_hp_loss":0,"event_name":"Liars Game","floor":4,"gold_loss":0,"cards_obtained":["Doubt"]},{"damage_healed":0,"gold_gain":0,"player_choice":"Entered Light","damage_taken":19,"max_hp_gain":0,"max_hp_loss":0,"event_name":"Shining Light","floor":8,"gold_loss":0,"cards_upgraded":["Defend_G","Strike_G"]},{"damage_healed":0,"gold_gain":0,"player_choice":"Smashed Altar","damage_taken":0,"max_hp_gain":0,"max_hp_loss":0,"event_name":"Forgotten Altar","floor":20,"gold_loss":0,"cards_obtained":["Decay"]},{"damage_healed":0,"gold_gain":0,"player_choice":"Became a Ghost","damage_taken":0,"max_hp_gain":0,"max_hp_loss":32,"event_name":"Ghosts","floor":21,"gold_loss":0,"cards_obtained":["Ghostly","Ghostly","Ghostly"]}],"is_beta":true,"boss_relics":[{"not_picked":["Snecko Eye","Coffee Dripper"],"picked":"Astrolabe"}],"items_purged_floors":[2,5],"is_endless":false,"potions_floor_spawned":[7,12,14,16,18],"killed_by":"Gremlin Leader","ascension_level":20}}