{"host":"5raohst9sk3kvp5v","time":1612765934,"event":{"mods":["BaseMod","Colored Powertips","Highlight Path","Minty Spire (QoL Compilation)","Quick Restart","Relic Stats","StSLib"],"gold_per_floor":[110,121,134,4,21,53,53,9,9,9,37,48,68,85,85,85,85],"floor_reached":16,"language":"ENG","playtime":614,"items_purged":[],"score":222,"play_id":"ae887d4d-4d47-4ddf-827f-0b730ead085b","local_time":"20210208003214","is_ascension_mode":true,"campfire_choices":[{"floor":10.0,"key":"REST"},{"floor":15,"key":"REST"}],"circlet_count":0,"master_deck":["AscendersBane","Strike_R","Strike_R","Strike_R","Strike_R","Defend_R","Defend_R","Defend_R","Defend_R","Bash","Brutality","Shrug It Off","Cleave","Immolate","True Grit","Flame Barrier","Blood for Blood","Power Through","Barricade","Inflame","Second Wind","Headbutt","Uppercut","Rage"],"relics":["Burning Blood","Ancient Tea Set","The Courier"],"acts_visited":["Exordium"],"potions_floor_usage":[14,16],"damage_taken":[{"damage":3.0,"enemies":"Cultist","floor":1.0,"turns":3.0},{"damage":7.0,"enemies":"2 Louse","floor":2.0,"turns":4.0},{"damage":12.0,"enemies":"Jaw Worm","floor":3.0,"turns":5.0},{"damage":8.0,"enemies":"Exordium Thugs","floor":5.0,"turns":4.0},{"damage":50.0,"enemies":"Lagavulin","floor":6.0,"turns":8.0},{"damage":22.0,"enemies":"3 Sentries","floor":11.0,"turns":5.0},{"damage":0.0,"enemies":"3 Louse","floor":12.0,"turns":2.0},{"damage":6,"enemies":"Looter","floor":13,"turns":4},{"damage":18,"enemies":"Large Slime","floor":14,"turns":6},{"damage":36,"enemies":"The Guardian","floor":16,"turns":6}],"seed_played":"7030969265358622819","potions_obtained":[{"floor":2.0,"key":"Fire Potion"},{"floor":3.0,"key":"SteroidPotion"},{"floor":5.0,"key":"Ancient Potion"},{"floor":12.0,"key":"SkillPotion"},{"floor":14,"key":"BloodPotion"}],"is_trial":false,"path_per_floor":["M","M","M","$","M","E","?","$","T","R","E","M","M","M","R","B"],"character_chosen":"IRONCLAD","items_purchased":["True Grit","Flame Barrier","Inflame"],"campfire_rested":2,"item_purchase_floors":[4,4,8],"current_hp_per_floor":[71,70,64,64,62,18,18,18,18,40,24,30,30,18,40,19,19],"gold":85,"neow_bonus":"ONE_RANDOM_RARE_CARD","is_daily":false,"chose_seed":false,"campfire_upgraded":0,"win_rate":0.0,"timestamp":1612765934,"path_taken":["M","M","?","$","M","E","?","?","T","R","E","M","M","?","R","BOSS"],"items_purchased_type":["Card","Card","Card"],"build_version":"2020-12-22","purchased_purges":0,"victory":false,"max_hp_per_floor":[75,75,75,75,75,75,75,75,75,75,75,75,75,75,75,75,75],"relic_stats":{"counters":[10,47],"obtain_stats":[{"The Courier":11,"Ancient Tea Set":6,"Burning Blood":0},{"The Courier":6,"Ancient Tea Set":5,"Burning Blood":0},{"The Courier":29,"Ancient Tea Set":24,"Burning Blood":0}],"Burning Blood":54},"card_choices":[{"not_picked":["Anger","Sentinel"],"picked":"Shrug It Off","floor":1.0},{"not_picked":["Clothesline","Perfected Strike"],"picked":"Cleave","floor":2.0},{"not_picked":["Havoc","Reckless Charge"],"picked":"Immolate","floor":3.0},{"not_picked":["Rampage","Warcry"],"picked":"Blood for Blood","floor":5.0},{"not_picked":["Clothesline","Clash"],"picked":"Power Through","floor":6.0},{"not_picked":["Iron Wave","Metallicize"],"picked":"Second Wind","floor":11.0},{"not_picked":["True Grit","Sword Boomerang"],"picked":"Headbutt","floor":12.0},{"not_picked":["Havoc","Cleave"],"picked":"Uppercut","floor":13},{"not_picked":["Dropkick","Cleave"],"picked":"Rage","floor":14}],"player_experience":1722986,"relics_obtained":[{"floor":6.0,"key":"Ancient Tea Set"},{"floor":11.0,"key":"The Courier"}],"event_choices":[{"damage_healed":0.0,"max_hp_gain":0.0,"max_hp_loss":0.0,"gold_gain":0.0,"cards_transformed":["Strike_R"],"event_name":"Living Wall","player_choice":"Change","floor":7.0,"gold_loss":0.0,"damage_taken":0.0,"cards_obtained":["Barricade"]}],"is_beta":false,"boss_relics":[],"items_purged_floors":[],"is_endless":false,"potions_floor_spawned":[2,3,5,12,14],"killed_by":"The Guardian","ascension_level":19}}