{"host":"psytf3wd8ccrk52d","time":1612748142,"event":{"mods":["Astrologer","BaseMod","Better Third Choice","CapriCore","Colored Map","Dio Mod","Downfall","Ekko","Hermit","JesterMod","Minty Spire (QoL Compilation)","Replay The Spire","Robot Space Explorer","Shade Mod","Shop Mod","Spire Arcade","StSLib","The Alterego","The Immortal","The Marked","TheVacant"],"gold_per_floor":[114,114,114,18,18,49,49,49,49,49,49,69,88,88,102,120,120,217,217,237,140,158,158,83,111,111,124,124,124,124,141,141,153,153,248,248,258,273,291,291,291],"floor_reached":40,"language":"ENG","playtime":1692,"items_purged":[],"score":456,"play_id":"78434815-7441-4ebf-8177-c957bba44fc0","local_time":"20210208013542","is_ascension_mode":false,"campfire_choices":[{"data":"ekkoTheBoyWhoShatteredTime:NeedlesslyLargeRod","floor":7,"key":"SMITH"},{"data":"ekkoTheBoyWhoShatteredTime:Powered","floor":10,"key":"SMITH"},{"data":"ekkoTheBoyWhoShatteredTime:SneakHit","floor":14,"key":"SMITH"},{"data":"ekkoTheBoyWhoShatteredTime:ComeAtMe","floor":17,"key":"SMITH"},{"data":"ekkoTheBoyWhoShatteredTime:Periocharge","floor":26,"key":"SMITH"},{"data":"ekkoTheBoyWhoShatteredTime:DodgeTraining","floor":29,"key":"SMITH"},{"floor":34,"key":"REST"}],"circlet_count":0,"master_deck":["ekkoTheBoyWhoShatteredTime:Strike","ekkoTheBoyWhoShatteredTime:Strike","ekkoTheBoyWhoShatteredTime:Strike","ekkoTheBoyWhoShatteredTime:Defend","ekkoTheBoyWhoShatteredTime:Defend","ekkoTheBoyWhoShatteredTime:Defend","ekkoTheBoyWhoShatteredTime:TimeMaster","ekkoTheBoyWhoShatteredTime:Powered+1","ekkoTheBoyWhoShatteredTime:Greed","ekkoTheBoyWhoShatteredTime:NeedlesslyLargeRod+1","ekkoTheBoyWhoShatteredTime:NeedlesslyLargeRod+1","ekkoTheBoyWhoShatteredTime:NaggingBlow","ekkoTheBoyWhoShatteredTime:WideSlice","ekkoTheBoyWhoShatteredTime:SneakHit+1","ekkoTheBoyWhoShatteredTime:ComeAtMe+1","ekkoTheBoyWhoShatteredTime:Backtrack","ekkoTheBoyWhoShatteredTime:AcademyAttraction","ekkoTheBoyWhoShatteredTime:Unchained+1","ekkoTheBoyWhoShatteredTime:NeedlesslyLargeRod","ekkoTheBoyWhoShatteredTime:AfterimageTease","ekkoTheBoyWhoShatteredTime:NeedlesslyLargeRod","ekkoTheBoyWhoShatteredTime:Periocharge+1","ekkoTheBoyWhoShatteredTime:DodgeTraining+1","ekkoTheBoyWhoShatteredTime:SpHit+1","ekkoTheBoyWhoShatteredTime:LevelUp","ekkoTheBoyWhoShatteredTime:SandstormSympathy","ekkoTheBoyWhoShatteredTime:Dash+1","ekkoTheBoyWhoShatteredTime:Vibin","ekkoTheBoyWhoShatteredTime:URF"],"relics":["ekkoTheBoyWhoShatteredTime:zDriveResonance","NeowsBlessing","Ring of Fury","Ring of Fangs","Bag of Marbles","Pear","Painkiller Herb","sneckomod:BabySnecko","Dream Catcher","Prayer Wheel","alterego_mod:SomeoneToFightFor","Empty Cage"],"acts_visited":["Exordium","TheCity","TheBeyond"],"potions_floor_usage":[20,33],"damage_taken":[{"damage":0,"enemies":"Jaw Worm","floor":1,"turns":1},{"damage":0,"enemies":"Gremlin Nob","floor":6,"turns":1},{"damage":0,"enemies":"2 Louse","floor":12,"turns":1},{"damage":2,"enemies":"Cultist","floor":13,"turns":2},{"damage":10,"enemies":"3 Louse","floor":15,"turns":2},{"damage":4,"enemies":"Exordium Thugs","floor":16,"turns":3},{"damage":2,"enemies":"Slime Boss","floor":18,"turns":5},{"damage":2,"enemies":"Spheric Guardian","floor":20,"turns":4},{"damage":5,"enemies":"Shell Parasite","floor":22,"turns":3},{"damage":25,"enemies":"Slavers","floor":25,"turns":4},{"damage":22,"enemies":"Centurion and Healer","floor":27,"turns":4},{"damage":11,"enemies":"Snecko","floor":31,"turns":4},{"damage":14,"enemies":"Chosen and Byrds","floor":33,"turns":6},{"damage":22,"enemies":"Champ","floor":35,"turns":7},{"damage":42,"enemies":"3 Shapes","floor":37,"turns":6},{"damage":32,"enemies":"3 Darklings","floor":38,"turns":6},{"damage":20,"enemies":"Spire Growth","floor":39,"turns":4},{"damage":43,"enemies":"Jaw Worm Horde","floor":40,"turns":2}],"seed_played":"8433055779399241160","potions_obtained":[{"floor":13,"key":"ekkoTheBoyWhoShatteredTime:BottledSheen"},{"floor":16,"key":"Dexterity Potion"},{"floor":18,"key":"ekkoTheBoyWhoShatteredTime:EquilibriumPotion"},{"floor":27,"key":"Regen Potion"},{"floor":35,"key":"ekkoTheBoyWhoShatteredTime:EquilibriumPotion"}],"is_trial":false,"path_per_floor":["M","?","?","$","?","E","R","PTL","PTL","R","T","M","M","R","M","M","R","B",null,"?","T","?","?","?","E","T","?","T","T","?","?","?","?","T","B",null,"?","?","?","?"],"character_chosen":"EKKO_THE_BOY_WHO_SHATTERED_TIME","items_purchased":["ekkoTheBoyWhoShatteredTime:NeedlesslyLargeRod","ekkoTheBoyWhoShatteredTime:NaggingBlow","ekkoTheBoyWhoShatteredTime:NeedlesslyLargeRod","ekkoTheBoyWhoShatteredTime:AfterimageTease"],"campfire_rested":1,"item_purchase_floors":[4,4,21,21],"current_hp_per_floor":[78,78,78,78,78,78,78,78,78,78,88,88,86,86,76,72,72,70,88,86,86,81,81,81,56,56,34,34,34,34,23,23,24,50,28,88,60,49,29,0,0],"gold":291,"neow_bonus":"THREE_ENEMY_KILL","is_daily":false,"chose_seed":false,"campfire_upgraded":6,"win_rate":0.0,"timestamp":1612748142,"path_taken":["M","?","?","$","?","E","R","PTL","PTL","R","T","M","M","R","M","?","R","BOSS","?","T","?","?","?","E","T","?","T","T","?","?","?","?","T","BOSS","?","?","?","?"],"items_purchased_type":["Card","Card","Card","Card"],"build_version":"2020-12-22","purchased_purges":0,"victory":false,"max_hp_per_floor":[78,78,78,78,78,78,78,78,78,78,88,88,88,88,88,88,88,88,88,88,88,88,88,88,88,88,88,88,88,88,88,88,88,88,88,88,88,88,88,88,88],"card_choices":[{"not_picked":["ekkoTheBoyWhoShatteredTime:AfterimageHit","ekkoTheBoyWhoShatteredTime:QuickBreak"],"picked":"ekkoTheBoyWhoShatteredTime:Greed","floor":1},{"not_picked":["ekkoTheBoyWhoShatteredTime:TimeRecall","ekkoTheBoyWhoShatteredTime:DefensiveStance"],"picked":"ekkoTheBoyWhoShatteredTime:WideSlice","floor":6},{"not_picked":["ekkoTheBoyWhoShatteredTime:WaitForKeyTiming","ekkoTheBoyWhoShatteredTime:SneakHit","ekkoTheBoyWhoShatteredTime:Dash"],"picked":"SKIP","floor":12},{"not_picked":["ekkoTheBoyWhoShatteredTime:WaitForKeyTiming","ekkoTheBoyWhoShatteredTime:Dash"],"picked":"ekkoTheBoyWhoShatteredTime:SneakHit","floor":12},{"not_picked":["ekkoTheBoyWhoShatteredTime:SneakHit","ekkoTheBoyWhoShatteredTime:SpHit","ekkoTheBoyWhoShatteredTime:AfterimageTimeWrap"],"picked":"SKIP","floor":13},{"not_picked":["ekkoTheBoyWhoShatteredTime:Playful","ekkoTheBoyWhoShatteredTime:TimeRecall"],"picked":"ekkoTheBoyWhoShatteredTime:ComeAtMe","floor":15},{"not_picked":["ekkoTheBoyWhoShatteredTime:Dash","ekkoTheBoyWhoShatteredTime:Leap"],"picked":"ekkoTheBoyWhoShatteredTime:Backtrack","floor":16},{"not_picked":["ekkoTheBoyWhoShatteredTime:Unleashed","ekkoTheBoyWhoShatteredTime:Periocharge"],"picked":"ekkoTheBoyWhoShatteredTime:AcademyAttraction","floor":18},{"not_picked":["ekkoTheBoyWhoShatteredTime:NaggingBlow","ekkoTheBoyWhoShatteredTime:LichBane"],"picked":"ekkoTheBoyWhoShatteredTime:Unchained+1","floor":20},{"not_picked":["ekkoTheBoyWhoShatteredTime:AfterimageHit","ekkoTheBoyWhoShatteredTime:Leap+1"],"picked":"ekkoTheBoyWhoShatteredTime:NeedlesslyLargeRod","floor":22},{"not_picked":["ekkoTheBoyWhoShatteredTime:PlayTheBeat","ekkoTheBoyWhoShatteredTime:NaggingBlow"],"picked":"ekkoTheBoyWhoShatteredTime:Periocharge","floor":25},{"not_picked":["ekkoTheBoyWhoShatteredTime:NaggingBlow","ekkoTheBoyWhoShatteredTime:AfterimageSetup+1"],"picked":"ekkoTheBoyWhoShatteredTime:DodgeTraining","floor":27},{"not_picked":["ekkoTheBoyWhoShatteredTime:TimeRecall","ekkoTheBoyWhoShatteredTime:NaggingBlow","ekkoTheBoyWhoShatteredTime:SpHit"],"picked":"SKIP","floor":31},{"not_picked":["ekkoTheBoyWhoShatteredTime:CommittedStrike","ekkoTheBoyWhoShatteredTime:HauntedAfterimage","ekkoTheBoyWhoShatteredTime:GrandeFinale"],"picked":"SKIP","floor":31},{"not_picked":["ekkoTheBoyWhoShatteredTime:QuickBreak","ekkoTheBoyWhoShatteredTime:DelayedWork"],"picked":"ekkoTheBoyWhoShatteredTime:SpHit+1","floor":33},{"not_picked":["ekkoTheBoyWhoShatteredTime:AfterimageTease","ekkoTheBoyWhoShatteredTime:Backtrack","ekkoTheBoyWhoShatteredTime:CommittedStrike"],"picked":"SKIP","floor":33},{"not_picked":["ekkoTheBoyWhoShatteredTime:Resocharge","ekkoTheBoyWhoShatteredTime:RecallingPunch"],"picked":"ekkoTheBoyWhoShatteredTime:LevelUp","floor":34},{"not_picked":["ekkoTheBoyWhoShatteredTime:Chronobreak","ekkoTheBoyWhoShatteredTime:TrueDamageTendency"],"picked":"ekkoTheBoyWhoShatteredTime:SandstormSympathy","floor":35},{"not_picked":["ekkoTheBoyWhoShatteredTime:WideSlice+1","ekkoTheBoyWhoShatteredTime:WaitForKeyTiming+1"],"picked":"ekkoTheBoyWhoShatteredTime:Dash+1","floor":37},{"not_picked":["ekkoTheBoyWhoShatteredTime:AfterimageHit","ekkoTheBoyWhoShatteredTime:FeelLessPain","ekkoTheBoyWhoShatteredTime:AfterimageTease"],"picked":"SKIP","floor":37},{"not_picked":["ekkoTheBoyWhoShatteredTime:ComeAtMe+1","ekkoTheBoyWhoShatteredTime:WaitForKeyTiming+1"],"picked":"ekkoTheBoyWhoShatteredTime:Vibin","floor":38},{"not_picked":["ekkoTheBoyWhoShatteredTime:DelayedWork+1","ekkoTheBoyWhoShatteredTime:VelocityConsuming+1","ekkoTheBoyWhoShatteredTime:IceBreak+1"],"picked":"SKIP","floor":38},{"not_picked":["ekkoTheBoyWhoShatteredTime:Confident","ekkoTheBoyWhoShatteredTime:SpHit+1"],"picked":"ekkoTheBoyWhoShatteredTime:URF","floor":39},{"not_picked":["ekkoTheBoyWhoShatteredTime:IceBreak+1","ekkoTheBoyWhoShatteredTime:WaitForKeyTiming","ekkoTheBoyWhoShatteredTime:PhaseDive"],"picked":"SKIP","floor":39}],"player_experience":74846,"relics_obtained":[{"floor":5,"key":"Ring of Fury"},{"floor":5,"key":"Ring of Fangs"},{"floor":6,"key":"Bag of Marbles"},{"floor":11,"key":"Pear"},{"floor":25,"key":"Dream Catcher"},{"floor":28,"key":"Prayer Wheel"}],"event_choices":[{"damage_healed":0,"gold_gain":0,"player_choice":"Ignored","damage_taken":114,"max_hp_gain":0,"max_hp_loss":0,"event_name":"betterThird:BetterSerpent","floor":3,"gold_loss":0},{"cards_removed":["downfall:Bewildered"],"damage_healed":0,"gold_gain":0,"player_choice":"Gave Gold","damage_taken":0,"max_hp_gain":0,"max_hp_loss":0,"event_name":"Beggar","floor":24,"gold_loss":75},{"damage_healed":0,"gold_gain":0,"player_choice":"Choice 2","damage_taken":0,"relics_obtained":["alterego_mod:SomeoneToFightFor"],"max_hp_gain":0,"max_hp_loss":0,"event_name":"Secret Garden","floor":30,"gold_loss":0},{"damage_healed":0,"gold_gain":0,"player_choice":"Ignored","damage_taken":0,"max_hp_gain":0,"max_hp_loss":0,"event_name":"Ghosts","floor":32,"gold_loss":0}],"is_beta":false,"boss_relics":[{"not_picked":["bronze:MakeshiftBattery","Calling Bell"],"picked":"Painkiller Herb"},{"not_picked":["Kintsugi","Replay:Drink Me"],"picked":"Empty Cage"}],"items_purged_floors":[],"is_endless":false,"potions_floor_spawned":[13,16,18,27,31,35,37,38],"killed_by":"Jaw Worm Horde","ascension_level":0}}