{"host":"j0jjxssq479ixm8e","time":1612809093,"event":{"mods":["BaseMod","Better Note","Block Reminder","Minty Spire (QoL Compilation)","Rare Cards Sparkle","Relic Filter Mod","Reliquary","Replay The Spire","StSLib"],"gold_per_floor":[114,133,133,152,162,162,197,197,269,344,0,12,27,27,27,132,132,148,162,162,162,177,177,205,223,295,187,197,197,60,8,8,111,111,122,138,138,138,154,154,164,164,191,204,4,4,4,22,22,22,22],"floor_reached":50,"language":"ENG","playtime":2349,"items_purged":[],"score":514,"play_id":"93daf8dc-4e4e-4188-84e6-b313def22a43","local_time":"20210208133133","is_ascension_mode":false,"campfire_choices":[{"data":"Zap","floor":6,"key":"SMITH"},{"data":"Hyperbeam","floor":8,"key":"SMITH"},{"floor":15,"key":"REST"},{"data":"Electrodynamics","floor":23,"key":"SMITH"},{"floor":29,"key":"REST"},{"floor":32,"key":"REST"},{"data":"Self Repair","floor":40,"key":"SMITH"},{"data":"BasicCrystalCard","floor":42,"key":"SMITH"},{"data":"Blind","floor":49,"key":"SMITH"}],"circlet_count":0,"master_deck":["Strike_B","Strike_B","Strike_B","Strike_B","Defend_B","Defend_B","Defend_B","Defend_B","Zap+1","Hyperbeam+1","Leap","Conserve Battery","Self Repair+1","Rebound","Stack","Sunder+1","Auto Shields+1","Rip and Tear+1","Gash+1","Sweeping Beam+1","Core Surge+1","Barrage+1","BootSequence+1","Electrodynamics+1","Barrage+1","Doom and Gloom+1","BasicCrystalCard+1","Gash+1","ReplayGash+1","Scrape+1","Scrape+1","Ball Lightning+1","CurseOfTheBell","Sunder+1","Gash+1","Rebound+1","Streamline+1","Melter+1","ReplayGash+1","BasicCrystalCard+1","Redo+1","FTL+1","FTL+1","Blind+1","Genetic Algorithm+1","Redo"],"relics":["Cracked Core","CultistMask","WingedGreaves","Molten Egg 2","reliquary:ExpiredCoupon","Mirror","Philosopher\u0027s Stone","Oddly Smooth Stone","Mummified Hand","Bronze Scales","Calling Bell","Bag of Marbles","Darkstone Periapt","Turnip","Prayer Wheel","Boot","Guide Book"],"acts_visited":["Exordium","TheCity","TheBeyond"],"potions_floor_usage":[7,16,25,39,41,50,50],"damage_taken":[{"damage":3,"enemies":"Cultist","floor":1,"turns":5},{"damage":5,"enemies":"Jaw Worm","floor":2,"turns":5},{"damage":0,"enemies":"Small Slimes","floor":4,"turns":3},{"damage":1,"enemies":"Looter","floor":5,"turns":5},{"damage":24,"enemies":"3 Sentries","floor":7,"turns":8},{"damage":1,"enemies":"Red Slaver","floor":12,"turns":3},{"damage":22,"enemies":"Exordium Thugs","floor":13,"turns":4},{"damage":22,"enemies":"Slime Boss","floor":16,"turns":8},{"damage":0,"enemies":"3 Byrds","floor":18,"turns":1},{"damage":9,"enemies":"Shell Parasite","floor":19,"turns":5},{"damage":21,"enemies":"Snake Plant","floor":22,"turns":3},{"damage":39,"enemies":"Gremlin Leader","floor":24,"turns":6},{"damage":4,"enemies":"Sentry and Sphere","floor":25,"turns":3},{"damage":3,"enemies":"Snecko","floor":28,"turns":4},{"damage":56,"enemies":"Automaton","floor":33,"turns":8},{"damage":8,"enemies":"3 Shapes","floor":35,"turns":4},{"damage":0,"enemies":"3 Darklings","floor":36,"turns":1},{"damage":0,"enemies":"Writhing Mass","floor":39,"turns":3},{"damage":4,"enemies":"4 Shapes","floor":41,"turns":6},{"damage":0,"enemies":"3 Darklings","floor":44,"turns":1},{"damage":22,"enemies":"Spire Growth","floor":48,"turns":4},{"damage":99,"enemies":"Time Eater","floor":50,"turns":7}],"seed_played":"9104040473561587571","potions_obtained":[{"floor":1,"key":"Dexterity Potion"},{"floor":5,"key":"Swift Potion"},{"floor":12,"key":"FairyPotion"},{"floor":19,"key":"LiquidMemories"},{"floor":22,"key":"Explosive Potion"},{"floor":35,"key":"FearPotion"},{"floor":38,"key":"Cursed Concoction"},{"floor":38,"key":"BlessingOfTheForge"},{"floor":44,"key":"FocusPotion"},{"floor":48,"key":"EssenceOfDarkness"}],"is_trial":false,"path_per_floor":["M","M","?","M","M","R","E","R","T","?","$","M","M","T","R","B",null,"M","M","?","?","M","R","E","M","T","?","M","R","$","$","R","B",null,"M","M","?","?","M","R","M","R","T","M","$","?","?","M","R","B"],"character_chosen":"DEFECT","items_purchased":["Sunder+1","Auto Shields","Rip and Tear+1","reliquary:ExpiredCoupon","ReplayGash+1","Scrape+1","Ball Lightning+1","Guide Book","FTL+1"],"campfire_rested":3,"item_purchase_floors":[11,11,11,11,30,30,31,45,45],"current_hp_per_floor":[72,67,67,67,73,73,56,56,56,45,45,51,36,36,58,43,75,75,73,73,73,52,52,20,23,23,23,20,42,42,42,64,15,75,67,67,67,67,67,67,73,73,73,73,73,73,73,61,61,0,0],"gold":22,"neow_bonus":"ONE_RANDOM_RARE_CARD","is_daily":false,"chose_seed":false,"campfire_upgraded":6,"win_rate":0.0,"timestamp":1612809093,"path_taken":["M","M","?","?","M","R","E","R","T","?","?","M","M","?","R","BOSS","M","?","?","?","M","R","E","M","T","?","?","R","?","$","R","BOSS","M","M","?","?","M","R","?","R","T","M","?","?","?","M","R","BOSS"],"items_purchased_type":["Card","Card","Card","Relic","Card","Card","Card","Relic","Card"],"build_version":"2020-12-22","purchased_purges":0,"victory":false,"max_hp_per_floor":[75,75,75,75,75,75,75,75,75,75,75,75,75,75,75,75,75,75,75,75,75,75,75,75,75,75,75,75,75,75,75,75,75,75,75,75,75,75,75,75,75,75,75,75,75,75,75,75,75,75,75],"card_choices":[{"not_picked":["ReplaySolidLightProjector","Force Field"],"picked":"Leap","floor":1},{"not_picked":["Compile Driver","Rebound"],"picked":"Conserve Battery","floor":2},{"not_picked":["Stack","ReplayTheSpireMod:System Scan"],"picked":"Self Repair","floor":4},{"not_picked":["Hologram","Turbo"],"picked":"Rebound","floor":5},{"not_picked":["Glacier","Crystallizer"],"picked":"Stack","floor":7},{"not_picked":["Go for the Eyes+1","Chaos"],"picked":"Gash+1","floor":12},{"not_picked":["ReplayTheSpireMod:Repulse","BasicCrystalCard"],"picked":"Sweeping Beam+1","floor":13},{"not_picked":["Mirror Shield","ReplayRNGCard"],"picked":"Core Surge+1","floor":16},{"not_picked":["Leap","ReplayTheSpireMod:GoodbyeWorld+1"],"picked":"Barrage+1","floor":18},{"not_picked":["Coolheaded","Fusion"],"picked":"BootSequence","floor":19},{"not_picked":["ReplayTheSpireMod:Reroute Power+1","Storm"],"picked":"Barrage+1","floor":22},{"not_picked":["Streamline+1","Auto Shields"],"picked":"Doom and Gloom+1","floor":24},{"not_picked":["Steam Power","FTL+1"],"picked":"BasicCrystalCard","floor":25},{"not_picked":["Redo+1","Coolheaded"],"picked":"Gash+1","floor":28},{"not_picked":["Electrodynamics","Biased Cognition"],"picked":"ReplayTheSpireMod:Fabricate Wheel","floor":33},{"not_picked":["Time Bomb","Panic Button"],"picked":"Sunder+1","floor":35},{"not_picked":["ReplayTheSpireMod:Reroute Power","Hologram","Crystallizer+1"],"picked":"SKIP","floor":35},{"not_picked":["Panic Button+1","Compile Driver+1"],"picked":"Gash+1","floor":36},{"not_picked":["Undo","Blizzard+1","Chill"],"picked":"SKIP","floor":36},{"not_picked":["Heatsinks+1","Compile Driver+1"],"picked":"Rebound+1","floor":39},{"not_picked":["Redo","Rip and Tear+1"],"picked":"Streamline+1","floor":39},{"not_picked":["Redo","Hyperbeam+1"],"picked":"Melter+1","floor":41},{"not_picked":["Beam Cell+1","Ball Lightning+1"],"picked":"ReplayGash+1","floor":41},{"not_picked":["Force Field+1","ReplaySolidLightProjector+1"],"picked":"BasicCrystalCard+1","floor":44},{"not_picked":["Storm+1","Sweeping Beam+1"],"picked":"Redo+1","floor":44},{"not_picked":["Trip","Good Instincts"],"picked":"Blind","floor":46},{"not_picked":["Stack+1","Turbo+1"],"picked":"Genetic Algorithm+1","floor":48},{"not_picked":["Storm+1","Aggregate+1"],"picked":"Redo","floor":48}],"player_experience":260994,"relics_obtained":[{"floor":7,"key":"WingedGreaves"},{"floor":9,"key":"Molten Egg 2"},{"floor":14,"key":"Mirror"},{"floor":24,"key":"Oddly Smooth Stone"},{"floor":26,"key":"Mummified Hand"},{"floor":34,"key":"Bag of Marbles"},{"floor":34,"key":"Darkstone Periapt"},{"floor":34,"key":"Turnip"},{"floor":43,"key":"Boot"}],"event_choices":[{"damage_healed":0,"gold_gain":0,"player_choice":"Trade","damage_taken":0,"relics_obtained":["CultistMask"],"max_hp_gain":0,"max_hp_loss":0,"event_name":"FaceTrader","floor":3,"gold_loss":0},{"damage_healed":0,"gold_gain":75,"player_choice":"Gather Gold","damage_taken":11,"max_hp_gain":0,"max_hp_loss":0,"event_name":"World of Goop","floor":10,"gold_loss":0},{"cards_removed":["Sunder"],"damage_healed":0,"gold_gain":0,"player_choice":"Take \u0026 Give","damage_taken":0,"max_hp_gain":0,"max_hp_loss":0,"event_name":"betterNote:BetterNote","floor":20,"gold_loss":0,"cards_obtained":["Electrodynamics"]},{"damage_healed":0,"gold_gain":0,"player_choice":"Ignored","damage_taken":0,"max_hp_gain":0,"max_hp_loss":0,"event_name":"Ghosts","floor":21,"gold_loss":0},{"damage_healed":0,"gold_gain":0,"player_choice":"Paid Gold","damage_taken":0,"relics_obtained":["Bronze Scales"],"max_hp_gain":0,"max_hp_loss":0,"event_name":"WeMeetAgain","floor":27,"gold_loss":108},{"damage_healed":0,"gold_gain":0,"player_choice":"Ignored","damage_taken":0,"max_hp_gain":0,"max_hp_loss":0,"event_name":"Mysterious Sphere","floor":37,"gold_loss":0},{"damage_healed":0,"gold_gain":0,"player_choice":"Got Potions","damage_taken":0,"max_hp_gain":0,"max_hp_loss":0,"event_name":"Lab","floor":38,"gold_loss":0},{"damage_healed":0,"gold_gain":0,"player_choice":"Memory 1","damage_taken":0,"max_hp_gain":0,"max_hp_loss":0,"event_name":"SensoryStone","floor":46,"gold_loss":0},{"cards_removed":["Dualcast"],"damage_healed":0,"gold_gain":0,"player_choice":"Removed Skill","damage_taken":0,"max_hp_gain":0,"max_hp_loss":0,"event_name":"Falling","floor":47,"gold_loss":0}],"is_beta":false,"boss_relics":[{"not_picked":["reliquary:RedCape","ChewingGum"],"picked":"Philosopher\u0027s Stone"},{"not_picked":["reliquary:Ember","Inserter"],"picked":"Calling Bell"}],"items_purged_floors":[],"is_endless":false,"potions_floor_spawned":[1,5,12,19,22,24,35,44,48],"killed_by":"Time Eater","ascension_level":0}}