{"host":"5ddwedapke4fsx0r","time":1612814929,"event":{"mods":["BaseMod","Downfall","Infinite Spire","Minty Spire (QoL Compilation)","Reliquary","Shade Mod","StSLib","The Clintock","The Construct","The Forsaken","The Gatherer","The Hierophant","The Servant 0.9.4","TheSurvivalist"],"gold_per_floor":[0,18,18,3,62,74,74,74,93,118,197,213,251,401,415,513,513,413,424,435,458,558,591,591,491,153,153,166,183,183,201,222,230,230,230],"floor_reached":33,"language":"ENG","playtime":3242,"items_purged":[],"score":345,"play_id":"d622a9e4-d706-48c4-a749-a46ae217cb71","local_time":"20210208210849","is_ascension_mode":true,"campfire_choices":[{"floor":1.0,"key":"RECALL"},{"floor":8.0,"key":"REST"},{"data":"hexamod:GhostflameInferno","floor":18.0,"key":"SMITH"},{"data":"hexamod:SearingWound","floor":25,"key":"SMITH"},{"data":"hexamod:SpectralAdrenaline","floor":30,"key":"SMITH"}],"circlet_count":0,"master_deck":["hexamod:Strike","hexamod:Strike","hexamod:Defend","hexamod:Defend","hexamod:Defend","hexamod:Sear","hexamod:Float","hexamod:NecessarySacrifice","hexamod:Firestarter","hexamod:ParanormalForm","hexamod:GhostShield","hexamod:FlamesFromBeyond","hexamod:PhantomCloak","hexamod:EmpoweredFlame","hexamod:GhostShield","hexamod:ParanormalForm","downfall:Icky","hexamod:EmpoweredFlame","hexamod:GhostflameInferno+1","hexamod:SkipABeat","hexamod:Hexaguard","hexamod:Hexaguard+1","hexamod:GhostflameBarrier","hexamod:SearingWound+1","J.A.X.","hexamod:HauntingEcho","hexamod:AdvancingGuard","hexamod:ChargedBarrage","hexamod:GhostOfSpireFuture","hexamod:SpectralAdrenaline+1","hexamod:FastForward","hexamod:InspiringFlames","hexamod:GiftsFromTheDead"],"relics":["hexamod:SpiritBrand","StoneCalendar","FossilizedHelix","infinitespire:CheckeredPen","infinitespire:Lychee Nut","infinitespire:Midas Blood","Oddly Smooth Stone","infinitespire:Cupcake","downfall:HeartBlessingRed","MutagenicStrength","reliquary:TatteredRug","CaptainsWheel","downfall:HeartBlessingGreen","Singing Bowl"],"acts_visited":["Exordium","TheCity"],"potions_floor_usage":[31],"damage_taken":[{"damage":0.0,"enemies":"Jaw Worm","floor":2.0,"turns":4.0},{"damage":0.0,"enemies":"downfall:FleeingMerchant","floor":4.0,"turns":4.0},{"damage":24.0,"enemies":"Lagavulin Event","floor":5.0,"turns":6.0},{"damage":0.0,"enemies":"Cultist","floor":6.0,"turns":3.0},{"damage":0.0,"enemies":"Small Slimes","floor":9.0,"turns":3.0},{"damage":10.0,"enemies":"Gremlin Nob","floor":10.0,"turns":4.0},{"damage":0.0,"enemies":"Blue Slaver","floor":12.0,"turns":3.0},{"damage":30.0,"enemies":"3 Sentries","floor":13.0,"turns":7.0},{"damage":8.0,"enemies":"Lots of Slimes","floor":15.0,"turns":5.0},{"damage":0.0,"enemies":"SI_SHIV_ARCHETYPE","floor":16.0,"turns":9.0},{"damage":0.0,"enemies":"Spheric Guardian","floor":19.0,"turns":4.0},{"damage":0.0,"enemies":"Centurion and Healer","floor":20.0,"turns":7.0},{"damage":16.0,"enemies":"Snake Plant","floor":21.0,"turns":4.0},{"damage":0.0,"enemies":"downfall:Augmenter","floor":22.0,"turns":6.0},{"damage":24.0,"enemies":"Book of Stabbing","floor":23.0,"turns":7.0},{"damage":0,"enemies":"downfall:FleeingMerchant","floor":26,"turns":4},{"damage":0,"enemies":"Chosen and Byrds","floor":28,"turns":5},{"damage":0,"enemies":"Centurion and Healer","floor":29,"turns":6},{"damage":0,"enemies":"Snake Plant","floor":31,"turns":3},{"damage":1,"enemies":"3 Cultists","floor":32,"turns":7},{"damage":58,"enemies":"DF_ARCHETYPE_CLAW","floor":33,"turns":5}],"seed_played":"-967870252546723331","potions_obtained":[{"floor":2.0,"key":"SpeedPotion"},{"floor":10.0,"key":"FearPotion"},{"floor":12.0,"key":"bronze:BurnAndBuffPotion"},{"floor":13.0,"key":"SteroidPotion"},{"floor":28,"key":"SkillPotion"},{"floor":32,"key":"DuplicationPotion"}],"is_trial":false,"path_per_floor":["R","M","?","$","?","M","T","R","M","E","T","M","E","?","M","B",null,"R","M","M","M","?","E","T","R","$","?","M","M","R","M","M","B"],"character_chosen":"THE_SPIRIT","items_purchased":["Singing Bowl","hexamod:GhostOfSpireFuture"],"campfire_rested":1,"item_purchase_floors":[26,26],"current_hp_per_floor":[70,70,70,70,46,46,46,67,67,52,52,52,22,22,20,26,52,52,52,52,36,42,24,24,24,30,30,36,42,42,47,51,0,0,0],"gold":230,"neow_bonus":"ONE_RARE_RELIC","is_daily":false,"chose_seed":false,"campfire_upgraded":3,"win_rate":0.0,"timestamp":1612814929,"path_taken":["R","M","?","?","?","?","T","R","?","E","?","?","E","?","M","BOSS","R","M","M","M","?","E","T","R","$","?","M","M","R","?","M","BOSS"],"items_purchased_type":["Relic","Card"],"build_version":"2020-12-22","purchased_purges":0,"victory":false,"max_hp_per_floor":[70,70,70,70,70,70,70,70,70,52,52,52,52,52,52,52,52,52,52,52,52,52,52,52,52,52,52,52,52,52,52,52,52,52,52],"card_choices":[{"not_picked":["hexamod:Firestarter","hexamod:SecondSeal"],"picked":"hexamod:NecessarySacrifice","floor":2.0},{"not_picked":["hexamod:BurningTouch","hexamod:HeatMetal"],"picked":"hexamod:ParanormalForm","floor":4.0},{"not_picked":["hexamod:GhostLash","hexamod:ShieldOfDarkness"],"picked":"hexamod:GhostShield","floor":5.0},{"not_picked":["hexamod:NightmareStrike","hexamod:SpectersWail"],"picked":"hexamod:FlamesFromBeyond","floor":6.0},{"not_picked":["hexamod:Again","hexamod:SkipABeat"],"picked":"hexamod:PhantomCloak","floor":9.0},{"not_picked":["hexamod:GhostShield","hexamod:PowerFromBeyond"],"picked":"hexamod:EmpoweredFlame","floor":10.0},{"not_picked":["hexamod:NecessarySacrifice","hexamod:SpectersWail"],"picked":"hexamod:GhostShield","floor":12.0},{"not_picked":["hexamod:Haunt","hexamod:ThermalTransfer"],"picked":"hexamod:ParanormalForm","floor":13.0},{"not_picked":["hexamod:NightmareGuise","hexamod:ShieldOfDarkness"],"picked":"hexamod:EmpoweredFlame","floor":15.0},{"not_picked":["hexamod:UnleashSpirits","hexamod:ParanormalForm"],"picked":"hexamod:GhostflameInferno","floor":16.0},{"not_picked":["hexamod:HeatMetal","hexamod:CatchUp"],"picked":"hexamod:SkipABeat","floor":19.0},{"not_picked":["hexamod:PhantomFireball","hexamod:FourthSeal"],"picked":"hexamod:Hexaguard","floor":20.0},{"not_picked":["hexamod:GhostflameBarrier+1","hexamod:StepThrough"],"picked":"hexamod:Hexaguard+1","floor":21.0},{"not_picked":[],"picked":"J.A.X.","floor":22.0},{"not_picked":["hexamod:HeatCrush","hexamod:ThirdSeal"],"picked":"hexamod:HauntingEcho","floor":22.0},{"not_picked":["hexamod:HeatMetal","hexamod:ParanormalForm"],"picked":"hexamod:AdvancingGuard","floor":23.0},{"not_picked":["hexamod:ThermalTransfer+1","hexamod:Firestarter"],"picked":"hexamod:ChargedBarrage","floor":26},{"not_picked":["hexamod:GhostflameBarrier","hexamod:BurningTouch"],"picked":"hexamod:SpectralAdrenaline","floor":28},{"not_picked":["hexamod:SpectersWail","hexamod:GhostOfSpirePast"],"picked":"hexamod:FastForward","floor":29},{"not_picked":["hexamod:ShieldOfDarkness","hexamod:Again+1"],"picked":"hexamod:InspiringFlames","floor":31},{"not_picked":["hexamod:BacktrackSmack","hexamod:Firestarter"],"picked":"hexamod:GiftsFromTheDead","floor":32}],"player_experience":547384,"relics_obtained":[{"floor":5.0,"key":"FossilizedHelix"},{"floor":7.0,"key":"infinitespire:CheckeredPen"},{"floor":10.0,"key":"infinitespire:Lychee Nut"},{"floor":11.0,"key":"infinitespire:Midas Blood"},{"floor":13.0,"key":"Oddly Smooth Stone"},{"floor":22.0,"key":"MutagenicStrength"},{"floor":23.0,"key":"reliquary:TatteredRug"},{"floor":24,"key":"CaptainsWheel"}],"event_choices":[],"is_beta":false,"boss_relics":[{"not_picked":["Astrolabe","reliquary:Ember"],"picked":"infinitespire:Cupcake"}],"items_purged_floors":[],"is_endless":false,"potions_floor_spawned":[2,10,12,13,20,28,29,32],"killed_by":"DF_ARCHETYPE_CLAW","ascension_level":1}}