{"host":"k1qq3tnzhl68zvao","time":1612760812,"event":{"mods":["ATMod(阿瑾Mod)","AchievementEnabler","BaseMod","Colored Powertips","Conspire","DeckTracker","Downfall","Energized Spire","GifTheSpireLib","Minty Spire (QoL Compilation)","Quick Restart","Relic Filter Mod","Replay The Spire","Spicy Shops","StSLib","【遗物卡牌】REMEMod"],"gold_per_floor":[112,128,139,157,157,185,197,227,227,256,256,267,267,297,297,392,392,412,412,429,167,92,92,103,129,129,182,182,182,210,223,223,320,320,337,355,371,386,386,412,412,427,506,506,539,539,551,578,578,578],"floor_reached":51,"language":"ZHS","playtime":3491,"items_purged":["Doubt"],"score":973,"play_id":"75b4efcc-3a73-4eb4-baaf-c9879e2d2a15","local_time":"20210208130652","is_ascension_mode":true,"campfire_choices":[{"data":"champ:StrikeOfGenius","floor":11,"key":"SMITH"},{"data":"Spot Weakness","floor":13,"key":"SMITH"},{"data":"ReplayTheSpireMod:Private Reserves","floor":15,"key":"SMITH"},{"data":"True Grit","floor":23,"key":"SMITH"},{"data":"Havoc","floor":28,"key":"SMITH"},{"data":"Heavy Blade","floor":32,"key":"SMITH"},{"data":"Pummel","floor":41,"key":"SMITH"},{"data":"Shockwave","floor":44,"key":"SMITH"},{"data":"AT_CaressingTears","floor":49,"key":"SMITH"}],"circlet_count":0,"master_deck":["Strike_R+1","Strike_R+1","Strike_R+1","Strike_R+1","Defend_R","Defend_R","Defend_R","Bash","AT_FamilyPortrait","champ:StrikeOfGenius+1","Pummel+1","True Grit+1","Spot Weakness+1","ReplayTheSpireMod:Private Reserves+1","Reaper","Disarm","Heavy Blade+1","Havoc+1","Shockwave+1","ReplayTheSpireMod:Private Reserves+1","AT_CaressingTears+1","ReplayTheSpireMod:Muscle Training","Feel No Pain+1","Combust+1","Wild Strike+1","Shrug It Off+1"],"relics":["Burning Blood","AT_ATBox","REME_ComplimentaryCards","Bag of Preparation","Replay:Bottled Eggs","Bird Faced Urn","REME_LimitBreaker","Anchor","Mango","Mark of Pain","Quantum Egg","AT_SeraphEmbrace","conspire:DeflatedDodgeball","Question Card","Ginger","Dream Catcher","Ooze Armor","Sundial","Self Forming Clay","Replay:Multitool","Letter Opener"],"acts_visited":["Exordium","TheCity","TheBeyond"],"potions_floor_usage":[6,10,33,35,40,50],"damage_taken":[{"damage":8,"enemies":"2 Louse","floor":1,"turns":3},{"damage":0,"enemies":"Cultist","floor":2,"turns":3},{"damage":7,"enemies":"Jaw Worm","floor":3,"turns":4},{"damage":26,"enemies":"Exordium Thugs","floor":4,"turns":4},{"damage":15,"enemies":"Gremlin Nob","floor":6,"turns":3},{"damage":0,"enemies":"2 Fungi Beasts","floor":7,"turns":2},{"damage":6,"enemies":"3 Sentries","floor":8,"turns":5},{"damage":14,"enemies":"Gremlin Nob","floor":10,"turns":3},{"damage":4,"enemies":"Blue Slaver","floor":12,"turns":3},{"damage":20,"enemies":"3 Sentries","floor":14,"turns":5},{"damage":44,"enemies":"Slime Boss","floor":16,"turns":8},{"damage":2,"enemies":"3 Byrds","floor":18,"turns":5},{"damage":10,"enemies":"2 Thieves","floor":20,"turns":3},{"damage":17,"enemies":"Chosen and Byrds","floor":24,"turns":5},{"damage":30,"enemies":"Book of Stabbing","floor":25,"turns":5},{"damage":37,"enemies":"Slavers","floor":27,"turns":5},{"damage":0,"enemies":"conspire:Head Lice","floor":30,"turns":5},{"damage":1,"enemies":"Centurion and Healer","floor":31,"turns":5},{"damage":68,"enemies":"conspire:MysteriousRune","floor":33,"turns":6},{"damage":3,"enemies":"3 Shapes","floor":35,"turns":4},{"damage":0,"enemies":"Orb Walker","floor":36,"turns":1},{"damage":0,"enemies":"Spire Growth","floor":37,"turns":2},{"damage":18,"enemies":"Transient","floor":38,"turns":5},{"damage":62,"enemies":"Reptomancer","floor":40,"turns":5},{"damage":23,"enemies":"Sphere and 2 Shapes","floor":42,"turns":5},{"damage":21,"enemies":"Nemesis","floor":45,"turns":5},{"damage":10,"enemies":"3 Darklings","floor":47,"turns":3},{"damage":4,"enemies":"R_Hoarder","floor":48,"turns":3},{"damage":27,"enemies":"Replay:Hell Engine","floor":50,"turns":5}],"seed_played":"-6741403901861695053","potions_obtained":[{"floor":1,"key":"Strength Potion"},{"floor":6,"key":"Slimebound:ThreeZeroPotion"},{"floor":8,"key":"Guardian:BlockOnCardUsePotion"},{"floor":16,"key":"LiquidBronze"},{"floor":20,"key":"Fire Potion"},{"floor":24,"key":"BloodPotion"},{"floor":33,"key":"Regen Potion"},{"floor":36,"key":"Milkshake"},{"floor":45,"key":"Fire Potion"},{"floor":47,"key":"Flashbang"}],"is_trial":false,"path_per_floor":["M","M","M","M","?","E","M","E","T","E","R","M","R","E","R","B",null,"M","?","M","$","?","R","M","E","T","E","R","?","E","M","R","B",null,"M","M","M","M","?","E","R","M","T","R","E","?","M","E","R","B",null],"character_chosen":"IRONCLAD","items_purchased":["Quantum Egg","AT_ArchangelStaff"],"campfire_rested":0,"item_purchase_floors":[21,21],"current_hp_per_floor":[70,76,75,55,55,46,52,52,52,51,51,55,55,69,69,33,79,94,94,94,94,94,94,83,78,78,49,49,49,75,94,94,42,81,94,94,94,94,94,57,57,71,71,71,80,80,86,94,94,94],"gold":578,"neow_bonus":"RANDOM_COMMON_RELIC","is_daily":false,"chose_seed":false,"campfire_upgraded":9,"win_rate":0.0,"timestamp":1612760812,"path_taken":["M","M","M","M","?","E","?","E","T","E","R","M","R","E","R","BOSS","M","?","M","?","?","R","M","E","T","E","R","?","E","?","R","BOSS","M","M","M","M","?","E","R","M","T","R","E","?","M","E","R","BOSS"],"items_purchased_type":["Relic","Relic"],"build_version":"2020-12-22","purchased_purges":1,"victory":true,"max_hp_per_floor":[80,80,80,80,80,80,80,80,80,80,80,80,80,94,94,94,94,94,94,94,94,94,94,94,94,94,94,94,94,94,94,94,94,94,94,94,94,94,94,94,94,94,94,94,94,94,94,94,94,94],"card_choices":[{"not_picked":["Anger","Heavy Blade","AT_DrawKnifeCut"],"picked":"SKIP","floor":1},{"not_picked":["Massacre","Sword Boomerang"],"picked":"Pummel","floor":2},{"not_picked":["Iron Wave","Anger","AT_IchimonjiDouble"],"picked":"SKIP","floor":3},{"not_picked":["Searing Blow","Exhume"],"picked":"True Grit","floor":4},{"not_picked":["Eclipse","AT_GerminateFire","Clothesline"],"picked":"SKIP","floor":6},{"not_picked":["AT_BodySlamDance","Thunderclap","Ghostly Armor"],"picked":"SKIP","floor":7},{"not_picked":["Run Through","Clash"],"picked":"Reaper","floor":8},{"not_picked":["Defy Death","Sword Boomerang"],"picked":"Disarm","floor":10},{"not_picked":["Warcry","Shrug It Off","Wild Strike"],"picked":"SKIP","floor":12},{"not_picked":["REME_SingleHolding","Anger","REME_Cut"],"picked":"SKIP","floor":14},{"not_picked":["AT_BodySlamDance","Life Link"],"picked":"Heavy Blade","floor":18},{"not_picked":["Clothesline","Heavy Blade"],"picked":"Havoc","floor":20},{"not_picked":["Clash","Entrench"],"picked":"Shockwave","floor":24},{"not_picked":["Abandon+1","Twin Strike","Sword Boomerang"],"picked":"SKIP","floor":25},{"not_picked":["Cleave","AT_BodySlamDance","REME_Fury","Heavy Blade"],"picked":"SKIP","floor":27},{"not_picked":["Thunderclap","Entrench+1","Anger+1","Reaper"],"picked":"SKIP","floor":30},{"not_picked":["Wild Strike+1","Anger","ReplayTheSpireMod:Limb From Limb","Fire Breathing+1"],"picked":"SKIP","floor":31},{"not_picked":["Replay:Undeath\u0027s Touch","Heavy Blade+1","Thunderclap+1","AT_BodySlamDance+1"],"picked":"SKIP","floor":35},{"not_picked":["Thunderclap+1","Spot Weakness","Headbutt+1"],"picked":"AT_CaressingTears","floor":36},{"not_picked":["conspire:Charge","Thunderclap+1","AT_BodySlamDance"],"picked":"ReplayTheSpireMod:Muscle Training","floor":37},{"not_picked":["Armaments+1","Havoc+1","Thunderclap+1","Reaper"],"picked":"SKIP","floor":38},{"not_picked":["Bloodletting+1","Hemokinesis+1","Seeing Red"],"picked":"Feel No Pain+1","floor":40},{"not_picked":["Clothesline+1","True Grit","Sword Boomerang+1","Cleave"],"picked":"SKIP","floor":42},{"not_picked":["Burning Pact","Warcry+1","Headbutt+1"],"picked":"Combust+1","floor":45},{"not_picked":["True Grit+1","Heavy Blade","Warcry"],"picked":"Wild Strike+1","floor":47},{"not_picked":["Sword Boomerang","Blood for Blood+1","Demonic Infusion"],"picked":"Shrug It Off+1","floor":48}],"player_experience":512402,"relics_obtained":[{"floor":6,"key":"Replay:Bottled Eggs"},{"floor":8,"key":"Bird Faced Urn"},{"floor":9,"key":"REME_LimitBreaker"},{"floor":10,"key":"Anchor"},{"floor":14,"key":"Mango"},{"floor":25,"key":"conspire:DeflatedDodgeball"},{"floor":26,"key":"Question Card"},{"floor":27,"key":"Ginger"},{"floor":30,"key":"Dream Catcher"},{"floor":40,"key":"Sundial"},{"floor":43,"key":"Self Forming Clay"},{"floor":45,"key":"Replay:Multitool"},{"floor":48,"key":"Letter Opener"}],"event_choices":[{"damage_healed":0,"gold_gain":0,"player_choice":"2 cards matched","damage_taken":0,"max_hp_gain":0,"max_hp_loss":0,"event_name":"Match and Keep!","floor":5,"gold_loss":0,"cards_obtained":["Spot Weakness","ReplayTheSpireMod:Private Reserves"]},{"cards_removed":["Defend_R"],"damage_healed":0,"gold_gain":0,"player_choice":"Offered Basic","damage_taken":0,"max_hp_gain":0,"max_hp_loss":0,"event_name":"Bonfire Elementals","floor":19,"gold_loss":0},{"cards_removed":["Strike_R"],"damage_healed":0,"gold_gain":0,"player_choice":"Gave Gold","damage_taken":0,"max_hp_gain":0,"max_hp_loss":0,"event_name":"Beggar","floor":22,"gold_loss":75},{"damage_healed":0,"gold_gain":0,"player_choice":"Copied","damage_taken":0,"max_hp_gain":0,"max_hp_loss":0,"event_name":"Duplicator","floor":29,"gold_loss":0,"cards_obtained":["ReplayTheSpireMod:Private Reserves"]},{"damage_healed":0,"gold_gain":0,"player_choice":"Ignored","damage_taken":0,"max_hp_gain":0,"max_hp_loss":0,"event_name":"Tomb of Lord Red Mask","floor":39,"gold_loss":0},{"damage_healed":0,"gold_gain":0,"player_choice":"Leave","damage_taken":0,"max_hp_gain":0,"max_hp_loss":0,"event_name":"conspire:Investor","floor":46,"gold_loss":0}],"is_beta":false,"boss_relics":[{"not_picked":["energizedSpire:StickyHand","Replay:Wanted Poster"],"picked":"Mark of Pain"},{"not_picked":["energizedSpire:EnergizedDie","Replay:Ancient Bell"],"picked":"Ooze Armor"}],"items_purged_floors":[21],"is_endless":false,"potions_floor_spawned":[1,6,8,16,20,24,25,33,36,37,45,47],"ascension_level":7}}