{"host":"pesfwaef25r60kxm","time":1612796567,"event":{"mods":["100% Spire Juice","ATMod(阿瑾Mod)","Act Like it!","Arknights","BaseMod","Colored Powertips","Downfall","Gensokyo","Hunter 猎人","Luminous","Minty Spire (QoL Compilation)","Pale of the Ancients","Reimu（博丽灵梦）","Reliquary","Replay The Spire","RumiaBox-露米娅的神秘盒子","Shop Mod","Spicy Shops","StSLib","The Cursed","The Poker Player","The Servant 0.9.4","WarShipGirlsR/战舰少女R mod","[IsaacMod]以撒尖塔","noobMod","【功能Mod】聪明的最终Boss","【遗物卡牌】REMEMod"],"gold_per_floor":[153,153,153,113,113,203,278,383,383,482,482,218,314,359,359,668,668,713,713,713,713,35,128,218,218,218,332,332,449,572,572,497,827,827,924,924,978,352,352,448,577,707,730,845,905,1058,1058,1177,1177,1183,1256,1298,1321,559,559,601,601,70,70,267],"floor_reached":61,"language":"ZHS","playtime":2430,"items_purged":["Hallucinations","Pain","Injury","Doubt","Potential"],"score":2221,"play_id":"fcc4bed8-54bf-424e-b9a3-70c1e5b58b2d","local_time":"20210208230247","daily_mods":["Draft","Vintage","Heirloom","Time Dilation","Flight","DeadlyEvents","Elite Swarm","Midas"],"is_ascension_mode":true,"campfire_choices":[{"floor":11,"key":"REST"},{"floor":15,"key":"DIG"},{"floor":49,"key":"REST"},{"floor":55,"key":"REST"},{"floor":57,"key":"REST"}],"circlet_count":0,"master_deck":["BettingIsNotGood","AT_FamilyPortrait","EpicFetus","BottledTime","Rearm","InstantArmor","FastForward+1","Ricochet","ShatteredReality","Snipe","Defy","Snipe","Defy+1","Dilation","Starlight","BottledTime","SilverMatrix","FlawlessForm","Sunlight","FlawlessForm","SilverBlades","InstantArmor","Dilation","TheWorld","MurderousAura","KillingDoll","MurderousAura","SilverMatrix","MurderousAura","TheWorld","Luminosity","Parasite"],"relics":["Uniform","HushsDoor","ice","REME_ComplimentaryCards","AT_ATBox","Guardian:GemstoneGun","GuppysPaw","reliquary:NewFriend","NeowsBlessing","NeowsBlessing","PaintedHorse:ReiMu","Potion Belt","White Beast Statue","TungstenRod","Boot","Void","Bronze Scales","CeramicFish","Guardian:PocketSentry","Counterbalance","reliquary:Firecrackers","reliquary:WritOfMandamus","JudasShadow","Bag of Marbles","NeowsBlessing","NeowsBlessing","reliquary:SilkGlove","Oddly Smooth Stone","War Paint","Chemical X","Pan","reliquary:ExpiredCoupon","REME_ArchaeologicalTools","NeowsBlessing","reliquary:IridiumChain","GnawedLeaf","NeowsBlessing","SalivaCoin","reliquary:TatteredRug","SlaversCollar","DeathBook","reliquary:WeakTea","NeowsBlessing","AT_Manta","Replay:Rubber Ducky","SecretRecord","Iron Hammer","Broom","NeowsBlessing","UnicornStump","PocketWatch","REME_LimitBreaker","HowToJump","FossilizedHelix","ReplayTheSpireMod:Ninjato","bronze:BronzeIdol","Snack Pack","paleoftheancients:Timepiece","Orichalcum","CultistMask","BookOfRevelations","Durian","Ccalipers","hexamod:BolsterEngine","Mummified Hand","SteamSale","Guardian:BottledAnomaly","Strawberry","AT_Kusabimaru","InkBottle","paleoftheancients:SoulOfTheVixen","Mastiff:ReiMu","Happy Flower","reliquary:BoilingFlask","ReplayTheSpireMod:Lightbulb","Medical Kit","Chaos","REME_HandOfSuture"],"acts_visited":["Exordium","TheCity","TheBeyond","paleoftheancients:PaleOfTheAncients"],"potions_floor_usage":[24,60,60,60],"damage_taken":[{"damage":0,"enemies":"Small Slimes","floor":1,"turns":1},{"damage":4,"enemies":"3 Sentries","floor":6,"turns":2},{"damage":3,"enemies":"Lagavulin","floor":7,"turns":1},{"damage":0,"enemies":"Gremlin Nob","floor":8,"turns":1},{"damage":0,"enemies":"3 Sentries","floor":10,"turns":1},{"damage":0,"enemies":"Gremlin Nob","floor":13,"turns":2},{"damage":0,"enemies":"Jaw Worm","floor":14,"turns":3},{"damage":0,"enemies":"The Guardian","floor":16,"turns":8},{"damage":0,"enemies":"2 Thieves","floor":18,"turns":1},{"damage":0,"enemies":"Book of Stabbing","floor":23,"turns":1},{"damage":0,"enemies":"REME_1_Revenger","floor":24,"turns":1},{"damage":0,"enemies":"Book of Stabbing","floor":27,"turns":1},{"damage":0,"enemies":"Gremlin Leader","floor":29,"turns":1},{"damage":0,"enemies":"Replay:Snechameleon","floor":30,"turns":1},{"damage":0,"enemies":"Automaton","floor":33,"turns":1},{"damage":0,"enemies":"3 Shapes","floor":35,"turns":1},{"damage":0,"enemies":"Orb Walker","floor":37,"turns":1},{"damage":0,"enemies":"R_Hoarder","floor":40,"turns":1},{"damage":0,"enemies":"Giant Head","floor":41,"turns":4},{"damage":0,"enemies":"R_Hoarder","floor":42,"turns":3},{"damage":0,"enemies":"Nemesis","floor":44,"turns":1},{"damage":0,"enemies":"3 Darklings","floor":45,"turns":1},{"damage":0,"enemies":"R_Hoarder","floor":46,"turns":4},{"damage":0,"enemies":"Nemesis","floor":48,"turns":1},{"damage":0,"enemies":"Replay:Hell Engine","floor":50,"turns":2},{"damage":0,"enemies":"Replay:Hell Engine","floor":51,"turns":7},{"damage":0,"enemies":"Replay:Hell Engine","floor":52,"turns":1},{"damage":0,"enemies":"Replay:Hell Engine","floor":56,"turns":1},{"damage":0,"enemies":"Delirium","floor":60,"turns":7}],"seed_played":"-4410346334549342081","potions_obtained":[{"floor":1,"key":"BlessingOfTheForge"},{"floor":5,"key":"FearPotion"},{"floor":5,"key":"champ:CounterPotion"},{"floor":5,"key":"Milkshake"},{"floor":6,"key":"EssenceOfSteel"},{"floor":24,"key":"REME_GoldPotion"},{"floor":29,"key":"Fire Potion"},{"floor":52,"key":"Adrenaline Potion"},{"floor":56,"key":"FairyPotion"}],"is_trial":true,"path_per_floor":["M","WH","WH","?","?","E","E","E","T","E","R","$","E","M","R","B",null,"M","WH","WH","WH","$","E","E","WH","T","E","WH","E","E","WH","R","B",null,"M","WH","M","$","WH","E","E","E","T","E","M","E","WH","E","R","B","M","M","T","$","R","M","R","$","?","B",null],"character_chosen":"THE_SERVANT","items_purchased":["SilverBlades","CeramicFish","InstantArmor","JudasShadow","reliquary:SilkGlove","Oddly Smooth Stone","War Paint","Chemical X","Pan","DeathBook","Replay:Rubber Ducky","SecretRecord","Iron Hammer","Broom","Mummified Hand","SteamSale","Guardian:BottledAnomaly","Strawberry","AT_Kusabimaru","InkBottle","Luminosity","Happy Flower","reliquary:BoilingFlask","ReplayTheSpireMod:Lightbulb","Medical Kit","Chaos","REME_HandOfSuture"],"campfire_rested":4,"item_purchase_floors":[12,12,12,17,22,22,22,22,22,34,38,38,38,38,54,54,54,54,54,54,54,58,58,58,58,58,58],"current_hp_per_floor":[59,59,59,59,59,55,52,52,52,52,63,63,63,63,63,63,45,45,45,45,45,45,45,45,45,45,45,45,45,45,45,45,45,35,35,35,35,35,35,35,35,35,35,35,35,35,35,35,35,35,40,40,40,47,47,47,47,47,47,47],"gold":267,"neow_bonus":"THREE_ENEMY_KILL","is_daily":false,"chose_seed":false,"campfire_upgraded":0,"win_rate":0.0,"timestamp":1612796567,"path_taken":["M","WH","WH","?","?","E","E","E","T","E","R","$","E","M","R","BOSS","M","WH","WH","WH","$","E","E","WH","T","E","WH","E","E","WH","R","BOSS","M","WH","M","$","WH","E","E","E","T","E","M","E","WH","E","R","BOSS","M","M","?","$","R","M","R","$","?","BOSS"],"items_purchased_type":["Card","Relic","Card","Relic","Relic","Relic","Relic","Relic","Relic","Relic","Relic","Relic","Relic","Relic","Relic","Relic","Relic","Relic","Relic","Relic","Card","Relic","Relic","Relic","Relic","Card","Relic"],"build_version":"2020-12-22","purchased_purges":5,"victory":true,"max_hp_per_floor":[65,65,65,65,65,65,65,65,63,63,63,63,63,63,63,63,45,45,45,45,45,45,45,45,45,45,45,45,45,45,45,45,45,35,35,35,35,35,35,35,35,35,35,35,35,35,35,35,35,35,40,40,40,47,47,47,47,47,47,47],"card_choices":[{"not_picked":[],"picked":"BettingIsNotGood","floor":0},{"not_picked":["Rewind","Gouge"],"picked":"BottledTime","floor":0},{"not_picked":["ShatteredReality","Deadline"],"picked":"Rearm","floor":0},{"not_picked":["DoubleEdge","TimeWarp"],"picked":"InstantArmor","floor":0},{"not_picked":["Deadline","Contraction"],"picked":"Moondial","floor":0},{"not_picked":["Advance","ShatteredReality"],"picked":"FastForward","floor":0},{"not_picked":["TimeWarp","Revamp"],"picked":"Ricochet","floor":0},{"not_picked":["Spin","TimeWarp"],"picked":"ShatteredReality","floor":0},{"not_picked":["Starlight","DoubleEdge"],"picked":"Snipe","floor":0},{"not_picked":["Deadline","FanOfKnives"],"picked":"Defy","floor":0},{"not_picked":["Desolation","Unruled"],"picked":"Snipe","floor":0},{"not_picked":["Ricochet","Shuttle"],"picked":"Defy","floor":0},{"not_picked":["Hightail","BottledTime"],"picked":"Dilation","floor":0},{"not_picked":["DoubleEdge","MoonPhase"],"picked":"Starlight","floor":0},{"not_picked":["DualDimension","Unruled"],"picked":"BottledTime","floor":0},{"not_picked":["Manipulate","Alleviate"],"picked":"Potential","floor":0},{"not_picked":["PendulumOfEternity","ForgedInTime"],"picked":"SilverMatrix","floor":6},{"not_picked":["SilverMatrix","Initiator"],"picked":"FlawlessForm","floor":7},{"not_picked":["Deny","TrueSight"],"picked":"Sunlight","floor":8},{"not_picked":["PendulumOfEternity","Dilation"],"picked":"FlawlessForm","floor":10},{"not_picked":["Sunlight","Deny"],"picked":"Dilation","floor":13},{"not_picked":["LightFlow","Duplication"],"picked":"TheWorld","floor":16},{"not_picked":["FloweringNight","ForgedInTime"],"picked":"MurderousAura","floor":23},{"not_picked":["Dilation","SoulSculpture","ForgedInTime"],"picked":"SKIP","floor":24},{"not_picked":["Solidify","ForgedInTime"],"picked":"KillingDoll","floor":27},{"not_picked":["Solidify","FloweringNight"],"picked":"MurderousAura","floor":29},{"not_picked":["Deny","LightFlow"],"picked":"SilverMatrix","floor":30},{"not_picked":["ForgedInTime","SoulSculpture","Duplication"],"picked":"SKIP","floor":40},{"not_picked":["Dilation","Sunlight"],"picked":"MurderousAura","floor":41},{"not_picked":["Duplication","Initiator","ForgedInTime"],"picked":"SKIP","floor":42},{"not_picked":["KillingDoll","SoulSculpture"],"picked":"TheWorld","floor":44},{"not_picked":["TrueSight","Sunlight","LightFlow"],"picked":"SKIP","floor":46},{"not_picked":["Dilation","TheWorld","Sunlight"],"picked":"SKIP","floor":48}],"player_experience":231982,"relics_obtained":[{"floor":1,"key":"reliquary:NewFriend"},{"floor":5,"key":"ReplayTheSpireMod:Ring of Addiction"},{"floor":5,"key":"Potion Belt"},{"floor":5,"key":"White Beast Statue"},{"floor":6,"key":"reliquary:FerryPass"},{"floor":7,"key":"TungstenRod"},{"floor":8,"key":"Boot"},{"floor":9,"key":"Void"},{"floor":10,"key":"Bronze Scales"},{"floor":13,"key":"Guardian:PocketSentry"},{"floor":14,"key":"Counterbalance"},{"floor":15,"key":"reliquary:Firecrackers"},{"floor":18,"key":"Bag of Marbles"},{"floor":23,"key":"reliquary:ExpiredCoupon"},{"floor":24,"key":"REME_ArchaeologicalTools"},{"floor":26,"key":"reliquary:IridiumChain"},{"floor":27,"key":"GnawedLeaf"},{"floor":29,"key":"SalivaCoin"},{"floor":30,"key":"reliquary:TatteredRug"},{"floor":35,"key":"reliquary:WeakTea"},{"floor":37,"key":"AT_Manta"},{"floor":40,"key":"UnicornStump"},{"floor":41,"key":"PocketWatch"},{"floor":42,"key":"REME_LimitBreaker"},{"floor":43,"key":"HowToJump"},{"floor":44,"key":"FossilizedHelix"},{"floor":45,"key":"ReplayTheSpireMod:Ninjato"},{"floor":46,"key":"bronze:BronzeIdol"},{"floor":48,"key":"Snack Pack"},{"floor":51,"key":"BookOfRevelations"},{"floor":51,"key":"Durian"},{"floor":52,"key":"Ccalipers"},{"floor":53,"key":"hexamod:BolsterEngine"},{"floor":56,"key":"paleoftheancients:SoulOfTheVixen"},{"floor":56,"key":"Mastiff:ReiMu"}],"event_choices":[{"damage_healed":0,"gold_gain":0,"player_choice":"塞钱","damage_taken":0,"relics_obtained":["PaintedHorse:ReiMu"],"max_hp_gain":0,"max_hp_loss":0,"event_name":"yidonshenshe","floor":4,"gold_loss":40},{"cards_removed":["Moondial"],"damage_healed":0,"gold_gain":0,"player_choice":"Gave Gold","damage_taken":0,"max_hp_gain":0,"max_hp_loss":0,"event_name":"Beggar","floor":32,"gold_loss":75}],"is_beta":false,"boss_relics":[{"not_picked":["Coffee Dripper","reliquary:Ember"],"picked":"reliquary:WritOfMandamus"},{"not_picked":[]},{"not_picked":["REME_ChargedStone","StoneMask"],"picked":"SlaversCollar"},{"not_picked":[]}],"items_purged_floors":[12,17,22,54,58],"is_endless":false,"potions_floor_spawned":[1,6,7,8,10,13,14,16,18,23,24,27,29,30,33,35,37,40,41,42,44,45,46,48,51,52,56],"ascension_level":9}}