{"host":"aw6ta4ll26ap9lu8","time":1612747316,"event":{"mods":["AchievementEnabler","AlwaysNeverKeys","BaseMod","Bestiary","Block Reminder","Colored Map","Colored Powertips","Dark Map","DeckTracker","Highlight Path","Minty Spire (QoL Compilation)","Permanent Neow","Quick Restart","Relic Stats","StSLib"],"gold_per_floor":[366,0,0,17,17,52,66,66,91,123,138,158,158,173,173,274,274,289,289,319,27,27,53,53,72,122,147,163,173,208,222,222,321,321,338,560,575,575,575,575,602,64,64,64,64,64,76,76,76],"floor_reached":48,"language":"ENG","playtime":1583,"items_purged":["Parasite"],"score":993,"play_id":"fef9451d-3113-4092-811c-abfeeefba573","local_time":"20210207202156","is_ascension_mode":true,"campfire_choices":[{"data":"Fasting2","floor":8,"key":"SMITH"},{"floor":13,"key":"REST"},{"floor":15,"key":"REST"},{"floor":24,"key":"REST"},{"floor":32,"key":"REST"},{"floor":40,"key":"REST"},{"floor":46,"key":"REST"}],"circlet_count":0,"master_deck":["AscendersBane","Strike_P+1","Strike_P+1","Strike_P+1","Defend_P+1","Defend_P+1","Defend_P+1","Defend_P+1","Eruption+1","Vigilance+1","FlyingSleeves+1","FollowUp+1","Fasting2+1","CrushJoints+1","DeusExMachina+1","CutThroughFate+1","SandsOfTime+1","Prostrate+1","CarveReality+1","DeusExMachina+1","CutThroughFate+1","Consecrate+1","Devotion+1","WaveOfTheHand+1","Fasting2+1","Perseverance+1","ForeignInfluence+1","Halt+1","Consecrate+1","Prostrate+1","DevaForm+1","WheelKick+1","Adaptation+1","Consecrate+1","BowlingBash+1","FollowUp","Adaptation"],"relics":["PureWater","Thread and Needle","Omamori","Anchor","Dream Catcher","Calling Bell","Lantern","Meat on the Bone","Lizard Tail","Red Mask","Lee\u0027s Waffle","Juzu Bracelet","MutagenicStrength","Art of War","Tiny Chest","War Paint","Mercury Hourglass","Runic Dome","Kunai","Bird Faced Urn","Yang","Nunchaku","OrangePellets","Oddly Smooth Stone","Mark of the Bloom"],"acts_visited":["Exordium","TheCity","TheBeyond"],"potions_floor_usage":[10,12,20,33,33,41],"damage_taken":[{"damage":2,"enemies":"Small Slimes","floor":1,"turns":4},{"damage":3,"enemies":"Cultist","floor":4,"turns":3},{"damage":11,"enemies":"Lagavulin","floor":6,"turns":5},{"damage":12,"enemies":"Jaw Worm","floor":7,"turns":2},{"damage":28,"enemies":"Gremlin Nob","floor":10,"turns":3},{"damage":0,"enemies":"Looter","floor":11,"turns":1},{"damage":0,"enemies":"2 Fungi Beasts","floor":12,"turns":2},{"damage":0,"enemies":"Exordium Wildlife","floor":14,"turns":2},{"damage":0,"enemies":"Slime Boss","floor":16,"turns":3},{"damage":15,"enemies":"Spheric Guardian","floor":18,"turns":4},{"damage":15,"enemies":"Masked Bandits","floor":20,"turns":5},{"damage":73,"enemies":"Book of Stabbing","floor":23,"turns":4},{"damage":0,"enemies":"Chosen","floor":25,"turns":2},{"damage":18,"enemies":"Sentry and Sphere","floor":28,"turns":3},{"damage":0,"enemies":"Cultist and Chosen","floor":29,"turns":3},{"damage":34,"enemies":"Slavers","floor":30,"turns":5},{"damage":0,"enemies":"Centurion and Healer","floor":31,"turns":2},{"damage":30,"enemies":"Champ","floor":33,"turns":9},{"damage":25,"enemies":"3 Darklings","floor":35,"turns":4},{"damage":0,"enemies":"Orb Walker","floor":37,"turns":3},{"damage":26,"enemies":"Giant Head","floor":41,"turns":8},{"damage":8,"enemies":"3 Darklings","floor":47,"turns":4},{"damage":49,"enemies":"Nemesis","floor":48,"turns":4}],"seed_played":"5815632405177835721","potions_obtained":[{"floor":7,"key":"SkillPotion"},{"floor":10,"key":"AttackPotion"},{"floor":12,"key":"Dexterity Potion"},{"floor":14,"key":"DuplicationPotion"},{"floor":20,"key":"SteroidPotion"},{"floor":35,"key":"Block Potion"},{"floor":44,"key":"Fire Potion"},{"floor":44,"key":"DuplicationPotion"}],"is_trial":false,"path_per_floor":["M","$","?","M","?","E","M","R","T","E","M","M","R","M","R","B",null,"M","?","?","$","?","E","R","M","T","T","M","M","E","M","R","B",null,"M","?","M","?","T","R","E","$","T","?","?","R","M","E"],"character_chosen":"WATCHER","items_purchased":["Thread and Needle","Lee\u0027s Waffle","Juzu Bracelet","Yang","Nunchaku","OrangePellets"],"campfire_rested":6,"item_purchase_floors":[2,21,21,42,42,42],"current_hp_per_floor":[63,63,56,53,53,42,30,30,30,2,2,2,22,22,42,42,62,47,47,44,76,76,15,37,49,49,49,43,43,21,33,55,37,66,41,41,41,41,41,62,48,48,48,48,48,48,40,0,0],"gold":76,"neow_bonus":"TWO_FIFTY_GOLD","is_daily":false,"chose_seed":false,"campfire_upgraded":1,"win_rate":0.0,"timestamp":1612747316,"path_taken":["M","$","?","M","?","E","M","R","T","E","?","M","R","M","R","BOSS","M","?","?","$","?","E","R","M","T","?","M","M","E","M","R","BOSS","M","?","M","?","?","R","E","$","T","?","?","R","M","E"],"items_purchased_type":["Relic","Relic","Relic","Relic","Relic","Relic"],"build_version":"2020-12-22","purchased_purges":1,"victory":false,"max_hp_per_floor":[72,69,69,69,69,69,69,69,69,69,69,69,69,69,69,69,69,69,69,69,76,76,76,76,76,76,76,76,76,76,76,76,76,76,76,76,76,72,72,72,72,72,72,72,72,72,72,72,72],"relic_stats":{"Lee\u0027s Waffle":32,"Mark of the Bloom":27,"counters":[23,85],"Yang":[21],"Juzu Bracelet":1,"War Paint":["Prostrate","DeusExMachina"],"Mercury Hourglass":[113],"OrangePellets":[4],"Dream Catcher":6,"Lizard Tail":0,"Nunchaku":[2],"Bird Faced Urn":[0],"Tiny Chest":1,"Art of War":[1],"Kunai":[9],"obtain_stats":[{"Lantern":17,"Mark of the Bloom":45,"Yang":42,"Juzu Bracelet":21,"Dream Catcher":10,"Lizard Tail":17,"Nunchaku":42,"Tiny Chest":26,"Red Mask":20,"Kunai":39,"Lee\u0027s Waffle":21,"Oddly Smooth Stone":43,"Thread and Needle":2,"Omamori":6,"War Paint":27,"Mercury Hourglass":30,"Calling Bell":17,"Runic Dome":34,"OrangePellets":42,"Anchor":9,"MutagenicStrength":22,"Bird Faced Urn":41,"Art of War":23,"PureWater":0,"Meat on the Bone":17},{"Lantern":9,"Mark of the Bloom":21,"Yang":21,"Juzu Bracelet":11,"Dream Catcher":5,"Lizard Tail":9,"Nunchaku":21,"Tiny Chest":13,"Red Mask":11,"Kunai":20,"Lee\u0027s Waffle":11,"Oddly Smooth Stone":21,"Thread and Needle":1,"Omamori":3,"War Paint":13,"Mercury Hourglass":16,"Calling Bell":9,"Runic Dome":18,"OrangePellets":21,"Anchor":4,"MutagenicStrength":11,"Bird Faced Urn":21,"Art of War":12,"PureWater":0,"Meat on the Bone":9},{"Lantern":25,"Mark of the Bloom":77,"Yang":77,"Juzu Bracelet":34,"Dream Catcher":17,"Lizard Tail":25,"Nunchaku":77,"Tiny Chest":40,"Red Mask":34,"Kunai":69,"Lee\u0027s Waffle":34,"Oddly Smooth Stone":77,"Thread and Needle":4,"Omamori":12,"War Paint":40,"Mercury Hourglass":51,"Calling Bell":25,"Runic Dome":62,"OrangePellets":77,"Anchor":14,"MutagenicStrength":34,"Bird Faced Urn":77,"Art of War":38,"PureWater":0,"Meat on the Bone":25}],"Meat on the Bone":96},"card_choices":[{"not_picked":["Nirvana","EmptyBody"],"picked":"FlyingSleeves","floor":1},{"not_picked":["EmptyMind","Prostrate"],"picked":"FollowUp","floor":4},{"not_picked":["Wireheading","FlurryOfBlows"],"picked":"Fasting2","floor":6},{"not_picked":["FlurryOfBlows","LessonLearned"],"picked":"CrushJoints","floor":7},{"not_picked":["CarveReality","DeceiveReality"],"picked":"DeusExMachina","floor":10},{"not_picked":["Prostrate","Conclude"],"picked":"CutThroughFate","floor":11},{"not_picked":["Worship","CrushJoints"],"picked":"SandsOfTime","floor":12},{"not_picked":["EmptyBody","ForeignInfluence"],"picked":"Prostrate","floor":13},{"not_picked":["CrushJoints","EmptyFist"],"picked":"CarveReality","floor":14},{"not_picked":["Wish","Blasphemy"],"picked":"DeusExMachina","floor":16},{"not_picked":["ThirdEye","ClearTheMind"],"picked":"CutThroughFate","floor":18},{"not_picked":["Conclude","WreathOfFlame"],"picked":"Consecrate","floor":20},{"not_picked":["Halt","FlyingSleeves"],"picked":"Devotion","floor":23},{"not_picked":["Prostrate","Crescendo"],"picked":"WaveOfTheHand","floor":24},{"not_picked":["EmptyFist","Judgement"],"picked":"Fasting2","floor":25},{"not_picked":["Study","EmptyFist"],"picked":"Perseverance+1","floor":28},{"not_picked":["CrushJoints","Nirvana"],"picked":"ForeignInfluence","floor":29},{"not_picked":["Prostrate","Crescendo"],"picked":"Halt","floor":30},{"not_picked":["BowlingBash","EmptyFist+1"],"picked":"Consecrate","floor":31},{"not_picked":["DeceiveReality","Protect"],"picked":"Prostrate","floor":32},{"not_picked":["Blasphemy","Omniscience"],"picked":"DevaForm","floor":33},{"not_picked":["SashWhip","WaveOfTheHand+1"],"picked":"WheelKick","floor":35},{"not_picked":["CrushJoints+1","Indignation+1"],"picked":"Adaptation+1","floor":37},{"not_picked":["FlurryOfBlows","Prostrate"],"picked":"Consecrate","floor":40},{"not_picked":["Ragnarok","EmptyBody"],"picked":"BowlingBash","floor":41},{"not_picked":["WreathOfFlame","Perseverance"],"picked":"FollowUp","floor":46},{"not_picked":["BowlingBash","PathToVictory"],"picked":"Adaptation","floor":47}],"player_experience":635947,"relics_obtained":[{"floor":6,"key":"Omamori"},{"floor":9,"key":"Anchor"},{"floor":10,"key":"Dream Catcher"},{"floor":17,"key":"Lantern"},{"floor":17,"key":"Meat on the Bone"},{"floor":17,"key":"Lizard Tail"},{"floor":20,"key":"Red Mask"},{"floor":23,"key":"Art of War"},{"floor":26,"key":"Tiny Chest"},{"floor":27,"key":"War Paint"},{"floor":30,"key":"Mercury Hourglass"},{"floor":39,"key":"Kunai"},{"floor":41,"key":"Bird Faced Urn"},{"floor":43,"key":"Oddly Smooth Stone"}],"event_choices":[{"cards_removed":["Strike_P"],"damage_healed":0,"gold_gain":0,"player_choice":"Card Removal","damage_taken":7,"max_hp_gain":0,"max_hp_loss":0,"event_name":"Golden Wing","floor":3,"gold_loss":0},{"damage_healed":0,"gold_gain":0,"player_choice":"Upgraded","damage_taken":0,"max_hp_gain":0,"max_hp_loss":0,"event_name":"Upgrade Shrine","floor":5,"gold_loss":0,"cards_upgraded":["Eruption"]},{"damage_healed":0,"gold_gain":0,"player_choice":"Simplicity","damage_taken":0,"max_hp_gain":0,"max_hp_loss":0,"event_name":"Back to Basics","floor":19,"gold_loss":0,"cards_upgraded":["Strike_P","Strike_P","Strike_P","Defend_P","Defend_P","Defend_P","Defend_P"]},{"damage_healed":0,"gold_gain":0,"player_choice":"Fought Bandits","damage_taken":0,"max_hp_gain":0,"max_hp_loss":0,"event_name":"Masked Bandits","floor":20,"gold_loss":0},{"damage_healed":0,"gold_gain":0,"player_choice":"Inject Mutagens","damage_taken":0,"relics_obtained":["MutagenicStrength"],"max_hp_gain":0,"max_hp_loss":0,"event_name":"Drug Dealer","floor":22,"gold_loss":0},{"damage_healed":0,"gold_gain":222,"player_choice":"Wore Mask","damage_taken":0,"max_hp_gain":0,"max_hp_loss":0,"event_name":"Tomb of Lord Red Mask","floor":36,"gold_loss":0},{"damage_healed":0,"gold_gain":0,"player_choice":"Max HP","damage_taken":0,"max_hp_gain":0,"max_hp_loss":4,"event_name":"Winding Halls","floor":38,"gold_loss":0},{"damage_healed":0,"gold_gain":0,"player_choice":"Got Potions","damage_taken":0,"max_hp_gain":0,"max_hp_loss":0,"event_name":"Lab","floor":44,"gold_loss":0},{"damage_healed":0,"gold_gain":0,"player_choice":"Upgrade","damage_taken":0,"relics_obtained":["Mark of the Bloom"],"max_hp_gain":0,"max_hp_loss":0,"event_name":"MindBloom","floor":45,"gold_loss":0,"cards_upgraded":["Vigilance","FlyingSleeves","FollowUp","CrushJoints","CutThroughFate","SandsOfTime","CarveReality","DeusExMachina","CutThroughFate","Consecrate","Devotion","WaveOfTheHand","Fasting2","ForeignInfluence","Halt","Consecrate","Prostrate","DevaForm","WheelKick","Consecrate","BowlingBash"]}],"is_beta":false,"boss_relics":[{"not_picked":["VioletLotus","HolyWater"],"picked":"Calling Bell"},{"not_picked":["Black Star","Velvet Choker"],"picked":"Runic Dome"}],"items_purged_floors":[2],"is_endless":false,"potions_floor_spawned":[7,10,12,14,20,25,28,31,35],"killed_by":"Nemesis","ascension_level":12}}