{"host":"s24sb66hw4a4sfft","time":1612744012,"event":{"mods":["AchievementEnabler","BaseMod","Colored Map","Colored Powertips","Googly Eyes","Hermit","Hubris","Minty Spire (QoL Compilation)","Quick Restart","Shop Mod","StSLib","The Poker Player"],"gold_per_floor":[118,43,118,118,132,162,179,206,206,206,240,240,257,280,280,280,280],"floor_reached":16,"language":"ENG","playtime":786,"items_purged":["Strike_R"],"score":150,"play_id":"c1adaca2-95d3-4dac-89b6-e70f9e8a7d1a","local_time":"20210207192652","is_ascension_mode":true,"campfire_choices":[{"floor":10,"key":"REST"},{"floor":15,"key":"REST"}],"circlet_count":0,"master_deck":["Strike_R","Strike_R","Strike_R","Strike_R","Defend_R","Defend_R","Defend_R","Defend_R+1","Bash+1","Pummel","Clash"],"relics":["Burning Blood","NeowsBlessing","Blue Candle","Art of War","Gremlin Horn","Boot","Vajra","Orichalcum"],"acts_visited":["Exordium"],"potions_floor_usage":[8],"damage_taken":[{"damage":0,"enemies":"2 Louse","floor":1,"turns":1},{"damage":0,"enemies":"Small Slimes","floor":5,"turns":1},{"damage":0,"enemies":"3 Sentries","floor":6,"turns":1},{"damage":6,"enemies":"Cultist","floor":7,"turns":3},{"damage":38,"enemies":"Lagavulin","floor":8,"turns":7},{"damage":14,"enemies":"3 Sentries","floor":11,"turns":11},{"damage":11,"enemies":"Exordium Wildlife","floor":13,"turns":3},{"damage":68,"enemies":"Slime Boss","floor":16,"turns":12}],"seed_played":"7347128456506908406","potions_obtained":[{"floor":5,"key":"LiquidBronze"},{"floor":6,"key":"ColorlessPotion"}],"is_trial":false,"path_per_floor":["M","$","?","?","M","E","M","E","T","R","E","?","M","T","R","B"],"character_chosen":"IRONCLAD","items_purchased":[],"campfire_rested":2,"item_purchase_floors":[],"current_hp_per_floor":[80,80,69,53,59,65,65,33,33,57,49,49,44,44,68,0,0],"gold":280,"neow_bonus":"THREE_ENEMY_KILL","is_daily":false,"chose_seed":false,"campfire_upgraded":0,"win_rate":0.0,"timestamp":1612744012,"path_taken":["M","$","?","?","M","E","M","E","T","R","E","?","?","?","R","BOSS"],"items_purchased_type":[],"build_version":"2020-12-22","purchased_purges":1,"victory":false,"max_hp_per_floor":[80,80,80,80,80,80,80,80,80,80,80,80,80,80,80,80,80],"card_choices":[{"not_picked":["Armaments","Sever Soul","Combust"],"picked":"SKIP","floor":1},{"not_picked":["Sentinel","Clothesline"],"picked":"Pummel","floor":5},{"not_picked":["Clothesline","Warcry"],"picked":"Clash","floor":6},{"not_picked":["Havoc","hubris:SharpeningStone","Dark Embrace"],"picked":"SKIP","floor":7},{"not_picked":["Fire Breathing","Reckless Charge","Dark Embrace"],"picked":"SKIP","floor":8},{"not_picked":["Dual Wield","Anger","Evolve"],"picked":"SKIP","floor":11},{"not_picked":["Body Slam","Anger","Havoc"],"picked":"SKIP","floor":13}],"player_experience":585263,"relics_obtained":[{"floor":6,"key":"Blue Candle"},{"floor":8,"key":"Art of War"},{"floor":9,"key":"Gremlin Horn"},{"floor":11,"key":"Boot"},{"floor":14,"key":"Orichalcum"}],"event_choices":[{"damage_healed":0,"gold_gain":75,"player_choice":"Gather Gold","damage_taken":11,"max_hp_gain":0,"max_hp_loss":0,"event_name":"World of Goop","floor":3,"gold_loss":0},{"damage_healed":0,"gold_gain":0,"player_choice":"Entered Light","damage_taken":16,"max_hp_gain":0,"max_hp_loss":0,"event_name":"Shining Light","floor":4,"gold_loss":0,"cards_upgraded":["Defend_R","Bash"]},{"damage_healed":0,"gold_gain":0,"player_choice":"Gave Potion","damage_taken":0,"relics_obtained":["Vajra"],"max_hp_gain":0,"max_hp_loss":0,"event_name":"WeMeetAgain","floor":12,"gold_loss":0}],"is_beta":false,"boss_relics":[],"items_purged_floors":[2],"is_endless":false,"potions_floor_spawned":[5,6],"killed_by":"Slime Boss","ascension_level":1}}