{"host":"ewe4oe702q4ujr6i","time":1612788442,"event":{"mods":["BaseMod","Colored Map","Colored Powertips","DeckTracker","Minty Spire (QoL Compilation)","SuperFastMode"],"gold_per_floor":[216,233,233,248,264,264,298,298,298,339,365,385,385,460,460,460,460],"floor_reached":16,"language":"KOR","playtime":1082,"items_purged":[],"score":134,"play_id":"59fdcce2-e4ae-4e56-82fd-7cdb1f5e7502","local_time":"20210208214722","is_ascension_mode":true,"campfire_choices":[{"data":"Infernal Blade","floor":6,"key":"SMITH"},{"data":"Bash","floor":8,"key":"SMITH"},{"floor":15,"key":"REST"}],"circlet_count":0,"master_deck":["Strike_R","Strike_R","Strike_R","Strike_R","Defend_R","Defend_R","Defend_R","Defend_R","Bash+1","Infernal Blade+1","Headbutt","Corruption","Spot Weakness","Pummel"],"relics":["Burning Blood","CeramicFish","Question Card","Bottled Tornado","Regal Pillow"],"acts_visited":["Exordium"],"potions_floor_usage":[10],"damage_taken":[{"damage":2,"enemies":"Jaw Worm","floor":1,"turns":3},{"damage":1,"enemies":"Cultist","floor":2,"turns":3},{"damage":5,"enemies":"Small Slimes","floor":4,"turns":3},{"damage":14,"enemies":"Blue Slaver","floor":5,"turns":5},{"damage":30,"enemies":"Lagavulin","floor":7,"turns":6},{"damage":4,"enemies":"Gremlin Nob","floor":10,"turns":3},{"damage":13,"enemies":"Red Slaver","floor":11,"turns":3},{"damage":8,"enemies":"Exordium Wildlife","floor":12,"turns":3},{"damage":69,"enemies":"Slime Boss","floor":16,"turns":11}],"seed_played":"-8661800105438449754","potions_obtained":[{"floor":1,"key":"SteroidPotion"},{"floor":5,"key":"Regen Potion"},{"floor":7,"key":"SteroidPotion"},{"floor":12,"key":"GamblersBrew"}],"is_trial":false,"path_per_floor":["M","M","?","M","M","R","E","R","T","E","M","M","?","?","R","B"],"character_chosen":"IRONCLAD","items_purchased":[],"campfire_rested":1,"item_purchase_floors":[],"current_hp_per_floor":[80,80,80,80,72,72,48,48,48,50,43,41,38,27,66,0,0],"gold":460,"neow_bonus":"HUNDRED_GOLD","is_daily":false,"chose_seed":false,"campfire_upgraded":2,"win_rate":0.0,"timestamp":1612788442,"path_taken":["M","M","?","M","M","R","E","R","T","E","M","?","?","?","R","BOSS"],"items_purchased_type":[],"build_version":"2020-12-22","purchased_purges":0,"victory":false,"max_hp_per_floor":[80,80,80,80,80,80,80,80,80,80,80,80,80,80,80,80,80],"card_choices":[{"not_picked":["Flex","Body Slam"],"picked":"Infernal Blade","floor":1},{"not_picked":["Body Slam","Iron Wave"],"picked":"Headbutt","floor":2},{"not_picked":["Seeing Red","Clash"],"picked":"Corruption","floor":4},{"not_picked":["Power Through","Warcry","Wild Strike"],"picked":"SKIP","floor":5},{"not_picked":["Anger","Warcry","Wild Strike"],"picked":"SKIP","floor":7},{"not_picked":["Flame Barrier","Anger","Combust"],"picked":"Spot Weakness","floor":10},{"not_picked":["Cleave","Body Slam","Rampage"],"picked":"Pummel","floor":11},{"not_picked":["Flex","Armaments","Body Slam","Hemokinesis"],"picked":"SKIP","floor":12}],"player_experience":219871,"relics_obtained":[{"floor":7,"key":"CeramicFish"},{"floor":9,"key":"Question Card"},{"floor":10,"key":"Bottled Tornado"}],"event_choices":[{"cards_removed":["Strike_R"],"damage_healed":0,"gold_gain":0,"player_choice":"Offered Basic","damage_taken":0,"max_hp_gain":0,"max_hp_loss":0,"event_name":"Bonfire Elementals","floor":3,"gold_loss":0},{"damage_healed":0,"gold_gain":0,"player_choice":"Success","damage_taken":3,"relics_obtained":["Regal Pillow"],"max_hp_gain":0,"max_hp_loss":0,"event_name":"Scrap Ooze","floor":13,"gold_loss":0},{"damage_healed":0,"gold_gain":75,"player_choice":"Gather Gold","damage_taken":11,"max_hp_gain":0,"max_hp_loss":0,"event_name":"World of Goop","floor":14,"gold_loss":0}],"is_beta":false,"boss_relics":[],"items_purged_floors":[],"is_endless":false,"potions_floor_spawned":[1,5,7,12],"killed_by":"Slime Boss","ascension_level":4}}