{"host":"b7dyfc527bmrkvbm","time":1612822068,"event":{"mods":["BaseMod","BetterRewards","Conspire","Downfall","Hubris","Infinite Spire","Mimic Mod","Minty Spire (QoL Compilation)","Replay The Spire","Shop Mod","StSLib","The Jungle"],"gold_per_floor":[99,99,99,99,26,26,26,26,53,53,80,92,92,120,151,263,293,408,420,332,355,367,412,435,457,469,481,643,673,685,725,748,760,789,903,915,727,739,761,773,797,835,922,953,965,1006,484,484,484,484,503,503,503,532,19,19,19,19,19],"floor_reached":57,"language":"ENG","playtime":8134,"items_purged":["Guardian:Strike_Guardian","Shame","Looming Evil"],"score":898,"play_id":"18e52992-712a-4ead-8cde-63178695e39a","local_time":"20210208170748","is_ascension_mode":true,"campfire_choices":[{"floor":1,"key":"DIG"},{"data":"Guardian:BronzeOrb","floor":13,"key":"SMITH"},{"data":"Guardian:HyperBeam_Guardian","floor":20,"key":"SMITH"},{"floor":30,"key":"RECALL"},{"data":"Guardian:Strike_Guardian","floor":37,"key":"PURGE"},{"data":"Guardian:HyperBeam_Guardian+1","floor":45,"key":"SMITH"},{"floor":49,"key":"REST"},{"data":"Guardian:HyperBeam_Guardian+1","floor":56,"key":"SMITH"}],"circlet_count":0,"master_deck":["Guardian:Strike_Guardian","Guardian:CurlUp","Guardian:TwinSlam","Guardian:Reroute","Guardian:TemporalShield","Guardian:BronzeOrb","Guardian:BronzeOrb+1","Guardian:ShieldCharger","Guardian:Recover","Guardian:BronzeOrb","Guardian:PrismaticBeam","Guardian:HyperBeam_Guardian+2","CurseOfTheBell","Guardian:ShieldCharger+1","Guardian:ChargeCore","Guardian:Gem_Lightblue","Guardian:FloatingOrbs","Guardian:TimeBomb+1","Guardian:HyperBeam_Guardian+2","Guardian:TimeBomb+1","Guardian:Gem_Cyan","Guardian:AncientConstruct","Guardian:ArmoredProtocol","Guardian:ShieldSpikes+1","Guardian:TimeCapacitor","Guardian:FierceBash","Guardian:RefractedBeam+1","Guardian:Gem_Cyan","Violence","Hallucinations","Guardian:Suspension+1","Guardian:SentryBeam","Guardian:Suspension+1","Guardian:FloatingOrbs"],"relics":["Guardian:ModeShifter","downfall:HeartsMalice","hubris:Spice","hubris:Towel","hubris:GlazedTorus","MawBank","downfall:GremlinWheel","Calling Bell","downfall:HeartBlessingBlue","theJungle:SpiritDisease","TungstenRod","Spirit Poop","StoneCalendar","conspire:InfiniteJournal","Prayer Wheel","conspire:SpecialSausage","downfall:HeartBlessingRed","downfall:HeartBlessingGreen","conspire:GiftBox","conspire:Dentures","infinitespire:PuzzleCube","hubris:Icosahedron","Ginger","ReplayFunnel","Vajra"],"acts_visited":["Exordium","theJungle:Jungle","TheBeyond","TheEnding"],"potions_floor_usage":[14,18,35,42,42,47,47],"damage_taken":[{"damage":0,"enemies":"Cultist","floor":4,"turns":1},{"damage":0,"enemies":"downfall:FleeingMerchant","floor":5,"turns":1},{"damage":0,"enemies":"Replay:BlueRogue","floor":11,"turns":1},{"damage":0,"enemies":"2 Louse","floor":12,"turns":2},{"damage":11,"enemies":"Lagavulin","floor":14,"turns":4},{"damage":0,"enemies":"Small Slimes","floor":15,"turns":2},{"damage":0,"enemies":"Small Slimes","floor":16,"turns":3},{"damage":0,"enemies":"Exordium Thugs","floor":17,"turns":3},{"damage":12,"enemies":"WA_ARCHETYPE_RETAIN","floor":18,"turns":5},{"damage":0,"enemies":"Shell Parasite","floor":21,"turns":2},{"damage":0,"enemies":"theJungle:Flameango_and_Byrd","floor":23,"turns":7},{"damage":0,"enemies":"theJungle:Flameango_and_Byrd","floor":24,"turns":3},{"damage":3,"enemies":"theJungle:JungleHuntersEncounter","floor":25,"turns":4},{"damage":0,"enemies":"theJungle:2_Flameangoes","floor":29,"turns":4},{"damage":9,"enemies":"theJungle:Cassacara","floor":31,"turns":5},{"damage":0,"enemies":"theJungle:Lyon","floor":32,"turns":2},{"damage":0,"enemies":"Snake Plant","floor":34,"turns":2},{"damage":36,"enemies":"DF_ARCHETYPE_CLAW","floor":35,"turns":6},{"damage":0,"enemies":"3 Darklings","floor":39,"turns":3},{"damage":0,"enemies":"3 Shapes","floor":41,"turns":2},{"damage":32,"enemies":"Nightmare","floor":42,"turns":6},{"damage":14,"enemies":"Maw","floor":44,"turns":5},{"damage":24,"enemies":"R_Hoarder","floor":46,"turns":5},{"damage":0,"enemies":"downfall:FleeingMerchant","floor":47,"turns":4},{"damage":0,"enemies":"Writhing Mass","floor":51,"turns":4},{"damage":75,"enemies":"IC_BLOCK_ARCHETYPE","floor":52,"turns":8},{"damage":46,"enemies":"downfall:CharBossMerchant","floor":54,"turns":8},{"damage":30,"enemies":"downfall:NeowBoss","floor":57,"turns":5}],"seed_played":"2828650652387910747","potions_obtained":[{"floor":11,"key":"Guardian:DefensiveModePotion"},{"floor":12,"key":"bronze:BurnAndBuffPotion"},{"floor":17,"key":"Milkshake"},{"floor":18,"key":"Energy Potion"},{"floor":24,"key":"SmokeBomb"},{"floor":25,"key":"Energy Potion"},{"floor":34,"key":"infinitespire:BlackPotion"},{"floor":42,"key":"SteroidPotion"},{"floor":44,"key":"FairyPotion"},{"floor":46,"key":"FearPotion"}],"is_trial":false,"path_per_floor":["R","PTL","PTL","M","$","T","?","?","T","?","E","M","R","E","M","?","M","B",null,"R","M","?","MIM","M","M","T","?","?","M","R","E","M","AVR","M","B",null,"R","?","M","?","M","NM","T","M","R","E","$","?","R","?","M","B",null,"E","$","R","B"],"character_chosen":"GUARDIAN","items_purchased":["Guardian:BronzeOrb","infinitespire:PuzzleCube","Guardian:RefractedBeam+1","Guardian:Gem_Cyan","Violence","ReplayFunnel","Vajra","Guardian:Suspension+1","Guardian:FloatingOrbs"],"campfire_rested":1,"item_purchase_floors":[5,47,47,47,47,55,55,55,55],"current_hp_per_floor":[88,88,88,88,88,96,88,88,88,88,88,88,88,77,77,77,77,65,72,82,82,82,82,82,79,79,70,70,70,70,61,61,61,61,25,74,74,74,74,74,74,42,42,28,28,4,4,4,23,23,23,21,66,20,20,20,0,0,0],"gold":19,"neow_bonus":"THREE_ENEMY_KILL","is_daily":false,"chose_seed":false,"campfire_upgraded":4,"win_rate":0.0,"timestamp":1612822068,"path_taken":["R","PTL","PTL","M","$","?","?","?","T","?","E","M","R","E","M","?","M","BOSS","R","M","?","?","M","M","T","?","?","M","R","E","?","AVR","M","BOSS","R","?","M","?","M","NM","T","?","R","E","?","?","R","?","M","BOSS","E","$","R","BOSS"],"items_purchased_type":["Card","Relic","Card","Card","Card","Relic","Relic","Card","Card"],"build_version":"2020-12-22","purchased_purges":3,"victory":false,"max_hp_per_floor":[88,88,88,88,88,96,88,88,88,88,88,88,88,88,88,88,88,88,72,82,82,82,82,82,82,82,82,82,82,82,82,82,82,82,74,74,74,74,74,74,74,74,74,74,74,66,66,66,66,66,66,66,66,66,66,66,66,66,66],"card_choices":[{"not_picked":["Guardian:TemporalShield","Guardian:VentSteam"],"picked":"Guardian:Reroute","floor":4},{"not_picked":["Guardian:VentSteam","Guardian:WalkerClaw"],"picked":"Guardian:TemporalShield","floor":5},{"not_picked":["Guardian:PolyBeam","Guardian:PrimingBeam"],"picked":"Guardian:BronzeOrb","floor":11},{"not_picked":["Guardian:ChargeCore","Guardian:VentSteam"],"picked":"Guardian:ShieldCharger","floor":12},{"not_picked":["Guardian:PolyBeam","Guardian:BodySlam"],"picked":"Guardian:Recover","floor":14},{"not_picked":["Guardian:DonusPower","Guardian:MultiBeam"],"picked":"Guardian:BronzeOrb","floor":15},{"not_picked":["Guardian:Planning","Guardian:ChargeCore"],"picked":"Guardian:PrismaticBeam","floor":17},{"not_picked":["Guardian:BaubleBeam","Guardian:ExploitGems"],"picked":"Guardian:HyperBeam_Guardian","floor":18},{"not_picked":["Guardian:CrystalBeam+1","Guardian:BodySlam"],"picked":"Guardian:ShieldCharger+1","floor":21},{"not_picked":["Guardian:RollAttack","Guardian:SpikerProtocol"],"picked":"Guardian:Gem_Green","floor":23},{"not_picked":["Guardian:Incinerate+1","hubris:SpiceAddiction"],"picked":"Guardian:Gem_Lightblue","floor":24},{"not_picked":["hubris:SpiceAddiction","Guardian:Planning+1","Guardian:TemporalStrike"],"picked":"SKIP","floor":25},{"not_picked":["Guardian:Reroute","hubris:SpiceAddiction"],"picked":"Guardian:ChargeCore","floor":29},{"not_picked":["Guardian:CrystalBeam+1","hubris:SpiceAddiction"],"picked":"Guardian:Gem_Fragmented","floor":31},{"not_picked":["hubris:SpiceAddiction","Guardian:Planning"],"picked":"Guardian:Gem_Purple","floor":32},{"not_picked":["Guardian:ShieldCharger","Guardian:Recover"],"picked":"Guardian:Gem_White","floor":34},{"not_picked":["Guardian:Planning","Guardian:Reroute"],"picked":"Guardian:Gem_Lightblue","floor":34},{"not_picked":["hubris:SpiceAddiction","hubris:SpiceAddiction"],"picked":"hubris:SpiceAddiction","floor":35},{"not_picked":["Guardian:Gem_Cyan","Guardian:ArmoredProtocol"],"picked":"Guardian:TimeBomb+1","floor":39},{"not_picked":["Guardian:EvasiveProtocol","Guardian:Gem_Red","Guardian:PrimingBeam+1"],"picked":"SKIP","floor":39},{"not_picked":["Guardian:EvasiveProtocol","Guardian:PrimingBeam+1"],"picked":"Guardian:Gem_Red","floor":39},{"not_picked":["Guardian:CrystalBeam+1","Guardian:GuardianWhirl+1"],"picked":"Guardian:Gem_Cyan","floor":41},{"not_picked":["hubris:SpiceAddiction","Guardian:ShieldCharger+1","Guardian:PrimingBeam"],"picked":"SKIP","floor":41},{"not_picked":["Guardian:FastForward","Guardian:FierceBash"],"picked":"Guardian:AncientConstruct","floor":42},{"not_picked":["Guardian:PiercingHide+1","hubris:SpiceAddiction"],"picked":"Guardian:ArmoredProtocol","floor":42},{"not_picked":["hubris:SpiceAddiction","hubris:SpiceAddiction"],"picked":"Guardian:ShieldSpikes+1","floor":44},{"not_picked":["Guardian:TemporalStrike","Guardian:Suspension","Guardian:ShieldCharger"],"picked":"SKIP","floor":44},{"not_picked":["Guardian:PiercingHide+1","Guardian:PrismaticBeam+1"],"picked":"Guardian:TimeCapacitor","floor":46},{"not_picked":["hubris:SpiceAddiction","Guardian:VentSteam+1"],"picked":"Guardian:FierceBash","floor":47},{"not_picked":["infinitespire:Oblivion","hubris:InfiniteBlow+3"],"picked":"infinitespire:SealOfDarkness+","floor":50},{"not_picked":["Guardian:Planning","Guardian:TimeBomb+1"],"picked":"Guardian:Suspension+1","floor":51},{"not_picked":["Guardian:BodySlam","Guardian:SentryBeam","Guardian:PiercingHide+1"],"picked":"SKIP","floor":51},{"not_picked":["Guardian:BodySlam","Guardian:PiercingHide+1"],"picked":"Guardian:SentryBeam","floor":51},{"not_picked":["Guardian:HyperBeam_Guardian","hubris:SpiceAddiction"],"picked":"Guardian:Gem_Red","floor":54}],"player_experience":339475,"relics_obtained":[{"floor":1,"key":"hubris:Spice"},{"floor":6,"key":"hubris:Spice"},{"floor":7,"key":"hubris:Spice"},{"floor":11,"key":"hubris:GlazedTorus"},{"floor":14,"key":"MawBank"},{"floor":16,"key":"downfall:GremlinWheel"},{"floor":19,"key":"Regal Pillow"},{"floor":19,"key":"hubris:Spice"},{"floor":19,"key":"hubris:Spice"},{"floor":23,"key":"TungstenRod"},{"floor":23,"key":"Spirit Poop"},{"floor":26,"key":"StoneCalendar"},{"floor":31,"key":"conspire:InfiniteJournal"},{"floor":42,"key":"conspire:GiftBox"},{"floor":43,"key":"conspire:Dentures"},{"floor":46,"key":"hubris:Spice"},{"floor":54,"key":"Ginger"}],"event_choices":[{"damage_healed":0,"gold_gain":0,"player_choice":"Gold","damage_taken":0,"max_hp_gain":0,"max_hp_loss":0,"event_name":"Wheel of Change","floor":20,"gold_loss":0}],"is_beta":false,"boss_relics":[{"not_picked":["hubris:Spice","hubris:Spice"],"picked":"Calling Bell"},{"not_picked":["hubris:Spice","hubris:Spice"],"picked":"conspire:SpecialSausage"}],"items_purged_floors":[33,47,55],"is_endless":false,"potions_floor_spawned":[11,12,17,18,24,25,29,34,42,44,46],"killed_by":"downfall:NeowBoss","ascension_level":1}}