{"host":"8z0h4areh8sio1k0","time":1612776684,"event":{"mods":["10 clothes from DAL","Act Like it!","Aspiration","BaseMod","Colored Map","Conspire","Crowbot","Hubris","Library of Ruina Extra","Mimic Mod","Minty Spire (QoL Compilation)","NanayaShiki（七夜志贵）","Replay The Spire","StSLib","TestMod","The Blue Laboratory","The Fake Hero","The Hierophant","TheWitcherMod","[Fun]BeWhatYouAte","theHeart","【功能Mod】精心准备","【遗物Mod】死灵法师NEW","老伊莉雅"],"gold_per_floor":[118,118,136,136,156,191,214,239,318,341,359,359,359,383,383,493,493,510,533,556,574,574,574,612,612,683,712,712,712,739,757,757,871,871,898,898,930,472,492,516,516,551,597,597,623,649,681,707,707,711,723],"floor_reached":52,"language":"ZHS","playtime":2303,"items_purged":["Shame"],"score":766,"play_id":"9f0ca4f1-fd97-4f14-bfa9-d64ea40afc25","local_time":"20210208173124","is_ascension_mode":false,"campfire_choices":[{"data":"PrismaMod:MiyuCheapChannelAttack","floor":15,"key":"SMITH"},{"data":"PrismaMod:MiyuCheapChannelDefend","floor":23,"key":"SMITH"},{"data":"PrismaMod:MiyuUncommonDexBuff","floor":28,"key":"SMITH"},{"data":"PrismaMod:MiyuCarnivalDefend","floor":32,"key":"SMITH"},{"data":"Double Energy","floor":49,"key":"SMITH"}],"circlet_count":0,"master_deck":["PrismaMod:MiyuCommonDefend","PrismaMod:MiyuCommonDefend","PrismaMod:MiyuCommonDefend","PrismaMod:MiyuCommonDefend","PrismaMod:MiyuCommonAttack","PrismaMod:MiyuCommonAttack","PrismaMod:MiyuCommonAttack","PrismaMod:MiyuCommonAttack","PrismaMod:MiyuCheapChannelAttack+1","PrismaMod:MiyuCheapChannelDefend+1","PrismaMod:MiyuUberAttack","PrismaMod:MiyuCheapDexBuff","PrismaMod:MiyuUncommonDexBuff+1","PrismaMod:MiyuMaid","PrismaMod:MiyuEvokeAll","PrismaMod:MiyuCarnivalDefend+1","PrismaMod:MiyuAttackChannelAttack","PrismaMod:MiyuAttackChannelVul","PrismaMod:MiyuOrbIncreasePerm+1","PrismaMod:MiyuCheapDefend1","PrismaMod:MiyuCheapPlate+1","PrismaMod:MiyuEvokeCheapAttack+1","PrismaMod:MiyuAttackChannelAttack","PrismaMod:MiyuUncommonDexBuff","PrismaMod:MiyuCheapAttack1","conspire:Rain","PrismaMod:MiyuAttackChannelAttack+1","PrismaMod:MiyuDevil+1","Apotheosis+1","PrismaMod:MiyuUncommonAttack","Double Energy+1"],"relics":["testmod-TestBox","testmod-SaigiyounoYou","NeowsBlessing","testmod-RealStoneCalender","aspiration:HummingbirdHeart","Replay:Bandana","Iron Hammer","hubris:DisguiseKit","testmod-Hope","hubris:CrackedHourglass","PreservedInsect"],"acts_visited":["Exordium","TheCity","TheBeyond"],"potions_floor_usage":[16,18,24,30,30,31,33,33,42,45,47],"damage_taken":[{"damage":0.0,"enemies":"2 Louse","floor":1.0,"turns":1.0},{"damage":0.0,"enemies":"Cultist","floor":3.0,"turns":1.0},{"damage":0.0,"enemies":"Jaw Worm","floor":5.0,"turns":1.0},{"damage":0.0,"enemies":"Lagavulin","floor":6.0,"turns":6.0},{"damage":0.0,"enemies":"Large Slime","floor":7.0,"turns":5.0},{"damage":0.0,"enemies":"2 Fungi Beasts","floor":8.0,"turns":3.0},{"damage":10.0,"enemies":"Gremlin Gang","floor":10.0,"turns":4.0},{"damage":0.0,"enemies":"Blue Slaver","floor":11.0,"turns":3.0},{"damage":2,"enemies":"conspire:2 RoseBushes","floor":14,"turns":3},{"damage":42,"enemies":"Hexaghost","floor":16,"turns":6},{"damage":28,"enemies":"Spheric Guardian","floor":18,"turns":4},{"damage":0,"enemies":"2 Thieves","floor":19,"turns":4},{"damage":28,"enemies":"conspire:HollyBat","floor":20,"turns":6},{"damage":3,"enemies":"Snake Plant","floor":21,"turns":4},{"damage":22,"enemies":"Slavers","floor":24,"turns":4},{"damage":3,"enemies":"3 Cultists","floor":27,"turns":4},{"damage":5,"enemies":"conspire:HollyBat","floor":30,"turns":6},{"damage":23,"enemies":"Sentry and Sphere","floor":31,"turns":4},{"damage":25,"enemies":"Automaton","floor":33,"turns":7},{"damage":13,"enemies":"Orb Walker","floor":35,"turns":3},{"damage":8,"enemies":"3 Darklings","floor":37,"turns":5},{"damage":27,"enemies":"Spire Growth","floor":39,"turns":5},{"damage":17,"enemies":"Writhing Mass","floor":40,"turns":5},{"damage":30,"enemies":"Reptomancer","floor":42,"turns":5},{"damage":0,"enemies":"4 Shapes","floor":43,"turns":4},{"damage":17,"enemies":"4 Shapes","floor":45,"turns":4},{"damage":0,"enemies":"Transient","floor":46,"turns":5},{"damage":17,"enemies":"Jaw Worm Horde","floor":47,"turns":4},{"damage":12,"enemies":"Writhing Mass","floor":48,"turns":2},{"damage":3,"enemies":"Time Eater","floor":50,"turns":1},{"damage":70,"enemies":"Time Eater","floor":51,"turns":7}],"seed_played":"-4176178998589945519","potions_obtained":[{"floor":3.0,"key":"blueLaboratory:HorrorPotion"},{"floor":5.0,"key":"Reflective Coating"},{"floor":6.0,"key":"SpeedPotion"},{"floor":10.0,"key":"FearPotion"},{"floor":16,"key":"Fire Potion"},{"floor":19,"key":"Energy Potion"},{"floor":27,"key":"Block Potion"},{"floor":30,"key":"LiquidMemories"},{"floor":31,"key":"blueLaboratory:PhilterOfMotion"},{"floor":39,"key":"Fire Potion"},{"floor":40,"key":"PowerPotion"},{"floor":46,"key":"blueLaboratory:FruitPunch"},{"floor":48,"key":"testmod-EscapePotion"}],"is_trial":false,"path_per_floor":["M","?","M","T","M","E","M","M","T","M","M","?","?","M","R","B",null,"M","M","M","M","?","R","E","?","T","M","R","?","M","M","R","B",null,"M","?","M","$","M","M","?","E","MIM","?","M","M","M","M","R","B",null,null],"character_chosen":"MIYU","items_purchased":["PreservedInsect","PrismaMod:MiyuDevil+1","Apotheosis"],"campfire_rested":0,"item_purchase_floors":[38,38,38],"current_hp_per_floor":[75,75,75,75,75,75,75,75,75,73,75,75,75,75,75,42,75,47,51,28,33,58,58,49,49,49,52,52,52,54,39,39,34,75,67,67,70,70,51,52,52,35,50,58,57,75,71,77,77,77,26],"gold":723,"neow_bonus":"THREE_ENEMY_KILL","is_daily":false,"chose_seed":false,"campfire_upgraded":5,"win_rate":0.0,"timestamp":1612776684,"path_taken":["M","?","?","?","M","E","M","M","T","M","M","?","?","M","R","BOSS","M","?","M","M","?","R","E","?","T","M","R","?","M","M","R","BOSS","M","?","M","$","M","M","?","E","MIM","?","M","M","M","M","R","BOSS"],"items_purchased_type":["Relic","Card","Card"],"build_version":"2020-12-22","purchased_purges":1,"victory":true,"max_hp_per_floor":[75,75,75,75,75,75,75,75,75,75,75,75,75,75,75,75,75,75,75,75,75,75,75,75,75,75,75,75,75,75,75,75,75,75,75,75,75,75,75,75,75,75,75,75,75,75,77,77,77,77,77],"card_choices":[{"not_picked":["PrismaMod:MiyuCheapAttack2","PrismaMod:MiyuCheapStrBuff"],"picked":"PrismaMod:MiyuUberAttack","floor":1.0},{"not_picked":["PrismaMod:MiyuCarnivalAttack","PrismaMod:MiyuEvokeBuffStr"],"picked":"PrismaMod:MiyuCheapDexBuff","floor":3.0},{"not_picked":["PrismaMod:MiyuCheapChannelVul","PrismaMod:MiyuCheapChannelAttack"],"picked":"PrismaMod:MiyuUncommonDexBuff","floor":5.0},{"not_picked":["PrismaMod:MiyuUncommonAttack","PrismaMod:MiyuCheapChannelHeal"],"picked":"PrismaMod:MiyuMaid","floor":6.0},{"not_picked":["PrismaMod:MiyuUberAttack","PrismaMod:MiyuUncommonStrBuff"],"picked":"PrismaMod:MiyuEvokeAll","floor":7.0},{"not_picked":["PrismaMod:MiyuCheapDexBuff","PrismaMod:MiyuCheapStrBuff"],"picked":"PrismaMod:MiyuCarnivalDefend","floor":8.0},{"not_picked":["PrismaMod:MiyuUberAttack","PrismaMod:MiyuUncommonDexBuff"],"picked":"PrismaMod:MiyuAttackChannelAttack","floor":10.0},{"not_picked":["PrismaMod:MiyuUncommonStrBuff","PrismaMod:MiyuCheapChannelVul"],"picked":"PrismaMod:MiyuAttackChannelVul","floor":11.0},{"not_picked":["PrismaMod:MiyuCheapAttack1","PrismaMod:MiyuCommonAOEAttack","PrismaMod:MiyuUncommonDefend","Panic Button"],"picked":"SKIP","floor":14},{"not_picked":["PrismaMod:MiyuUncommonPlate+1","PrismaMod:MiyuCheapAttack2+1","Recycle"],"picked":"PrismaMod:MiyuCheapPlate+1","floor":18},{"not_picked":["PrismaMod:MiyuUberAttack+1","PrismaMod:MiyuCheapEvoke","Steam"],"picked":"PrismaMod:MiyuEvokeCheapAttack+1","floor":19},{"not_picked":["PrismaMod:MiyuMaid","PrismaMod:MiyuCheapStrBuff+1","PrismaMod:MiyuDefendChannelDefend","Reinforced Body"],"picked":"SKIP","floor":20},{"not_picked":["PrismaMod:MiyuCheapStrBuff+1","PrismaMod:MiyuCheapEvoke","Stack"],"picked":"PrismaMod:MiyuAttackChannelAttack","floor":21},{"not_picked":["PrismaMod:MiyuDefenseExplosion","PrismaMod:MiyuEvokeBuffStr","PrismaMod:MiyuChristmas","Cold Snap"],"picked":"SKIP","floor":24},{"not_picked":["PrismaMod:MiyuDefenseExplosion","PrismaMod:MiyuEvokeBuffStr","PrismaMod:MiyuChristmas","Cold Snap"],"picked":"SKIP","floor":24},{"not_picked":["PrismaMod:MiyuCheapChannelWeak","PrismaMod:MiyuUncommonAttack+1","PrismaMod:MiyuCheapChannelVul+1"],"picked":"conspire:Rain","floor":27},{"not_picked":["PrismaMod:MiyuEvokeCheapDefend","PrismaMod:MiyuCarnivalAttack","PrismaMod:MiyuMaid+1","Conserve Battery"],"picked":"SKIP","floor":30},{"not_picked":["PrismaMod:MiyuDefenseExplosion","PrismaMod:MiyuUncommonDexBuff+1","PrismaMod:MiyuAttackChannelVul","BootSequence"],"picked":"SKIP","floor":31},{"not_picked":["PrismaMod:MiyuCheapAttack2","PrismaMod:MiyuUberAttack+1","PrismaMod:MiyuCarnivalAttack","Turbo"],"picked":"SKIP","floor":35},{"not_picked":["PrismaMod:MiyuCheapChannelWeak+1","PrismaMod:MiyuUncommonAttack","Steam"],"picked":"PrismaMod:MiyuAttackChannelAttack+1","floor":37},{"not_picked":["PrismaMod:MiyuMaid+1","PrismaMod:MiyuCheapChannelDefend","PrismaMod:MiyuCarnivalDefend","Gash"],"picked":"SKIP","floor":39},{"not_picked":["PrismaMod:MiyuCommonAOEAttack+1","PrismaMod:MiyuCheapChannelHeal+1","PrismaMod:MiyuCheapAttack2+1","Auto Shields"],"picked":"SKIP","floor":40},{"not_picked":["PrismaMod:MiyuCommonAOEAttack+1","PrismaMod:MiyuUberDefend","PrismaMod:MiyuOrbIncreasePerm","Stack"],"picked":"SKIP","floor":42},{"not_picked":["PrismaMod:MiyuCheapChannelDefend","PrismaMod:MiyuUncommonDexBuff","Streamline"],"picked":"PrismaMod:MiyuUncommonAttack","floor":45},{"not_picked":["PrismaMod:MiyuCheapChannelVul+1","PrismaMod:MiyuAttackChannelWeak","PrismaMod:MiyuDefenseExplosion","Tempest"],"picked":"SKIP","floor":46},{"not_picked":["PrismaMod:MiyuUncommonDexBuff","PrismaMod:MiyuUberAOEAttack","PrismaMod:MiyuMaid+1","Reboot"],"picked":"SKIP","floor":47},{"not_picked":["PrismaMod:MiyuCarnivalAttack+1","PrismaMod:MiyuCheapDexBuff","PrismaMod:MiyuUncommonAOEAttack+1"],"picked":"Double Energy","floor":48}],"player_experience":545200,"relics_obtained":[{"floor":4.0,"key":"aspiration:HummingbirdHeart"},{"floor":6.0,"key":"Replay:Bandana"},{"floor":9.0,"key":"Iron Hammer"},{"floor":26,"key":"testmod-Hope"}],"event_choices":[{"damage_healed":0.0,"max_hp_gain":0.0,"max_hp_loss":0.0,"gold_gain":0.0,"event_name":"The Woman in Blue","player_choice":"Bought 0 Potions","floor":2.0,"gold_loss":0.0,"damage_taken":0.0},{"damage_healed":0,"gold_gain":0,"player_choice":"2 cards matched","damage_taken":0,"max_hp_gain":0,"max_hp_loss":0,"event_name":"Match and Keep!","floor":13,"gold_loss":0,"cards_obtained":["PrismaMod:MiyuOrbIncreasePerm","PrismaMod:MiyuCheapDefend1"]},{"damage_healed":25,"gold_gain":0,"player_choice":"Heal","damage_taken":0,"max_hp_gain":0,"max_hp_loss":0,"event_name":"The Library","floor":22,"gold_loss":0},{"damage_healed":0,"gold_gain":0,"cards_transformed":["PrismaMod:MiyuCommonDefend","PrismaMod:MiyuCommonAttack"],"player_choice":"Became Test Subject","damage_taken":0,"max_hp_gain":0,"max_hp_loss":0,"event_name":"Drug Dealer","floor":25,"gold_loss":0,"cards_obtained":["PrismaMod:MiyuUncommonDexBuff","PrismaMod:MiyuCheapAttack1"]},{"damage_healed":0,"gold_gain":0,"player_choice":"Upgraded","damage_taken":0,"max_hp_gain":0,"max_hp_loss":0,"event_name":"Upgrade Shrine","floor":41,"gold_loss":0,"cards_upgraded":["Apotheosis"]}],"is_beta":false,"boss_relics":[{"not_picked":["testmod-EnergyCheck","testmod-CardMagician","Replay:Bronze Core"]},{"not_picked":["Ring of Chaos","conspire:RunicOctahedron"],"picked":"hubris:CrackedHourglass"}],"items_purged_floors":[38],"is_endless":false,"potions_floor_spawned":[3,5,6,10,16,18,19,27,30,31,35,39,40,46,48],"ascension_level":0}}