{"host":"ihsge0lre3slh6sc","time":1612803518,"event":{"mods":["Act Like it!","Arknights","BaseMod","CapriCore","Highlight Path","Lobotomy","LobotomyExtend","Marisa£®ÏF”Í°°ƒß¿Ì…≥£©","Minty Spire (QoL Compilation)","MostiFishMod","Quick Restart","Remilia£®¿Ÿ√◊¿Ú—«£©","Shop Mod","StSLib","TestMod","The Immortal","Waifu the Spire","WarShipGirlsR/’ΩΩ¢…Ÿ≈ÆR mod","Yakumo Yukari mod","Youmu£®ªÍ∆«—˝√Œ£©","[IsaacMod]“‘»ˆº‚À˛","ÛÙª÷∏ƒœ"],"gold_per_floor":[118,136,148,148,160,160,187,187,210,268,285,321,321,348,348,455,455,474,573,591,607,621,659,511,534,534,569,589,611,623,644,225,330,330,349,349,363,420,434,469,488,524,547,547,586,618,505,553,565,584,596,458,295,329,338],"floor_reached":56,"language":"ZHS","playtime":2463,"items_purged":["ats:Strike C","ats:Strike V","ats:Strike S","ats:Strike G+1","ats:Defend","ats:Leaping Hammer","ats:Very Hot Blade+1"],"score":1908,"play_id":"afbe1480-df7d-458f-a15e-500149e6d905","local_time":"20210209005838","is_ascension_mode":false,"campfire_choices":[{"data":"ats:Sunburst","floor":6.0,"key":"SMITH"},{"data":"ats:Very Hot Blade","floor":8.0,"key":"SMITH"},{"data":"ats:Closed Bolt Burst Fire","floor":13.0,"key":"SMITH"},{"data":"ats:Overload","floor":15.0,"key":"SMITH"},{"floor":44.0,"key":"RECALL"},{"data":"ats:Roar Of Ursus","floor":49,"key":"SMITH"}],"circlet_count":0,"master_deck":["ats:Armor Crushing Shot+1","ats:Defend","ats:Defend","ats:Defend","ats:Emotion Absorption+1","ats:Sunburst+1","ats:Charging Defense","ats:Closed Bolt Burst Fire+1","ats:Overload+1","ats:Roar Of Ursus+1","ats:Disruption Kick","ats:Chain Hook","ats:Defend Order","ats:Thorns","ats:Red Shift","ats:Mental Burst"],"relics":["ats:Sanity","HushsDoor","testmod-DeterminationOfClimber","ImprovedEquipment","Void","ats:Originium","ats:Ability Aura","Bag of Preparation","Lantern","testmod-Recursion","Eternal Feather","Kunai","SalivaCoin","Shuriken","Black Star","CatCart","Boot","Juzu Bracelet","Blood Vial","Ginger","Blue Candle","BookOfRevelations","testmod-BouquetWithThorns","Letter Opener","LetterFromLob"],"acts_visited":["Exordium","TheCity","TheBeyond","TheEnding"],"potions_floor_usage":[],"damage_taken":[{"damage":0.0,"enemies":"ats:Genji","floor":1.0,"turns":3.0},{"damage":0.0,"enemies":"Cultist","floor":2.0,"turns":3.0},{"damage":0.0,"enemies":"2 Louse","floor":3.0,"turns":2.0},{"damage":7.0,"enemies":"2 Fungi Beasts","floor":5.0,"turns":3.0},{"damage":0.0,"enemies":"3 Sentries","floor":7.0,"turns":4.0},{"damage":3.0,"enemies":"3 Sentries","floor":10.0,"turns":6.0},{"damage":7.0,"enemies":"3 Louse","floor":11.0,"turns":3.0},{"damage":0.0,"enemies":"Gremlin Nob","floor":12.0,"turns":2.0},{"damage":0.0,"enemies":"3 Sentries","floor":14.0,"turns":2.0},{"damage":17.0,"enemies":"Hexaghost","floor":16.0,"turns":4.0},{"damage":0.0,"enemies":"3 Byrds","floor":18.0,"turns":2.0},{"damage":0.0,"enemies":"Spheric Guardian","floor":20.0,"turns":2.0},{"damage":0.0,"enemies":"Snake Plant","floor":21.0,"turns":1.0},{"damage":0.0,"enemies":"Centurion and Healer","floor":22.0,"turns":2.0},{"damage":16.0,"enemies":"Slavers","floor":23.0,"turns":2.0},{"damage":0.0,"enemies":"Snecko","floor":25.0,"turns":2.0},{"damage":0.0,"enemies":"Gremlin Leader","floor":27.0,"turns":2.0},{"damage":0.0,"enemies":"Cultist and Chosen","floor":28.0,"turns":2.0},{"damage":0.0,"enemies":"Sentry and Sphere","floor":29.0,"turns":1.0},{"damage":0.0,"enemies":"Centurion and Healer","floor":30.0,"turns":2.0},{"damage":0.0,"enemies":"3 Cultists","floor":31.0,"turns":2.0},{"damage":0.0,"enemies":"Champ","floor":33.0,"turns":3.0},{"damage":0.0,"enemies":"3 Shapes","floor":35.0,"turns":1.0},{"damage":0.0,"enemies":"Orb Walker","floor":37.0,"turns":1.0},{"damage":0.0,"enemies":"Orin","floor":38.0,"turns":2.0},{"damage":0.0,"enemies":"Writhing Mass","floor":39.0,"turns":2.0},{"damage":0.0,"enemies":"Reptomancer","floor":40.0,"turns":1.0},{"damage":0.0,"enemies":"Jaw Worm Horde","floor":41.0,"turns":2.0},{"damage":0.0,"enemies":"Giant Head","floor":42.0,"turns":2.0},{"damage":0.0,"enemies":"Nemesis","floor":45.0,"turns":2.0},{"damage":0.0,"enemies":"3 Darklings","floor":46.0,"turns":1.0},{"damage":0,"enemies":"Reptomancer","floor":48,"turns":2},{"damage":0,"enemies":"Donu and Deca","floor":50,"turns":1},{"damage":0,"enemies":"Shield and Spear","floor":54,"turns":1},{"damage":0,"enemies":"The Heart","floor":55,"turns":1}],"seed_played":"-7900127538380194271","potions_obtained":[{"floor":1.0,"key":"SkillPotion"},{"floor":5.0,"key":"SteroidPotion"},{"floor":7.0,"key":"Fire Potion"},{"floor":20.0,"key":"testmod-SpacePotion"},{"floor":25.0,"key":"Dexterity Potion"},{"floor":27.0,"key":"Dexterity Potion"}],"is_trial":false,"path_per_floor":["M","M","M","?","M","R","E","R","T","?","M","E","R","E","R","B",null,"M","?","M","M","M","E","R","M","T","E","M","M","M","M","R","B",null,"M","?","M","?","M","E","M","E","T","R","E","M","R","E","R","B",null,"R","$","E","B",null],"character_chosen":"DOCTOR_CLASS","items_purchased":["ats:Disruption Kick","ats:Thorns","ats:Mental Burst","Shuriken"],"campfire_rested":0,"item_purchase_floors":[17,24,32,32],"current_hp_per_floor":[72,72,72,58,52,52,55,55,55,55,50,52,52,54,54,40,63,63,63,63,63,63,51,60,63,63,63,63,63,63,63,63,63,56,56,56,56,56,56,56,56,56,56,56,56,56,56,56,56,56,56,56,56,56,56],"gold":338,"neow_bonus":"UPGRADE_CARD","is_daily":false,"chose_seed":false,"campfire_upgraded":5,"win_rate":0.0,"timestamp":1612803518,"path_taken":["M","M","M","?","?","R","E","R","T","?","M","E","R","E","R","BOSS","M","?","?","M","M","E","R","M","T","E","M","M","?","M","R","BOSS","M","?","M","?","M","E","M","E","T","R","E","M","R","E","R","BOSS","R","$","E","BOSS"],"items_purchased_type":["Card","Card","Card","Relic"],"build_version":"2020-12-22","purchased_purges":7,"victory":true,"max_hp_per_floor":[72,72,72,72,72,72,72,72,72,72,72,72,72,72,72,72,63,63,63,63,63,63,63,63,63,63,63,63,63,63,63,63,63,56,56,56,56,56,56,56,56,56,56,56,56,56,56,56,56,56,56,56,56,56,56],"card_choices":[{"not_picked":["ats:Very Hot Blade","ats:Closed Bolt Burst Fire"],"picked":"ats:Sunburst","floor":1.0},{"not_picked":["ats:Spore Proliferation","ats:Blood Oath"],"picked":"ats:Charging Defense","floor":2.0},{"not_picked":["ats:Apocalypse","ats:Cat Scratch"],"picked":"ats:Closed Bolt Burst Fire","floor":3.0},{"not_picked":["ats:Apocalypse","ats:Cat Scratch"],"picked":"ats:Leaping Hammer","floor":5.0},{"not_picked":["ats:Explosion Area Strengthen","ats:Curse Doll"],"picked":"ats:Very Hot Blade","floor":7.0},{"not_picked":["ats:LN2 Cannon","ats:Curse Doll"],"picked":"Bomb","floor":10.0},{"not_picked":["ats:Curse Doll","ats:Sunburst","ats:Powerful Strike"],"picked":"SKIP","floor":11.0},{"not_picked":["ats:Durian","ats:Very Hot Blade"],"picked":"ats:Overload","floor":12.0},{"not_picked":["ats:Blood Oath","ats:Hammer On","ats:Consecutive Shot Auto"],"picked":"SKIP","floor":14.0},{"not_picked":["ats:Ambush","ats:Soul Rend"],"picked":"ats:Roar Of Ursus","floor":16.0},{"not_picked":["ats:Support Order+1","ats:Leaping Hammer","ats:Steam Pump"],"picked":"SKIP","floor":18.0},{"not_picked":["ats:Flexible Camouflage","ats:Cat Scratch"],"picked":"ats:Chain Hook","floor":20.0},{"not_picked":["ats:Explosion Area Strengthen","ats:Assault Order+1"],"picked":"ats:Defend Order","floor":21.0},{"not_picked":["ats:Ignite","ats:Blood Oath","ats:Flame Of Heaven"],"picked":"SKIP","floor":22.0},{"not_picked":["ats:Composite Medical Shells","ats:Rapid Magazine","ats:Part Time Job+1"],"picked":"SKIP","floor":23.0},{"not_picked":["ats:Closed Bolt Burst Fire","ats:Sashimi Platter","ats:Defend Order"],"picked":"SKIP","floor":25.0},{"not_picked":["ats:Defend Order","ats:Poison Spread","ats:Closed Bolt Burst Fire"],"picked":"SKIP","floor":27.0},{"not_picked":["ats:Poison Spread+1","ats:Burning Ground","ats:Directed Diagnosis"],"picked":"SKIP","floor":28.0},{"not_picked":["ats:Ignite","ats:Very Hot Blade+1","ats:Apocalypse"],"picked":"SKIP","floor":29.0},{"not_picked":["ats:Volcano","ats:Sashimi Platter+1"],"picked":"ats:Red Shift","floor":30.0},{"not_picked":["ats:Chain Hook","ats:Curse Doll+1","ats:Poison Spread"],"picked":"SKIP","floor":31.0},{"not_picked":["ats:Literary Storm+1","ats:Flame Of Heaven","ats:Absolute Focus+1"],"picked":"SKIP","floor":35.0},{"not_picked":["ats:Healing Drone","ats:Consecutive Shot Auto","ats:Thermite Blade"],"picked":"SKIP","floor":37.0},{"not_picked":["ats:Soul Absorption","ats:Powerful Strike","ats:Consecutive Shot Auto+1"],"picked":"SKIP","floor":39.0},{"not_picked":["ats:Blood Oath+1","ats:Absolute Focus","ats:Rapid Magazine+1"],"picked":"SKIP","floor":40.0},{"not_picked":["ats:Burning Ground","ats:Apocalypse","ats:Powerful Strike"],"picked":"SKIP","floor":41.0},{"not_picked":["ats:Hook Shot+1","ats:Disruption Kick","ats:Burning Ground+1"],"picked":"SKIP","floor":42.0},{"not_picked":["ats:Assault Order+1","ats:Literary Storm+1","ats:Rapid Magazine"],"picked":"SKIP","floor":45.0},{"not_picked":["ats:Shell Defense+1","ats:Directed Diagnosis+1","ats:Explosion Area Strengthen+1"],"picked":"SKIP","floor":46.0},{"not_picked":["ats:Revitalization","ats:Guardian Obelisk+1","ats:Overload+1"],"picked":"SKIP","floor":48},{"not_picked":["ats:Collapsing Strike","ats:Explosion Area Strengthen+1","ats:Song Of Battle"],"picked":"SKIP","floor":54}],"player_experience":820670,"relics_obtained":[{"floor":2.0,"key":"LetterFromLob"},{"floor":5.0,"key":"LetterFromLob"},{"floor":7.0,"key":"ats:Originium"},{"floor":7.0,"key":"LetterFromLob"},{"floor":7.0,"key":"testmod-Antiphasic"},{"floor":11.0,"key":"LetterFromLob"},{"floor":12.0,"key":"ats:Originium"},{"floor":12.0,"key":"Bag of Preparation"},{"floor":12.0,"key":"LetterFromLob"},{"floor":14.0,"key":"ats:Originium"},{"floor":14.0,"key":"Lantern"},{"floor":14.0,"key":"LetterFromLob"},{"floor":16.0,"key":"LetterFromLob"},{"floor":18.0,"key":"LetterFromLob"},{"floor":20.0,"key":"LetterFromLob"},{"floor":21.0,"key":"LetterFromLob"},{"floor":22.0,"key":"LetterFromLob"},{"floor":23.0,"key":"ats:Originium"},{"floor":23.0,"key":"Eternal Feather"},{"floor":23.0,"key":"LetterFromLob"},{"floor":25.0,"key":"LetterFromLob"},{"floor":26.0,"key":"Kunai"},{"floor":27.0,"key":"SalivaCoin"},{"floor":27.0,"key":"LetterFromLob"},{"floor":28.0,"key":"LetterFromLob"},{"floor":29.0,"key":"LetterFromLob"},{"floor":30.0,"key":"LetterFromLob"},{"floor":31.0,"key":"LetterFromLob"},{"floor":33.0,"key":"LetterFromLob"},{"floor":35.0,"key":"LetterFromLob"},{"floor":37.0,"key":"LetterFromLob"},{"floor":38.0,"key":"CatCart"},{"floor":39.0,"key":"LetterFromLob"},{"floor":40.0,"key":"Boot"},{"floor":40.0,"key":"LetterFromLob"},{"floor":40.0,"key":"testmod-InfectionSource"},{"floor":42.0,"key":"Juzu Bracelet"},{"floor":42.0,"key":"Blood Vial"},{"floor":42.0,"key":"LetterFromLob"},{"floor":43.0,"key":"testmod-TurbochargingSystem"},{"floor":45.0,"key":"MawBank"},{"floor":45.0,"key":"Ginger"},{"floor":45.0,"key":"LetterFromLob"},{"floor":46.0,"key":"LetterFromLob"},{"floor":48,"key":"Blue Candle"},{"floor":48,"key":"LetterFromLob"},{"floor":48,"key":"BookOfRevelations"},{"floor":54,"key":"testmod-BouquetWithThorns"},{"floor":54,"key":"Letter Opener"},{"floor":54,"key":"LetterFromLob"}],"event_choices":[{"damage_healed":0.0,"max_hp_gain":0.0,"max_hp_loss":0.0,"gold_gain":0.0,"event_name":"Shining Light","player_choice":"Entered Light","floor":4.0,"gold_loss":0.0,"damage_taken":14.0,"cards_upgraded":["ats:Emotion Absorption","ats:Strike G"]},{"damage_healed":0.0,"max_hp_gain":0.0,"max_hp_loss":0.0,"gold_gain":0.0,"event_name":"Dead Adventurer","player_choice":"Searched \u00273\u0027 times","floor":10.0,"gold_loss":0.0,"damage_taken":0.0,"relics_obtained":["ats:Ability Aura"]},{"damage_healed":0.0,"max_hp_gain":0.0,"max_hp_loss":0.0,"gold_gain":99.0,"event_name":"Nest","player_choice":"Stole From Cult","floor":19.0,"gold_loss":0.0,"damage_taken":0.0},{"damage_healed":0.0,"max_hp_gain":0.0,"max_hp_loss":0.0,"gold_gain":0.0,"event_name":"OrinTheCat","player_choice":"Fight","floor":38.0,"gold_loss":0.0,"damage_taken":0.0}],"is_beta":false,"boss_relics":[{"not_picked":["FixedStarFall","HereWithMe"],"picked":"testmod-Recursion"},{"not_picked":[]},{"not_picked":["EE1DDrone","testmod-EnergyCheck"],"picked":"Black Star"},{"not_picked":[]}],"items_purged_floors":[17,24,32,34,47,52,53],"is_endless":false,"potions_floor_spawned":[1,5,7,11,14,20,25,27,28,29,40,41,42,45,46,48,54],"ascension_level":0}}