{"host":"jwbw4f4imxd0v0b0","time":1612758702,"event":{"mods":["BaseMod","Colored Map","Highlight Path","Minty Spire (QoL Compilation)","Relic Stats","StSLib"],"gold_per_floor":[110,35,50,63,63,63,78,113,190,231,231,252,266,291,291,411,411,427,460,460,80,96,96,137,155,205,236,236,259,295,311,311,430,430,446,509,731,731,731,772,790,833,833,226,226,27,43,82,82,82],"floor_reached":51,"language":"ENG","playtime":1972,"items_purged":["Strike_P","Strike_P"],"score":1532,"play_id":"a7fe5cf0-b915-4284-8d38-b5f259b4bd91","local_time":"20210207223142","is_ascension_mode":true,"campfire_choices":[{"data":"WheelKick","floor":6.0,"key":"SMITH"},{"data":"Vigilance","floor":11.0,"key":"SMITH"},{"data":"Ragnarok","floor":15.0,"key":"SMITH"},{"data":"CrushJoints","floor":23.0,"key":"SMITH"},{"data":"Wallop","floor":28.0,"key":"SMITH"},{"data":"Tantrum","floor":32.0,"key":"SMITH"},{"data":"Parasite","floor":45.0,"key":"PURGE"},{"data":"WreathOfFlame","floor":49.0,"key":"SMITH"}],"circlet_count":0,"master_deck":["Strike_P","Strike_P","Defend_P","Defend_P","Defend_P","Defend_P","Eruption","Vigilance+1","CrushJoints+1","WheelKick+1","Swivel","WheelKick","Ragnarok+1","Vault","WreathOfFlame+1","Wallop+1","WheelKick","Tantrum+1","MentalFortress","Blasphemy","DevaForm+1","HandOfGreed","Fasting2+1","Panache+1","Wallop+1"],"relics":["Snecko Eye","Golden Idol","Calipers","Mummified Hand","Oddly Smooth Stone","Cursed Key","Red Mask","Enchiridion","OrangePellets","Omamori","PreservedInsect","Akabeko","Mercury Hourglass","Frozen Egg 2","Calling Bell","Boot","Eternal Feather","Peace Pipe","Ginger","Matryoshka","MealTicket","Potion Belt","Letter Opener","Yang","Regal Pillow"],"acts_visited":["Exordium","TheCity","TheBeyond"],"potions_floor_usage":[50,50,50,50],"damage_taken":[{"damage":7.0,"enemies":"2 Louse","floor":1.0,"turns":2.0},{"damage":0.0,"enemies":"Small Slimes","floor":3.0,"turns":2.0},{"damage":0.0,"enemies":"Jaw Worm","floor":4.0,"turns":3.0},{"damage":0.0,"enemies":"Exordium Wildlife","floor":7.0,"turns":3.0},{"damage":0.0,"enemies":"Lagavulin","floor":8.0,"turns":2.0},{"damage":0.0,"enemies":"Gremlin Nob","floor":10.0,"turns":2.0},{"damage":0.0,"enemies":"Blue Slaver","floor":12.0,"turns":2.0},{"damage":0.0,"enemies":"Large Slime","floor":13.0,"turns":2.0},{"damage":2.0,"enemies":"Looter","floor":14.0,"turns":2.0},{"damage":16.0,"enemies":"The Guardian","floor":16.0,"turns":6.0},{"damage":0.0,"enemies":"3 Byrds","floor":18.0,"turns":3.0},{"damage":3.0,"enemies":"Masked Bandits","floor":19.0,"turns":4.0},{"damage":0.0,"enemies":"Shell Parasite","floor":22.0,"turns":2.0},{"damage":0.0,"enemies":"Book of Stabbing","floor":24.0,"turns":3.0},{"damage":0.0,"enemies":"Snake Plant","floor":25.0,"turns":1.0},{"damage":0.0,"enemies":"Slavers","floor":27.0,"turns":2.0},{"damage":0.0,"enemies":"Shelled Parasite and Fungi","floor":29.0,"turns":2.0},{"damage":0.0,"enemies":"Book of Stabbing","floor":30.0,"turns":1.0},{"damage":0.0,"enemies":"Centurion and Healer","floor":31.0,"turns":2.0},{"damage":9.0,"enemies":"Champ","floor":33.0,"turns":6.0},{"damage":0.0,"enemies":"Orb Walker","floor":35.0,"turns":1.0},{"damage":0.0,"enemies":"Mind Bloom Boss Battle","floor":36.0,"turns":1.0},{"damage":0.0,"enemies":"Giant Head","floor":40.0,"turns":3.0},{"damage":0.0,"enemies":"3 Darklings","floor":41.0,"turns":3.0},{"damage":0.0,"enemies":"Reptomancer","floor":42.0,"turns":2.0},{"damage":0.0,"enemies":"Jaw Worm Horde","floor":47.0,"turns":2.0},{"damage":0.0,"enemies":"Nemesis","floor":48.0,"turns":1.0},{"damage":0,"enemies":"Awakened One","floor":50,"turns":3}],"seed_played":"-8684879642632079136","potions_obtained":[{"floor":1.0,"key":"PowerPotion"},{"floor":3.0,"key":"Block Potion"},{"floor":10.0,"key":"BottledMiracle"},{"floor":19.0,"key":"SteroidPotion"},{"floor":22.0,"key":"DistilledChaos"},{"floor":30.0,"key":"Fire Potion"},{"floor":31.0,"key":"SteroidPotion"},{"floor":40.0,"key":"StancePotion"}],"is_trial":false,"path_per_floor":["M","$","M","M","?","R","M","E","T","E","R","M","M","M","R","B",null,"M","?","?","$","M","R","E","M","T","E","R","M","E","M","R","B",null,"M","?","?","?","?","E","M","E","T","$","R","$","M","E","R","B",null],"character_chosen":"WATCHER","items_purchased":["OrangePellets","Omamori","WheelKick","Fasting2+1","Yang","Panache+1","FairyPotion","Ambrosia"],"campfire_rested":0,"item_purchase_floors":[21,21,21,44,44,44,46,46],"current_hp_per_floor":[58,58,58,58,58,58,58,58,58,58,58,58,58,56,56,40,60,60,57,41,41,41,41,41,41,41,41,41,41,41,41,41,32,58,58,58,58,48,48,48,48,48,48,63,61,61,61,61,61,61],"gold":82,"neow_bonus":"BOSS_RELIC","is_daily":false,"chose_seed":false,"campfire_upgraded":7,"win_rate":0.0,"timestamp":1612758702,"path_taken":["M","$","M","M","?","R","M","E","T","E","R","M","M","M","R","BOSS","M","?","?","$","M","R","E","M","T","E","R","M","E","?","R","BOSS","M","?","?","?","?","E","M","E","T","$","R","$","M","E","R","BOSS"],"items_purchased_type":["Relic","Relic","Card","Card","Relic","Card","Potion","Potion"],"build_version":"2020-12-22","purchased_purges":2,"victory":true,"max_hp_per_floor":[72,72,72,72,67,67,67,67,67,67,67,67,67,67,67,67,67,67,67,67,67,67,67,67,67,67,67,67,67,67,67,67,67,67,67,67,67,67,64,64,64,64,64,64,61,61,61,61,61,61],"relic_stats":{"Regal Pillow":0,"counters":[28,68],"Golden Idol":197,"Eternal Feather":1,"Yang":[18],"PreservedInsect":337,"Ginger":[2],"Letter Opener":[0],"Cursed Key":2,"Boot":[12],"Mercury Hourglass":[96],"Peace Pipe":1,"OrangePellets":[23],"Mummified Hand":[50],"Snecko Eye":[97,90,98,99],"MealTicket":15,"obtain_stats":[{"Regal Pillow":48,"Calipers":8,"Enchiridion":20,"Yang":44,"Ginger":36,"Cursed Key":17,"Boot":34,"Matryoshka":40,"Mummified Hand":9,"MealTicket":42,"Red Mask":19,"Potion Belt":43,"Golden Idol":5,"Oddly Smooth Stone":10,"Eternal Feather":34,"PreservedInsect":24,"Omamori":21,"Letter Opener":43,"Frozen Egg 2":30,"Akabeko":26,"Mercury Hourglass":27,"Calling Bell":34,"Peace Pipe":34,"OrangePellets":21,"Snecko Eye":0,"PureWater":0},{"Regal Pillow":27,"Calipers":5,"Enchiridion":12,"Yang":25,"Ginger":22,"Cursed Key":10,"Boot":20,"Matryoshka":23,"Mummified Hand":5,"MealTicket":25,"Red Mask":12,"Potion Belt":25,"Golden Idol":3,"Oddly Smooth Stone":6,"Eternal Feather":20,"PreservedInsect":14,"Omamori":12,"Letter Opener":25,"Frozen Egg 2":18,"Akabeko":15,"Mercury Hourglass":16,"Calling Bell":20,"Peace Pipe":20,"OrangePellets":12,"Snecko Eye":0,"PureWater":0},{"Regal Pillow":65,"Calipers":12,"Enchiridion":33,"Yang":62,"Ginger":54,"Cursed Key":26,"Boot":52,"Matryoshka":57,"Mummified Hand":12,"MealTicket":62,"Red Mask":33,"Potion Belt":62,"Golden Idol":7,"Oddly Smooth Stone":14,"Eternal Feather":52,"PreservedInsect":38,"Omamori":33,"Letter Opener":62,"Frozen Egg 2":44,"Akabeko":39,"Mercury Hourglass":41,"Calling Bell":52,"Peace Pipe":52,"OrangePellets":33,"Snecko Eye":0,"PureWater":0}]},"card_choices":[{"not_picked":["SashWhip","EmptyBody"],"picked":"CrushJoints","floor":1.0},{"not_picked":["Consecrate","FlurryOfBlows","Nirvana"],"picked":"SKIP","floor":3.0},{"not_picked":["Halt","Sanctity"],"picked":"WheelKick","floor":4.0},{"not_picked":["CutThroughFate","JustLucky","Conclude"],"picked":"SKIP","floor":7.0},{"not_picked":["JustLucky","Devotion","FollowUp"],"picked":"SKIP","floor":8.0},{"not_picked":["WaveOfTheHand","CrushJoints"],"picked":"Swivel","floor":10.0},{"not_picked":["ClearTheMind","SashWhip"],"picked":"WheelKick","floor":12.0},{"not_picked":["PathToVictory","ReachHeaven"],"picked":"Ragnarok","floor":13.0},{"not_picked":["EmptyBody","PathToVictory","Fasting2"],"picked":"SKIP","floor":14.0},{"not_picked":["ConjureBlade","DeusExMachina"],"picked":"Vault","floor":16.0},{"not_picked":["Weave","Conclude+1"],"picked":"WreathOfFlame","floor":18.0},{"not_picked":["EmptyFist","PathToVictory"],"picked":"Wallop","floor":19.0},{"not_picked":["ClearTheMind+1","Perseverance"],"picked":"Tantrum","floor":22.0},{"not_picked":["BattleHymn+1","Perseverance+1"],"picked":"MentalFortress","floor":24.0},{"not_picked":["Halt+1","Evaluate","ClearTheMind"],"picked":"SKIP","floor":25.0},{"not_picked":["Sanctity+1","BowlingBash","ThirdEye+1"],"picked":"SKIP","floor":27.0},{"not_picked":["Evaluate+1","ClearTheMind","Weave"],"picked":"SKIP","floor":29.0},{"not_picked":["ClearTheMind+1","Worship"],"picked":"Blasphemy","floor":30.0},{"not_picked":["Evaluate","Sanctity+1","Prostrate"],"picked":"SKIP","floor":31.0},{"not_picked":["Brilliance","Ragnarok"],"picked":"DevaForm+1","floor":33.0},{"not_picked":["FollowUp+1","FlurryOfBlows+1","Conclude"],"picked":"SKIP","floor":35.0},{"not_picked":["Bandage Up","Secret Technique"],"picked":"HandOfGreed","floor":38.0},{"not_picked":["EmptyBody","Evaluate+1","Meditate"],"picked":"SKIP","floor":40.0},{"not_picked":["CrushJoints","CutThroughFate","EmptyFist"],"picked":"SKIP","floor":41.0},{"not_picked":["Worship","PathToVictory+1","EmptyFist"],"picked":"SKIP","floor":42.0},{"not_picked":["Adaptation+1","Pray+1"],"picked":"Wallop+1","floor":47.0},{"not_picked":["FlurryOfBlows+1","CrushJoints","FearNoEvil+1"],"picked":"SKIP","floor":48.0}],"player_experience":1252036,"relics_obtained":[{"floor":8.0,"key":"Calipers"},{"floor":9.0,"key":"Mummified Hand"},{"floor":10.0,"key":"Oddly Smooth Stone"},{"floor":19.0,"key":"Red Mask"},{"floor":20.0,"key":"Enchiridion"},{"floor":24.0,"key":"PreservedInsect"},{"floor":26.0,"key":"Akabeko"},{"floor":27.0,"key":"Mercury Hourglass"},{"floor":30.0,"key":"Frozen Egg 2"},{"floor":34.0,"key":"Boot"},{"floor":34.0,"key":"Eternal Feather"},{"floor":34.0,"key":"Peace Pipe"},{"floor":36.0,"key":"Ginger"},{"floor":40.0,"key":"Matryoshka"},{"floor":42.0,"key":"MealTicket"},{"floor":43.0,"key":"Potion Belt"},{"floor":43.0,"key":"Letter Opener"},{"floor":48.0,"key":"Regal Pillow"}],"event_choices":[{"damage_healed":0.0,"max_hp_gain":0.0,"max_hp_loss":5.0,"gold_gain":0.0,"event_name":"Golden Idol","player_choice":"Lose Max HP","floor":5.0,"gold_loss":0.0,"damage_taken":0.0,"relics_obtained":["Golden Idol"]},{"damage_healed":0.0,"max_hp_gain":0.0,"max_hp_loss":0.0,"gold_gain":0.0,"event_name":"Masked Bandits","player_choice":"Fought Bandits","floor":19.0,"gold_loss":0.0,"damage_taken":0.0},{"damage_healed":0.0,"max_hp_gain":0.0,"max_hp_loss":0.0,"gold_gain":0.0,"event_name":"Cursed Tome","player_choice":"Obtained Book","floor":20.0,"gold_loss":0.0,"damage_taken":16.0},{"damage_healed":0.0,"max_hp_gain":0.0,"max_hp_loss":0.0,"gold_gain":0.0,"event_name":"MindBloom","player_choice":"Fight","floor":36.0,"gold_loss":0.0,"damage_taken":0.0},{"damage_healed":0.0,"max_hp_gain":0.0,"max_hp_loss":0.0,"gold_gain":222.0,"event_name":"Tomb of Lord Red Mask","player_choice":"Wore Mask","floor":37.0,"gold_loss":0.0,"damage_taken":0.0},{"damage_healed":0.0,"max_hp_gain":0.0,"max_hp_loss":0.0,"gold_gain":0.0,"event_name":"SensoryStone","player_choice":"Memory 3","floor":38.0,"gold_loss":0.0,"damage_taken":10.0},{"damage_healed":0.0,"max_hp_gain":0.0,"max_hp_loss":3.0,"gold_gain":0.0,"event_name":"Winding Halls","player_choice":"Max HP","floor":39.0,"gold_loss":0.0,"damage_taken":0.0}],"is_beta":false,"boss_relics":[{"not_picked":["Runic Pyramid","Fusion Hammer"],"picked":"Cursed Key"},{"not_picked":["VioletLotus","Philosopher\u0027s Stone"],"picked":"Calling Bell"}],"items_purged_floors":[2,44],"is_endless":false,"potions_floor_spawned":[1,3,10,19,22,25,27,30,31,40,41],"ascension_level":8}}