{"host":"nptej036rrbiurf5","time":1612767105,"event":{"mods":["BaseMod","Colored Map","Colored Powertips","DeckTracker","Minty Spire (QoL Compilation)","StSLib","SuperFastMode"],"gold_per_floor":[114,126,126,96,116,116,127,127,173,193,193,225,246,246,246,349,349,289,289],"floor_reached":18,"language":"KOR","playtime":287,"items_purged":[],"score":185,"play_id":"bb3a7b84-ec3d-4e17-8d6a-fa9429649772","local_time":"20210208155145","is_ascension_mode":false,"campfire_choices":[{"data":"Immolate","floor":6.0,"key":"SMITH"},{"data":"Dark Embrace","floor":8.0,"key":"SMITH"},{"data":"Whirlwind","floor":15.0,"key":"SMITH"}],"circlet_count":0,"master_deck":["Strike_R","Strike_R","Strike_R","Strike_R","Defend_R","Defend_R","Defend_R","Defend_R","Bash","Immolate+1","Dark Embrace+1","Feel No Pain","Whirlwind+1","Shrug It Off","Evolve","Limit Break","Berserk"],"relics":["Burning Blood"],"acts_visited":["Exordium","TheCity"],"potions_floor_usage":[16,16],"damage_taken":[{"damage":0.0,"enemies":"2 Louse","floor":1.0,"turns":2.0},{"damage":11.0,"enemies":"Jaw Worm","floor":2.0,"turns":2.0},{"damage":6.0,"enemies":"Cultist","floor":5.0,"turns":3.0},{"damage":15.0,"enemies":"Looter","floor":7.0,"turns":3.0},{"damage":19.0,"enemies":"Large Slime","floor":10.0,"turns":5.0},{"damage":0.0,"enemies":"3 Sentries","floor":12.0,"turns":2.0},{"damage":13.0,"enemies":"The Mushroom Lair","floor":13.0,"turns":3.0},{"damage":30,"enemies":"Slime Boss","floor":16,"turns":7},{"damage":20,"enemies":"2 Thieves","floor":18,"turns":3}],"seed_played":"8666010308713340428","potions_obtained":[{"floor":2.0,"key":"AttackPotion"},{"floor":4.0,"key":"Dexterity Potion"},{"floor":4.0,"key":"FairyPotion"},{"floor":7.0,"key":"PowerPotion"},{"floor":12.0,"key":"EssenceOfSteel"}],"is_trial":false,"path_per_floor":["M","M","?","?","M","R","M","R","T","M","?","E","?","?","R","B",null,"M"],"character_chosen":"IRONCLAD","items_purchased":[],"campfire_rested":0,"item_purchase_floors":[],"current_hp_per_floor":[80,75,75,75,75,75,66,66,66,53,46,52,45,45,45,21,80,60,60],"gold":289,"neow_bonus":"ONE_RANDOM_RARE_CARD","is_daily":false,"chose_seed":false,"campfire_upgraded":3,"win_rate":0.0,"timestamp":1612767105,"path_taken":["M","M","?","?","M","R","M","R","T","?","?","E","?","?","R","BOSS","M"],"items_purchased_type":[],"build_version":"2020-12-22","purchased_purges":0,"victory":false,"max_hp_per_floor":[80,80,80,80,80,80,80,80,80,80,80,80,80,80,80,80,80,80,80],"card_choices":[{"not_picked":["True Grit","Iron Wave"],"picked":"Dark Embrace","floor":1.0},{"not_picked":["Dual Wield","Blood for Blood"],"picked":"Feel No Pain","floor":2.0},{"not_picked":["Pommel Strike","Cleave","Flex"],"picked":"SKIP","floor":5.0},{"not_picked":["Warcry","Sword Boomerang"],"picked":"Whirlwind","floor":7.0},{"not_picked":["Iron Wave","Rupture"],"picked":"Shrug It Off","floor":10.0},{"not_picked":["Perfected Strike","Armaments","Clash"],"picked":"SKIP","floor":12.0},{"not_picked":["Havoc","Flex"],"picked":"Evolve","floor":13.0},{"not_picked":["Limit Break","Brutality"],"picked":"Berserk","floor":16}],"player_experience":912429,"relics_obtained":[],"event_choices":[{"damage_healed":0.0,"max_hp_gain":0.0,"max_hp_loss":0.0,"gold_gain":0.0,"event_name":"Scrap Ooze","player_choice":"Fled","floor":3.0,"gold_loss":0.0,"damage_taken":0.0},{"damage_healed":0.0,"max_hp_gain":0.0,"max_hp_loss":0.0,"gold_gain":0.0,"event_name":"The Woman in Blue","player_choice":"Bought 2 Potions","floor":4.0,"gold_loss":0.0,"damage_taken":0.0},{"cards_removed":["Strike_R"],"damage_healed":0.0,"max_hp_gain":0.0,"max_hp_loss":0.0,"gold_gain":0.0,"event_name":"Golden Wing","player_choice":"Card Removal","floor":11.0,"gold_loss":0.0,"damage_taken":7.0},{"damage_healed":0.0,"max_hp_gain":0.0,"max_hp_loss":0.0,"gold_gain":0.0,"event_name":"Mushrooms","player_choice":"Fought Mushrooms","floor":13.0,"gold_loss":0.0,"damage_taken":0.0},{"damage_healed":0.0,"max_hp_gain":0.0,"max_hp_loss":0.0,"gold_gain":0.0,"event_name":"Match and Keep!","player_choice":"1 cards matched","floor":14.0,"gold_loss":0.0,"damage_taken":0.0,"cards_obtained":["Limit Break"]}],"is_beta":false,"boss_relics":[{"not_picked":["Runic Pyramid","Tiny House","Calling Bell"]}],"items_purged_floors":[],"is_endless":false,"potions_floor_spawned":[2,7,12],"killed_by":"2 Thieves","ascension_level":0}}