{"host":"ds1yr10zonoc6w4a","time":1612760976,"event":{"mods":["AchievementEnabler","Act Like it!","Aspiration","BaseMod","Better Match","Better Third Choice","BetterRewards","Downfall","Energized Spire","Gensokyo","Infinite Spire","Minty Spire (QoL Compilation)","Pale of the Ancients","Relic Filter Mod","Reliquary","Replay The Spire","Spire Arcade","StSLib","The Animator","The Cursed"],"gold_per_floor":[271,131,131,131,152,188,224,224,224],"floor_reached":8,"language":"ENG","playtime":1181,"items_purged":[],"score":98,"play_id":"7e8d9329-0050-4733-8033-98e4d95549bf","local_time":"20210207220936","is_ascension_mode":true,"campfire_choices":[],"circlet_count":0,"master_deck":["AscendersBane","animator:Strike_Kancolle","animator:Defend_Kancolle","animator:Defend","animator:Defend","animator:Defend","animator:Shimakaze","animator:Cirno","animator:Suiseiseki","infinitespire:Oblivion","ReplayTheSpireMod:From All Sides","Grand Finale","Poisoned Stab","animator:ReineMurasame","animator:OrigamiTobiichi","Pain","animator:JunSakurada+1","animator:YamaiSisters"],"relics":["animator:LivingPicture","animator:TheMissingPiece","animator:PurgingStone","Torii","Gambling Chip","ReplayTheSpireMod:TigerMarble"],"acts_visited":["Exordium"],"potions_floor_usage":[8,8],"damage_taken":[{"damage":20,"enemies":"Gensokyo:2_Kodama","floor":1,"turns":7},{"damage":1,"enemies":"Gensokyo:Python","floor":5,"turns":3},{"damage":1,"enemies":"Gensokyo:Mamizou","floor":6,"turns":8},{"damage":17,"enemies":"Gensokyo:Cirno","floor":8,"turns":5}],"seed_played":"7890703755053397837","potions_obtained":[{"floor":6,"key":"Swift Potion"},{"floor":7,"key":"Adrenaline Potion"}],"is_trial":false,"path_per_floor":["M","?","?","?","M","E","?","E"],"character_chosen":"THE_ANIMATOR","items_purchased":[],"campfire_rested":0,"item_purchase_floors":[],"current_hp_per_floor":[34,34,19,19,18,17,17,0,0],"gold":224,"neow_bonus":"RANDOM_COLORLESS","is_daily":false,"chose_seed":true,"campfire_upgraded":0,"win_rate":0.0,"timestamp":1612760976,"path_taken":["M","?","?","?","?","E","?","E"],"items_purchased_type":[],"build_version":"2020-12-22","purchased_purges":0,"victory":false,"max_hp_per_floor":[60,60,60,60,60,60,60,60,60],"card_choices":[{"not_picked":["animator:Urushihara","animator:Rorona"],"picked":"animator:Cirno","floor":0},{"not_picked":["animator:Chibimoth","animator:AcuraTooru"],"picked":"animator:Suiseiseki","floor":1},{"not_picked":["ReplayTheSpireMod:Book of Names","infinitespire:Menacing"],"picked":"infinitespire:Oblivion","floor":3},{"not_picked":["animator:Evileye","animator:Shinoa"],"picked":"animator:ReineMurasame","floor":5},{"not_picked":["animator:ToukaNishikujou","animator:SougenEsaka"],"picked":"animator:OrigamiTobiichi","floor":6},{"not_picked":["animator:IkkakuMadarame","animator:ToukaNishikujou"],"picked":"animator:JunSakurada","floor":7},{"not_picked":["animator:Kagari","animator:Serara"],"picked":"animator:YamaiSisters","floor":7}],"player_experience":954758,"relics_obtained":[{"floor":6,"key":"Gambling Chip"},{"floor":7,"key":"ReplayTheSpireMod:TigerMarble"}],"event_choices":[],"is_beta":false,"boss_relics":[],"items_purged_floors":[],"is_endless":false,"potions_floor_spawned":[6],"killed_by":"Gensokyo:Cirno","ascension_level":20}}