{"host":"mnpd8gh7cwxsn5kh","time":1612817125,"event":{"mods":["BaseMod","Bestiary","Block Reminder","Colored Map","Colored Powertips","Highlight Path","Minty Spire (QoL Compilation)","Relic Sorter","Relic Stats"],"gold_per_floor":[110,110,124,136,152,152,177,177,202,214,225,239,239,271,283,396,408,433,445,407,431,443,455,455],"floor_reached":23,"language":"ENG","playtime":2545,"items_purged":[],"score":365,"play_id":"a8454123-d1d1-4c7c-b799-8d1e6f641a31","local_time":"20210208214525","is_ascension_mode":true,"campfire_choices":[{"data":"Eruption","floor":6,"key":"SMITH"},{"data":"WindmillStrike","floor":8,"key":"SMITH"},{"floor":13,"key":"REST"},{"data":"Nirvana","floor":15,"key":"SMITH"}],"circlet_count":0,"master_deck":["AscendersBane","Strike_P","Strike_P","Strike_P","Strike_P+1","Defend_P","Defend_P","Defend_P","Defend_P","Eruption+1","Vigilance","Blasphemy","CutThroughFate","FlurryOfBlows","Wireheading","WindmillStrike+1","FlurryOfBlows","Nirvana+1","Crescendo","JustLucky","LessonLearned","ClearTheMind","EmptyBody"],"relics":["PureWater","CultistMask","Ancient Tea Set","Regal Pillow","MawBank","Fusion Hammer"],"acts_visited":["Exordium","TheCity"],"potions_floor_usage":[5,14,23,23],"damage_taken":[{"damage":0,"enemies":"Jaw Worm","floor":1,"turns":1},{"damage":0,"enemies":"Cultist","floor":3,"turns":4},{"damage":0,"enemies":"2 Louse","floor":4,"turns":2},{"damage":22,"enemies":"Exordium Thugs","floor":5,"turns":4},{"damage":10,"enemies":"Lagavulin","floor":7,"turns":5},{"damage":0,"enemies":"3 Louse","floor":10,"turns":1},{"damage":1,"enemies":"2 Fungi Beasts","floor":11,"turns":2},{"damage":3,"enemies":"Blue Slaver","floor":12,"turns":4},{"damage":16,"enemies":"Gremlin Nob","floor":14,"turns":3},{"damage":22,"enemies":"The Guardian","floor":16,"turns":11},{"damage":3,"enemies":"Shell Parasite","floor":18,"turns":7},{"damage":15,"enemies":"3 Byrds","floor":21,"turns":7},{"damage":37,"enemies":"Slavers","floor":23,"turns":2}],"seed_played":"-6087051254892158057","potions_obtained":[{"floor":3,"key":"Explosive Potion"},{"floor":4,"key":"Strength Potion"},{"floor":12,"key":"AttackPotion"},{"floor":21,"key":"LiquidBronze"}],"is_trial":false,"path_per_floor":["M","?","M","M","M","R","E","R","T","M","M","M","R","E","R","B",null,"M","?","?","M","?","E"],"character_chosen":"WATCHER","items_purchased":[],"campfire_rested":1,"item_purchase_floors":[],"current_hp_per_floor":[65,65,65,65,43,43,33,33,33,33,32,29,63,47,47,25,55,52,52,52,37,37,0,0],"gold":455,"neow_bonus":"THREE_RARE_CARDS","is_daily":false,"chose_seed":false,"campfire_upgraded":3,"win_rate":0.0,"timestamp":1612817125,"path_taken":["M","?","M","M","M","R","E","R","T","?","M","M","R","E","R","BOSS","M","?","?","?","?","E"],"items_purchased_type":[],"build_version":"2020-12-22","purchased_purges":0,"victory":false,"max_hp_per_floor":[65,65,65,65,65,65,65,65,65,65,65,65,65,65,65,65,65,65,65,65,65,65,65,65],"relic_stats":{"Regal Pillow":15,"counters":[13,53],"MawBank":108,"obtain_stats":[{"Regal Pillow":9,"CultistMask":2,"Fusion Hammer":17,"PureWater":0,"Ancient Tea Set":7,"MawBank":14},{"Regal Pillow":5,"CultistMask":1,"Fusion Hammer":10,"PureWater":0,"Ancient Tea Set":5,"MawBank":9},{"Regal Pillow":16,"CultistMask":1,"Fusion Hammer":37,"PureWater":0,"Ancient Tea Set":16,"MawBank":26}]},"card_choices":[{"not_picked":["Omniscience","Establishment"],"picked":"Blasphemy","floor":0},{"not_picked":["EmptyBody","MentalFortress"],"picked":"CutThroughFate","floor":1},{"not_picked":["SignatureMove","WindmillStrike"],"picked":"FlurryOfBlows","floor":3},{"not_picked":["Halt","Evaluate"],"picked":"Wireheading","floor":4},{"not_picked":["BowlingBash","InnerPeace"],"picked":"WindmillStrike","floor":5},{"not_picked":["Prostrate","ReachHeaven"],"picked":"FlurryOfBlows","floor":7},{"not_picked":["Study","FlyingSleeves"],"picked":"Nirvana","floor":10},{"not_picked":["Devotion","Indignation","Pray"],"picked":"SKIP","floor":11},{"not_picked":["WreathOfFlame","EmptyBody"],"picked":"Crescendo","floor":12},{"not_picked":["ReachHeaven","WindmillStrike"],"picked":"JustLucky","floor":14},{"not_picked":["Ragnarok","DevaForm"],"picked":"LessonLearned","floor":16},{"not_picked":["BowlingBash+1","Collect"],"picked":"ClearTheMind","floor":18},{"not_picked":["EmptyBody","WreathOfFlame","Vengeance+1"],"picked":"SKIP","floor":21},{"not_picked":["WreathOfFlame","Vengeance+1"],"picked":"EmptyBody","floor":21}],"player_experience":422484,"relics_obtained":[{"floor":7,"key":"Ancient Tea Set"},{"floor":9,"key":"Regal Pillow"},{"floor":14,"key":"MawBank"}],"event_choices":[{"damage_healed":0,"gold_gain":0,"player_choice":"Trade","damage_taken":0,"relics_obtained":["CultistMask"],"max_hp_gain":0,"max_hp_loss":0,"event_name":"FaceTrader","floor":2,"gold_loss":0},{"damage_healed":0,"gold_gain":0,"player_choice":"Ignored","damage_taken":0,"max_hp_gain":0,"max_hp_loss":0,"event_name":"Ghosts","floor":19,"gold_loss":0},{"damage_healed":0,"gold_gain":0,"player_choice":"Bet on Murderer","damage_taken":0,"max_hp_gain":0,"max_hp_loss":0,"event_name":"The Joust","floor":20,"gold_loss":50},{"damage_healed":0,"gold_gain":0,"player_choice":"Ignored","damage_taken":0,"max_hp_gain":0,"max_hp_loss":0,"event_name":"The Mausoleum","floor":22,"gold_loss":0}],"is_beta":false,"boss_relics":[{"not_picked":["Tiny House","Cursed Key"],"picked":"Fusion Hammer"}],"items_purged_floors":[],"is_endless":false,"potions_floor_spawned":[3,4,12,21],"killed_by":"Slavers","ascension_level":12}}