{"host":"miejrq8yypas90n2","time":1612788904,"event":{"mods":["100% Spire Juice","AchievementEnabler","Act Like it!","BaseMod","Colored Powertips","Gensokyo","Marisa£®ÏF”Í°°ƒß¿Ì…≥£©","Minty Spire (QoL Compilation)","Reimu£®≤©¿ˆ¡È√Œ£©","StSLib","noobMod"],"gold_per_floor":[109,119,119,44,55,55,85,160,213,243,261,281,296,221,221,221,294,294,311,236,246,263,263,297,297,327,327,227,237,253,253,269,269,346,346,358,358,376,376,376,376,403,403,427,455,475,501,40,55,55,55],"floor_reached":52,"language":"ZHS","playtime":1007,"items_purged":["Strike_R","Strike_R","Defend_R"],"score":1644,"play_id":"ca44546c-f336-4ced-a6f9-0aa9f612c6bc","local_time":"20210208205504","is_ascension_mode":true,"campfire_choices":[{"data":"Whirlwind","floor":6,"key":"SMITH"},{"data":"Pummel","floor":15,"key":"SMITH"},{"data":"Offering","floor":16,"key":"SMITH"},{"data":"Sword Boomerang","floor":25,"key":"SMITH"},{"data":"Battle Trance","floor":31,"key":"SMITH"},{"data":"Flex","floor":33,"key":"SMITH"},{"data":"Offering","floor":41,"key":"SMITH"},{"data":"Uppercut","floor":43,"key":"SMITH"},{"data":"Bash","floor":50,"key":"SMITH"}],"circlet_count":0,"master_deck":["AscendersBane","Defend_R","Defend_R","Defend_R","Bash+1","Second Wind","Seeing Red","Whirlwind+1","Uppercut+1","Offering+1","Disarm","Pummel+1","Flex+1","Sword Boomerang+1","Iron Wave+1","Reaper","Battle Trance+1","Offering+1","Sword Boomerang+1","Pommel Strike+1","Battle Trance+1","Apotheosis"],"relics":["Burning Blood","ice","Dream Catcher","Akabeko","Blood Vial","StrikeDummy","Coffee Dripper","Vajra","Mastiff:ReiMu","Happy Flower","Sozu","PureWhite:ReiMu","PreservedInsect","HornCleat","White Beast Statue","Brimstone"],"acts_visited":["Exordium","TheCity","TheBeyond"],"potions_floor_usage":[51,51],"damage_taken":[{"damage":23,"enemies":"2 Louse","floor":1,"turns":3},{"damage":9,"enemies":"Jaw Worm","floor":2,"turns":4},{"damage":8,"enemies":"Small Slimes","floor":5,"turns":4},{"damage":30,"enemies":"3 Sentries","floor":7,"turns":5},{"damage":14,"enemies":"Gremlin Nob","floor":10,"turns":3},{"damage":6,"enemies":"Looter","floor":11,"turns":1},{"damage":20,"enemies":"Gremlin Gang","floor":12,"turns":3},{"damage":0,"enemies":"3 Louse","floor":13,"turns":1},{"damage":50,"enemies":"Hexaghost","floor":17,"turns":5},{"damage":9,"enemies":"Spheric Guardian","floor":19,"turns":3},{"damage":28,"enemies":"Shell Parasite","floor":21,"turns":3},{"damage":0,"enemies":"Cultist and Chosen","floor":22,"turns":4},{"damage":33,"enemies":"Gremlin Leader","floor":24,"turns":3},{"damage":30,"enemies":"Book of Stabbing","floor":26,"turns":4},{"damage":6,"enemies":"Chosen and Byrds","floor":29,"turns":1},{"damage":0,"enemies":"3 Cultists","floor":30,"turns":2},{"damage":0,"enemies":"Shelled Parasite and Fungi","floor":32,"turns":1},{"damage":20,"enemies":"Champ","floor":34,"turns":3},{"damage":42,"enemies":"3 Shapes","floor":36,"turns":1},{"damage":6,"enemies":"Orb Walker","floor":38,"turns":1},{"damage":0,"enemies":"Reptomancer","floor":42,"turns":2},{"damage":6,"enemies":"Nemesis","floor":45,"turns":1},{"damage":6,"enemies":"Writhing Mass","floor":46,"turns":2},{"damage":13,"enemies":"Giant Head","floor":47,"turns":3},{"damage":0,"enemies":"Maw","floor":49,"turns":2},{"damage":8,"enemies":"Donu and Deca","floor":51,"turns":2}],"seed_played":"-8052194344637783604","potions_obtained":[{"floor":7,"key":"Energy Potion"},{"floor":11,"key":"DuplicationPotion"},{"floor":17,"key":"GrandPatriotsElixir:ReiMu"}],"is_trial":false,"path_per_floor":["M","M","?","$","M","R","E","?","T","E","M","M","M","?","R","R","B",null,"M","?","M","M","?","E","R","E","T","$","M","M","R","M","R","B",null,"M","?","M","?","?","R","E","R","T","E","M","E","$","M","R","B",null],"character_chosen":"IRONCLAD","items_purchased":["Apotheosis","Brimstone"],"campfire_rested":0,"item_purchase_floors":[48,48],"current_hp_per_floor":[51,48,37,37,35,35,75,64,64,58,60,48,56,56,56,56,14,70,69,69,49,57,57,32,32,103,103,103,103,103,103,103,103,89,100,66,50,52,52,52,52,99,99,99,101,103,98,98,110,110,108],"gold":55,"neow_bonus":"THREE_CARDS","is_daily":false,"chose_seed":false,"campfire_upgraded":9,"win_rate":0.0,"timestamp":1612788904,"path_taken":["M","M","?","$","M","R","E","?","T","E","M","M","M","?","R","R","BOSS","M","?","M","M","?","E","R","E","T","$","M","?","R","M","R","BOSS","M","?","?","?","?","R","E","R","T","E","M","E","$","M","R","BOSS"],"items_purchased_type":["Card","Relic"],"build_version":"2020-12-22","purchased_purges":3,"victory":true,"max_hp_per_floor":[75,75,75,75,75,75,75,75,75,76,76,80,80,80,80,80,89,89,90,90,92,94,94,97,97,103,103,103,103,103,103,103,103,104,104,110,110,110,110,104,104,105,105,105,105,108,110,110,110,110,112],"card_choices":[{"not_picked":["Combust","Iron Wave"],"picked":"Second Wind","floor":0},{"not_picked":["True Grit","Flex"],"picked":"Seeing Red","floor":1},{"not_picked":["Flex","Pummel"],"picked":"Whirlwind","floor":2},{"not_picked":["Armaments","Headbutt"],"picked":"Uppercut","floor":5},{"not_picked":["Fire Breathing","Dropkick"],"picked":"Offering","floor":7},{"not_picked":["Metallicize","Rupture"],"picked":"Disarm","floor":10},{"not_picked":["Wild Strike","Havoc","Evolve"],"picked":"SKIP","floor":11},{"not_picked":["Pummel","Warcry","Twin Strike"],"picked":"SKIP","floor":12},{"not_picked":["Warcry","Twin Strike"],"picked":"Pummel","floor":12},{"not_picked":["Clash","Body Slam"],"picked":"Flex","floor":13},{"not_picked":["Bludgeon","Immolate"],"picked":"Berserk","floor":17},{"not_picked":["Clothesline","Flex"],"picked":"Sword Boomerang","floor":19},{"not_picked":["Shockwave","Armaments","Rupture"],"picked":"SKIP","floor":21},{"not_picked":["Bloodletting+1","Pommel Strike","Metallicize"],"picked":"SKIP","floor":22},{"not_picked":["Perfected Strike","Metallicize"],"picked":"Iron Wave+1","floor":24},{"not_picked":["Hemokinesis","Shrug It Off","Dropkick"],"picked":"SKIP","floor":26},{"not_picked":["Rage","Thunderclap"],"picked":"Reaper","floor":29},{"not_picked":["Shrug It Off+1","Power Through+1"],"picked":"Battle Trance","floor":30},{"not_picked":["Wild Strike+1","Infernal Blade","Warcry"],"picked":"SKIP","floor":32},{"not_picked":["Brutality","Barricade"],"picked":"Offering","floor":34},{"not_picked":["Entrench","Wild Strike"],"picked":"Sword Boomerang+1","floor":36},{"not_picked":["Uppercut+1","Thunderclap","Pommel Strike+1"],"picked":"SKIP","floor":38},{"not_picked":["Uppercut+1","Thunderclap"],"picked":"Pommel Strike+1","floor":38},{"not_picked":["Power Through+1","Twin Strike","Perfected Strike"],"picked":"SKIP","floor":42},{"not_picked":["Sword Boomerang+1","Headbutt"],"picked":"Battle Trance+1","floor":45},{"not_picked":["Havoc","Twin Strike+1","Inflame"],"picked":"SKIP","floor":46},{"not_picked":["Entrench","Spot Weakness+1","Rage"],"picked":"SKIP","floor":47},{"not_picked":["Shrug It Off","Pummel","Exhume"],"picked":"SKIP","floor":49}],"player_experience":374944,"relics_obtained":[{"floor":7,"key":"Akabeko"},{"floor":9,"key":"Blood Vial"},{"floor":10,"key":"StrikeDummy"},{"floor":24,"key":"Vajra"},{"floor":26,"key":"Mastiff:ReiMu"},{"floor":27,"key":"Happy Flower"},{"floor":42,"key":"PureWhite:ReiMu"},{"floor":44,"key":"PreservedInsect"},{"floor":45,"key":"HornCleat"},{"floor":47,"key":"White Beast Statue"}],"event_choices":[{"damage_healed":0,"gold_gain":0,"player_choice":"Success","damage_taken":11,"relics_obtained":["Dream Catcher"],"max_hp_gain":0,"max_hp_loss":0,"event_name":"Scrap Ooze","floor":3,"gold_loss":0},{"damage_healed":0,"gold_gain":75,"player_choice":"Gather Gold","damage_taken":11,"max_hp_gain":0,"max_hp_loss":0,"event_name":"World of Goop","floor":8,"gold_loss":0},{"cards_removed":["Strike_R"],"damage_healed":0,"gold_gain":0,"player_choice":"Card Removal","damage_taken":0,"max_hp_gain":0,"max_hp_loss":0,"event_name":"The Cleric","floor":14,"gold_loss":75},{"cards_removed":["Strike_R"],"damage_healed":0,"gold_gain":0,"player_choice":"Gave Gold","damage_taken":0,"max_hp_gain":0,"max_hp_loss":0,"event_name":"Beggar","floor":20,"gold_loss":75},{"cards_removed":["Strike_R"],"damage_healed":0,"gold_gain":0,"player_choice":"Purged","damage_taken":0,"max_hp_gain":0,"max_hp_loss":0,"event_name":"Purifier","floor":23,"gold_loss":0},{"damage_healed":0,"gold_gain":0,"player_choice":"Damaged","damage_taken":16,"max_hp_gain":0,"max_hp_loss":0,"event_name":"Wheel of Change","floor":37,"gold_loss":0},{"cards_removed":["Berserk"],"damage_healed":0,"gold_gain":0,"player_choice":"Removed Power","damage_taken":0,"max_hp_gain":0,"max_hp_loss":0,"event_name":"Falling","floor":39,"gold_loss":0},{"damage_healed":0,"gold_gain":0,"player_choice":"Max HP","damage_taken":0,"max_hp_gain":0,"max_hp_loss":6,"event_name":"Winding Halls","floor":40,"gold_loss":0}],"is_beta":false,"boss_relics":[{"not_picked":["RedLine:ReiMu","SacredBark"],"picked":"Coffee Dripper"},{"not_picked":["Philosopher\u0027s Stone","Velvet Choker"],"picked":"Sozu"}],"items_purged_floors":[4,28,48],"is_endless":false,"potions_floor_spawned":[7,11,12,17,22,24,29,34,36,38,46,49],"ascension_level":19}}