{"host":"ia9e4s524g7bamk7","time":1612785571,"event":{"mods":["AchievementEnabler","BaseMod","Minty Spire (QoL Compilation)","Slay-I"],"gold_per_floor":[116,116,134,134,147,187,187,230,253,294,319,135,135,135,135,260,260,276,291,314,23,23,23,54,54,54,93,114,152,152,191,191,191,191],"floor_reached":33,"language":"ENG","playtime":2163,"items_purged":["Strike_P"],"score":435,"play_id":"20a44a41-8bca-4f68-a367-2c2d6dfdf011","local_time":"20210208125931","is_ascension_mode":true,"campfire_choices":[{"data":"Establishment","floor":7,"key":"SMITH"},{"floor":13,"key":"REST"},{"data":"Eruption","floor":15,"key":"SMITH"},{"floor":23,"key":"REST"},{"floor":25,"key":"REST"},{"floor":32,"key":"REST"}],"circlet_count":0,"master_deck":["Strike_P","Strike_P","Defend_P","Defend_P","Defend_P","Eruption+1","Vigilance","FlyingSleeves+1","FlurryOfBlows","EmptyFist+1","Wallop","Establishment+1","MentalFortress+1","FollowUp","WindmillStrike","MentalFortress","WindmillStrike","Brilliance","Conclude+1","Tantrum","Prostrate","SandsOfTime+1","Injury","FearNoEvil","FearNoEvil+1","Sanctity","FlurryOfBlows+1"],"relics":["PureWater","NeowsBlessing","Golden Idol","Boot","Whetstone","Orichalcum","Regal Pillow","Odd Mushroom","Cursed Key","Ice Cream","Vajra","WingedGreaves","Dream Catcher","Oddly Smooth Stone"],"acts_visited":["Exordium","TheCity"],"potions_floor_usage":[11,16,16,19,24,28],"damage_taken":[{"damage":0,"enemies":"2 Louse","floor":1,"turns":1},{"damage":0,"enemies":"Jaw Worm","floor":3,"turns":1},{"damage":0,"enemies":"Cultist","floor":5,"turns":1},{"damage":10,"enemies":"Gremlin Nob","floor":6,"turns":4},{"damage":14,"enemies":"Lagavulin","floor":8,"turns":4},{"damage":0,"enemies":"Gremlin Nob","floor":10,"turns":2},{"damage":23,"enemies":"The Mushroom Lair","floor":11,"turns":3},{"damage":0,"enemies":"Slime Boss","floor":16,"turns":3},{"damage":0,"enemies":"Spheric Guardian","floor":18,"turns":2},{"damage":21,"enemies":"3 Byrds","floor":19,"turns":5},{"damage":36,"enemies":"Snake Plant","floor":20,"turns":3},{"damage":40,"enemies":"Slavers","floor":24,"turns":5},{"damage":5,"enemies":"Gremlin Leader","floor":27,"turns":4},{"damage":0,"enemies":"Cultist and Chosen","floor":28,"turns":3},{"damage":26,"enemies":"Book of Stabbing","floor":29,"turns":4},{"damage":29,"enemies":"Gremlin Leader","floor":31,"turns":5},{"damage":45,"enemies":"Automaton","floor":33,"turns":6}],"seed_played":"5714580888054391277","potions_obtained":[{"floor":5,"key":"Dexterity Potion"},{"floor":6,"key":"Ambrosia"},{"floor":8,"key":"Fire Potion"},{"floor":10,"key":"BlessingOfTheForge"},{"floor":11,"key":"GamblersBrew"},{"floor":19,"key":"PowerPotion"},{"floor":20,"key":"BottledMiracle"},{"floor":24,"key":"Block Potion"},{"floor":29,"key":"Energy Potion"}],"is_trial":false,"path_per_floor":["M","?","M","?","M","E","R","E","T","E","?","$","R","?","R","B",null,"M","M","M","$","?","R","E","R","T","E","M","E","?","E","R","B"],"character_chosen":"WATCHER","items_purchased":["MentalFortress","WindmillStrike","Ice Cream"],"campfire_rested":4,"item_purchase_floors":[12,12,21],"current_hp_per_floor":[72,67,67,67,67,57,57,43,43,43,20,20,55,55,55,55,67,67,46,10,10,10,45,5,40,40,35,35,9,31,2,37,0,0],"gold":191,"neow_bonus":"THREE_ENEMY_KILL","is_daily":false,"chose_seed":false,"campfire_upgraded":2,"win_rate":0.0,"timestamp":1612785571,"path_taken":["M","?","M","?","?","E","R","E","T","E","?","?","R","?","R","BOSS","M","M","M","$","?","R","E","R","T","E","?","E","?","E","R","BOSS"],"items_purchased_type":["Card","Card","Relic"],"build_version":"2020-12-22","purchased_purges":1,"victory":false,"max_hp_per_floor":[72,67,67,67,67,67,67,67,67,67,67,67,67,67,67,67,67,67,67,67,67,67,67,67,67,67,67,67,67,67,67,67,67,67],"card_choices":[{"not_picked":["CutThroughFate","ClearTheMind"],"picked":"FlyingSleeves","floor":1},{"not_picked":["Perseverance","WindmillStrike"],"picked":"FlurryOfBlows","floor":3},{"not_picked":["CutThroughFate","Consecrate"],"picked":"Wallop","floor":5},{"not_picked":["PathToVictory","MentalFortress"],"picked":"Establishment","floor":6},{"not_picked":["CutThroughFate","FlurryOfBlows"],"picked":"MentalFortress","floor":8},{"not_picked":["BowlingBash","Evaluate"],"picked":"FollowUp","floor":10},{"not_picked":["ClearTheMind","Evaluate"],"picked":"WindmillStrike","floor":11},{"not_picked":["Establishment","MasterReality"],"picked":"Brilliance","floor":16},{"not_picked":["BowlingBash","EmptyFist"],"picked":"Conclude+1","floor":18},{"not_picked":["Halt","ThirdEye+1"],"picked":"Tantrum","floor":19},{"not_picked":["SashWhip","Conclude+1"],"picked":"Prostrate","floor":20},{"not_picked":["ThirdEye","CutThroughFate"],"picked":"SandsOfTime+1","floor":24},{"not_picked":["Judgement","Study"],"picked":"FearNoEvil","floor":27},{"not_picked":["Halt+1","FlyingSleeves"],"picked":"FearNoEvil+1","floor":28},{"not_picked":["Worship+1","CutThroughFate"],"picked":"Sanctity","floor":29},{"not_picked":["Crescendo","Nirvana","CutThroughFate"],"picked":"SKIP","floor":31},{"not_picked":["CrushJoints","SashWhip+1"],"picked":"FlurryOfBlows+1","floor":32}],"player_experience":280658,"relics_obtained":[{"floor":6,"key":"Boot"},{"floor":8,"key":"Whetstone"},{"floor":9,"key":"Orichalcum"},{"floor":10,"key":"Regal Pillow"},{"floor":11,"key":"Odd Mushroom"},{"floor":24,"key":"Vajra"},{"floor":27,"key":"WingedGreaves"},{"floor":29,"key":"Dream Catcher"},{"floor":31,"key":"Oddly Smooth Stone"}],"event_choices":[{"damage_healed":0,"gold_gain":0,"player_choice":"Lose Max HP","damage_taken":0,"relics_obtained":["Golden Idol"],"max_hp_gain":0,"max_hp_loss":5,"event_name":"Golden Idol","floor":2,"gold_loss":0},{"damage_healed":0,"gold_gain":0,"cards_transformed":["Strike_P"],"player_choice":"Transformed","damage_taken":0,"max_hp_gain":0,"max_hp_loss":0,"event_name":"Transmorgrifier","floor":4,"gold_loss":0,"cards_obtained":["EmptyFist"]},{"damage_healed":0,"gold_gain":0,"player_choice":"Fought Mushrooms","damage_taken":0,"max_hp_gain":0,"max_hp_loss":0,"event_name":"Mushrooms","floor":11,"gold_loss":0},{"cards_removed":["Defend_P"],"damage_healed":0,"gold_gain":0,"player_choice":"Card Removal","damage_taken":0,"max_hp_gain":0,"max_hp_loss":0,"event_name":"Wheel of Change","floor":14,"gold_loss":0},{"damage_healed":0,"gold_gain":0,"player_choice":"Upgraded","damage_taken":0,"max_hp_gain":0,"max_hp_loss":0,"event_name":"Upgrade Shrine","floor":22,"gold_loss":0,"cards_upgraded":["MentalFortress"]},{"damage_healed":22,"gold_gain":0,"player_choice":"Heal","damage_taken":0,"max_hp_gain":0,"max_hp_loss":0,"event_name":"The Library","floor":30,"gold_loss":0}],"is_beta":false,"boss_relics":[{"not_picked":["Pandora\u0027s Box","Astrolabe"],"picked":"Cursed Key"}],"items_purged_floors":[12],"is_endless":false,"potions_floor_spawned":[5,6,8,10,11,19,20,24,29],"killed_by":"Automaton","ascension_level":1}}