{"host":"y7357sx8ps3jkgoj","time":1612818683,"event":{"mods":["BaseMod","Downfall","Friendly Minions","Minty Spire (QoL Compilation)","Permanent Neow","Relic Stats","Reliquary","Shop Mod","Spire Arcade","StSLib","The Alterego","The Animator","The Bladedancer","The Bug Knight","The Exalted","The Forsaken","The Mystic","The Necromancer","The Poker Player","The Runesmith","Uncapped","Unceasing Turn Reminder"],"gold_per_floor":[109,109,124,138,213,229,229,255,255,287,300,376,376,389,423,31,44,62,62,158,158,171,26,26,38,53,53,69,102,183,209,209,235,235,266,266,16,16,16,119,119,138,217,217,217,229,242,277,277,304,318,318,318,318,344,344,344,344,344,344,344,344,17,48,48],"floor_reached":66,"language":"ENG","playtime":5157,"items_purged":["Bromod:Strike_Bro","Bromod:FormaBlueprint+1"],"score":1600,"play_id":"ff533404-7c66-46e3-b963-2490a73d9254","local_time":"20210208151123","is_ascension_mode":true,"campfire_choices":[{"data":"Bromod:FormaBlueprint","floor":9.0,"key":"SMITH"},{"data":"Bromod:RadialJavelin","floor":19.0,"key":"SMITH"},{"data":"Bromod:PointStrike","floor":27.0,"key":"SMITH"},{"data":"Bromod:PointStrike","floor":34.0,"key":"SMITH"},{"data":"Bromod:SlipMagazine","floor":38.0,"key":"SMITH"},{"data":"Bromod:EnergySiphon","floor":39.0,"key":"SMITH"},{"data":"Bromod:FastHands","floor":49,"key":"SMITH"},{"floor":53,"key":"RECALL"},{"data":"Bromod:OrganShatter","floor":57,"key":"SMITH"},{"floor":59,"key":"REST"},{"data":"Bromod:SlashDash","floor":62,"key":"SMITH"}],"circlet_count":0,"master_deck":["Bromod:Defend_Bro","Bromod:Defend_Bro","Bromod:Defend_Bro","Bromod:SlashDash+1","Bromod:SlashDash","Bromod:SlashDash","Bromod:PointStrike+1","Bromod:BulletJump+1","Bromod:NoReturn","Bromod:OrganShatter+1","Bromod:RadialJavelin+1","Bromod:FastHands+1","Bromod:PointStrike+1","Bromod:FastHands+1","Bromod:ToxicFlight+1","Bromod:ReflexCoil+1","Bromod:FocusEnergy+1","Bromod:NoReturn+1","Bromod:EnergySiphon+1","Bromod:Reflection+1","Bromod:SlipMagazine+1","Ghostly+1","Ghostly+1","Ghostly+1","Ghostly+1","Ghostly+1","Bromod:ToxicFlight+1","Bromod:Serration+1","Bromod:RadialJavelin+1","Bandage Up+1","Bromod:Stormbringer+1"],"relics":["Bromod:Ordis","Bromod:AscarisDevice","PreservedInsect","reliquary:TuningFork","theForsaken:ScaryMask","Pocketwatch","Bromod:ArcaneAegis","Toxic Egg 2","Tiny Chest","reliquary:KinkedSpring","Runesmith:AutoHammer","Ancient Tea Set","HollowMod:StagPassRelic","reliquary:Knoch","reliquary:TridentHead","Singing Bowl","Philosopher\u0027s Stone","reliquary:Sideboard","reliquary:BoilingFlask","Bromod:ArcaneAvenger","reliquary:FeatherDuster","Torii","theForsaken:Lifeblossom","CaptainsWheel","DollysMirror","Blood Vial"],"acts_visited":["Exordium","TheCity","TheBeyond","TheEnding"],"potions_floor_usage":[55,60,65,65],"damage_taken":[{"damage":0.0,"enemies":"2 Louse","floor":1.0,"turns":2.0},{"damage":6.0,"enemies":"Jaw Worm","floor":3.0,"turns":2.0},{"damage":1.0,"enemies":"Small Slimes","floor":4.0,"turns":3.0},{"damage":1.0,"enemies":"Looter","floor":6.0,"turns":3.0},{"damage":0.0,"enemies":"HollowMod:MossKnight","floor":8.0,"turns":6.0},{"damage":2.0,"enemies":"Gremlin Nob","floor":10.0,"turns":4.0},{"damage":4.0,"enemies":"Blue Slaver","floor":11.0,"turns":3.0},{"damage":0.0,"enemies":"Gremlin Gang","floor":14.0,"turns":1.0},{"damage":0.0,"enemies":"Lagavulin","floor":15.0,"turns":4.0},{"damage":1.0,"enemies":"2 Fungi Beasts","floor":17.0,"turns":2.0},{"damage":1.0,"enemies":"Blue Slaver","floor":18.0,"turns":3.0},{"damage":29.0,"enemies":"The Guardian","floor":20.0,"turns":6.0},{"damage":0.0,"enemies":"3 Byrds","floor":22.0,"turns":5.0},{"damage":3.0,"enemies":"Snecko","floor":25.0,"turns":5.0},{"damage":21.0,"enemies":"Cultist and Chosen","floor":26.0,"turns":7.0},{"damage":0.0,"enemies":"3 Cultists","floor":28.0,"turns":4.0},{"damage":13.0,"enemies":"Slavers","floor":29.0,"turns":6.0},{"damage":0.0,"enemies":"HollowMod:Nosk","floor":33.0,"turns":6.0},{"damage":1.0,"enemies":"Gremlin Leader","floor":35.0,"turns":4.0},{"damage":3.0,"enemies":"Automaton","floor":40.0,"turns":10.0},{"damage":0.0,"enemies":"3 Shapes","floor":42.0,"turns":4.0},{"damage":4,"enemies":"3 Darklings","floor":46,"turns":6},{"damage":1,"enemies":"Sphere and 2 Shapes","floor":47,"turns":5},{"damage":0,"enemies":"Nemesis","floor":48,"turns":5},{"damage":1,"enemies":"Giant Head","floor":50,"turns":7},{"damage":4,"enemies":"Maw","floor":51,"turns":6},{"damage":1,"enemies":"Nemesis","floor":55,"turns":7},{"damage":14,"enemies":"Donu and Deca","floor":60,"turns":9},{"damage":3,"enemies":"Shield and Spear","floor":64,"turns":6},{"damage":21,"enemies":"The Heart","floor":65,"turns":9}],"seed_played":"-7293542910054494964","potions_obtained":[{"floor":3.0,"key":"Bromod:AmmoRestore"},{"floor":6.0,"key":"Fire Potion"},{"floor":22.0,"key":"LiquidMemories"},{"floor":46,"key":"LiquidMemories"},{"floor":55,"key":"Explosive Potion"},{"floor":64,"key":"PowerPotion"}],"is_trial":false,"path_per_floor":["M","?","M","M","?","M","?","E","R","E","M","T","T","M","E","$","M","M","R","B",null,"M","$","?","M","M","R","M","E","T","T","T","E","R","E","?","$","R","R","B",null,"M","T","$","T","M","M","E","R","E","M","T","R","?","E","?","R","T","R","B",null,"R","$","E","B",null],"character_chosen":"THE_EXALTED","items_purchased":["Toxic Egg 2","Tiny Chest","Bromod:FocusEnergy+1","Singing Bowl","Bromod:Serration+1","DollysMirror"],"campfire_rested":1,"item_purchase_floors":[16,16,23,37,63,63],"current_hp_per_floor":[54,47,41,40,29,28,53,53,53,51,47,47,47,47,47,47,46,45,45,16,75,75,75,75,72,61,61,61,48,48,48,48,48,48,47,37,37,37,37,34,37,39,39,39,39,37,38,38,38,39,37,37,37,31,32,32,32,32,47,37,50,50,50,50,31],"gold":48,"neow_bonus":"REMOVE_TWO","is_daily":false,"chose_seed":false,"campfire_upgraded":9,"win_rate":0.0,"timestamp":1612818683,"path_taken":["M","?","M","M","?","M","?","E","R","E","M","?","T","M","E","?","?","?","R","BOSS","M","$","?","M","M","R","M","E","T","T","?","E","R","E","?","?","R","R","BOSS","M","?","$","?","M","M","E","R","E","?","T","R","?","E","?","R","?","R","BOSS","R","$","E","BOSS"],"items_purchased_type":["Relic","Relic","Card","Relic","Card","Relic"],"build_version":"2020-12-22","purchased_purges":2,"victory":true,"max_hp_per_floor":[75,75,75,75,75,75,75,75,75,75,75,75,75,75,75,75,75,75,75,75,75,75,75,75,75,75,75,75,75,75,75,75,75,75,75,37,37,37,37,37,37,39,39,39,39,41,43,43,43,45,47,47,47,51,53,50,50,50,50,50,50,50,50,50,50],"relic_stats":{"Blood Vial":0,"Singing Bowl":16,"Torii":3,"counters":[30,150],"Tiny Chest":3,"PreservedInsect":434,"obtain_stats":[{"Bromod:ArcaneAvenger":48,"Bromod:AscarisDevice":0,"reliquary:FeatherDuster":52,"theForsaken:ScaryMask":12,"Singing Bowl":37,"Torii":55,"reliquary:BoilingFlask":45,"theForsaken:Lifeblossom":55,"Ancient Tea Set":31,"HollowMod:StagPassRelic":32,"Bromod:ArcaneAegis":15,"reliquary:FerryPass":50,"Blood Vial":64,"reliquary:TridentHead":35,"DollysMirror":63,"Tiny Chest":16,"Philosopher\u0027s Stone":41,"Toxic Egg 2":16,"reliquary:Sideboard":43,"PreservedInsect":8,"Bromod:Ordis":0,"reliquary:KinkedSpring":21,"CaptainsWheel":58,"reliquary:TuningFork":10,"Runesmith:AutoHammer":29,"reliquary:Knoch":33,"Pocketwatch":13},{"Bromod:ArcaneAvenger":24,"Bromod:AscarisDevice":0,"reliquary:FeatherDuster":26,"theForsaken:ScaryMask":7,"Singing Bowl":19,"Torii":27,"reliquary:BoilingFlask":21,"theForsaken:Lifeblossom":27,"Ancient Tea Set":17,"HollowMod:StagPassRelic":17,"Bromod:ArcaneAegis":9,"reliquary:FerryPass":25,"Blood Vial":29,"reliquary:TridentHead":19,"DollysMirror":28,"Tiny Chest":9,"Philosopher\u0027s Stone":20,"Toxic Egg 2":9,"reliquary:Sideboard":21,"PreservedInsect":5,"Bromod:Ordis":0,"reliquary:KinkedSpring":12,"CaptainsWheel":27,"reliquary:TuningFork":6,"Runesmith:AutoHammer":17,"reliquary:Knoch":18,"Pocketwatch":7},{"Bromod:ArcaneAvenger":106,"Bromod:AscarisDevice":0,"reliquary:FeatherDuster":119,"theForsaken:ScaryMask":23,"Singing Bowl":76,"Torii":126,"reliquary:BoilingFlask":90,"theForsaken:Lifeblossom":126,"Ancient Tea Set":66,"HollowMod:StagPassRelic":66,"Bromod:ArcaneAegis":28,"reliquary:FerryPass":113,"Blood Vial":141,"reliquary:TridentHead":76,"DollysMirror":135,"Tiny Chest":28,"Philosopher\u0027s Stone":86,"Toxic Egg 2":28,"reliquary:Sideboard":90,"PreservedInsect":16,"Bromod:Ordis":0,"reliquary:KinkedSpring":39,"CaptainsWheel":126,"reliquary:TuningFork":20,"Runesmith:AutoHammer":66,"reliquary:Knoch":72,"Pocketwatch":23}],"Pocketwatch":[52]},"card_choices":[{"not_picked":["Bromod:Reflection","Bromod:SlipMagazine"],"picked":"Bromod:PointStrike","floor":1.0},{"not_picked":["Bromod:HornetStrike","Bromod:Vitality"],"picked":"Bromod:BulletJump","floor":3.0},{"not_picked":["Bromod:ArchwingLauncher","Bromod:BulletJump","Bromod:SplitChamber"],"picked":"SKIP","floor":4.0},{"not_picked":["Bromod:BulletJump","Bromod:PointBlank"],"picked":"Bromod:NoReturn","floor":6.0},{"not_picked":["Bromod:PointStrike","Bromod:BulletJump"],"picked":"Bromod:FormaBlueprint","floor":8.0},{"not_picked":["Bromod:SlipMagazine","Bromod:PressurePoint"],"picked":"Bromod:OrganShatter","floor":10.0},{"not_picked":["Bromod:BulletJump","Bromod:BodyCount"],"picked":"Bromod:RadialJavelin","floor":11.0},{"not_picked":["Bromod:Maglev","Bromod:Stretch"],"picked":"Bromod:FastHands","floor":14.0},{"not_picked":["Bromod:SteelFiber","Bromod:Redirection"],"picked":"Bromod:PointStrike","floor":15.0},{"not_picked":["Bromod:Redirection+1","Bromod:Rejuvenation"],"picked":"Bromod:Foundry","floor":17.0},{"not_picked":["Bromod:Reflection+1","Bromod:PointStrike"],"picked":"Bromod:FastHands+1","floor":18.0},{"not_picked":["Bromod:LifeStrike","Bromod:Thunderbolt"],"picked":"Bromod:ToxicFlight+1","floor":20.0},{"not_picked":["Bromod:ArchwingLauncher","Bromod:Vitality+1"],"picked":"Bromod:ReflexCoil+1","floor":22.0},{"not_picked":["Bromod:SteelFiber","Bromod:OrganShatter"],"picked":"Bromod:NoReturn+1","floor":25.0},{"not_picked":["Bromod:ContagiousSpread","Bromod:BodyCount"],"picked":"Bromod:QuickDraw+1","floor":26.0},{"not_picked":["Bromod:ShatteringImpact","Bromod:BodyCount"],"picked":"Bromod:EnergySiphon","floor":28.0},{"not_picked":["Bromod:ConditionOverload","Bromod:Rejuvenation"],"picked":"Bromod:QuickDraw+1","floor":29.0},{"not_picked":["Bromod:PointStrike","Bromod:HornetStrike"],"picked":"Bromod:Reflection+1","floor":33.0},{"not_picked":["Bromod:RadialBlind+1","Bromod:Reflection+1"],"picked":"Bromod:SlipMagazine","floor":35.0},{"not_picked":["Bromod:Intensify","Bromod:LethalTorrent"],"picked":"Bromod:ToxicFlight+1","floor":40.0},{"not_picked":["Bromod:SteelFiber+1","Bromod:ShatteringImpact+1","Bromod:BulletJump+1"],"picked":"Singing Bowl","floor":42.0},{"not_picked":["Bromod:Foundry+1","Bromod:BloodRush+1","Bromod:Reflection+1"],"picked":"Singing Bowl","floor":46},{"not_picked":["Bromod:BodyCount","Bromod:Vitality+1","Bromod:FastHands+1"],"picked":"Singing Bowl","floor":47},{"not_picked":["Bromod:Provoked","Bromod:Vitality+1","Bromod:Foundry+1"],"picked":"Singing Bowl","floor":50},{"not_picked":["Bromod:ShatteringImpact+1","Bromod:Reflection+1","Bromod:QuickDraw+1"],"picked":"Singing Bowl","floor":51},{"not_picked":["Enlightenment+1","Madness+1"],"picked":"Bandage Up+1","floor":54},{"not_picked":["Chrysalis+1","Mayhem","Enlightenment+1"],"picked":"Singing Bowl","floor":54},{"not_picked":["Deep Breath+1","Dramatic Entrance","Mayhem"],"picked":"Singing Bowl","floor":54},{"not_picked":["Bromod:BulletJump+1","Bromod:ContagiousSpread+1","Bromod:OrganShatter"],"picked":"Singing Bowl","floor":55},{"not_picked":["Bromod:Redirection+1","Bromod:NoReturn"],"picked":"Bromod:Stormbringer+1","floor":64}],"player_experience":548554,"relics_obtained":[{"floor":8.0,"key":"PreservedInsect"},{"floor":10.0,"key":"reliquary:TuningFork"},{"floor":12.0,"key":"theForsaken:ScaryMask"},{"floor":13.0,"key":"Pocketwatch"},{"floor":15.0,"key":"Bromod:ArcaneAegis"},{"floor":29.0,"key":"Runesmith:AutoHammer"},{"floor":31.0,"key":"Ancient Tea Set"},{"floor":32.0,"key":"HollowMod:StagPassRelic"},{"floor":33.0,"key":"reliquary:Knoch"},{"floor":35.0,"key":"reliquary:TridentHead"},{"floor":43.0,"key":"reliquary:Sideboard"},{"floor":45.0,"key":"reliquary:BoilingFlask"},{"floor":48,"key":"Bromod:ArcaneAvenger"},{"floor":50,"key":"reliquary:FerryPass"},{"floor":52,"key":"reliquary:FeatherDuster"},{"floor":55,"key":"Torii"},{"floor":55,"key":"theForsaken:Lifeblossom"},{"floor":58,"key":"CaptainsWheel"},{"floor":64,"key":"Blood Vial"}],"event_choices":[{"cards_removed":["Bromod:Strike_Bro"],"damage_healed":0.0,"max_hp_gain":0.0,"max_hp_loss":0.0,"gold_gain":0.0,"event_name":"Golden Wing","player_choice":"Card Removal","floor":2.0,"gold_loss":0.0,"damage_taken":7.0},{"damage_healed":0.0,"max_hp_gain":0.0,"max_hp_loss":0.0,"gold_gain":75.0,"event_name":"World of Goop","player_choice":"Gather Gold","floor":5.0,"gold_loss":0.0,"damage_taken":11.0},{"damage_healed":25.0,"max_hp_gain":0.0,"max_hp_loss":0.0,"gold_gain":0.0,"event_name":"Big Fish","player_choice":"Banana","floor":7.0,"gold_loss":0.0,"damage_taken":0.0},{"damage_healed":0.0,"max_hp_gain":0.0,"max_hp_loss":38.0,"gold_gain":0.0,"event_name":"Ghosts","player_choice":"Became a Ghost","floor":36.0,"gold_loss":0.0,"damage_taken":0.0,"cards_obtained":["Ghostly","Ghostly","Ghostly","Ghostly","Ghostly"]},{"damage_healed":0,"gold_gain":0,"player_choice":"Memory 3","damage_taken":10,"max_hp_gain":0,"max_hp_loss":0,"event_name":"SensoryStone","floor":54,"gold_loss":0},{"damage_healed":0,"gold_gain":0,"player_choice":"Max HP","damage_taken":0,"max_hp_gain":0,"max_hp_loss":3,"event_name":"Winding Halls","floor":56,"gold_loss":0}],"is_beta":false,"boss_relics":[{"not_picked":["Sozu","Snecko Eye"],"picked":"reliquary:KinkedSpring"},{"not_picked":["SacredBark","reliquary:WritOfMandamus"],"picked":"Philosopher\u0027s Stone"}],"items_purged_floors":[23,63],"is_endless":false,"potions_floor_spawned":[3,6,10,14,17,22,33,35,40,46,55,64],"ascension_level":1}}