{"host":"p8f0otjoacyb9giz","time":1612817034,"event":{"mods":["AchievementEnabler","BaseMod","Downfall","Minty Spire (QoL Compilation)","StSLib"],"gold_per_floor":[99,118,218,229,241,258,258,275,300,316,75,75,8,21,31,135,135,35,54,39,39,53,82,82,114,114,128,148,148,48,75,94,197,197,97,109,134,148,166,166,166,199,199,199,209,238,250,250,250,278,34,34,34,34,34,34],"floor_reached":54,"language":"ENG","playtime":3267,"items_purged":["champ:Strike"],"score":1123,"play_id":"21188a1e-47cb-4ea9-b5c0-3243cea50e4b","local_time":"20210208234354","is_ascension_mode":true,"campfire_choices":[{"data":"champ:Taunt","floor":1.0,"key":"SMITH"},{"floor":12.0,"key":"REST"},{"data":"champ:DefensiveStyle","floor":18,"key":"SMITH"},{"floor":30,"key":"RECALL"},{"data":"champ:Lariat","floor":35,"key":"SMITH"},{"data":"champ:SkillfulDodge","floor":40,"key":"SMITH"},{"data":"champ:Circumvent","floor":44,"key":"SMITH"},{"data":"champ:RageSigil","floor":52,"key":"SMITH"}],"circlet_count":0,"master_deck":["champ:Strike","champ:Strike","champ:Defend","champ:Defend","champ:Execute","champ:Taunt+1","champ:Circumvent+1","champ:SkillfulDodge+1","champ:DefensiveStyle+1","champ:SteelEdge","champ:Lariat+1","champ:DefensiveStyle","champ:PreciseThrust","champ:TornadoPunch","champ:HoldFirm+1","champ:FlashCut+1","champ:Endure+1","champ:RageSigil+1","champ:ShieldWall","champ:EnchantShield","champ:DefensiveStyle+1","champ:Endure+1","expansioncontent:AwakenDeath","champ:HoldFirm+1"],"relics":["Empty Cage","FossilizedHelix","Unceasing Top","Medical Kit","Velvet Choker","downfall:HeartBlessingGreen","Enchiridion","Pen Nib","Matryoshka","Bag of Preparation","Ornamental Fan","downfall:HeartBlessingBlue","Happy Flower","Runic Dome","downfall:HeartBlessingRed","hexamod:BolsterEngine","MealTicket","Pantograph","War Paint","downfall:TeleportStone","Question Card","Bag of Marbles","DollysMirror"],"acts_visited":["Exordium","TheCity","TheBeyond","TheEnding"],"potions_floor_usage":[15,15,15,54,54],"damage_taken":[{"damage":27.0,"enemies":"Small Slimes","floor":2.0,"turns":4.0},{"damage":17.0,"enemies":"Cultist","floor":4.0,"turns":4.0},{"damage":0.0,"enemies":"2 Louse","floor":5.0,"turns":2.0},{"damage":25.0,"enemies":"Lots of Slimes","floor":6.0,"turns":7.0},{"damage":16.0,"enemies":"Exordium Thugs","floor":8.0,"turns":6.0},{"damage":64.0,"enemies":"3 Sentries","floor":9.0,"turns":14.0},{"damage":4.0,"enemies":"Large Slime","floor":10.0,"turns":9.0},{"damage":10.0,"enemies":"downfall:FleeingMerchant","floor":11.0,"turns":4.0},{"damage":0,"enemies":"downfall:FleeingMerchant","floor":13,"turns":4},{"damage":0,"enemies":"Exordium Wildlife","floor":14,"turns":7},{"damage":11,"enemies":"Gremlin Gang","floor":15,"turns":4},{"damage":11,"enemies":"SI_SHIV_ARCHETYPE","floor":16,"turns":12},{"damage":7,"enemies":"Chosen","floor":19,"turns":6},{"damage":0,"enemies":"downfall:FleeingMerchant","floor":20,"turns":4},{"damage":0,"enemies":"Snake Plant","floor":22,"turns":4},{"damage":10,"enemies":"Slavers","floor":23,"turns":6},{"damage":17,"enemies":"Book of Stabbing","floor":25,"turns":7},{"damage":0,"enemies":"Sentry and Sphere","floor":27,"turns":7},{"damage":0,"enemies":"Centurion and Healer","floor":28,"turns":5},{"damage":0,"enemies":"Slavers","floor":31,"turns":5},{"damage":8,"enemies":"Snake Plant","floor":32,"turns":4},{"damage":0,"enemies":"WA_ARCHETYPE_CALM","floor":33,"turns":10},{"damage":0,"enemies":"3 Darklings","floor":36,"turns":4},{"damage":0,"enemies":"Orb Walker","floor":38,"turns":3},{"damage":11,"enemies":"Sphere and 2 Shapes","floor":39,"turns":6},{"damage":0,"enemies":"Reptomancer","floor":42,"turns":10},{"damage":11,"enemies":"4 Shapes","floor":45,"turns":6},{"damage":0,"enemies":"Nemesis","floor":46,"turns":7},{"damage":0,"enemies":"Maw","floor":47,"turns":8},{"damage":0,"enemies":"DF_ARCHETYPE_ORBS","floor":48,"turns":13},{"damage":3,"enemies":"downfall:CharBossMerchant","floor":50,"turns":11},{"damage":6,"enemies":"downfall:NeowBoss","floor":53,"turns":22},{"damage":162,"enemies":"downfall:NeowBossFinal","floor":54,"turns":11}],"seed_played":"-4596460942789371484","potions_obtained":[{"floor":6.0,"key":"SteroidPotion"},{"floor":9.0,"key":"Strength Potion"},{"floor":10.0,"key":"Strength Potion"},{"floor":14,"key":"ColorlessPotion"},{"floor":16,"key":"Dexterity Potion"},{"floor":22,"key":"Ancient Potion"},{"floor":25,"key":"DistilledChaos"}],"is_trial":false,"path_per_floor":["R","M","?","M","M","M","T","M","E","M","$","R","$","M","M","B",null,"R","M","$","?","M","E","T","E","?","M","M","T","R","E","M","B",null,"R","M","?","M","M","R","T","E","?","R","M","E","M","B",null,"E","$","R","B","B"],"character_chosen":"THE_CHAMP","items_purchased":["Medical Kit","champ:PreciseThrust","expansioncontent:AwakenDeath","DollysMirror"],"campfire_rested":1,"item_purchase_floors":[11,13,51,51],"current_hp_per_floor":[90,83,83,76,76,61,61,65,17,13,13,40,50,50,39,28,90,90,83,83,67,67,57,57,50,50,50,50,50,60,60,52,52,100,100,100,100,100,89,89,89,89,89,89,78,78,78,100,100,97,100,100,94,0,0,0],"gold":34,"neow_bonus":"BOSS_RELIC","is_daily":false,"chose_seed":false,"campfire_upgraded":6,"win_rate":0.0,"timestamp":1612817034,"path_taken":["R","M","?","M","M","M","T","?","E","M","?","R","?","M","M","BOSS","R","M","$","?","M","E","T","E","?","M","?","?","R","E","M","BOSS","R","M","?","M","M","R","T","E","?","R","?","E","M","BOSS","E","$","R","BOSS","BOSS"],"items_purchased_type":["Relic","Card","Card","Relic"],"build_version":"2020-12-22","purchased_purges":1,"victory":false,"max_hp_per_floor":[90,90,90,90,90,90,90,90,90,90,90,90,90,90,90,90,90,90,90,90,90,90,90,90,90,90,90,90,90,100,100,100,100,100,100,100,100,100,100,100,100,100,100,100,100,100,100,100,100,100,100,100,100,100,100,100],"card_choices":[{"not_picked":["champ:PerfectedStrike","champ:Shatter"],"picked":"champ:Circumvent","floor":2.0},{"not_picked":["champ:FocusedBerserking","champ:BerserkersShout","champ:Shatter"],"picked":"SKIP","floor":4.0},{"not_picked":["champ:Circumvent","champ:SwordSigil"],"picked":"champ:SkillfulDodge","floor":5.0},{"not_picked":["champ:Parry","champ:Haymaker","champ:ShieldSigil"],"picked":"SKIP","floor":6.0},{"not_picked":["champ:PreemptiveStrike","champ:HeartStrike"],"picked":"champ:DefensiveStyle","floor":8.0},{"not_picked":["champ:SteelEdge","champ:GutPunch","champ:FanOfKnives"],"picked":"SKIP","floor":9.0},{"not_picked":["champ:GutPunch","champ:FanOfKnives"],"picked":"champ:SteelEdge","floor":9.0},{"not_picked":["champ:SetATrap","champ:Parry","champ:GladiatorStyle"],"picked":"SKIP","floor":10.0},{"not_picked":["champ:FancyFootwork","champ:BladeFlurry"],"picked":"champ:Lariat","floor":11.0},{"not_picked":["champ:FlashCut","champ:PreciseThrust"],"picked":"champ:DefensiveStyle","floor":13},{"not_picked":["champ:Haymaker","champ:AdrenalArmor","champ:CrownThrow"],"picked":"SKIP","floor":14},{"not_picked":["champ:StanceDance","champ:PreciseThrust"],"picked":"champ:TornadoPunch","floor":15},{"not_picked":["champ:Improvising","champ:VampiricStrike"],"picked":"champ:HoldFirm","floor":16},{"not_picked":["champ:FalseCounter","champ:FocusedBerserking"],"picked":"champ:FlashCut+1","floor":19},{"not_picked":["champ:DefensiveShout+1","champ:ArenaPreparation","champ:BerserkersShout"],"picked":"SKIP","floor":20},{"not_picked":["champ:EnGarde","champ:DeathBlow+1","champ:SetATrap"],"picked":"SKIP","floor":22},{"not_picked":["champ:ShieldSigil","champ:FaceSlap","champ:BladeFlurry"],"picked":"SKIP","floor":23},{"not_picked":["champ:MurderStrike","champ:ShieldSigil","champ:Endure"],"picked":"SKIP","floor":25},{"not_picked":["champ:DeathBlow","champ:Shatter","champ:FalseCounter"],"picked":"SKIP","floor":27},{"not_picked":["champ:Shatter","champ:CalledShot"],"picked":"champ:RageSigil","floor":28},{"not_picked":["champ:LastStand","champ:StanceDance"],"picked":"champ:ShieldWall","floor":31},{"not_picked":["champ:FanOfKnives","champ:FlashCut","champ:Haymaker"],"picked":"SKIP","floor":32},{"not_picked":["champ:DancingMaster","champ:LastStand"],"picked":"champ:EnchantShield","floor":33},{"not_picked":["champ:DefensiveShout+1","champ:RapidStrikes+1","champ:FlashCut"],"picked":"SKIP","floor":36},{"not_picked":["champ:EnGarde+1","champ:Endure"],"picked":"champ:DefensiveStyle+1","floor":38},{"not_picked":["champ:Haymaker+1","champ:PreciseThrust+1"],"picked":"champ:Endure+1","floor":39},{"not_picked":["champ:HeartStrike","champ:Backstep+1","champ:FlashCut"],"picked":"SKIP","floor":42},{"not_picked":["champ:Parry","champ:DefensiveShout+1","champ:TornadoPunch"],"picked":"SKIP","floor":45},{"not_picked":["champ:IronFortress+1","champ:ShieldSigil+1","champ:DefensiveShout"],"picked":"SKIP","floor":46},{"not_picked":["champ:ShieldSigil+1","champ:Circumvent+1","champ:Backstep","champ:GutPunch+1"],"picked":"SKIP","floor":47},{"not_picked":["champ:EnGarde","champ:BerserkersShout","champ:Shatter","champ:TornadoPunch"],"picked":"SKIP","floor":50}],"player_experience":457066,"relics_obtained":[{"floor":7.0,"key":"FossilizedHelix"},{"floor":9.0,"key":"Unceasing Top"},{"floor":21,"key":"Enchiridion"},{"floor":23,"key":"Pen Nib"},{"floor":25,"key":"Matryoshka"},{"floor":29,"key":"Bag of Preparation"},{"floor":29,"key":"Ornamental Fan"},{"floor":31,"key":"Happy Flower"},{"floor":37,"key":"hexamod:BolsterEngine"},{"floor":37,"key":"MealTicket"},{"floor":41,"key":"Pantograph"},{"floor":42,"key":"War Paint"},{"floor":46,"key":"Question Card"},{"floor":50,"key":"Bag of Marbles"}],"event_choices":[],"is_beta":false,"boss_relics":[{"not_picked":["Fusion Hammer","Pandora\u0027s Box"],"picked":"Velvet Choker"},{"not_picked":["Busted Crown","sneckomod:SneckoTalon"],"picked":"Runic Dome"}],"items_purged_floors":[11],"is_endless":false,"potions_floor_spawned":[6,9,10,14,16,22,25,27,36,38,39,46,50],"killed_by":"downfall:NeowBossFinal","ascension_level":4}}