{"host":"6rg8kqrcyg7lkx0e","time":1612806271,"event":{"mods":["BaseMod","Downfall","Minty Spire (QoL Compilation)","Relic Filter Mod","StSLib"],"gold_per_floor":[99,119,119,136,44,74,122,154,170,170,198,225,225,252,263,361,361,261,271,289,303,84,112,135,35,60,60,160,188,88,88,99,202,202,202,213,146,156,180,225,261,0,0,31,31,57,57,77,93,93,93,124,124,124,124,124],"floor_reached":57,"language":"ZHS","playtime":7248,"items_purged":["downfall:Malfunctioning","Normality"],"score":1647,"play_id":"aa281e12-ef4d-4ab1-9b93-04626cd9c012","local_time":"20210209014431","daily_mods":["SealedDeck","Vintage","Heirloom","Flight","DeadlyEvents","Elite Swarm"],"is_ascension_mode":true,"campfire_choices":[{"data":"Slimebound:SplitSpecialist","floor":1.0,"key":"SMITH"},{"data":"Slimebound:LevelUp","floor":10.0,"key":"SMITH"},{"data":"Slimebound:TagTeam","floor":13.0,"key":"SMITH"},{"floor":18.0,"key":"RECALL"},{"data":"Slimebound:OneTwoCombo","floor":25.0,"key":"SMITH"},{"data":"Slimebound:SlimeBrawl","floor":27.0,"key":"SMITH"},{"data":"Slimebound:SlimeBrawl","floor":30.0,"key":"SMITH"},{"data":"Slimebound:TagTeam","floor":35.0,"key":"SMITH"},{"data":"Slimebound:SlimeBrawl","floor":43.0,"key":"SMITH"},{"data":"Slimebound:MassRepurpose","floor":45.0,"key":"SMITH"},{"data":"Slimebound:LeadByExample","floor":47.0,"key":"SMITH"},{"data":"Slimebound:Teamwork","floor":54,"key":"SMITH"}],"circlet_count":0,"master_deck":["Slimebound:Schlurp","Slimebound:LeadByExample+1","Slimebound:Repurpose+1","Slimebound:SlimeTap","Slimebound:SplitLeeching+1","Slimebound:SplitLeeching+1","Slimebound:SplitSpecialist+1","Slimebound:SplitMire+1","Slimebound:SplitLeeching","Slimebound:SplitMire","Slimebound:SplitAcid","Slimebound:LevelUp+1","Slimebound:Recycling","Slimebound:TagTeam+1","Slimebound:Teamwork","Slimebound:Teamwork+1","Slimebound:FirmFortitude","Slimebound:SlimeBrawl+1","Slimebound:SplitAcid+1","Slimebound:SlimeBrawl+1","Slimebound:OneTwoCombo+1","Slimebound:TagTeam+1","Slimebound:MinionMaster+1","Slimebound:RallyTheTroops","Slimebound:ServeAndProtect","Slimebound:GrowthPunch","Slimebound:Overexert+1","Slimebound:SplitBruiser","Slimebound:Overexert+1","Slimebound:SlimeBrawl+1","Slimebound:MassRepurpose+1","Slimebound:FirmFortitude","Slimebound:SelfFormingGoo+1"],"relics":["Slimebound:AbsorbEndCombat","Torii","Du-Vu Doll","White Beast Statue","Meat on the Bone","Slimebound:StickyStick","Ornamental Fan","Tiny Chest","MealTicket","Potion Belt","InkBottle","PreservedInsect","Black Star","downfall:HeartBlessingGreen","Frozen Egg 2","Unceasing Top","Happy Flower","Dream Catcher","Mango","downfall:HeartBlessingBlue","Blue Candle","Darkstone Periapt","Bird Faced Urn","Pantograph","downfall:HeartBlessingRed","Pocketwatch","Cursed Key","champ:DeflectingBracers","bronze:BronzeIdol","MawBank","Smiling Mask","Centennial Puzzle","Anchor","Vajra","War Paint","Calipers","Bronze Scales","Kunai","Question Card","Art of War","HornCleat","bronze:DecasWashers","Ginger"],"acts_visited":["Exordium","TheCity","TheBeyond","TheEnding"],"potions_floor_usage":[],"damage_taken":[{"damage":0.0,"enemies":"Cultist","floor":2.0,"turns":4.0},{"damage":0.0,"enemies":"Jaw Worm","floor":4.0,"turns":4.0},{"damage":0.0,"enemies":"downfall:FleeingMerchant","floor":5.0,"turns":4.0},{"damage":21.0,"enemies":"3 Sentries","floor":6.0,"turns":5.0},{"damage":7.0,"enemies":"Lagavulin","floor":8.0,"turns":7.0},{"damage":0.0,"enemies":"Small Slimes","floor":9.0,"turns":3.0},{"damage":0.0,"enemies":"Gremlin Nob","floor":11.0,"turns":3.0},{"damage":0.0,"enemies":"Lagavulin","floor":12.0,"turns":4.0},{"damage":0.0,"enemies":"3 Sentries","floor":14.0,"turns":5.0},{"damage":0.0,"enemies":"Exordium Thugs","floor":15.0,"turns":3.0},{"damage":6.0,"enemies":"IC_STATUS_ARCHETYPE","floor":16.0,"turns":4.0},{"damage":1.0,"enemies":"Chosen","floor":19.0,"turns":4.0},{"damage":0.0,"enemies":"Spheric Guardian","floor":20.0,"turns":3.0},{"damage":0.0,"enemies":"Snecko","floor":21.0,"turns":3.0},{"damage":0.0,"enemies":"downfall:FleeingMerchant","floor":22.0,"turns":4.0},{"damage":21.0,"enemies":"Slavers","floor":23.0,"turns":2.0},{"damage":7.0,"enemies":"Book of Stabbing","floor":26.0,"turns":4.0},{"damage":8.0,"enemies":"Slavers","floor":29.0,"turns":3.0},{"damage":0.0,"enemies":"Snake Plant","floor":32.0,"turns":2.0},{"damage":0.0,"enemies":"WA_ARCHETYPE_CALM","floor":33.0,"turns":4.0},{"damage":0.0,"enemies":"Orb Walker","floor":36.0,"turns":2.0},{"damage":0.0,"enemies":"downfall:FleeingMerchant","floor":37.0,"turns":2.0},{"damage":9.0,"enemies":"3 Darklings","floor":38.0,"turns":2.0},{"damage":1.0,"enemies":"Transient","floor":39.0,"turns":5.0},{"damage":9.0,"enemies":"Reptomancer","floor":40.0,"turns":3.0},{"damage":0.0,"enemies":"Giant Head","floor":44.0,"turns":4.0},{"damage":0.0,"enemies":"Nemesis","floor":46.0,"turns":5.0},{"damage":15.0,"enemies":"4 Shapes","floor":48.0,"turns":2.0},{"damage":13.0,"enemies":"Sphere and 2 Shapes","floor":49.0,"turns":3.0},{"damage":26,"enemies":"DF_ARCHETYPE_ORBS","floor":50,"turns":3},{"damage":14,"enemies":"downfall:CharBossMerchant","floor":52,"turns":4},{"damage":2,"enemies":"downfall:NeowBoss","floor":55,"turns":6},{"damage":17,"enemies":"downfall:NeowBossFinal","floor":56,"turns":5}],"seed_played":"3032748802499121635","potions_obtained":[{"floor":4.0,"key":"Block Potion"},{"floor":5.0,"key":"Fire Potion"},{"floor":6.0,"key":"SteroidPotion"},{"floor":9.0,"key":"LiquidMemories"},{"floor":12.0,"key":"Regen Potion"},{"floor":14.0,"key":"LiquidMemories"},{"floor":37.0,"key":"Fruit Juice"},{"floor":38.0,"key":"Fire Potion"},{"floor":39.0,"key":"Fire Potion"},{"floor":40.0,"key":"Slimebound:SpawnSlimePotion"},{"floor":46.0,"key":"Guardian:BlockOnCardUsePotion"}],"is_trial":true,"path_per_floor":["R","M","?","M","$","E","T","E","M","R","E","E","R","E","M","B",null,"R","M","M","M","$","E","T","R","E","R","?","E","R","?","M","B",null,"R","M","?","M","M","E","T","$","R","E","R","E","R","M","M","B",null,"E","$","R","B","B",null],"character_chosen":"SLIMEBOUND","items_purchased":["Slimebound:LevelUp","Slimebound:SplitAcid","Slimebound:SlimeBrawl","Slimebound:GrowthPunch","Slimebound:Overexert+1","bronze:BronzeIdol","Slimebound:SplitBruiser","War Paint","Slimebound:SlimeBrawl"],"campfire_rested":0,"item_purchase_floors":[5,22,22,37,37,37,37,42,42],"current_hp_per_floor":[65,65,65,65,65,44,44,37,37,37,41,45,45,45,45,41,65,65,64,64,65,65,58,58,68,65,65,65,57,57,57,65,89,89,89,89,94,85,94,93,99,100,100,100,100,100,100,87,84,80,100,90,100,100,100,85],"gold":124,"neow_bonus":"","is_daily":false,"chose_seed":false,"campfire_upgraded":11,"win_rate":0.0,"timestamp":1612806271,"path_taken":["R","M","?","M","$","E","T","E","?","R","E","E","R","E","M","BOSS","R","M","M","M","$","E","T","R","E","R","?","E","R","?","M","BOSS","R","M","?","M","M","E","T","$","R","E","R","E","R","M","M","BOSS","E","$","R","BOSS","BOSS"],"items_purchased_type":["Card","Card","Card","Card","Card","Relic","Card","Relic","Card"],"build_version":"2020-12-22","purchased_purges":2,"victory":true,"max_hp_per_floor":[65,65,65,65,65,65,65,65,65,65,65,65,65,65,65,65,65,65,65,65,65,65,79,79,89,89,89,89,89,89,89,89,89,89,89,89,94,94,94,94,100,100,100,100,100,100,100,100,100,100,100,100,100,100,100,100],"card_choices":[{"not_picked":["Slimebound:SplitLeeching","Slimebound:HauntingLick"],"picked":"Slimebound:SplitAcid","floor":5.0},{"not_picked":["Slimebound:WasteNot","Slimebound:FirmFortitude"],"picked":"Slimebound:Recycling","floor":6.0},{"not_picked":["Slimebound:MassFeed","Slimebound:OozeBath"],"picked":"Slimebound:TagTeam","floor":8.0},{"not_picked":["Slimebound:DuplicatedForm","Slimebound:DouseInSlime"],"picked":"Slimebound:Teamwork","floor":11.0},{"not_picked":["Slimebound:CheckThePlaybook","Slimebound:PrepareCrush"],"picked":"Slimebound:Teamwork","floor":12.0},{"not_picked":["Slimebound:MassFeed","Slimebound:OozeBath","Slimebound:Recycling"],"picked":"SKIP","floor":14.0},{"not_picked":["Slimebound:PrepareCrush","Slimebound:WasteNot"],"picked":"Slimebound:FirmFortitude","floor":16.0},{"not_picked":["Slimebound:SlimeSpikes","Slimebound:Prepare+1"],"picked":"Slimebound:SlimeBrawl","floor":22.0},{"not_picked":["Slimebound:CheckThePlaybook","Slimebound:RallyTheTroops"],"picked":"Slimebound:OneTwoCombo","floor":23.0},{"not_picked":["Slimebound:PrepareCrush","Slimebound:Teamwork"],"picked":"Slimebound:TagTeam","floor":26.0},{"not_picked":["Slimebound:CheckThePlaybook","Slimebound:PrepareCrush"],"picked":"Slimebound:MinionMaster+1","floor":29.0},{"not_picked":["Slimebound:MinionMaster+1","Slimebound:LeechLife"],"picked":"Slimebound:RallyTheTroops","floor":33.0},{"not_picked":["Slimebound:DisruptingSlam","Slimebound:Equalize"],"picked":"Slimebound:ServeAndProtect","floor":37.0},{"not_picked":["Slimebound:Recycling+1","Slimebound:PrepareCrush"],"picked":"Slimebound:Overexert+1","floor":40.0},{"not_picked":["Slimebound:MinionMaster+1","Slimebound:WasteNot"],"picked":"Slimebound:MassRepurpose","floor":44.0},{"not_picked":["Slimebound:DouseInSlime","Slimebound:WasteNot"],"picked":"Slimebound:FirmFortitude","floor":46.0},{"not_picked":["Slimebound:WasteNot","Slimebound:RallyTheTroops","Slimebound:Overexert+1"],"picked":"Slimebound:SelfFormingGoo+1","floor":52}],"player_experience":790107,"relics_obtained":[{"floor":2.0,"key":"Du-Vu Doll"},{"floor":4.0,"key":"White Beast Statue"},{"floor":6.0,"key":"Meat on the Bone"},{"floor":7.0,"key":"Slimebound:StickyStick"},{"floor":8.0,"key":"Ornamental Fan"},{"floor":9.0,"key":"Tiny Chest"},{"floor":11.0,"key":"MealTicket"},{"floor":12.0,"key":"Potion Belt"},{"floor":14.0,"key":"InkBottle"},{"floor":15.0,"key":"PreservedInsect"},{"floor":19.0,"key":"Frozen Egg 2"},{"floor":20.0,"key":"Unceasing Top"},{"floor":21.0,"key":"Happy Flower"},{"floor":23.0,"key":"Dream Catcher"},{"floor":23.0,"key":"Mango"},{"floor":26.0,"key":"Blue Candle"},{"floor":26.0,"key":"Darkstone Periapt"},{"floor":29.0,"key":"Bird Faced Urn"},{"floor":29.0,"key":"Pantograph"},{"floor":32.0,"key":"Pocketwatch"},{"floor":36.0,"key":"champ:DeflectingBracers"},{"floor":38.0,"key":"MawBank"},{"floor":39.0,"key":"Smiling Mask"},{"floor":40.0,"key":"Centennial Puzzle"},{"floor":40.0,"key":"Anchor"},{"floor":41.0,"key":"Vajra"},{"floor":44.0,"key":"Calipers"},{"floor":44.0,"key":"Bronze Scales"},{"floor":46.0,"key":"Kunai"},{"floor":46.0,"key":"Question Card"},{"floor":48.0,"key":"Art of War"},{"floor":49.0,"key":"HornCleat"},{"floor":52,"key":"bronze:DecasWashers"},{"floor":52,"key":"Ginger"}],"event_choices":[{"damage_healed":0.0,"max_hp_gain":0.0,"max_hp_loss":0.0,"gold_gain":0.0,"event_name":"Vampires","player_choice":"Ignored","floor":31.0,"gold_loss":0.0,"damage_taken":0.0}],"is_beta":false,"boss_relics":[{"not_picked":["Slimebound:AbsorbEndCombatUpgraded","Astrolabe"],"picked":"Black Star"},{"not_picked":["bronze:MakeshiftBattery","Velvet Choker"],"picked":"Cursed Key"}],"items_purged_floors":[22,42],"is_endless":false,"potions_floor_spawned":[4,5,6,8,9,11,12,14,15,16,19,20,21,22,23,26,29,32,33,36,37,38,39,40,44,46,48,49,52],"ascension_level":1}}