{"host":"og21o26alpnbwmz8","time":1612795371,"event":{"mods":["Act Like it!","Aspiration","BaseMod","Conspire","Downfall","Gensokyo","Halation","Hubris","Jedi Mod","Mimic Mod","Minty Spire (QoL Compilation)","Pale of the Ancients","Reliquary","Replay The Spire","Shop Mod","Spikes Relics","StSLib","The Alterego","The Blackbeard","The Blue Laboratory","The Bug Knight","The Death Knight","The Runesmith","Waifu the Spire"],"gold_per_floor":[114,114,114,114,124,150,150,62,111,127,145,164,27,38,38,140,140,157,140,160,160,172,188,188,188,188,202,202,202,202,202],"floor_reached":30,"language":"ENG","playtime":1388,"items_purged":[],"score":257,"play_id":"4a89959b-0b6e-4090-ab7b-f86d06ca0d30","local_time":"20210208094251","is_ascension_mode":false,"campfire_choices":[{"data":"HollowMod:ChannelNail","floor":7,"key":"SMITH"},{"data":"HollowMod:AwokenDreamNail","floor":15,"key":"SMITH"},{"data":"HollowMod:LifebloodCocoon","floor":24,"key":"SMITH"}],"circlet_count":0,"master_deck":["HollowMod:NailStrikeStart+1","HollowMod:NailStrikeStart+1","HollowMod:NailStrikeStart","HollowMod:QuickDashStart+1","HollowMod:QuickDashStart+1","HollowMod:QuickDashStart","HollowMod:QuickDashStart","HollowMod:PogoStrike","HollowMod:SoulStrike","HollowMod:Grubsong","HollowMod:DashSlash","HollowMod:LifebloodCocoon+1","HollowMod:ChannelNail+1","HollowMod:BaldurShell","HollowMod:HowlingWraiths","HollowMod:SoulEater","HollowMod:AwokenDreamNail+1","HollowMod:PureVessel","HollowMod:PureNailStrike+1","HollowMod:HowlingWraiths"],"relics":["HollowMod:VesselMask","Gensokyo:Justice","Mummified Hand","HollowMod:PaleOreRelic","reliquary:WritOfMandamus","reliquary:RosewoodLute","downfall:ExtraCursedKey","jedi:kaleidoscope","Whetstone","War Paint"],"acts_visited":["Exordium","Gensokyo:Gensokyo"],"potions_floor_usage":[14,18,27],"damage_taken":[{"damage":10,"enemies":"Gensokyo:Gryphon","floor":1,"turns":4},{"damage":4,"enemies":"Gensokyo:2_Kodama","floor":5,"turns":2},{"damage":0,"enemies":"Gensokyo:Mamizou","floor":6,"turns":9},{"damage":0,"enemies":"Gensokyo:Python","floor":10,"turns":2},{"damage":0,"enemies":"Gensokyo:VengefulSpirit","floor":11,"turns":4},{"damage":2,"enemies":"Gensokyo:Python_and_Kodama","floor":12,"turns":4},{"damage":13,"enemies":"Gensokyo:3_Kodama","floor":14,"turns":4},{"damage":14,"enemies":"Gensokyo:Reimu","floor":16,"turns":10},{"damage":44,"enemies":"Gensokyo:3_Dogs","floor":18,"turns":4},{"damage":21,"enemies":"Gensokyo:AngelMirror","floor":20,"turns":4},{"damage":2,"enemies":"Gensokyo:3_Gloops","floor":22,"turns":4},{"damage":27,"enemies":"Gensokyo:Monolith_and_Dog","floor":23,"turns":4},{"damage":11,"enemies":"Gensokyo:Mirror_and_Dog","floor":27,"turns":3},{"damage":19,"enemies":"Gensokyo:Wraith","floor":30,"turns":2}],"seed_played":"8834800129879603125","potions_obtained":[{"floor":5,"key":"blueLaboratory:FruitPreserves"},{"floor":6,"key":"Fire Potion"},{"floor":11,"key":"blueLaboratory:RecallPotion"},{"floor":16,"key":"blueLaboratory:FruitPunch"},{"floor":18,"key":"blueLaboratory:FrostheartPotion"},{"floor":27,"key":"blueLaboratory:FruitPreserves"}],"is_trial":false,"path_per_floor":["M","?","?","?","M","E","R","$","T","M","M","M","COS","M","R","B",null,"M","?","M","?","M","M","R","?","T","M","T","$","M"],"character_chosen":"THE_BUGKNIGHT","items_purchased":["HollowMod:HowlingWraiths","HollowMod:SoulEater","Whetstone","War Paint"],"campfire_rested":0,"item_purchase_floors":[8,8,29,29],"current_hp_per_floor":[71,71,71,71,67,67,67,67,67,67,67,65,65,52,52,38,75,33,75,54,54,52,25,25,25,25,38,38,18,0,0],"gold":202,"neow_bonus":"THREE_CARDS","is_daily":false,"chose_seed":false,"campfire_upgraded":3,"win_rate":0.0,"timestamp":1612795371,"path_taken":["M","?","?","?","M","E","R","$","T","M","M","M","COS","M","R","BOSS","M","?","M","?","?","M","R","?","T","?","?","?","M"],"items_purchased_type":["Card","Card","Relic","Relic"],"build_version":"2020-12-22","purchased_purges":0,"victory":false,"max_hp_per_floor":[75,75,75,75,75,75,75,75,75,75,75,75,75,75,75,75,75,77,77,77,77,77,77,77,77,77,77,77,77,77,77],"card_choices":[{"not_picked":["HollowMod:PerfectDash","HollowMod:ShadowDash"],"picked":"HollowMod:SoulStrike","floor":0},{"not_picked":["HollowMod:TaintedHusks","HollowMod:WraithStrike"],"picked":"HollowMod:Grubsong","floor":1},{"not_picked":["HollowMod:ShapeofUnn","HollowMod:CornifersMapStart"],"picked":"HollowMod:DashSlash","floor":3},{"not_picked":["HollowMod:CloakDash","HollowMod:DescendingDark"],"picked":"HollowMod:LifebloodCocoon","floor":3},{"not_picked":["HollowMod:SoulShaman","HollowMod:HeavyBlow"],"picked":"HollowMod:ChannelNail","floor":5},{"not_picked":["HollowMod:PureNailStrike","HollowMod:HuntersJournal"],"picked":"HollowMod:BaldurShell","floor":6},{"not_picked":["HollowMod:TaintedHusks","HollowMod:HuntersJournal"],"picked":"HollowMod:AwokenDreamNail","floor":10},{"not_picked":["HollowMod:DungDefenderAura","HollowMod:CycloneSlash","HollowMod:GoodIntentions"],"picked":"SKIP","floor":11},{"not_picked":["HollowMod:DungDefenderAura","HollowMod:InfectedCysts","HollowMod:CloakDash"],"picked":"SKIP","floor":12},{"not_picked":["HollowMod:DesolateDive","HollowMod:SoulShaman","HollowMod:InfectionAssault"],"picked":"SKIP","floor":14},{"not_picked":["HollowMod:SoulMaster","HollowMod:PaleKingsBlessing"],"picked":"HollowMod:PureVessel","floor":16},{"not_picked":["HollowMod:CloakDash","HollowMod:TaintedHusks","HollowMod:CycloneSlash+1"],"picked":"SKIP","floor":18},{"not_picked":["HollowMod:HeavyBlow+1","HollowMod:VengefulVoid+1","HollowMod:LifebloodCocoon"],"picked":"SKIP","floor":20},{"not_picked":["HollowMod:SharpenedNail","HollowMod:BlackTendrils","HollowMod:RecoilStrike+1"],"picked":"SKIP","floor":22},{"not_picked":["HollowMod:GrimmsGift","HollowMod:GoodIntentions"],"picked":"HollowMod:PureNailStrike+1","floor":23},{"not_picked":["HollowMod:SoulStrike","HollowMod:DescendingDark"],"picked":"HollowMod:HowlingWraiths","floor":27}],"player_experience":285538,"relics_obtained":[{"floor":6,"key":"Mummified Hand"},{"floor":9,"key":"HollowMod:PaleOreRelic"}],"event_choices":[],"is_beta":false,"boss_relics":[{"not_picked":["reliquary:KinkedSpring","SacredBark"],"picked":"reliquary:WritOfMandamus"}],"items_purged_floors":[],"is_endless":false,"potions_floor_spawned":[5,6,11,16,18,23,27],"killed_by":"Gensokyo:Wraith","ascension_level":0}}