{"host":"abo8h6rpy4i6n2au","time":1612789363,"event":{"mods":["AchievementEnabler","Act Like it!","Aspiration","BaseMod","Better Altar","Better Match","Better Note","Better Sensory Stone","Better Skull","Better Third Choice","BetterRewards","Colored Map","Colored Powertips","Conspire","DeckTracker","Energized Spire","Gensokyo","GungeonMod","Hallownest","Hermit","Highlight Path","HololiveMod","Hubris","Jedi Mod","Jorbs\u0027s Wanderer Trilogy","Marisa????????","Minty Spire (QoL Compilation)","Remilia??????","Shop Mod","StSLib","The Bug Knight","The Cursed","The Hierophant","The Jungle","The Kombatant","The Necromancer","The Runesmith","The Senshi","The Servant 0.9.4","Yuri Mod"],"gold_per_floor":[116,116,116,133,133,133,133,153,176,189,189,209,209,221,221,325,325,338,338,355,365,378,378,378,406,429,441,453,470,470,504,504,606,606,640,650,650,650,488,537,537,565,565,565,598,413,413,463,463,463,463,463,29,57,57],"floor_reached":56,"language":"ENG","playtime":3432,"items_purged":[],"score":1342,"play_id":"0735e749-770e-490f-a533-2c1aea6517a2","local_time":"20210208140243","is_ascension_mode":false,"campfire_choices":[{"floor":6.0,"key":"REST"},{"data":"GlobalNightmare","floor":11.0,"key":"SMITH"},{"data":"RedMoon","floor":15.0,"key":"SMITH"},{"data":"BatForm","floor":23.0,"key":"SMITH"},{"data":"DiffusionOfMisfortune","floor":30.0,"key":"SMITH"},{"floor":32.0,"key":"REST"},{"data":"FitfulNightmare","floor":44.0,"key":"SMITH"},{"data":"HeartBreak","floor":47.0,"key":"SMITH"},{"floor":49.0,"key":"RECALL"},{"data":"DiffusionOfMisfortune","floor":52.0,"key":"SMITH"}],"circlet_count":0,"master_deck":["Strike_RM","Strike_RM","Strike_RM","Defend_RM","Defend_RM","Defend_RM","Defend_RM","RedMoon+1","ScarletShoot","NightDance","StarOfDavid","GlobalNightmare+1","UnstableMagic","TwelveNightmare","BatForm+1","BloodAndWine+1","DiffusionOfMisfortune+1","NightDance+1","Ultimatum+1","FavorOfDestiny+1","Maim+1","StarOfDavid","MiserableFate+1","GlobalNightmare+1","DiffusionOfMisfortune+1","BatForm+1","MastersStateliness+1","MastersStateliness+1","MastersStateliness+1","FitfulNightmare+1","RedRainbow+1","BloodHunter+1","UnstableMagic+1","MastersStateliness","HeartBreak+1","Transmutation","MiserableFate","CharismaGuard+1","RedRainbow"],"relics":["ScarletHat","Runesmith:AutoHammer","jedi:crownofsimplicity","jedi:arcanewood","Boot","Gensokyo:CelestialsFlawlessClothing","hubris:CrackedHourglass","Meat on the Bone","Membership Card","Red Mask","Vajra","DemoMod:BigBoy","Sozu","Kunai","DemoMod:ChaffGrenade","War Paint","Eternal Feather","Hololive_LightStick","HollowMod:PaleOreRelic","Chemical X","conspire:BottledYoYo","InkBottle","DemoMod:WeirdEgg"],"acts_visited":["Gensokyo:Gensokyo","TheCity","Gensokyo:Gensokyoest","TheEnding"],"potions_floor_usage":[],"damage_taken":[{"damage":0.0,"enemies":"Gensokyo:Python","floor":1.0,"turns":4.0},{"damage":3.0,"enemies":"Gensokyo:Gryphon","floor":4.0,"turns":5.0},{"damage":0.0,"enemies":"Gensokyo:3_Fairies","floor":8.0,"turns":4.0},{"damage":0.0,"enemies":"Gensokyo:Kitsune","floor":10.0,"turns":6.0},{"damage":0.0,"enemies":"Gensokyo:2_Rabbits","floor":12.0,"turns":3.0},{"damage":0.0,"enemies":"Gensokyo:5_Fairies","floor":14.0,"turns":9.0},{"damage":10.0,"enemies":"Gensokyo:Kokoro","floor":16.0,"turns":11.0},{"damage":0.0,"enemies":"Spheric Guardian","floor":18.0,"turns":4.0},{"damage":12.0,"enemies":"Chosen","floor":20.0,"turns":8.0},{"damage":4.0,"enemies":"Shelled Parasite and Fungi","floor":21.0,"turns":8.0},{"damage":0.0,"enemies":"Snecko","floor":22.0,"turns":4.0},{"damage":17.0,"enemies":"Masked Bandits","floor":25.0,"turns":6.0},{"damage":0.0,"enemies":"Centurion and Healer","floor":27.0,"turns":3.0},{"damage":0.0,"enemies":"Snake Plant","floor":28.0,"turns":4.0},{"damage":0.0,"enemies":"Sentry and Sphere","floor":29.0,"turns":3.0},{"damage":48.0,"enemies":"Slavers","floor":31.0,"turns":5.0},{"damage":16.0,"enemies":"conspire:MysteriousRune","floor":33.0,"turns":8.0},{"damage":0.0,"enemies":"Gensokyo:AncientGuardian","floor":35.0,"turns":7.0},{"damage":5.0,"enemies":"Gensokyo:3_Bats","floor":36.0,"turns":2.0},{"damage":0.0,"enemies":"Gensokyo:Doremy","floor":40.0,"turns":7.0},{"damage":0.0,"enemies":"Gensokyo:Marisa","floor":42.0,"turns":5.0},{"damage":0.0,"enemies":"Gensokyo:3_Boulders","floor":45.0,"turns":7.0},{"damage":0.0,"enemies":"Gensokyo:Yuyuko","floor":50.0,"turns":8.0},{"damage":2.0,"enemies":"Shield and Spear","floor":54.0,"turns":3.0},{"damage":170,"enemies":"The Heart","floor":55,"turns":15}],"seed_played":"-8871389828114536326","potions_obtained":[{"floor":4.0,"key":"SteroidPotion"},{"floor":14.0,"key":"SpeedPotion"},{"floor":18.0,"key":"SteroidPotion"},{"floor":21.0,"key":"Energy Potion"},{"floor":31.0,"key":"Swift Potion"}],"is_trial":false,"path_per_floor":["M","?","?","M","?","R","$","M","T","M","R","M","?","M","R","B",null,"M","$","M","M","M","R","?","?","T","M","M","M","R","E","R","B",null,"M","M","?","?","$","E","?","E","T","R","M","$","R","T","R","B",null,"R","$","E","B",null],"character_chosen":"REMILIA","items_purchased":["Meat on the Bone","Membership Card","FitfulNightmare","Kunai","Hololive_LightStick","MastersStateliness","HeartBreak","Chemical X","conspire:BottledYoYo","Transmutation","InkBottle","MiserableFate"],"campfire_rested":2,"item_purchase_floors":[19,19,39,39,46,46,46,53,53,53,53,53],"current_hp_per_floor":[75,75,20,21,3,25,25,25,25,33,33,34,42,50,50,61,75,75,49,51,64,73,73,73,62,62,75,75,75,75,48,70,75,75,75,75,75,75,75,75,75,75,75,75,75,75,75,75,75,75,75,75,75,75,75],"gold":57,"neow_bonus":"RANDOM_COMMON_RELIC","is_daily":false,"chose_seed":false,"campfire_upgraded":7,"win_rate":0.0,"timestamp":1612789363,"path_taken":["M","?","?","?","?","R","?","?","T","?","?","M","?","M","R","BOSS","M","?","M","M","M","R","?","?","T","M","M","?","?","E","R","BOSS","M","M","?","?","$","E","?","E","T","R","M","$","R","?","R","BOSS","R","$","E","BOSS"],"items_purchased_type":["Relic","Relic","Card","Relic","Relic","Card","Card","Relic","Relic","Card","Relic","Card"],"build_version":"2020-12-22","purchased_purges":0,"victory":true,"max_hp_per_floor":[75,75,75,75,75,75,75,75,75,75,75,75,75,75,75,75,75,75,75,75,75,75,75,75,75,75,75,75,75,75,75,75,75,75,75,75,75,75,75,75,75,75,75,75,75,75,75,75,75,75,75,75,75,75,75],"card_choices":[{"not_picked":["VampireSweep","BombardNight"],"picked":"NightDance","floor":1.0},{"not_picked":["TwelveNightmare","ScarletNetherworld"],"picked":"StarOfDavid","floor":4.0},{"not_picked":["VampireKiss","LeisurelyOfLord"],"picked":"GlobalNightmare","floor":8.0},{"not_picked":["BloodHunter","RedNightlessCastle"],"picked":"RedRainbow","floor":10.0},{"not_picked":["FavorOfDestiny","NightDance"],"picked":"UnstableMagic","floor":12.0},{"not_picked":["ChainGang","BloodyMagicSquare"],"picked":"TwelveNightmare","floor":14.0},{"not_picked":["HeartBreak","BloodySeventeenLaser"],"picked":"BatForm","floor":16.0},{"not_picked":["FavorOfDestiny","NightDance"],"picked":"BloodAndWine","floor":18.0},{"not_picked":["VampireKiss","BlasphemousPunishment"],"picked":"DiffusionOfMisfortune","floor":20.0},{"not_picked":["HunterOfTheNight","ScarletImprint+1"],"picked":"NightDance+1","floor":21.0},{"not_picked":["BlasphemousPunishment+1","NightLord"],"picked":"Ultimatum+1","floor":22.0},{"not_picked":["Maim","StarOfDavid"],"picked":"FavorOfDestiny+1","floor":25.0},{"not_picked":["MastersStateliness+1","BloodyCatastrophe"],"picked":"Maim+1","floor":27.0},{"not_picked":["BloodyTrap","BombardNight"],"picked":"StarOfDavid","floor":28.0},{"not_picked":["UnderTheZenith","ScarletNetherworld+1"],"picked":"MiserableFate","floor":28.0},{"not_picked":["Septette","ScarletDevil"],"picked":"GlobalNightmare+1","floor":29.0},{"not_picked":["UnderTheZenith","EndlessAdversity"],"picked":"DiffusionOfMisfortune","floor":31.0},{"not_picked":["CurseOfVladTepes","TransientEternity"],"picked":"BatForm","floor":33.0},{"not_picked":["BlasphemousPunishment","ScarletGensokyo"],"picked":"MastersStateliness+1","floor":35.0},{"not_picked":["ReincarnationDial","ScarletImprint"],"picked":"MastersStateliness+1","floor":35.0},{"not_picked":["DiffusionOfMisfortune+1","DevilSight"],"picked":"MastersStateliness+1","floor":36.0},{"not_picked":["HunterOfTheNight","DiffusionOfMisfortune"],"picked":"RedRainbow+1","floor":40.0},{"not_picked":["RedNightlessCastle","ScarletNetherworld"],"picked":"BloodHunter+1","floor":40.0},{"not_picked":["TwelveNightmare+1","VampireSweep"],"picked":"UnstableMagic+1","floor":42.0},{"not_picked":["ScarletSymphony","EmergencyRegeneration","NightDance"],"picked":"SKIP","floor":45.0},{"not_picked":["VampirishNight+1","ChainGang"],"picked":"CharismaGuard+1","floor":54.0},{"not_picked":["ForbiddenFruit+1","DevilSight"],"picked":"RedRainbow","floor":54.0}],"player_experience":127115,"relics_obtained":[{"floor":25.0,"key":"Red Mask"},{"floor":26.0,"key":"Vajra"},{"floor":31.0,"key":"DemoMod:BigBoy"},{"floor":40.0,"key":"DemoMod:ChaffGrenade"},{"floor":42.0,"key":"War Paint"},{"floor":43.0,"key":"Eternal Feather"},{"floor":48.0,"key":"HollowMod:PaleOreRelic"},{"floor":54.0,"key":"DemoMod:WeirdEgg"}],"event_choices":[{"damage_healed":0.0,"max_hp_gain":0.0,"max_hp_loss":0.0,"gold_gain":0.0,"event_name":"betterSkull:BetterSkull","player_choice":"RE RE RE ","floor":3.0,"gold_loss":0.0,"damage_taken":61.0,"cards_upgraded":[],"relics_obtained":["jedi:crownofsimplicity","jedi:arcanewood","Boot"]},{"damage_healed":0.0,"max_hp_gain":0.0,"max_hp_loss":0.0,"gold_gain":0.0,"event_name":"Beggar","player_choice":"Ignored","floor":24.0,"gold_loss":0.0,"damage_taken":0.0},{"damage_healed":0.0,"max_hp_gain":0.0,"max_hp_loss":0.0,"gold_gain":0.0,"event_name":"Masked Bandits","player_choice":"Fought Bandits","floor":25.0,"gold_loss":0.0,"damage_taken":0.0},{"damage_healed":0.0,"max_hp_gain":0.0,"max_hp_loss":0.0,"gold_gain":0.0,"event_name":"conspire:Investor","player_choice":"Leave","floor":41.0,"gold_loss":0.0,"damage_taken":0.0}],"is_beta":false,"boss_relics":[{"not_picked":["Snecko Eye","hubris:BlackHole"],"picked":"hubris:CrackedHourglass"},{"not_picked":["Pandora\u0027s Box","hubris:HollowSoul"],"picked":"Sozu"}],"items_purged_floors":[],"is_endless":false,"potions_floor_spawned":[4,14,18,21,22,31,33,35,40,45],"ascension_level":0}}