{"host":"sav7uxregyirlf69","time":1612783370,"event":{"mods":["AchievementEnabler","BaseMod","Colored Map","DeckTracker","Keyboard Shortcuts","Minty Spire (QoL Compilation)","READ ME - Guardian Mod","StSLib","SuperFastMode"],"gold_per_floor":[117,117,135,147,161,161,188,188,188,201,214,214,231,259,259,336,336,349,368,368,368],"floor_reached":20,"language":"KOR","playtime":422,"items_purged":[],"score":376,"play_id":"73a22bf3-8cbe-472b-ba73-55a91be7fd0d","local_time":"20210208202250","is_ascension_mode":true,"campfire_choices":[{"data":"Dagger Spray","floor":6,"key":"SMITH"},{"data":"Neutralize","floor":8,"key":"SMITH"},{"floor":12,"key":"REST"},{"floor":15,"key":"REST"}],"circlet_count":0,"master_deck":["AscendersBane","Strike_G","Strike_G","Defend_G","Defend_G","Defend_G","Defend_G","Defend_G","Survivor","Neutralize+1","Cloak And Dagger","Dagger Spray+1","Predator","Reflex","Bouncing Flask","Noxious Fumes","Crippling Poison","Cloak And Dagger","Adrenaline","Poisoned Stab+1","PiercingWail+1","Night Terror+1","Leg Sweep"],"relics":["Ring of the Snake","NeowsBlessing","The Courier","StrikeDummy","Kunai","Astrolabe"],"acts_visited":["Exordium","TheCity"],"potions_floor_usage":[14,16,20],"damage_taken":[{"damage":0,"enemies":"Jaw Worm","floor":1,"turns":1},{"damage":0,"enemies":"Cultist","floor":3,"turns":1},{"damage":0,"enemies":"2 Louse","floor":4,"turns":1},{"damage":8,"enemies":"Looter","floor":5,"turns":3},{"damage":36,"enemies":"3 Sentries","floor":7,"turns":8},{"damage":1,"enemies":"2 Fungi Beasts","floor":10,"turns":3},{"damage":10,"enemies":"Gremlin Gang","floor":11,"turns":5},{"damage":2,"enemies":"3 Louse","floor":13,"turns":4},{"damage":12,"enemies":"Lagavulin","floor":14,"turns":6},{"damage":6,"enemies":"The Guardian","floor":16,"turns":12},{"damage":34,"enemies":"Shell Parasite","floor":18,"turns":6},{"damage":7,"enemies":"Chosen","floor":19,"turns":5},{"damage":16,"enemies":"Masked Bandits","floor":20,"turns":3}],"seed_played":"2208370207116251993","potions_obtained":[{"floor":1,"key":"SkillPotion"},{"floor":10,"key":"PowerPotion"},{"floor":11,"key":"SkillPotion"},{"floor":14,"key":"Explosive Potion"}],"is_trial":false,"path_per_floor":["M","?","M","M","M","R","E","R","T","M","M","R","M","E","R","B",null,"M","M","?"],"character_chosen":"THE_SILENT","items_purchased":[],"campfire_rested":2,"item_purchase_floors":[],"current_hp_per_floor":[59,59,59,59,51,51,15,15,15,14,4,23,21,9,28,22,55,21,14,0,0],"gold":368,"neow_bonus":"THREE_ENEMY_KILL","is_daily":false,"chose_seed":false,"campfire_upgraded":2,"win_rate":0.0,"timestamp":1612783370,"path_taken":["M","?","?","M","M","R","E","R","T","M","M","R","M","E","R","BOSS","M","M","?"],"items_purchased_type":[],"build_version":"2020-12-22","purchased_purges":0,"victory":false,"max_hp_per_floor":[66,66,66,66,66,66,66,66,66,66,66,66,66,66,66,66,66,66,66,66,66],"card_choices":[{"not_picked":["Setup","Dodge and Roll"],"picked":"Cloak And Dagger","floor":1},{"not_picked":["Bane","Escape Plan"],"picked":"Dagger Spray","floor":3},{"not_picked":["Underhanded Strike","Endless Agony"],"picked":"Predator","floor":4},{"not_picked":["All Out Attack","Footwork"],"picked":"Reflex","floor":5},{"not_picked":["Cloak And Dagger","Backflip"],"picked":"Bouncing Flask","floor":7},{"not_picked":["Predator","Riddle With Holes"],"picked":"Noxious Fumes","floor":10},{"not_picked":["PiercingWail","Deflect"],"picked":"Crippling Poison","floor":11},{"not_picked":["Terror","Cloak And Dagger","Skewer"],"picked":"SKIP","floor":13},{"not_picked":["Unload","Noxious Fumes"],"picked":"Cloak And Dagger","floor":14},{"not_picked":["Storm of Steel","Grand Finale"],"picked":"Adrenaline","floor":16},{"not_picked":["Prepared","Quick Slash"],"picked":"Leg Sweep","floor":18},{"not_picked":["Accuracy","Slice","Tactician"],"picked":"SKIP","floor":19}],"player_experience":1525519,"relics_obtained":[{"floor":7,"key":"StrikeDummy"},{"floor":14,"key":"Kunai"}],"event_choices":[{"damage_healed":0,"gold_gain":0,"player_choice":"Gave Potion","damage_taken":0,"relics_obtained":["The Courier"],"max_hp_gain":0,"max_hp_loss":0,"event_name":"WeMeetAgain","floor":2,"gold_loss":0},{"damage_healed":0,"gold_gain":0,"player_choice":"Fought Bandits","damage_taken":0,"max_hp_gain":0,"max_hp_loss":0,"event_name":"Masked Bandits","floor":20,"gold_loss":0}],"is_beta":false,"boss_relics":[{"not_picked":["WristBlade","SlaversCollar"],"picked":"Astrolabe"}],"items_purged_floors":[],"is_endless":false,"potions_floor_spawned":[1,10,11,14],"killed_by":"Masked Bandits","ascension_level":20}}