{"host":"qc8p2flj7wsy3zpg","time":1612805713,"event":{"mods":["BaseMod","Highlight Path","Minty Spire (QoL Compilation)","Monster List Patch","Relic Stats","StSLib"],"gold_per_floor":[118,118,118,136,148,175,175,208,235,256,256,268,297,315,315,392,392,412,3,3,19,39,69,69,101,128,128,143,68,99,119,119,193,193,210,210,210,227,4,4,35,35,35],"floor_reached":42,"language":"ENG","playtime":2363,"items_purged":["Strike_R","Strike_R"],"score":1108,"play_id":"11a2be46-d63a-49c7-88c6-d8988242baed","local_time":"20210208113513","is_ascension_mode":true,"campfire_choices":[{"data":"Carnage","floor":7.0,"key":"SMITH"},{"data":"Bash","floor":11.0,"key":"SMITH"},{"data":"Disarm","floor":15.0,"key":"SMITH"},{"data":"Whirlwind","floor":24.0,"key":"SMITH"},{"floor":27.0,"key":"REST"},{"data":"Inflame","floor":32.0,"key":"SMITH"},{"data":"Limit Break","floor":40.0,"key":"SMITH"}],"circlet_count":0,"master_deck":["AscendersBane","Strike_R","Defend_R","Defend_R","Defend_R","Defend_R","Bash+1","Sword Boomerang","Carnage+1","Pommel Strike","Pummel","Whirlwind+1","Corruption","Disarm+1","Immolate","Inflame+1","Dark Embrace","Armaments","Flame Barrier","Juggernaut","Metallicize","Heavy Blade","Burning Pact+1","Limit Break+1","Apotheosis"],"relics":["Burning Blood","TungstenRod","Smiling Mask","Bag of Preparation","Bag of Marbles","Odd Mushroom","Orichalcum","Mark of Pain","Lizard Tail","Torii","Centennial Puzzle","Regal Pillow","Prayer Wheel","Busted Crown","Red Skull","Juzu Bracelet"],"acts_visited":["Exordium","TheCity","TheBeyond"],"potions_floor_usage":[],"damage_taken":[{"damage":7.0,"enemies":"Jaw Worm","floor":1.0,"turns":5.0},{"damage":11.0,"enemies":"Small Slimes","floor":4.0,"turns":4.0},{"damage":0.0,"enemies":"Cultist","floor":5.0,"turns":2.0},{"damage":40.0,"enemies":"3 Sentries","floor":6.0,"turns":9.0},{"damage":9.0,"enemies":"Gremlin Nob","floor":8.0,"turns":3.0},{"damage":0.0,"enemies":"The Mushroom Lair","floor":10.0,"turns":3.0},{"damage":3.0,"enemies":"Exordium Wildlife","floor":12.0,"turns":4.0},{"damage":19.0,"enemies":"3 Sentries","floor":13.0,"turns":7.0},{"damage":0.0,"enemies":"3 Louse","floor":14.0,"turns":1.0},{"damage":0.0,"enemies":"Hexaghost","floor":16.0,"turns":7.0},{"damage":4.0,"enemies":"2 Thieves","floor":18.0,"turns":2.0},{"damage":22.0,"enemies":"Shell Parasite","floor":21.0,"turns":4.0},{"damage":0.0,"enemies":"3 Cultists","floor":22.0,"turns":3.0},{"damage":32.0,"enemies":"Slavers","floor":23.0,"turns":6.0},{"damage":30.0,"enemies":"Gremlin Leader","floor":25.0,"turns":8.0},{"damage":0.0,"enemies":"Cultist and Chosen","floor":28.0,"turns":3.0},{"damage":17.0,"enemies":"Book of Stabbing","floor":30.0,"turns":6.0},{"damage":5.0,"enemies":"Chosen and Byrds","floor":31.0,"turns":6.0},{"damage":57.0,"enemies":"Champ","floor":33.0,"turns":15.0},{"damage":11.0,"enemies":"3 Darklings","floor":35.0,"turns":2.0},{"damage":0.0,"enemies":"3 Shapes","floor":38.0,"turns":7.0},{"damage":61.0,"enemies":"Nemesis","floor":41.0,"turns":7.0},{"damage":17,"enemies":"Spire Growth","floor":42,"turns":2}],"seed_played":"5636923740415864828","potions_obtained":[{"floor":8.0,"key":"Block Potion"},{"floor":12.0,"key":"EntropicBrew"},{"floor":13.0,"key":"LiquidBronze"},{"floor":14.0,"key":"FearPotion"},{"floor":18.0,"key":"SneckoOil"},{"floor":22.0,"key":"SmokeBomb"},{"floor":23.0,"key":"Block Potion"},{"floor":30.0,"key":"Weak Potion"},{"floor":31.0,"key":"Fire Potion"},{"floor":35.0,"key":"Ancient Potion"}],"is_trial":false,"path_per_floor":["M","?","?","M","M","E","R","E","T","?","R","M","E","M","R","B",null,"M","$","?","M","M","E","R","E","T","R","M","?","E","M","R","B",null,"M","?","?","M","$","R","E","M"],"character_chosen":"IRONCLAD","items_purchased":["Dark Embrace","Lizard Tail","Red Skull"],"campfire_rested":1,"item_purchase_floors":[19,19,39],"current_hp_per_floor":[67,67,72,67,73,39,39,36,36,42,42,45,32,38,38,44,66,68,68,68,52,58,32,32,8,8,44,50,50,39,40,40,42,65,60,56,56,62,62,62,7,0,0],"gold":35,"neow_bonus":"ONE_RARE_RELIC","is_daily":false,"chose_seed":false,"campfire_upgraded":6,"win_rate":0.0,"timestamp":1612805713,"path_taken":["M","?","?","M","M","E","R","E","T","?","R","M","E","M","R","BOSS","M","$","?","?","M","E","R","E","T","R","M","?","E","M","R","BOSS","M","?","?","M","?","R","E","M"],"items_purchased_type":["Card","Relic","Relic"],"build_version":"2020-12-22","purchased_purges":2,"victory":false,"max_hp_per_floor":[68,68,73,73,73,73,73,73,73,73,73,73,73,73,73,73,73,73,73,73,73,73,73,73,73,73,73,73,73,73,73,73,73,73,73,73,73,73,73,73,73,73,73],"relic_stats":{"Regal Pillow":15,"Torii":37,"counters":[23,116],"Bag of Preparation":[36],"Juzu Bracelet":0,"Orichalcum":[234],"Smiling Mask":75,"Burning Blood":132,"Lizard Tail":36,"Centennial Puzzle":[15],"Busted Crown":14,"Prayer Wheel":3,"obtain_stats":[{"Regal Pillow":26,"Torii":23,"Bag of Preparation":8,"Juzu Bracelet":41,"Odd Mushroom":10,"Orichalcum":13,"Smiling Mask":6,"Burning Blood":0,"Lizard Tail":19,"Centennial Puzzle":25,"Busted Crown":34,"Prayer Wheel":30,"Mark of Pain":17,"Bag of Marbles":9,"TungstenRod":0,"Red Skull":39},{"Regal Pillow":15,"Torii":14,"Bag of Preparation":5,"Juzu Bracelet":22,"Odd Mushroom":6,"Orichalcum":8,"Smiling Mask":4,"Burning Blood":0,"Lizard Tail":11,"Centennial Puzzle":15,"Busted Crown":19,"Prayer Wheel":17,"Mark of Pain":10,"Bag of Marbles":5,"TungstenRod":0,"Red Skull":21},{"Regal Pillow":68,"Torii":60,"Bag of Preparation":23,"Juzu Bracelet":114,"Odd Mushroom":26,"Orichalcum":37,"Smiling Mask":20,"Burning Blood":0,"Lizard Tail":47,"Centennial Puzzle":68,"Busted Crown":98,"Prayer Wheel":77,"Mark of Pain":45,"Bag of Marbles":23,"TungstenRod":0,"Red Skull":107}],"TungstenRod":59},"card_choices":[{"not_picked":["Iron Wave","Power Through"],"picked":"Sword Boomerang","floor":1.0},{"not_picked":["Dark Embrace","Feel No Pain"],"picked":"Carnage","floor":4.0},{"not_picked":["Heavy Blade","Flame Barrier"],"picked":"Wild Strike","floor":5.0},{"not_picked":["Entrench","Searing Blow"],"picked":"Pommel Strike","floor":6.0},{"not_picked":["Headbutt","Second Wind"],"picked":"Pummel","floor":8.0},{"not_picked":["Sever Soul","Battle Trance"],"picked":"Whirlwind","floor":12.0},{"not_picked":["Thunderclap","Body Slam"],"picked":"Corruption","floor":13.0},{"not_picked":["Headbutt","Armaments"],"picked":"Disarm","floor":14.0},{"not_picked":["Limit Break","Brutality"],"picked":"Immolate","floor":16.0},{"not_picked":["Thunderclap+1","Clash"],"picked":"Inflame","floor":18.0},{"not_picked":["Metallicize","Thunderclap"],"picked":"Armaments","floor":21.0},{"not_picked":["Cleave","Hemokinesis"],"picked":"Flame Barrier","floor":22.0},{"not_picked":["Flex+1","Anger"],"picked":"Juggernaut","floor":23.0},{"not_picked":["Intimidate","Anger"],"picked":"Metallicize","floor":25.0},{"not_picked":["Body Slam","Combust"],"picked":"Heavy Blade","floor":30.0},{"not_picked":["Warcry","Flex"],"picked":"Burning Pact+1","floor":31.0},{"not_picked":["Heavy Blade","Infernal Blade","Flex"],"picked":"SKIP","floor":31.0},{"not_picked":["Exhume","Double Tap"],"picked":"Limit Break","floor":33.0},{"not_picked":["Thunderclap"],"picked":"SKIP","floor":35.0},{"not_picked":["Warcry+1"],"picked":"SKIP","floor":35.0},{"not_picked":[],"picked":"Apotheosis","floor":36.0},{"not_picked":["Wild Strike"],"picked":"SKIP","floor":38.0},{"not_picked":["Cleave"],"picked":"SKIP","floor":38.0},{"not_picked":["Twin Strike"],"picked":"SKIP","floor":41.0}],"player_experience":2337991,"relics_obtained":[{"floor":6.0,"key":"Smiling Mask"},{"floor":8.0,"key":"Bag of Preparation"},{"floor":9.0,"key":"Bag of Marbles"},{"floor":10.0,"key":"Odd Mushroom"},{"floor":13.0,"key":"Orichalcum"},{"floor":23.0,"key":"Torii"},{"floor":25.0,"key":"Centennial Puzzle"},{"floor":26.0,"key":"Regal Pillow"},{"floor":30.0,"key":"Prayer Wheel"},{"floor":41.0,"key":"Juzu Bracelet"}],"event_choices":[{"damage_healed":0.0,"max_hp_gain":0.0,"max_hp_loss":0.0,"gold_gain":0.0,"event_name":"Liars Game","player_choice":"Ignored","floor":2.0,"gold_loss":0.0,"damage_taken":0.0},{"damage_healed":0.0,"max_hp_gain":5.0,"max_hp_loss":0.0,"gold_gain":0.0,"event_name":"Big Fish","player_choice":"Donut","floor":3.0,"gold_loss":0.0,"damage_taken":0.0},{"damage_healed":0.0,"max_hp_gain":0.0,"max_hp_loss":0.0,"gold_gain":0.0,"event_name":"Mushrooms","player_choice":"Fought Mushrooms","floor":10.0,"gold_loss":0.0,"damage_taken":0.0},{"cards_removed":["Strike_R"],"damage_healed":0.0,"max_hp_gain":0.0,"max_hp_loss":0.0,"gold_gain":0.0,"event_name":"Purifier","player_choice":"Purged","floor":20.0,"gold_loss":0.0,"damage_taken":0.0},{"cards_removed":["Strike_R"],"damage_healed":0.0,"max_hp_gain":0.0,"max_hp_loss":0.0,"gold_gain":0.0,"event_name":"Beggar","player_choice":"Gave Gold","floor":29.0,"gold_loss":75.0,"damage_taken":0.0},{"damage_healed":0.0,"max_hp_gain":0.0,"max_hp_loss":0.0,"gold_gain":0.0,"event_name":"SensoryStone","player_choice":"Memory 2","floor":36.0,"gold_loss":0.0,"damage_taken":5.0},{"cards_removed":["Wild Strike"],"damage_healed":0.0,"max_hp_gain":0.0,"max_hp_loss":0.0,"gold_gain":0.0,"event_name":"Falling","player_choice":"Removed Attack","floor":37.0,"gold_loss":0.0,"damage_taken":0.0}],"is_beta":false,"boss_relics":[{"not_picked":["Runic Pyramid","Black Blood"],"picked":"Mark of Pain"},{"not_picked":["Tiny House","Runic Dome"],"picked":"Busted Crown"}],"items_purged_floors":[19,39],"is_endless":false,"potions_floor_spawned":[8,12,13,14,18,22,23,30,31,35],"killed_by":"Spire Growth","ascension_level":20}}