{"host":"og21o26alpnbwmz8","time":1612820135,"event":{"mods":["Act Like it!","Aspiration","BaseMod","Conspire","Downfall","Gensokyo","Halation","Hubris","Jedi Mod","Mimic Mod","Minty Spire (QoL Compilation)","Pale of the Ancients","Reliquary","Replay The Spire","Shop Mod","Spikes Relics","StSLib","The Alterego","The Blackbeard","The Blue Laboratory","The Bug Knight","The Death Knight","The Runesmith","Waifu the Spire"],"gold_per_floor":[99,117,117,132,152,152,183,83,98,124,124,140,140,156,168,263,263,263,275,295,295,35,35,35,35,63,63,75,89,117,132,144,239,239,39,57,57,75,45,55,55,55,55,88,13,13,25,25,35,35,35,61,61,61,61,61],"floor_reached":57,"language":"ENG","playtime":3011,"items_purged":["hexamod:Strike+1"],"score":1276,"play_id":"b4021942-3882-4ab1-9e21-87183ac6a2bc","local_time":"20210208163535","is_ascension_mode":false,"campfire_choices":[{"floor":1,"key":"RECALL"},{"data":"hexamod:FlamesFromBeyond","floor":8,"key":"SMITH"},{"data":"hexamod:FlamesFromBeyond","floor":11,"key":"SMITH"},{"data":"hexamod:SuperheatedStrike","floor":13,"key":"SMITH"},{"data":"hexamod:VolcanoVisage","floor":18,"key":"SMITH"},{"data":"hexamod:FlamesFromBeyond","floor":25,"key":"SMITH"},{"floor":27,"key":"REST"},{"floor":35,"key":"REST"},{"floor":42,"key":"REST"},{"floor":46,"key":"REST"},{"floor":54,"key":"REST"}],"circlet_count":0,"master_deck":["hexamod:Defend+1","hexamod:Defend+1","hexamod:Defend+1","hexamod:Defend+1","hexamod:Sear+1","hexamod:Float+1","hexamod:SixthSeal","hexamod:SuperheatedStrike+1","Masterful Stab+1","Strike_G+1","ReplayTheSpireMod:From All Sides+1","hexamod:SpectralSpark+1","hexamod:SuperheatedStrike+1","hexamod:FlamesFromBeyond+1","hexamod:FlamesFromBeyond+1","hexamod:SuperheatedStrike+1","hexamod:FourthSeal","hexamod:VolcanoVisage+1","hexamod:FlamesFromBeyond+1","hexamod:ExtraCrispy+1","hexamod:GhostflameBarrier+1","hexamod:ExtraCrispy+1","hexamod:BurningTouch+1","hexamod:GhostflameBarrier+1"],"relics":["hexamod:SpiritBrand","Regal Pillow","downfall:HeartBlessingRed","Pet Ghost","halation:SmartPhone","Gensokyo:DirgeOfMelancholy","HornCleat","hubris:CrystalStatue","halation:AfternoonTea","Lizard Tail","Fusion Hammer","downfall:HeartBlessingGreen","downfall:HeartBlessingBlue","aspiration:KaomsHeart"],"acts_visited":["Exordium","Gensokyo:Gensokyo","Gensokyo:Gensokyoer","TheEnding"],"potions_floor_usage":[29,56,56],"damage_taken":[{"damage":6,"enemies":"Gensokyo:Gryphon","floor":2,"turns":5},{"damage":3,"enemies":"Gensokyo:3_Fairies","floor":4,"turns":3},{"damage":0,"enemies":"Gensokyo:2_Kodama","floor":5,"turns":3},{"damage":0,"enemies":"Gensokyo:Gryphon_and_Rabbit","floor":7,"turns":4},{"damage":2,"enemies":"Gensokyo:Gryphon_and_Rabbit","floor":9,"turns":3},{"damage":19,"enemies":"Gensokyo:Aya","floor":10,"turns":3},{"damage":0,"enemies":"Gensokyo:2_Rabbits","floor":12,"turns":3},{"damage":10,"enemies":"Gensokyo:3_Kodama","floor":14,"turns":3},{"damage":0,"enemies":"Gensokyo:LivingMonolith","floor":15,"turns":2},{"damage":19,"enemies":"WA_ARCHETYPE_RETAIN","floor":16,"turns":4},{"damage":1,"enemies":"Gensokyo:CosmicMonolith","floor":19,"turns":3},{"damage":1,"enemies":"Gensokyo:2_Gloops","floor":20,"turns":3},{"damage":0,"enemies":"downfall:FleeingMerchant","floor":22,"turns":4},{"damage":6,"enemies":"Gensokyo:Reisen","floor":26,"turns":6},{"damage":12,"enemies":"Gensokyo:Slime_Group","floor":28,"turns":4},{"damage":10,"enemies":"Gensokyo:Mirror_and_Dog","floor":29,"turns":4},{"damage":22,"enemies":"Gensokyo:Tenshi","floor":30,"turns":3},{"damage":0,"enemies":"Gensokyo:Monolith_and_Dog","floor":31,"turns":3},{"damage":10,"enemies":"Gensokyo:3_Gloops","floor":32,"turns":4},{"damage":46,"enemies":"IC_MUSHROOM_ARCHETYPE","floor":33,"turns":6},{"damage":0,"enemies":"Gensokyo:3_Bats","floor":36,"turns":4},{"damage":0,"enemies":"Gensokyo:AncientGuardian","floor":38,"turns":4},{"damage":0,"enemies":"downfall:FleeingMerchant","floor":39,"turns":4},{"damage":0,"enemies":"Gensokyo:SeedOfUnknown","floor":40,"turns":3},{"damage":13,"enemies":"Gensokyo:Kasen","floor":44,"turns":6},{"damage":10,"enemies":"Gensokyo:4_Bats","floor":47,"turns":3},{"damage":8,"enemies":"Gensokyo:Rafflesia","floor":49,"turns":5},{"damage":21,"enemies":"DF_ARCHETYPE_ORBS","floor":50,"turns":9},{"damage":103,"enemies":"downfall:CharBossMerchant","floor":52,"turns":9},{"damage":98,"enemies":"downfall:NeowBoss","floor":55,"turns":16},{"damage":66,"enemies":"downfall:NeowBossFinal","floor":56,"turns":12}],"seed_played":"7529193364711446831","potions_obtained":[{"floor":2,"key":"blueLaboratory:Moonshine"},{"floor":9,"key":"blueLaboratory:RememoryPotion"},{"floor":14,"key":"blueLaboratory:EnragingPotion"},{"floor":15,"key":"LiquidMemories"},{"floor":20,"key":"Flashbang"},{"floor":28,"key":"Fruit Juice"},{"floor":29,"key":"blueLaboratory:PhilterOfMotion"},{"floor":38,"key":"blueLaboratory:HorrorPotion"},{"floor":38,"key":"hexamod:SoulburnPotion"}],"is_trial":false,"path_per_floor":["R","M","?","M","M","?","MIM","R","M","E","R","M","R","M","M","B",null,"R","M","M","?","$","?","T","R","E","R","M","M","E","M","M","B",null,"R","M","?","M","$","M","T","R","?","E","$","R","M","?","M","B",null,"E","$","R","B","B",null],"character_chosen":"THE_SPIRIT","items_purchased":["HornCleat","aspiration:KaomsHeart","aspiration:KMNothing","aspiration:KMNothing","aspiration:KMNothing","aspiration:KMNothing","aspiration:KMNothing","aspiration:KMNothing"],"campfire_rested":5,"item_purchase_floors":[22,39,45,45,45,53,53,53],"current_hp_per_floor":[49,43,43,40,40,61,61,61,59,40,40,40,40,30,30,11,70,70,69,68,68,68,68,68,68,62,70,67,60,38,38,28,19,75,85,85,85,85,185,185,185,185,185,176,176,185,182,182,173,152,185,82,82,152,69,3],"gold":61,"neow_bonus":"THREE_RARE_CARDS","is_daily":false,"chose_seed":false,"campfire_upgraded":5,"win_rate":0.0,"timestamp":1612820135,"path_taken":["R","?","?","M","?","?","MIM","R","?","E","R","M","R","M","M","BOSS","R","M","M","?","$","?","T","R","E","R","M","?","E","M","M","BOSS","R","?","?","M","$","M","T","R","?","E","$","R","?","?","M","BOSS","E","$","R","BOSS","BOSS"],"items_purchased_type":["Relic","Relic","Relic","Relic","Relic","Relic","Relic","Relic"],"build_version":"2020-12-22","purchased_purges":1,"victory":true,"max_hp_per_floor":[70,70,70,70,70,70,70,70,70,70,70,70,70,70,70,70,70,70,70,70,70,70,70,70,70,70,70,70,75,75,75,75,75,75,85,85,85,85,185,185,185,185,185,185,185,185,185,185,185,185,185,185,185,185,185,185],"card_choices":[{"not_picked":["hexamod:ForkedFlame","hexamod:SearingWound"],"picked":"hexamod:SixthSeal","floor":0},{"not_picked":["hexamod:HeatCrush","hexamod:InspiringFlames"],"picked":"hexamod:SuperheatedStrike","floor":2},{"not_picked":["hexamod:FastForward","hexamod:Hexaguard"],"picked":"hexamod:SpectralSpark","floor":4},{"not_picked":["hexamod:SpectersWail","hexamod:Firestarter"],"picked":"hexamod:SuperheatedStrike","floor":5},{"not_picked":["hexamod:PhantomFireball","hexamod:BacktrackSmack"],"picked":"hexamod:FlamesFromBeyond","floor":7},{"not_picked":["hexamod:NightmareGuise","hexamod:PowerFromBeyond"],"picked":"hexamod:FlamesFromBeyond","floor":9},{"not_picked":["hexamod:ApocalypticArmor","hexamod:ThermalTransfer","hexamod:Firestarter"],"picked":"SKIP","floor":10},{"not_picked":["hexamod:NightmareGuise","hexamod:SpectralAdrenaline"],"picked":"hexamod:SuperheatedStrike","floor":12},{"not_picked":["hexamod:Hexaguard","hexamod:HauntingEcho"],"picked":"hexamod:FourthSeal","floor":14},{"not_picked":["hexamod:NecessarySacrifice","hexamod:SuperheatedStrike","hexamod:CatchUp"],"picked":"SKIP","floor":15},{"not_picked":["hexamod:UnleashSpirits","hexamod:TimeWarp"],"picked":"hexamod:VolcanoVisage","floor":16},{"not_picked":["hexamod:EtherealExpedition","hexamod:StepThrough+1"],"picked":"hexamod:FlamesFromBeyond","floor":19},{"not_picked":["hexamod:NightmareGuise+1","hexamod:NecessarySacrifice"],"picked":"hexamod:ExtraCrispy+1","floor":20},{"not_picked":["hexamod:FourthSeal","hexamod:RadiantFlame"],"picked":"hexamod:GhostflameBarrier+1","floor":22},{"not_picked":["hexamod:Haunt+1","hexamod:HauntingEcho","hexamod:BacktrackSmack"],"picked":"SKIP","floor":26},{"not_picked":["hexamod:FastForward","hexamod:StepThrough"],"picked":"hexamod:ExtraCrispy+1","floor":28},{"not_picked":["hexamod:RadiantFlame","hexamod:HeatCrush+1"],"picked":"hexamod:BurningTouch","floor":29},{"not_picked":["hexamod:GhostOfSpireFuture","hexamod:SpectersWail","hexamod:FastForward"],"picked":"SKIP","floor":30},{"not_picked":["hexamod:GhostOfSpireFuture","hexamod:SpectersWail","hexamod:FastForward"],"picked":"SKIP","floor":30},{"not_picked":["hexamod:RadiantFlame","hexamod:BacktrackSmack","hexamod:Hexaguard"],"picked":"SKIP","floor":31},{"not_picked":["hexamod:FourthSeal","hexamod:SpectralSpark+1","hexamod:GhostLash+1"],"picked":"SKIP","floor":32},{"not_picked":["hexamod:SuperheatedStrike","hexamod:AdvancingGuard+1","hexamod:InspiringFlames+1"],"picked":"SKIP","floor":36},{"not_picked":["hexamod:ThermalTransfer+1","hexamod:SpectersWail+1","hexamod:HauntingEcho+1"],"picked":"SKIP","floor":38},{"not_picked":["hexamod:HeatMetal","hexamod:NightmareStrike","hexamod:CatchUp+1"],"picked":"SKIP","floor":39},{"not_picked":["hexamod:Firestarter","hexamod:HeatMetal","hexamod:GiftsFromTheDead"],"picked":"SKIP","floor":40},{"not_picked":["hexamod:EtherealExpedition+1","hexamod:SuperheatedStrike+1","hexamod:SpectralAdrenaline"],"picked":"SKIP","floor":44},{"not_picked":["hexamod:NightmareStrike","hexamod:SoulSteal+1","hexamod:BacktrackSmack"],"picked":"SKIP","floor":47},{"not_picked":["hexamod:BurningTouch","hexamod:ThermalTransfer+1"],"picked":"hexamod:GhostflameBarrier+1","floor":49},{"not_picked":["hexamod:ThermalTransfer+1","hexamod:Hexaguard","hexamod:HauntingEcho"],"picked":"SKIP","floor":52}],"player_experience":297642,"relics_obtained":[{"floor":7,"key":"Regal Pillow"},{"floor":10,"key":"Pet Ghost"},{"floor":26,"key":"halation:AfternoonTea"},{"floor":30,"key":"Lizard Tail"},{"floor":41,"key":"aspiration:KMNothing"},{"floor":44,"key":"aspiration:KMNothing"},{"floor":52,"key":"aspiration:KMNothing"}],"event_choices":[],"is_beta":false,"boss_relics":[{"not_picked":["aspiration:WatcherSkillbook","Runic Pyramid"],"picked":"halation:SmartPhone"},{"not_picked":["Painkiller Herb","Replay:Grab Bag"],"picked":"Fusion Hammer"}],"items_purged_floors":[45],"is_endless":false,"potions_floor_spawned":[2,9,14,15,26,30,32,38,40,44,49,52],"ascension_level":0}}