{"host":"7grzll9olp0d5qv1","time":1612796546,"event":{"mods":["Ascension Reborn","BaseMod","Downfall","Hubris","Infinite Spire","Minty Spire (QoL Compilation)","Replay The Spire","StSLib","The Animator","The Bug Knight","The Cursed","The Servant 0.9.4"],"gold_per_floor":[99,99,99,99,99,161,161,161,61,87,99,39,54,82,93,189,189,89,89,109,120,120,131,213,228,245,245,245,245,256,283,296,296,296,296],"floor_reached":33,"language":"ENG","playtime":1921,"items_purged":[],"score":340,"play_id":"1ea1c9f8-3e1a-4c25-914a-ed379bba85b8","local_time":"20210208100226","is_ascension_mode":true,"campfire_choices":[{"floor":1,"key":"RECALL"},{"data":"hexamod:EmpoweredFlame","floor":9,"key":"SMITH"},{"data":"hexamod:EmpoweredFlame","floor":28,"key":"SMITH"}],"circlet_count":0,"master_deck":["hexamod:Strike+1","hexamod:Strike+1","hexamod:Strike+1","hexamod:Defend+1","hexamod:Defend+1","hexamod:Defend+1","hexamod:Defend+1","hexamod:Sear+1","hexamod:Float","hexamod:InspiringFlames+1","hexamod:EmpoweredFlame+1","ReplayTheSpireMod:Splinters","hexamod:FastForward","hexamod:InspiringFlames","hexamod:InspiringFlames","hexamod:HauntingEcho","hexamod:SwordOfDarkness","hexamod:FastForward","hexamod:EmpoweredFlame+1","hexamod:GhostflameInferno","hexamod:WildfireWeapon","Writhe","hexamod:FastForward","animator:Curse_Greed","hexamod:HexaLevel"],"relics":["hexamod:SpiritBrand","downfall:HeartsMalice","HornCleat","downfall:HeartBlessingRed","hexamod:MatchstickCase","hubris:Potato","Cursed Key","downfall:HeartBlessingBlue","Garlic","Lizard Tail","Potion Belt"],"acts_visited":["Exordium","TheCity"],"potions_floor_usage":[31,32,33],"damage_taken":[{"damage":0,"enemies":"2 Louse","floor":2,"turns":1},{"damage":0,"enemies":"Small Slimes","floor":5,"turns":1},{"damage":0,"enemies":"infinitespire:Voidling","floor":8,"turns":1},{"damage":0,"enemies":"Large Slime","floor":11,"turns":6},{"damage":0,"enemies":"downfall:FleeingMerchant","floor":12,"turns":4},{"damage":20,"enemies":"Exordium Wildlife","floor":13,"turns":5},{"damage":0,"enemies":"3 Sentries","floor":14,"turns":7},{"damage":0,"enemies":"3 Louse","floor":15,"turns":2},{"damage":0,"enemies":"SI_SHIV_ARCHETYPE","floor":16,"turns":5},{"damage":2,"enemies":"3 Byrds","floor":20,"turns":4},{"damage":0,"enemies":"Shell Parasite","floor":21,"turns":4},{"damage":9,"enemies":"Centurion and Healer","floor":23,"turns":6},{"damage":0,"enemies":"Sentry and Sphere","floor":25,"turns":4},{"damage":0,"enemies":"Shelled Parasite and Fungi","floor":26,"turns":5},{"damage":2,"enemies":"Snake Plant","floor":30,"turns":3},{"damage":42,"enemies":"Slavers","floor":31,"turns":5},{"damage":19,"enemies":"Snecko","floor":32,"turns":7},{"damage":65,"enemies":"IC_MUSHROOM_ARCHETYPE","floor":33,"turns":8}],"seed_played":"511240104996616506","potions_obtained":[{"floor":11,"key":"BlessingOfTheForge"},{"floor":14,"key":"sneckomod:MuddlingPotion"},{"floor":22,"key":"CultistPotion"},{"floor":31,"key":"Dexterity Potion"}],"is_trial":false,"path_per_floor":["R","M","?","?","M","?","T","M","R","T","M","$","M","E","M","B",null,"R","?","M","M","?","M","T","M","M","?","R","T","M","E","M","B"],"character_chosen":"THE_SPIRIT","items_purchased":["hexamod:FastForward"],"campfire_rested":0,"item_purchase_floors":[12],"current_hp_per_floor":[70,70,70,70,70,70,70,70,70,70,70,70,50,50,50,50,70,80,80,78,78,78,69,69,69,69,69,69,69,67,25,6,0,0,0],"gold":296,"neow_bonus":"THREE_ENEMY_KILL","is_daily":false,"chose_seed":false,"campfire_upgraded":2,"win_rate":0.0,"timestamp":1612796546,"path_taken":["R","M","?","?","?","?","T","M","R","?","M","$","M","E","M","BOSS","R","?","M","M","?","M","T","M","M","?","R","?","M","E","M","BOSS"],"items_purchased_type":["Card"],"build_version":"2020-12-22","purchased_purges":0,"victory":false,"max_hp_per_floor":[70,70,70,70,70,70,70,70,70,70,70,70,70,70,70,70,70,80,80,80,80,80,80,80,80,80,80,80,80,80,80,80,80,80,80],"card_choices":[{"not_picked":["hexamod:NightmareStrike","hexamod:Rewind"],"picked":"hexamod:InspiringFlames","floor":2},{"not_picked":["hexamod:RadiantFlame","hexamod:GhostShield"],"picked":"hexamod:EmpoweredFlame","floor":5},{"not_picked":["hexamod:InspiringFlames","hexamod:SoulSteal"],"picked":"hexamod:FastForward","floor":6},{"not_picked":["hexamod:PowerFromBeyond","hexamod:HeatCrush"],"picked":"hexamod:InspiringFlames","floor":6},{"not_picked":["hexamod:Incineration","hexamod:SwordOfDarkness"],"picked":"hexamod:InspiringFlames","floor":8},{"not_picked":["hexamod:FirstSeal","hexamod:BurningTouch"],"picked":"hexamod:HauntingEcho","floor":11},{"not_picked":["hexamod:ChargedBarrage","hexamod:InspiringFlames"],"picked":"hexamod:SwordOfDarkness","floor":12},{"not_picked":["hexamod:SwordOfDarkness","hexamod:SoulSteal"],"picked":"hexamod:EmpoweredFlame","floor":13},{"not_picked":["hexamod:WildfireWeapon","hexamod:GhostLash","hexamod:HeatMetal"],"picked":"SKIP","floor":14},{"not_picked":["hexamod:BacktrackSmack","hexamod:PhantomFireball","hexamod:GhostLash"],"picked":"SKIP","floor":15},{"not_picked":["hexamod:TurnItUp","hexamod:HexaLevel"],"picked":"hexamod:GhostflameInferno","floor":16},{"not_picked":["hexamod:NightmareStrike","hexamod:NightmareGuise","hexamod:BurningTouch"],"picked":"SKIP","floor":20},{"not_picked":["hexamod:NightmareStrike","hexamod:GhostLash","hexamod:HeatMetal"],"picked":"SKIP","floor":21},{"not_picked":["hexamod:PhantomFireball","hexamod:Hexaguard","hexamod:Firestarter+1"],"picked":"SKIP","floor":23},{"not_picked":["hexamod:Rewind","hexamod:BurningTouch","hexamod:NightmareStrike"],"picked":"SKIP","floor":25},{"not_picked":["hexamod:RainOfEmbers","hexamod:ThermalTransfer"],"picked":"hexamod:FastForward","floor":26},{"not_picked":["hexamod:ExtraCrispy+1","hexamod:ThermalTransfer"],"picked":"hexamod:HexaLevel","floor":30},{"not_picked":["hexamod:HeatMetal+1","hexamod:NightmareStrike","hexamod:PhantomFireball"],"picked":"SKIP","floor":31},{"not_picked":["hexamod:ThermalTransfer","hexamod:EtherealExpedition","hexamod:SecondSeal"],"picked":"SKIP","floor":32}],"player_experience":42732,"relics_obtained":[{"floor":6,"key":"HornCleat"},{"floor":10,"key":"hexamod:MatchstickCase"},{"floor":14,"key":"hubris:Potato"},{"floor":24,"key":"Garlic"},{"floor":29,"key":"Lizard Tail"},{"floor":31,"key":"Potion Belt"}],"event_choices":[{"damage_healed":0,"gold_gain":0,"player_choice":"Forge","damage_taken":0,"max_hp_gain":0,"max_hp_loss":0,"event_name":"Accursed Blacksmith","floor":4,"gold_loss":0,"cards_upgraded":["hexamod:Sear"]}],"is_beta":false,"boss_relics":[{"not_picked":["Sozu","hubris:Stopwatch"],"picked":"Cursed Key"}],"items_purged_floors":[],"is_endless":false,"potions_floor_spawned":[11,14,16,23,30,31],"killed_by":"IC_MUSHROOM_ARCHETYPE","ascension_level":0}}