{"host":"tc1my4n9jof2q8vu","time":1612816095,"event":{"mods":["Act Like it!","BaseMod","Colored Powertips","Hubris","Minty Spire (QoL Compilation)","Replay The Spire","StSLib"],"gold_per_floor":[111,124,124,124,124,141,141,155,155,155,175,30,45,62,62,164,164,180,105,120,1518,1531,1559,1576,1604,1629,1676,1699,1731,1762,1784,1796,1904,1916,1939,1951,1975,2000,2012,2044,2070,2099,2135,1066,1081,1100,1100,1110,1110,1110],"floor_reached":51,"language":"ENG","playtime":2959,"items_purged":["Vault","Worship"],"score":663,"play_id":"5a837380-70e2-4602-93b1-3a89bb773fae","local_time":"20210208152815","is_ascension_mode":false,"campfire_choices":[{"data":"Eruption","floor":7.0,"key":"SMITH"},{"data":"WindmillStrike","floor":10.0,"key":"SMITH"},{"data":"Replay:AtTheReady","floor":15.0,"key":"SMITH"},{"floor":47,"key":"RECALL"}],"circlet_count":0,"master_deck":["Eruption+1","Vigilance","InnerPeace","FlurryOfBlows","Prostrate","WindmillStrike+1","Replay:AtTheReady+1","Cleave","CutThroughFate","After Image","Replay:AllIn","EmptyMind","Tantrum","Replay:Vibes","Cloak And Dagger","Tantrum","Finesse","Battle Trance","Headbutt+1","Go for the Eyes+1","FlurryOfBlows","Blade Dance","Mayhem","FollowUp+1","Swivel+1","Replay:BasicMightCard+1","Parasite","Blade Dance+1","Hyperbeam","Rebound+1","EmptyMind","ThirdEye","ReplayTheSpireMod:Necrogeddon","Clash","Feel No Pain+1","Prostrate+1"],"relics":["PureWater","Happy Flower","PrismaticShard","Replay:Grab Bag","hubris:TerracottaHorce","Painkiller Herb","Pandora\u0027s Box","Tiny Chest","Strawberry","Medical Kit","Chameleon Ring","Nunchaku","MawBank","hubris:MysteriousPyramids","hubris:VirtuousBlindfold","Ring of Peace","Ring of Hypnosis","Pen Nib","hubris:ToyBattleship","Letter Opener","hubris:HerbalPaste"],"acts_visited":["Exordium","TheCity","TheBeyond"],"potions_floor_usage":[33,35,38,40,41,50,50,50],"damage_taken":[{"damage":6.0,"enemies":"Jaw Worm","floor":1.0,"turns":4.0},{"damage":0.0,"enemies":"2 Louse","floor":2.0,"turns":2.0},{"damage":2.0,"enemies":"Cultist","floor":6.0,"turns":5.0},{"damage":2.0,"enemies":"Looter","floor":8.0,"turns":3.0},{"damage":7.0,"enemies":"3 Louse","floor":11.0,"turns":3.0},{"damage":0.0,"enemies":"Exordium Wildlife","floor":13.0,"turns":4.0},{"damage":5.0,"enemies":"Red Slaver","floor":14.0,"turns":2.0},{"damage":49.0,"enemies":"Fading Forest","floor":16.0,"turns":12.0},{"damage":8.0,"enemies":"Chosen","floor":18.0,"turns":2.0},{"damage":5.0,"enemies":"Shell Parasite","floor":20.0,"turns":3.0},{"damage":24.0,"enemies":"Shelled Parasite and Fungi","floor":22.0,"turns":4.0},{"damage":22.0,"enemies":"Book of Stabbing","floor":23.0,"turns":4.0},{"damage":8.0,"enemies":"Snake Plant","floor":24.0,"turns":3.0},{"damage":2.0,"enemies":"Replay:Snechameleon","floor":25.0,"turns":2.0},{"damage":0.0,"enemies":"Gremlin Leader","floor":27.0,"turns":1.0},{"damage":0.0,"enemies":"Sentry and Sphere","floor":28.0,"turns":1.0},{"damage":0.0,"enemies":"Snecko","floor":29.0,"turns":2.0},{"damage":0,"enemies":"Snake Plant","floor":30,"turns":1},{"damage":0,"enemies":"Centurion and Healer","floor":31,"turns":2},{"damage":49,"enemies":"hubris:MusketHawk","floor":33,"turns":5},{"damage":0,"enemies":"3 Darklings","floor":35,"turns":2},{"damage":4,"enemies":"Orb Walker","floor":37,"turns":2},{"damage":0,"enemies":"Jaw Worm Horde","floor":38,"turns":2},{"damage":24,"enemies":"Writhing Mass","floor":40,"turns":5},{"damage":0,"enemies":"Transient","floor":41,"turns":5},{"damage":2,"enemies":"Spire Growth","floor":42,"turns":4},{"damage":22,"enemies":"Maw","floor":45,"turns":6},{"damage":0,"enemies":"3 Darklings","floor":46,"turns":2},{"damage":0,"enemies":"Jaw Worm Horde","floor":48,"turns":3},{"damage":38,"enemies":"Replay:Hell Engine","floor":50,"turns":2}],"seed_played":"-7818799018956357205","potions_obtained":[{"floor":1.0,"key":"Ancient Potion"},{"floor":6.0,"key":"PowerPotion"},{"floor":11.0,"key":"Milkshake"},{"floor":13.0,"key":"SkillPotion"},{"floor":16.0,"key":"Milkshake"},{"floor":18.0,"key":"Block Potion"},{"floor":22.0,"key":"LiquidMemories"},{"floor":23.0,"key":"ColorlessPotion"},{"floor":28.0,"key":"Elixir"},{"floor":29.0,"key":"SkillPotion"},{"floor":31,"key":"AttackPotion"},{"floor":32,"key":"LifebloodPotion"},{"floor":32,"key":"Flashbang"},{"floor":37,"key":"AttackPotion"},{"floor":40,"key":"Fire Potion"},{"floor":42,"key":"Languid Potion"},{"floor":46,"key":"Swift Potion"},{"floor":48,"key":"Elixir"},{"floor":49,"key":"Death Potion"}],"is_trial":false,"path_per_floor":["M","M","?","?","?","M","R","M","T","R","M","$","M","M","R","B",null,"?","?","?","T","?","E","?","E","T","E","?","?","?","?","T","B",null,"?","?","?","?","?","?","?","?","T","T","?","?","T","?","T","B",null],"character_chosen":"WATCHER","items_purchased":["PrismaticShard","Tiny Chest","Strawberry","Medical Kit","Tantrum","hubris:ToyBattleship","Letter Opener","hubris:HerbalPaste","EmptyMind","ThirdEye","BlessingOfTheForge","Languid Potion","ReplayTheSpireMod:Necrogeddon"],"campfire_rested":0,"item_purchase_floors":[12,21,21,21,21,44,44,44,44,44,44,44,44],"current_hp_per_floor":[73,73,73,78,78,76,76,74,74,74,67,67,67,62,62,23,69,61,61,56,63,39,17,9,7,7,7,7,7,7,7,7,42,79,85,86,82,86,86,62,68,72,78,84,64,73,79,86,86,48],"gold":1110,"neow_bonus":"TEN_PERCENT_HP_BONUS","is_daily":false,"chose_seed":false,"campfire_upgraded":3,"win_rate":0.0,"timestamp":1612816095,"path_taken":["M","M","?","?","?","M","R","M","T","R","?","$","M","M","R","BOSS","?","?","?","T","?","E","?","E","T","E","?","?","?","?","T","BOSS","?","?","?","?","?","?","?","?","T","?","?","?","T","?","T","BOSS"],"items_purchased_type":["Relic","Relic","Relic","Relic","Card","Relic","Relic","Relic","Card","Card","Potion","Potion","Card"],"build_version":"2020-12-22","purchased_purges":2,"victory":true,"max_hp_per_floor":[79,79,79,84,84,84,84,84,84,84,84,84,84,84,84,84,84,84,84,84,91,91,91,91,91,91,91,91,91,91,91,91,91,91,91,86,86,86,86,86,86,86,86,86,86,86,86,86,86,86],"card_choices":[{"not_picked":["Collect","DeceiveReality"],"picked":"InnerPeace","floor":1.0},{"not_picked":["EmptyBody","Crescendo"],"picked":"FlurryOfBlows","floor":2.0},{"not_picked":["TalkToTheHand","Protect"],"picked":"Prostrate","floor":6.0},{"not_picked":["DeceiveReality","EmptyBody"],"picked":"WindmillStrike","floor":8.0},{"not_picked":["Replay:BluntJabs","CrushJoints"],"picked":"Replay:AtTheReady","floor":11.0},{"not_picked":["Leap","ReplayGash"],"picked":"Cleave","floor":13.0},{"not_picked":["Hologram","Cold Snap"],"picked":"CutThroughFate","floor":14.0},{"not_picked":["ReplayTheSpireMod:Omega Cannon","Brutality"],"picked":"After Image","floor":16.0},{"not_picked":["Iron Wave","Hologram"],"picked":"Cloak And Dagger","floor":18.0},{"not_picked":["Replay:BluntJabs","Footwork","Heavy Blade"],"picked":"SKIP","floor":20.0},{"not_picked":["Demonic Infusion","PathToVictory","SashWhip"],"picked":"SKIP","floor":22.0},{"not_picked":["hubris:SharpeningStone","BowlingBash","Prepared"],"picked":"SKIP","floor":23.0},{"not_picked":["CrushJoints","Ball Lightning"],"picked":"Finesse","floor":24.0},{"not_picked":["hubris:Sniper","ThirdEye+1"],"picked":"Battle Trance","floor":25.0},{"not_picked":["Barrage","Replay:Undeath\u0027s Touch"],"picked":"Headbutt+1","floor":27.0},{"not_picked":["Searing Blow","BattleHymn"],"picked":"Go for the Eyes+1","floor":28.0},{"not_picked":["Perfected Strike","hubris:Counter"],"picked":"FlurryOfBlows","floor":29.0},{"not_picked":["ReachHeaven","Consume+1"],"picked":"Blade Dance","floor":30},{"not_picked":["Perfected Strike","Replay:Sssssssssshield","ReplayTheSpireMod:Necrosis"],"picked":"SKIP","floor":31},{"not_picked":["The Bomb","Replay:Many Hands"],"picked":"Mayhem","floor":33},{"not_picked":["Consume","Dodge and Roll"],"picked":"FollowUp+1","floor":35},{"not_picked":["Underhanded Strike+1","Clash+1"],"picked":"Swivel+1","floor":37},{"not_picked":["Expertise+1","Hidden Blade+1"],"picked":"Replay:BasicMightCard+1","floor":38},{"not_picked":["Compile Driver","Headbutt"],"picked":"Blade Dance+1","floor":40},{"not_picked":["Flying Knee+1","Hemokinesis+1"],"picked":"Hyperbeam","floor":41},{"not_picked":["Flying Knee+1","Evaluate+1"],"picked":"Rebound+1","floor":42},{"not_picked":["Sucker Punch+1","ReplayTheSpireMod:Shiv Toss+1"],"picked":"Clash","floor":45},{"not_picked":["Evaluate","Masterful Stab+1"],"picked":"Feel No Pain+1","floor":46},{"not_picked":["FlyingSleeves","Disarm+1"],"picked":"Prostrate+1","floor":48}],"player_experience":195643,"relics_obtained":[{"floor":9.0,"key":"Happy Flower"},{"floor":23.0,"key":"Chameleon Ring"},{"floor":25.0,"key":"Nunchaku"},{"floor":26.0,"key":"MawBank"},{"floor":27.0,"key":"hubris:MysteriousPyramids"},{"floor":39,"key":"Ring of Peace"},{"floor":39,"key":"Ring of Hypnosis"},{"floor":43,"key":"Pen Nib"}],"event_choices":[{"damage_healed":0.0,"max_hp_gain":0.0,"max_hp_loss":0.0,"gold_gain":0.0,"event_name":"The Cleric","player_choice":"Leave","floor":3.0,"gold_loss":0.0,"damage_taken":0.0},{"damage_healed":0.0,"max_hp_gain":5.0,"max_hp_loss":0.0,"gold_gain":0.0,"event_name":"Big Fish","player_choice":"Donut","floor":4.0,"gold_loss":0.0,"damage_taken":0.0},{"cards_removed":["Strike_P"],"damage_healed":0.0,"max_hp_gain":0.0,"max_hp_loss":0.0,"gold_gain":0.0,"event_name":"Purifier","player_choice":"Purged","floor":5.0,"gold_loss":0.0,"damage_taken":0.0},{"cards_removed":["Meditate"],"damage_healed":0.0,"max_hp_gain":0.0,"max_hp_loss":0.0,"gold_gain":0.0,"event_name":"Beggar","player_choice":"Gave Gold","floor":19.0,"gold_loss":75.0,"damage_taken":0.0},{"damage_healed":0,"gold_gain":0,"player_choice":"Max HP","damage_taken":0,"max_hp_gain":0,"max_hp_loss":5,"event_name":"Winding Halls","floor":36,"gold_loss":0}],"is_beta":false,"boss_relics":[{"not_picked":["Philosopher\u0027s Stone","Black Star"],"picked":"Replay:Grab Bag"},{"not_picked":["Abe\u0027s Treasure","Busted Crown"],"picked":"hubris:TerracottaHorce"},{"not_picked":["hubris:RunicObelisk","Cursed Key"],"picked":"Painkiller Herb"},{"not_picked":["hubris:Stopwatch","hubris:ScarierMask"],"picked":"Pandora\u0027s Box"},{"not_picked":["HolyWater","hubris:CrackedHourglass"],"picked":"hubris:VirtuousBlindfold"}],"items_purged_floors":[21,44],"is_endless":false,"potions_floor_spawned":[1,6,11,13,16,18,22,23,28,29,31,37,40,42,46,48],"ascension_level":0}}