{"host":"jou5gy8et5i77wvo","time":1612820105,"event":{"mods":["AchievementEnabler","BaseMod","Colored Map","Colored Powertips","Downfall","Highlight Path","Minty Spire (QoL Compilation)","Quick Restart","StSLib"],"gold_per_floor":[109,125,140,140,152,180,180,192,217,292,310,323,335,348,348,452,452,468,468,479,496,496,496,507,507,533,533,632,651,668,678,678,678,678],"floor_reached":33,"language":"ENG","playtime":3672,"items_purged":[],"score":282,"play_id":"f383f542-c520-4fe2-96e4-b48760a275ff","local_time":"20210208133505","is_ascension_mode":false,"campfire_choices":[{"floor":7.0,"key":"REST"},{"floor":15.0,"key":"REST"},{"floor":23.0,"key":"REST"},{"floor":27.0,"key":"REST"},{"floor":32,"key":"REST"}],"circlet_count":0,"master_deck":["Strike_R+1","Strike_R+1","Strike_R+1","Strike_R+1","Strike_R+1","Defend_R+1","Defend_R+1","Defend_R+1","Defend_R+1","Bash","Anger","Whirlwind","Power Through","Shrug It Off","Bloodletting","Flex","Anger","Shrug It Off","Cleave","Shrug It Off","Flex+1","Seeing Red","Whirlwind+1","Seeing Red","Shrug It Off","Shrug It Off"],"relics":["Burning Blood","Potion Belt","Boot","Black Star","Enchiridion","Happy Flower"],"acts_visited":["Exordium","TheCity"],"potions_floor_usage":[29,31,31,33],"damage_taken":[{"damage":1.0,"enemies":"2 Louse","floor":1.0,"turns":3.0},{"damage":0.0,"enemies":"Small Slimes","floor":2.0,"turns":2.0},{"damage":1.0,"enemies":"Jaw Worm","floor":3.0,"turns":5.0},{"damage":3.0,"enemies":"3 Louse","floor":5.0,"turns":3.0},{"damage":37.0,"enemies":"3 Sentries","floor":6.0,"turns":8.0},{"damage":3.0,"enemies":"Red Slaver","floor":8.0,"turns":5.0},{"damage":14.0,"enemies":"Blue Slaver","floor":11.0,"turns":4.0},{"damage":3.0,"enemies":"3 Louse","floor":12.0,"turns":2.0},{"damage":15.0,"enemies":"Exordium Thugs","floor":13.0,"turns":4.0},{"damage":3.0,"enemies":"2 Fungi Beasts","floor":14.0,"turns":2.0},{"damage":99.0,"enemies":"Slime Boss","floor":16.0,"turns":16.0},{"damage":34.0,"enemies":"Shell Parasite","floor":18.0,"turns":8.0},{"damage":5.0,"enemies":"Spheric Guardian","floor":20.0,"turns":5.0},{"damage":37.0,"enemies":"Centurion and Healer","floor":21.0,"turns":8.0},{"damage":24.0,"enemies":"Snecko","floor":24.0,"turns":9.0},{"damage":19,"enemies":"Snake Plant","floor":29,"turns":4},{"damage":5,"enemies":"Chosen and Byrds","floor":30,"turns":3},{"damage":26,"enemies":"Centurion and Healer","floor":31,"turns":7},{"damage":52,"enemies":"Automaton","floor":33,"turns":6}],"seed_played":"220623620864046113","potions_obtained":[{"floor":1.0,"key":"BloodPotion"},{"floor":2.0,"key":"BloodPotion"},{"floor":11.0,"key":"champ:CounterPotion"},{"floor":12.0,"key":"Weak Potion"},{"floor":16.0,"key":"sneckomod:MuddlingPotion"},{"floor":20.0,"key":"hexamod:SoulburnPotion"},{"floor":21.0,"key":"Regen Potion"},{"floor":30,"key":"FearPotion"}],"is_trial":false,"path_per_floor":["M","M","M","$","M","E","R","M","T","?","M","M","M","M","R","B",null,"M","?","M","M","?","R","M","?","T","R","?","M","M","M","R","B"],"character_chosen":"IRONCLAD","items_purchased":[],"campfire_rested":5,"item_purchase_floors":[],"current_hp_per_floor":[80,80,80,80,80,49,73,76,76,65,57,60,51,54,78,17,80,52,52,53,22,22,46,28,12,12,36,36,35,36,16,40,0,0],"gold":678,"neow_bonus":"THREE_CARDS","is_daily":false,"chose_seed":false,"campfire_upgraded":0,"win_rate":0.0,"timestamp":1612820105,"path_taken":["M","M","M","$","M","E","R","M","T","?","M","M","M","M","R","BOSS","M","?","M","M","?","R","M","?","T","R","?","M","M","M","R","BOSS"],"items_purchased_type":[],"build_version":"2020-12-22","purchased_purges":0,"victory":false,"max_hp_per_floor":[80,80,80,80,80,80,80,80,80,80,80,80,80,80,80,80,80,80,80,80,80,80,80,80,80,80,80,80,80,80,80,80,80,80],"card_choices":[{"not_picked":["Pommel Strike","Inflame"],"picked":"Anger","floor":0.0},{"not_picked":["Dropkick","Body Slam"],"picked":"Whirlwind","floor":1.0},{"not_picked":["Pommel Strike","Heavy Blade"],"picked":"Power Through","floor":2.0},{"not_picked":["Pummel","Clash"],"picked":"Shrug It Off","floor":3.0},{"not_picked":["True Grit","Body Slam","Iron Wave"],"picked":"SKIP","floor":5.0},{"not_picked":["Dropkick","True Grit"],"picked":"Bloodletting","floor":6.0},{"not_picked":["Brutality","Clothesline"],"picked":"Flex","floor":8.0},{"not_picked":["Perfected Strike","Thunderclap"],"picked":"Anger","floor":11.0},{"not_picked":["Perfected Strike","Infernal Blade"],"picked":"Shrug It Off","floor":12.0},{"not_picked":["Flex","Infernal Blade"],"picked":"Cleave","floor":13.0},{"not_picked":["Bludgeon","Perfected Strike"],"picked":"Shrug It Off","floor":14.0},{"not_picked":["Feel No Pain","Clothesline+1"],"picked":"Flex+1","floor":18.0},{"not_picked":["Warcry","Clothesline"],"picked":"Seeing Red","floor":20.0},{"not_picked":["Sword Boomerang","Burning Pact"],"picked":"Whirlwind+1","floor":21.0},{"not_picked":["Burning Pact","Headbutt+1"],"picked":"Seeing Red","floor":24.0},{"not_picked":["Sword Boomerang+1","Clothesline+1"],"picked":"Shrug It Off","floor":29},{"not_picked":["Perfected Strike","Sword Boomerang","Dark Embrace"],"picked":"SKIP","floor":30},{"not_picked":["Hemokinesis","Twin Strike"],"picked":"Shrug It Off","floor":31}],"player_experience":40698,"relics_obtained":[{"floor":6.0,"key":"Potion Belt"},{"floor":9.0,"key":"Boot"},{"floor":25.0,"key":"Enchiridion"},{"floor":26.0,"key":"Happy Flower"}],"event_choices":[{"damage_healed":0.0,"max_hp_gain":0.0,"max_hp_loss":0.0,"gold_gain":75.0,"event_name":"World of Goop","player_choice":"Gather Gold","floor":10.0,"gold_loss":0.0,"damage_taken":11.0},{"damage_healed":0.0,"max_hp_gain":0.0,"max_hp_loss":0.0,"gold_gain":0.0,"event_name":"Back to Basics","player_choice":"Simplicity","floor":19.0,"gold_loss":0.0,"damage_taken":0.0,"cards_upgraded":["Strike_R","Strike_R","Strike_R","Strike_R","Strike_R","Defend_R","Defend_R","Defend_R","Defend_R"]},{"damage_healed":0.0,"max_hp_gain":0.0,"max_hp_loss":0.0,"gold_gain":0.0,"event_name":"Cursed Tome","player_choice":"Obtained Book","floor":25.0,"gold_loss":0.0,"damage_taken":16.0},{"damage_healed":0.0,"max_hp_gain":0.0,"max_hp_loss":0.0,"gold_gain":99.0,"event_name":"Nest","player_choice":"Stole From Cult","floor":28.0,"gold_loss":0.0,"damage_taken":0.0}],"is_beta":false,"boss_relics":[{"not_picked":["Philosopher\u0027s Stone","Tiny House"],"picked":"Black Star"}],"items_purged_floors":[],"is_endless":false,"potions_floor_spawned":[1,2,3,11,12,16,20,21,30],"killed_by":"Automaton","ascension_level":0}}