{"host":"9ij7vlqro2mzmyov","time":1612796538,"event":{"mods":["BaseMod","Colored Map","DeckTracker","Minty Spire (QoL Compilation)","Permanent Neow","SuperFastMode"],"gold_per_floor":[139,154,154,154,229,229,4,4,4,4,4,4,23,42,42,167,167,211,230,130,149,24,24,87,87,137,137,156,156,156,200,200,325,388,407,407,86,86,105,168,168,187,187,206,206,225,75,75,75,75],"floor_reached":51,"language":"KOR","playtime":2678,"items_purged":["Grand Finale","Regret","Injury","Shame"],"score":708,"play_id":"5f63ac93-9d78-4f9f-bb0b-5ffc1c23b6c6","local_time":"20210209000218","daily_mods":["Shiny","Green Cards","Terminal"],"is_ascension_mode":false,"campfire_choices":[{"data":"Scrawl","floor":6.0,"key":"SMITH"},{"data":"Adrenaline","floor":8.0,"key":"SMITH"},{"data":"Venomology","floor":10.0,"key":"SMITH"},{"data":"Blasphemy","floor":12.0,"key":"SMITH"},{"data":"Bullet Time","floor":15.0,"key":"SMITH"},{"data":"After Image","floor":23.0,"key":"SMITH"},{"data":"Ragnarok","floor":25.0,"key":"SMITH"},{"data":"MasterReality","floor":27.0,"key":"SMITH"},{"floor":32.0,"key":"REST"},{"data":"Apotheosis","floor":41,"key":"SMITH"},{"data":"Secret Technique","floor":45,"key":"SMITH"},{"floor":49,"key":"REST"}],"circlet_count":0,"master_deck":["Venomology+1","Corpse Explosion","Malaise","Phantasmal Killer","Die Die Die","Adrenaline+1","Doppelganger","Burst","Wraith Form v2","Tools of the Trade","Night Terror","Unload+1","After Image+1","Bullet Time+1","Storm of Steel","Glass Knife+1","A Thousand Cuts","ConjureBlade","MasterReality+1","Brilliance","Devotion","Blasphemy+1","Ragnarok+1","LessonLearned","Scrawl+1","Vault","Alpha","Wish","Omniscience","Establishment","SpiritShield","DevaForm","DeusExMachina","Prepared+1","Shame","Secret Technique+1","Apotheosis+1","Injury","Adrenaline","Blur"],"relics":["PureWater","Darkstone Periapt","Golden Idol","Bag of Preparation","Ancient Tea Set","Pen Nib","Cursed Key","Calipers","Oddly Smooth Stone","Bag of Marbles","Tiny House","Whetstone","MealTicket","ClockworkSouvenir"],"acts_visited":["Exordium","TheCity","TheBeyond"],"potions_floor_usage":[39,44,46,50,50],"damage_taken":[{"damage":3.0,"enemies":"Small Slimes","floor":1.0,"turns":4.0},{"damage":0.0,"enemies":"2 Louse","floor":2.0,"turns":1.0},{"damage":0.0,"enemies":"Jaw Worm","floor":13.0,"turns":1.0},{"damage":7.0,"enemies":"Gremlin Gang","floor":14.0,"turns":2.0},{"damage":2.0,"enemies":"Hexaghost","floor":16.0,"turns":6.0},{"damage":0.0,"enemies":"Chosen","floor":18.0,"turns":5.0},{"damage":6.0,"enemies":"3 Byrds","floor":19.0,"turns":3.0},{"damage":0.0,"enemies":"Centurion and Healer","floor":21.0,"turns":4.0},{"damage":12.0,"enemies":"Slavers","floor":24.0,"turns":4.0},{"damage":0.0,"enemies":"Snake Plant","floor":28.0,"turns":3.0},{"damage":0.0,"enemies":"Snecko","floor":31.0,"turns":3.0},{"damage":3.0,"enemies":"Champ","floor":33.0,"turns":4.0},{"damage":0.0,"enemies":"3 Darklings","floor":35.0,"turns":3.0},{"damage":10,"enemies":"3 Shapes","floor":39,"turns":3},{"damage":1,"enemies":"Nemesis","floor":40,"turns":3},{"damage":0,"enemies":"Spire Growth","floor":42,"turns":6},{"damage":0,"enemies":"4 Shapes","floor":44,"turns":2},{"damage":24,"enemies":"Jaw Worm Horde","floor":46,"turns":3},{"damage":3,"enemies":"Time Eater","floor":50,"turns":9}],"seed_played":"-2425098010432476902","potions_obtained":[{"floor":1.0,"key":"ColorlessPotion"},{"floor":19.0,"key":"DistilledChaos"},{"floor":24.0,"key":"LiquidMemories"},{"floor":31.0,"key":"DistilledChaos"},{"floor":34.0,"key":"Dexterity Potion"},{"floor":44,"key":"DistilledChaos"}],"is_trial":false,"path_per_floor":["M","M","?","?","?","R","$","R","T","R","?","R","M","M","R","B",null,"M","M","$","M","$","R","E","R","T","R","M","?","?","M","R","B",null,"M","?","$","?","M","E","R","M","T","M","R","M","$","?","R","B",null],"character_chosen":"WATCHER","items_purchased":["Bag of Preparation","Apotheosis","ClockworkSouvenir"],"campfire_rested":2,"item_purchase_floors":[7,37,47],"current_hp_per_floor":[68,68,61,67,56,56,56,56,56,56,62,62,62,55,55,53,66,65,59,59,59,59,59,47,47,53,53,53,43,49,49,68,65,71,70,60,60,60,50,49,49,49,55,55,55,31,46,46,62,59],"gold":75,"neow_bonus":"","is_daily":true,"chose_seed":false,"campfire_upgraded":10,"win_rate":0.0,"timestamp":1612796538,"path_taken":["M","M","?","?","?","R","$","R","T","R","?","R","?","M","R","BOSS","M","M","$","M","$","R","E","R","T","R","?","?","?","M","R","BOSS","M","?","$","?","M","E","R","M","T","M","R","M","$","?","R","BOSS"],"items_purchased_type":["Relic","Card","Relic"],"build_version":"2020-12-22","purchased_purges":4,"victory":true,"max_hp_per_floor":[70,69,68,73,72,71,70,69,68,67,72,71,70,69,68,67,66,65,64,63,62,61,60,59,58,63,62,61,65,70,69,68,67,71,70,69,68,67,66,65,64,63,68,67,66,65,64,63,62,61],"card_choices":[{"not_picked":["Caltrops","FlyingSleeves","Endless Agony"],"picked":"SKIP","floor":1.0},{"not_picked":["Cloak And Dagger","LikeWater","PathToVictory"],"picked":"SKIP","floor":2.0},{"not_picked":["FollowUp","Distraction","ReachHeaven"],"picked":"SKIP","floor":13.0},{"not_picked":["Reflex","Halt","Prepared"],"picked":"SKIP","floor":14.0},{"not_picked":["Outmaneuver","Crippling Poison","Collect"],"picked":"SKIP","floor":18.0},{"not_picked":["Protect","Prepared","FollowUp+1"],"picked":"SKIP","floor":19.0},{"not_picked":["Burst","FlurryOfBlows","Prostrate"],"picked":"SKIP","floor":21.0},{"not_picked":["PathToVictory+1","WreathOfFlame"],"picked":"Prepared+1","floor":24.0},{"not_picked":["Evaluate","Dagger Throw","EmptyFist"],"picked":"SKIP","floor":28.0},{"not_picked":["Protect+1","Acrobatics","CarveReality"],"picked":"SKIP","floor":31.0},{"not_picked":["Halt+1","Backflip+1","FlurryOfBlows"],"picked":"SKIP","floor":35.0},{"not_picked":["Forethought","Mayhem"],"picked":"Secret Technique","floor":36.0},{"not_picked":["Expertise","FlurryOfBlows+1","Protect+1"],"picked":"SKIP","floor":39},{"not_picked":["Slice","Dagger Throw+1","WaveOfTheHand+1"],"picked":"SKIP","floor":40},{"not_picked":["FlurryOfBlows+1","ThirdEye+1","Eviscerate"],"picked":"SKIP","floor":42},{"not_picked":["Sucker Punch+1","WaveOfTheHand"],"picked":"Adrenaline","floor":44},{"not_picked":["Vengeance+1","Prostrate","Bane+1"],"picked":"SKIP","floor":46}],"player_experience":269596,"relics_obtained":[{"floor":9.0,"key":"Ancient Tea Set"},{"floor":24.0,"key":"Calipers"},{"floor":26.0,"key":"Oddly Smooth Stone"},{"floor":40,"key":"Whetstone"},{"floor":43,"key":"MealTicket"}],"event_choices":[{"damage_healed":0.0,"max_hp_gain":0.0,"max_hp_loss":0.0,"gold_gain":0.0,"event_name":"Scrap Ooze","player_choice":"Success","floor":3.0,"gold_loss":0.0,"damage_taken":7.0,"relics_obtained":["Darkstone Periapt"]},{"damage_healed":0.0,"max_hp_gain":0.0,"max_hp_loss":0.0,"gold_gain":0.0,"event_name":"Golden Idol","player_choice":"Take Wound","floor":4.0,"gold_loss":0.0,"damage_taken":0.0,"relics_obtained":["Golden Idol"],"cards_obtained":["Injury"]},{"damage_healed":0.0,"max_hp_gain":0.0,"max_hp_loss":0.0,"gold_gain":75.0,"event_name":"World of Goop","player_choice":"Gather Gold","floor":5.0,"gold_loss":0.0,"damage_taken":11.0},{"damage_healed":0.0,"max_hp_gain":0.0,"max_hp_loss":0.0,"gold_gain":0.0,"event_name":"Big Fish","player_choice":"Box","floor":11.0,"gold_loss":0.0,"damage_taken":0.0,"relics_obtained":["Pen Nib"],"cards_obtained":["Regret"]},{"damage_healed":0.0,"max_hp_gain":5.0,"max_hp_loss":0.0,"gold_gain":0.0,"event_name":"Forgotten Altar","player_choice":"Shed Blood","floor":29.0,"gold_loss":0.0,"damage_taken":15.0},{"damage_healed":0.0,"max_hp_gain":0.0,"max_hp_loss":0.0,"gold_gain":0.0,"event_name":"Addict","player_choice":"Stole Relic","floor":30.0,"gold_loss":0.0,"damage_taken":0.0,"relics_obtained":["Bag of Marbles"],"cards_obtained":["Shame"]},{"damage_healed":0.0,"max_hp_gain":0.0,"max_hp_loss":0.0,"gold_gain":0.0,"event_name":"SensoryStone","player_choice":"Memory 3","floor":36.0,"gold_loss":0.0,"damage_taken":10.0},{"cards_removed":["Envenom"],"damage_healed":0.0,"max_hp_gain":0.0,"max_hp_loss":0.0,"gold_gain":0.0,"event_name":"Falling","player_choice":"Removed Power","floor":38.0,"gold_loss":0.0,"damage_taken":0.0},{"damage_healed":0,"gold_gain":0,"cards_transformed":["Judgement"],"player_choice":"Transformed","damage_taken":0,"max_hp_gain":0,"max_hp_loss":0,"event_name":"Transmorgrifier","floor":48,"gold_loss":0,"cards_obtained":["Blur"]}],"is_beta":false,"boss_relics":[{"not_picked":["Ectoplasm","Black Star"],"picked":"Cursed Key"},{"not_picked":["Fusion Hammer","Snecko Eye"],"picked":"Tiny House"}],"items_purged_floors":[7,20,22,37],"is_endless":false,"potions_floor_spawned":[1,19,24,28,31,44],"ascension_level":0}}