{"host":"s5d39dhq0ddhxhke","time":1612788571,"event":{"mods":["AchievementEnabler","BaseMod","Colored Map","Minty Spire (QoL Compilation)","Smile Girya","SuperFastMode"],"gold_per_floor":[113,127,142,160,177,177,190,203,203,203,232,251,326,344,344,444,444,456,456,456,381,156,156,189,189,216,316,231,231,258,274,274,371,371,391,391,391,44,62,62,62,62,62,82,107,124,124,124,124,124,124],"floor_reached":50,"language":"ENG","playtime":2465,"items_purged":["Strike_G","Accuracy+1"],"score":820,"play_id":"ec8cffc7-f1b3-477f-a01a-6fddc4d86a4e","local_time":"20210208144931","is_ascension_mode":true,"campfire_choices":[{"data":"Noxious Fumes","floor":6.0,"key":"SMITH"},{"floor":10.0,"key":"REST"},{"floor":15.0,"key":"REST"},{"floor":23.0,"key":"REST"},{"floor":25.0,"key":"REST"},{"floor":29.0,"key":"REST"},{"floor":32.0,"key":"REST"},{"floor":40.0,"key":"REST"},{"data":"Choke","floor":42.0,"key":"PURGE"},{"floor":47,"key":"REST"},{"floor":49,"key":"REST"}],"circlet_count":0,"master_deck":["AscendersBane","Survivor","Dagger Throw","Noxious Fumes+1","Noxious Fumes","Backflip","Catalyst","Blur","PiercingWail","Deadly Poison","Wraith Form v2","Outmaneuver","Calculated Gamble","Burst","Noxious Fumes+1","Blur","Envenom+1","Riddle With Holes","Backstab","PiercingWail","Master of Strategy","Noxious Fumes+1"],"relics":["Ring of the Snake","Question Card","Odd Mushroom","SlaversCollar","Nilry\u0027s Codex","Snake Skull","Bag of Preparation","Happy Flower","Peace Pipe","Frozen Egg 2","CaptainsWheel","MealTicket","Pandora\u0027s Box","Paper Crane","The Courier","Gambling Chip"],"acts_visited":["Exordium","TheCity","TheBeyond"],"potions_floor_usage":[46,50],"damage_taken":[{"damage":3.0,"enemies":"Cultist","floor":1.0,"turns":5.0},{"damage":2.0,"enemies":"2 Louse","floor":2.0,"turns":3.0},{"damage":0.0,"enemies":"Jaw Worm","floor":3.0,"turns":6.0},{"damage":15.0,"enemies":"3 Louse","floor":4.0,"turns":4.0},{"damage":9.0,"enemies":"Large Slime","floor":5.0,"turns":4.0},{"damage":14.0,"enemies":"Exordium Wildlife","floor":7.0,"turns":6.0},{"damage":3.0,"enemies":"Looter","floor":8.0,"turns":4.0},{"damage":13.0,"enemies":"The Mushroom Lair","floor":11.0,"turns":3.0},{"damage":9.0,"enemies":"Blue Slaver","floor":12.0,"turns":6.0},{"damage":0.0,"enemies":"3 Louse","floor":14.0,"turns":4.0},{"damage":18.0,"enemies":"Hexaghost","floor":16.0,"turns":9.0},{"damage":46.0,"enemies":"Chosen","floor":18.0,"turns":7.0},{"damage":10.0,"enemies":"Gremlin Leader","floor":24.0,"turns":7.0},{"damage":19.0,"enemies":"Colosseum Slavers","floor":27.0,"turns":7.0},{"damage":22.0,"enemies":"Colosseum Nobs","floor":27.0,"turns":5.0},{"damage":14.0,"enemies":"3 Byrds","floor":31.0,"turns":5.0},{"damage":29.0,"enemies":"Collector","floor":33.0,"turns":7.0},{"damage":22.0,"enemies":"3 Darklings","floor":35.0,"turns":5.0},{"damage":14.0,"enemies":"Orb Walker","floor":39.0,"turns":5.0},{"damage":39.0,"enemies":"Jaw Worm Horde","floor":44.0,"turns":4.0},{"damage":0,"enemies":"Giant Head","floor":45,"turns":8},{"damage":29,"enemies":"Spire Growth","floor":46,"turns":6},{"damage":68,"enemies":"Awakened One","floor":50,"turns":5}],"seed_played":"8121760818431669213","potions_obtained":[{"floor":3.0,"key":"Fire Potion"},{"floor":4.0,"key":"CultistPotion"},{"floor":5.0,"key":"Weak Potion"},{"floor":8.0,"key":"GamblersBrew"},{"floor":12.0,"key":"ColorlessPotion"},{"floor":18.0,"key":"ColorlessPotion"},{"floor":33.0,"key":"Regen Potion"},{"floor":35.0,"key":"Fruit Juice"},{"floor":46,"key":"LiquidMemories"}],"is_trial":false,"path_per_floor":["M","M","M","M","M","R","M","M","T","R","?","M","?","M","R","B",null,"M","?","?","?","$","R","E","R","T","?","?","R","T","M","R","B",null,"M","?","?","$","M","R","?","R","T","M","E","M","R","?","R","B"],"character_chosen":"THE_SILENT","items_purchased":["Snake Skull","Paper Crane"],"campfire_rested":9,"item_purchase_floors":[22,38],"current_hp_per_floor":[67,65,65,50,41,41,27,24,24,47,34,25,14,14,37,19,63,17,42,26,26,26,49,39,62,62,21,21,44,44,30,53,24,64,42,42,42,57,43,66,66,66,66,32,32,18,42,42,66,0,0],"gold":124,"neow_bonus":"TEN_PERCENT_HP_BONUS","is_daily":false,"chose_seed":false,"campfire_upgraded":1,"win_rate":0.0,"timestamp":1612788571,"path_taken":["M","M","M","M","?","R","M","M","T","R","?","M","?","M","R","BOSS","M","?","?","?","$","R","E","R","T","?","?","R","?","M","R","BOSS","M","?","?","$","M","R","?","R","T","?","E","M","R","?","R","BOSS"],"items_purchased_type":["Relic","Relic"],"build_version":"2020-12-22","purchased_purges":2,"victory":false,"max_hp_per_floor":[77,77,77,77,77,77,77,77,77,77,77,77,77,77,77,77,77,77,77,77,77,77,77,77,77,77,77,77,77,77,77,77,77,77,77,77,77,77,77,77,77,77,77,82,82,82,82,82,82,82,82],"card_choices":[{"not_picked":["Deflect","Acrobatics"],"picked":"Dagger Throw","floor":1.0},{"not_picked":["Deadly Poison","Setup"],"picked":"Noxious Fumes","floor":2.0},{"not_picked":["Heel Hook","Bane"],"picked":"Noxious Fumes","floor":3.0},{"not_picked":["Flechettes","Cloak And Dagger","Setup"],"picked":"SKIP","floor":4.0},{"not_picked":["Caltrops","Flying Knee","Deflect"],"picked":"SKIP","floor":5.0},{"not_picked":["A Thousand Cuts","Prepared"],"picked":"Backflip","floor":7.0},{"not_picked":["Quick Slash","Endless Agony"],"picked":"Catalyst","floor":8.0},{"not_picked":["Prepared","Quick Slash","Dagger Throw"],"picked":"Blur","floor":11.0},{"not_picked":["After Image","Accuracy","Prepared"],"picked":"PiercingWail","floor":12.0},{"not_picked":["Acrobatics","Reflex","Backflip"],"picked":"Deadly Poison","floor":14.0},{"not_picked":["Bullet Time","Envenom","Grand Finale"],"picked":"Wraith Form v2","floor":16.0},{"not_picked":["Blade Dance","Choke","Dodge and Roll"],"picked":"Outmaneuver","floor":18.0},{"not_picked":["Quick Slash+1","Flying Knee+1","Heel Hook"],"picked":"Calculated Gamble","floor":24.0},{"not_picked":["Blade Dance","PiercingWail","Well Laid Plans+1"],"picked":"Burst","floor":27.0},{"not_picked":["Backflip","PiercingWail","Skewer+1","Predator"],"picked":"SKIP","floor":31.0},{"not_picked":["Dagger Throw","Deadly Poison","Cloak And Dagger","Terror+1"],"picked":"SKIP","floor":35.0},{"not_picked":["Forethought","Blind","Jack Of All Trades"],"picked":"Master of Strategy","floor":36.0},{"not_picked":["Calculated Gamble","Deflect+1","Dagger Throw+1","PiercingWail+1"],"picked":"SKIP","floor":39.0},{"not_picked":["Dagger Throw+1","Dodge and Roll+1","Deadly Poison+1"],"picked":"Noxious Fumes+1","floor":44.0},{"not_picked":["Quick Slash+1","Terror+1","Blade Dance","Deflect"],"picked":"SKIP","floor":45},{"not_picked":["Backflip","Masterful Stab","All Out Attack","Heel Hook+1"],"picked":"SKIP","floor":46}],"player_experience":493118,"relics_obtained":[{"floor":9.0,"key":"Question Card"},{"floor":11.0,"key":"Odd Mushroom"},{"floor":20.0,"key":"Nilry\u0027s Codex"},{"floor":24.0,"key":"Bag of Preparation"},{"floor":26.0,"key":"Happy Flower"},{"floor":27.0,"key":"Peace Pipe"},{"floor":27.0,"key":"Frozen Egg 2"},{"floor":30.0,"key":"MealTicket"},{"floor":43.0,"key":"The Courier"},{"floor":45,"key":"Gambling Chip"}],"event_choices":[{"damage_healed":0.0,"max_hp_gain":0.0,"max_hp_loss":0.0,"gold_gain":0.0,"event_name":"Mushrooms","player_choice":"Fought Mushrooms","floor":11.0,"gold_loss":0.0,"damage_taken":0.0},{"damage_healed":0.0,"max_hp_gain":0.0,"max_hp_loss":0.0,"gold_gain":75.0,"event_name":"World of Goop","player_choice":"Gather Gold","floor":13.0,"gold_loss":0.0,"damage_taken":11.0},{"damage_healed":25.0,"max_hp_gain":0.0,"max_hp_loss":0.0,"gold_gain":0.0,"event_name":"The Library","player_choice":"Heal","floor":19.0,"gold_loss":0.0,"damage_taken":0.0},{"damage_healed":0.0,"max_hp_gain":0.0,"max_hp_loss":0.0,"gold_gain":0.0,"event_name":"Cursed Tome","player_choice":"Obtained Book","floor":20.0,"gold_loss":0.0,"damage_taken":16.0},{"cards_removed":["Strike_G"],"damage_healed":0.0,"max_hp_gain":0.0,"max_hp_loss":0.0,"gold_gain":0.0,"event_name":"Beggar","player_choice":"Gave Gold","floor":21.0,"gold_loss":75.0,"damage_taken":0.0},{"damage_healed":0.0,"max_hp_gain":0.0,"max_hp_loss":0.0,"gold_gain":0.0,"event_name":"Colosseum","player_choice":"Fight","floor":27.0,"gold_loss":0.0,"damage_taken":0.0},{"damage_healed":0.0,"max_hp_gain":0.0,"max_hp_loss":0.0,"gold_gain":0.0,"event_name":"Colosseum","player_choice":"Fought Nobs","floor":27.0,"gold_loss":0.0,"damage_taken":0.0},{"damage_healed":0.0,"max_hp_gain":0.0,"max_hp_loss":0.0,"gold_gain":0.0,"event_name":"Addict","player_choice":"Obtained Relic","floor":28.0,"gold_loss":85.0,"damage_taken":0.0,"relics_obtained":["CaptainsWheel"]},{"damage_healed":0.0,"max_hp_gain":0.0,"max_hp_loss":0.0,"gold_gain":0.0,"event_name":"SensoryStone","player_choice":"Memory 1","floor":36.0,"gold_loss":0.0,"damage_taken":0.0},{"damage_healed":0.0,"max_hp_gain":0.0,"max_hp_loss":0.0,"gold_gain":0.0,"event_name":"Tomb of Lord Red Mask","player_choice":"Ignored","floor":37.0,"gold_loss":0.0,"damage_taken":0.0},{"cards_removed":["Neutralize"],"damage_healed":0.0,"max_hp_gain":0.0,"max_hp_loss":0.0,"gold_gain":0.0,"event_name":"Falling","player_choice":"Removed Attack","floor":41.0,"gold_loss":0.0,"damage_taken":0.0},{"damage_healed":0,"gold_gain":0,"player_choice":"Ignored","damage_taken":0,"max_hp_gain":0,"max_hp_loss":0,"event_name":"SecretPortal","floor":48,"gold_loss":0}],"is_beta":false,"boss_relics":[{"not_picked":["Runic Pyramid","Philosopher\u0027s Stone"],"picked":"SlaversCollar"},{"not_picked":["Coffee Dripper","Cursed Key"],"picked":"Pandora\u0027s Box"}],"items_purged_floors":[22,38],"is_endless":false,"potions_floor_spawned":[3,4,5,8,12,18,33,35,46],"killed_by":"Awakened One","ascension_level":10}}