{"host":"a1eatafr7pisesky","time":1612784684,"event":{"mods":["AchievementEnabler","BaseMod","Colored Map","Keyboard Shortcuts","Minty Spire (QoL Compilation)","Say the Spire","StSLib","SuperFastMode","everything is the same but u backflip on backflip"],"gold_per_floor":[114,114,133,208,208,208,240,240,240,18,29,59,72,88,88,88,88],"floor_reached":16,"language":"KOR","playtime":214,"items_purged":["Strike_B"],"score":236,"play_id":"f6571d50-8ce6-4c84-b1ef-9833426aeea4","local_time":"20210208204444","is_ascension_mode":true,"campfire_choices":[{"data":"Zap","floor":6,"key":"SMITH"},{"data":"Dualcast","floor":8,"key":"SMITH"},{"data":"Fission","floor":15,"key":"SMITH"}],"circlet_count":0,"master_deck":["AscendersBane","Strike_B","Strike_B","Defend_B","Defend_B","Defend_B","Defend_B","Zap+1","Dualcast+1","Beam Cell","Barrage","Defragment","Doom and Gloom","Genetic Algorithm","Fission+1","Self Repair","Lockon"],"relics":["Cracked Core","NeowsBlessing","Oddly Smooth Stone","Pen Nib","Omamori"],"acts_visited":["Exordium"],"potions_floor_usage":[16],"damage_taken":[{"damage":0,"enemies":"Jaw Worm","floor":1,"turns":1},{"damage":0,"enemies":"2 Louse","floor":3,"turns":1},{"damage":0,"enemies":"3 Sentries","floor":7,"turns":1},{"damage":0,"enemies":"Cultist","floor":11,"turns":3},{"damage":22,"enemies":"Lagavulin","floor":12,"turns":5},{"damage":2,"enemies":"Red Slaver","floor":13,"turns":4},{"damage":15,"enemies":"2 Fungi Beasts","floor":14,"turns":3},{"damage":24,"enemies":"Slime Boss","floor":16,"turns":6}],"seed_played":"-7080542953635447906","potions_obtained":[{"floor":3,"key":"BlessingOfTheForge"},{"floor":7,"key":"SpeedPotion"},{"floor":14,"key":"Regen Potion"}],"is_trial":false,"path_per_floor":["M","?","M","?","?","R","E","R","T","$","M","E","M","M","R","B"],"character_chosen":"DEFECT","items_purchased":["Defragment","Doom and Gloom"],"campfire_rested":0,"item_purchase_floors":[10,10],"current_hp_per_floor":[64,69,69,58,58,58,58,58,58,58,58,36,34,26,26,14,14],"gold":88,"neow_bonus":"THREE_ENEMY_KILL","is_daily":false,"chose_seed":false,"campfire_upgraded":3,"win_rate":0.0,"timestamp":1612784684,"path_taken":["M","?","M","?","?","R","E","R","T","$","M","E","?","M","R","BOSS"],"items_purchased_type":["Card","Card"],"build_version":"2020-12-22","purchased_purges":1,"victory":false,"max_hp_per_floor":[71,76,76,76,76,76,76,76,76,76,76,76,76,76,76,76,76],"card_choices":[{"not_picked":["Melter","Turbo"],"picked":"Beam Cell","floor":1},{"not_picked":["Conserve Battery","Stack"],"picked":"Barrage","floor":3},{"not_picked":["Turbo","Hologram","Barrage"],"picked":"SKIP","floor":7},{"not_picked":["Coolheaded","Tempest"],"picked":"Genetic Algorithm","floor":11},{"not_picked":["Steam Power","Sweeping Beam"],"picked":"Fission","floor":12},{"not_picked":["Barrage","Sweeping Beam"],"picked":"Self Repair","floor":13},{"not_picked":["Force Field","Auto Shields"],"picked":"Lockon","floor":14}],"player_experience":423174,"relics_obtained":[{"floor":7,"key":"Oddly Smooth Stone"},{"floor":9,"key":"Pen Nib"},{"floor":12,"key":"Omamori"}],"event_choices":[{"damage_healed":0,"gold_gain":0,"player_choice":"Donut","damage_taken":0,"max_hp_gain":5,"max_hp_loss":0,"event_name":"Big Fish","floor":2,"gold_loss":0},{"damage_healed":0,"gold_gain":75,"player_choice":"Gather Gold","damage_taken":11,"max_hp_gain":0,"max_hp_loss":0,"event_name":"World of Goop","floor":4,"gold_loss":0},{"cards_removed":["Strike_B"],"damage_healed":0,"gold_gain":0,"player_choice":"Purged","damage_taken":0,"max_hp_gain":0,"max_hp_loss":0,"event_name":"Purifier","floor":5,"gold_loss":0}],"is_beta":false,"boss_relics":[],"items_purged_floors":[10],"is_endless":false,"potions_floor_spawned":[3,7,14],"killed_by":"Slime Boss","ascension_level":15}}