{"host":"ul3z8ex5o8l5j7mh","time":1612807022,"event":{"mods":["AchievementEnabler","BaseMod","Bestiary","Colored Map","Colored Powertips","DeckTracker","Keyboard Shortcuts","Minty Spire (QoL Compilation)","SuperFastMode"],"gold_per_floor":[112,127,137,137,137,137,164,177,259,94,94,94,113,125,125,221,221,202,58,76,28,28,28,58,58,105,105,123,138,138,138],"floor_reached":30,"language":"ENG","playtime":1381,"items_purged":["Strike_G"],"score":275,"play_id":"3dca8b84-b398-451b-b6de-e378a4d205f8","local_time":"20210208185702","is_ascension_mode":true,"campfire_choices":[{"data":"Survivor","floor":6.0,"key":"SMITH"},{"data":"Chrysalis","floor":11.0,"key":"SMITH"},{"floor":15,"key":"REST"},{"floor":23,"key":"REST"},{"floor":25,"key":"REST"},{"data":"Envenom","floor":27,"key":"SMITH"}],"circlet_count":0,"master_deck":["Strike_G","Strike_G","Strike_G","Strike_G","Defend_G","Defend_G","Defend_G","Defend_G","Survivor+1","Neutralize+1","Underhanded Strike","Finisher","Sucker Punch","Dagger Spray","Underhanded Strike","Chrysalis+1","Finisher","Blur","Envenom+1","Envenom","Deadly Poison+1","Footwork","Deflect","Dagger Throw","Flying Knee"],"relics":["Ring of the Snake","Du-Vu Doll","PreservedInsect","Gremlin Horn","Busted Crown","Vajra","Mummified Hand","Art of War"],"acts_visited":["Exordium","TheCity"],"potions_floor_usage":[14,16,18,24,30],"damage_taken":[{"damage":10.0,"enemies":"Cultist","floor":1.0,"turns":4.0},{"damage":4.0,"enemies":"Jaw Worm","floor":2.0,"turns":3.0},{"damage":0.0,"enemies":"2 Louse","floor":3.0,"turns":2.0},{"damage":5.0,"enemies":"Gremlin Nob","floor":7.0,"turns":4.0},{"damage":0.0,"enemies":"Lots of Slimes","floor":8.0,"turns":1.0},{"damage":16,"enemies":"Gremlin Gang","floor":13,"turns":5},{"damage":6,"enemies":"2 Fungi Beasts","floor":14,"turns":3},{"damage":34,"enemies":"The Guardian","floor":16,"turns":8},{"damage":20,"enemies":"2 Thieves","floor":18,"turns":4},{"damage":30,"enemies":"Shell Parasite","floor":20,"turns":6},{"damage":15,"enemies":"Book of Stabbing","floor":24,"turns":5},{"damage":38,"enemies":"3 Cultists","floor":28,"turns":5},{"damage":16,"enemies":"Centurion and Healer","floor":29,"turns":7},{"damage":10,"enemies":"Snake Plant","floor":30,"turns":1}],"seed_played":"8385887142736350409","potions_obtained":[{"floor":1.0,"key":"EntropicBrew"},{"floor":7.0,"key":"Explosive Potion"},{"floor":13,"key":"Poison Potion"},{"floor":14,"key":"BlessingOfTheForge"},{"floor":16,"key":"Strength Potion"},{"floor":20,"key":"LiquidMemories"},{"floor":29,"key":"CunningPotion"}],"is_trial":false,"path_per_floor":["M","M","M","?","?","R","E","M","T","$","R","?","M","M","R","B",null,"M","$","M","$","T","R","E","R","T","R","M","M","M"],"character_chosen":"THE_SILENT","items_purchased":["Chrysalis","Footwork","Deflect"],"campfire_rested":3,"item_purchase_floors":[10,19,21],"current_hp_per_floor":[67,63,63,45,45,45,40,40,40,40,40,40,24,18,41,7,77,57,57,27,27,27,50,35,58,58,58,20,4,0,0],"gold":138,"neow_bonus":"TEN_PERCENT_HP_BONUS","is_daily":false,"chose_seed":false,"campfire_upgraded":3,"win_rate":0.0,"timestamp":1612807022,"path_taken":["M","?","M","?","?","R","E","M","T","$","R","?","M","M","R","BOSS","M","?","?","$","?","R","E","R","T","R","M","M","M"],"items_purchased_type":["Card","Card","Card"],"build_version":"2020-12-22","purchased_purges":1,"victory":false,"max_hp_per_floor":[77,77,77,77,77,77,77,77,77,77,77,77,77,77,77,77,77,77,77,77,77,77,77,77,77,77,77,77,77,77,77],"card_choices":[{"not_picked":["Riddle With Holes","Prepared"],"picked":"Underhanded Strike","floor":1.0},{"not_picked":["Choke","Cloak And Dagger"],"picked":"Finisher","floor":2.0},{"not_picked":["Footwork","Calculated Gamble"],"picked":"Sucker Punch","floor":3.0},{"not_picked":["Dagger Throw","Endless Agony"],"picked":"Dagger Spray","floor":7.0},{"not_picked":["Skewer","Prepared"],"picked":"Underhanded Strike","floor":8.0},{"not_picked":["Slice","Cloak And Dagger"],"picked":"Blur","floor":13},{"not_picked":["Slice","Sucker Punch"],"picked":"Envenom","floor":14},{"not_picked":["Die Die Die","Wraith Form v2"],"picked":"Envenom","floor":16},{"not_picked":[],"picked":"Deadly Poison+1","floor":18},{"not_picked":["Riddle With Holes+1"],"picked":"SKIP","floor":20},{"not_picked":[],"picked":"Dagger Throw","floor":24},{"not_picked":["Sucker Punch"],"picked":"SKIP","floor":28},{"not_picked":[],"picked":"Flying Knee","floor":29}],"player_experience":332690,"relics_obtained":[{"floor":7.0,"key":"PreservedInsect"},{"floor":9.0,"key":"Gremlin Horn"},{"floor":22,"key":"Vajra"},{"floor":24,"key":"Mummified Hand"},{"floor":26,"key":"Art of War"}],"event_choices":[{"damage_healed":0.0,"max_hp_gain":0.0,"max_hp_loss":0.0,"gold_gain":0.0,"event_name":"Scrap Ooze","player_choice":"Success","floor":4.0,"gold_loss":0.0,"damage_taken":18.0,"relics_obtained":["Du-Vu Doll"]},{"damage_healed":0.0,"max_hp_gain":0.0,"max_hp_loss":0.0,"gold_gain":0.0,"event_name":"Living Wall","player_choice":"Grow","floor":5.0,"gold_loss":0.0,"damage_taken":0.0,"cards_upgraded":["Neutralize"]},{"damage_healed":0.0,"max_hp_gain":0.0,"max_hp_loss":0.0,"gold_gain":0.0,"cards_transformed":["Defend_G"],"event_name":"Transmorgrifier","player_choice":"Transformed","floor":12.0,"gold_loss":0.0,"damage_taken":0.0,"cards_obtained":["Finisher"]}],"is_beta":false,"boss_relics":[{"not_picked":["Philosopher\u0027s Stone","Velvet Choker"],"picked":"Busted Crown"}],"items_purged_floors":[19],"is_endless":false,"potions_floor_spawned":[1,7,13,14,16,20,29],"killed_by":"Snake Plant","ascension_level":2}}