{"host":"hf83sijwe64ts2lm","time":1612824062,"event":{"mods":["2.2 Compatiblity","BaseMod","Better Altar","Better Match","Better Note","Better Sensory Stone","Better Skull","Better Third Choice","Colored Map","Colored Powertips","Highlight Path","Hubris","Infinite Spire","Minty Spire (QoL Compilation)","Quick Restart","Rare Cards Sparkle","Relic Stats","Reliquary","Replay The Spire","Shop Mod","Spicy Shops","Spire Arcade","StSLib","Thieving Mod"],"gold_per_floor":[113,129,143,156,156,187,187,219,244,244,259,286,286,301,301,397,397,415,200,200,228,263,263,263,263],"floor_reached":24,"language":"ENG","playtime":494,"items_purged":[],"score":306,"play_id":"ac54b439-0255-4aab-a184-031f3047a31b","local_time":"20210208174102","is_ascension_mode":true,"campfire_choices":[{"floor":7.0,"key":"RECALL"},{"floor":10.0,"key":"REST"},{"data":"Spot Weakness","floor":15,"key":"SMITH"},{"floor":23,"key":"REST"}],"circlet_count":0,"master_deck":["Strike_R","Strike_R","Strike_R","Strike_R","Strike_R","Defend_R","Defend_R","Defend_R","Defend_R","Bash","Inflame","ReplayTheSpireMod:LeadingStrike+1","Perfected Strike","Heavy Blade","Flex","Bludgeon","Anger","Spot Weakness+1","Anger","Demon Form","Wild Strike","hubris:Greed","ReplayTheSpireMod:Stacked","ReplayTheSpireMod:Stacked","Cleave","hubris:Greed","Backflip","hubris:Greed","ReplayTheSpireMod:Strike From Hell"],"relics":["Burning Blood","NeowsBlessing","reliquary:SharkskinSheath","reliquary:FerryPass","Centennial Puzzle","FaceOfCleric","Runic Pyramid","ReplayTheSpireMod:CursedCoin","hubris:DisguiseKit"],"acts_visited":["Exordium","TheCity"],"potions_floor_usage":[20,21,22,24],"damage_taken":[{"damage":0.0,"enemies":"2 Louse","floor":1.0,"turns":1.0},{"damage":0.0,"enemies":"Cultist","floor":2.0,"turns":1.0},{"damage":0.0,"enemies":"Small Slimes","floor":3.0,"turns":1.0},{"damage":20.0,"enemies":"2 Fungi Beasts","floor":4.0,"turns":3.0},{"damage":12.0,"enemies":"Replay:BlueRogue","floor":6.0,"turns":1.0},{"damage":30.0,"enemies":"3 Sentries","floor":8.0,"turns":6.0},{"damage":10.0,"enemies":"Large Slime","floor":11.0,"turns":4.0},{"damage":40.0,"enemies":"Lagavulin","floor":12.0,"turns":4.0},{"damage":21,"enemies":"Blue Slaver","floor":14,"turns":3},{"damage":7,"enemies":"Slime Boss","floor":16,"turns":6},{"damage":6,"enemies":"Spheric Guardian","floor":18,"turns":3},{"damage":0,"enemies":"2 Thieves","floor":20,"turns":1},{"damage":26,"enemies":"Centurion and Healer","floor":21,"turns":4},{"damage":20,"enemies":"Snake Plant","floor":22,"turns":4},{"damage":76,"enemies":"Gremlin Leader","floor":24,"turns":7}],"seed_played":"-4694387277186155793","potions_obtained":[{"floor":1.0,"key":"Death Potion"},{"floor":2.0,"key":"ColorlessPotion"},{"floor":3.0,"key":"Block Potion"},{"floor":8.0,"key":"DistilledChaos"},{"floor":12.0,"key":"GamblersBrew"},{"floor":14,"key":"SmokeBomb"},{"floor":18,"key":"Toxic Potion"},{"floor":21,"key":"BlessingOfTheForge"},{"floor":22,"key":"Swift Potion"}],"is_trial":false,"path_per_floor":["M","M","M","M","?","E","R","E","T","R","M","E","?","M","R_BF","B",null,"M","$","M","M","M","R","E"],"character_chosen":"IRONCLAD","items_purchased":["ReplayTheSpireMod:CursedCoin","hubris:DisguiseKit","ReplayTheSpireMod:Stacked","Cleave"],"campfire_rested":2,"item_purchase_floors":[19,19,19,19],"current_hp_per_floor":[80,80,80,66,66,60,60,36,36,60,56,22,22,8,8,8,64,65,65,72,53,40,65,0,0],"gold":263,"neow_bonus":"THREE_ENEMY_KILL","is_daily":false,"chose_seed":false,"campfire_upgraded":1,"win_rate":0.0,"timestamp":1612824062,"path_taken":["M","M","M","M","?","E","R","E","T","R","M","E","?","?","R_BF","BOSS","M","$","?","M","M","R","E"],"items_purchased_type":["Relic","Relic","Card","Card"],"build_version":"2020-12-22","purchased_purges":0,"victory":false,"max_hp_per_floor":[80,80,80,80,80,80,80,80,80,80,80,80,80,81,81,82,82,83,83,84,85,86,86,86,86],"relic_stats":{"Centennial Puzzle":[18],"FaceOfCleric":6,"counters":[15,49],"obtain_stats":[{"hubris:DisguiseKit":19,"Centennial Puzzle":12,"NeowsBlessing":0,"FaceOfCleric":13,"ReplayTheSpireMod:CursedCoin":19,"Burning Blood":0,"reliquary:SharkskinSheath":6,"reliquary:FerryPass":8,"Runic Pyramid":17},{"hubris:DisguiseKit":11,"Centennial Puzzle":8,"NeowsBlessing":0,"FaceOfCleric":8,"ReplayTheSpireMod:CursedCoin":11,"Burning Blood":0,"reliquary:SharkskinSheath":5,"reliquary:FerryPass":6,"Runic Pyramid":10},{"hubris:DisguiseKit":33,"Centennial Puzzle":21,"NeowsBlessing":0,"FaceOfCleric":21,"ReplayTheSpireMod:CursedCoin":33,"Burning Blood":0,"reliquary:SharkskinSheath":7,"reliquary:FerryPass":13,"Runic Pyramid":30}],"Burning Blood":66},"card_choices":[{"not_picked":["Sword Boomerang","ReplayTheSpireMod:Stacked"],"picked":"Inflame","floor":1.0},{"not_picked":["Power Through","Headbutt"],"picked":"ReplayTheSpireMod:LeadingStrike","floor":2.0},{"not_picked":["Body Slam","Searing Blow"],"picked":"Perfected Strike","floor":3.0},{"not_picked":["Havoc","hubris:ReadiedAction"],"picked":"Heavy Blade","floor":4.0},{"not_picked":["Uppercut","Run Through"],"picked":"Flex","floor":6.0},{"not_picked":["Abandon","Body Slam"],"picked":"Bludgeon","floor":8.0},{"not_picked":["hubris:CleavingFinish","Evolve"],"picked":"Anger","floor":11.0},{"not_picked":["Ghostly Armor","Burning Pact"],"picked":"Spot Weakness","floor":12.0},{"not_picked":["Armaments","Replay:Undeath\u0027s Touch"],"picked":"Anger","floor":14},{"not_picked":["Barricade","Replay:Many Hands"],"picked":"Demon Form","floor":16},{"not_picked":["Havoc","Pommel Strike"],"picked":"Wild Strike","floor":18},{"not_picked":["Pommel Strike","Replay:Undeath\u0027s Touch","Clash"],"picked":"Backflip","floor":21},{"not_picked":["Second Wind","Reckless Charge","Draining Mist"],"picked":"ReplayTheSpireMod:Strike From Hell","floor":22}],"player_experience":161194,"relics_obtained":[{"floor":6.0,"key":"reliquary:SharkskinSheath"},{"floor":8.0,"key":"reliquary:FerryPass"},{"floor":12.0,"key":"Centennial Puzzle"}],"event_choices":[{"damage_healed":0.0,"max_hp_gain":0.0,"max_hp_loss":0.0,"gold_gain":0.0,"event_name":"Living Wall","player_choice":"Grow","floor":5.0,"gold_loss":0.0,"damage_taken":0.0,"cards_upgraded":["ReplayTheSpireMod:LeadingStrike"]},{"damage_healed":0.0,"max_hp_gain":0.0,"max_hp_loss":0.0,"gold_gain":0.0,"event_name":"FaceTrader","player_choice":"Trade","floor":13.0,"gold_loss":0.0,"damage_taken":0.0,"relics_obtained":["FaceOfCleric"]}],"is_beta":false,"boss_relics":[{"not_picked":["Replay:Grab Bag","Busted Crown"],"picked":"Runic Pyramid"}],"items_purged_floors":[],"is_endless":false,"potions_floor_spawned":[1,2,3,8,12,14,18,21,22],"killed_by":"Gremlin Leader","ascension_level":5}}