{"host":"j019w4cyowrad0mf","time":1612749327,"event":{"mods":["2.2 Compatiblity","Act Like it!","Arknights","BaseMod","CapriCore","Gensokyo","HololiveMod","Marisa????????","Minty Spire (QoL Compilation)","Rare Cards Sparkle","Reimu??????","StSLib","Waifu the Spire"],"gold_per_floor":[116,46,46,46,46,73,73,85,85,102,122,134,9,40,40,137,187,206,221,240,257,29,29,29,29],"floor_reached":24,"language":"ENG","playtime":2177,"items_purged":[],"score":233,"play_id":"e493b7a0-ae19-4c87-8d20-cf0e7d5a457d","local_time":"20210207175527","is_ascension_mode":false,"campfire_choices":[{"data":"ats:Part Time Job","floor":7.0,"key":"SMITH"},{"data":"ats:Literary Storm","floor":15.0,"key":"SMITH"},{"floor":23,"key":"REST"}],"circlet_count":0,"master_deck":["ats:Strike C","ats:Strike G+1","ats:Strike S","ats:Strike V","ats:Defend+1","ats:Defend","ats:Defend+1","ats:Defend","ats:Emotion Absorption","ats:Literary Storm+1","ats:Part Time Job+1","ats:Blood Oath+1","ats:Thermite Blade+1","ats:Thermite Blade+1","ats:Chain Hook+1","ats:Counter Healing Mode","ats:Roar Of Ursus","ats:Red Shift+1","ats:Consecutive Shot Auto+1","ats:Explosion Area Strengthen+1","ats:Very Hot Blade+1","ats:Flame Of Heaven","Gensokyo:HAARP","Gensokyo:TarnishedGold"],"relics":["ats:Sanity","NeowsBlessing","Strawberry","Happy Flower","Molten Egg 2","ats:Originium","ats:Berate","ats:Ability Aura","Bag of Marbles","Tiny House","Frozen Eye"],"acts_visited":["Exordium","Gensokyo:Gensokyo"],"potions_floor_usage":[20,24,24],"damage_taken":[{"damage":0.0,"enemies":"Gensokyo:Gryphon","floor":1.0,"turns":1.0},{"damage":0.0,"enemies":"Gensokyo:Cirno","floor":6.0,"turns":2.0},{"damage":0.0,"enemies":"Gensokyo:3_Fairies","floor":8.0,"turns":2.0},{"damage":0.0,"enemies":"Gensokyo:2_Kodama","floor":10.0,"turns":4.0},{"damage":10.0,"enemies":"Gensokyo:5_Fairies","floor":11.0,"turns":6.0},{"damage":6.0,"enemies":"Gensokyo:3_Kodama","floor":12.0,"turns":4.0},{"damage":24.0,"enemies":"Gensokyo:Mamizou","floor":14.0,"turns":8.0},{"damage":25.0,"enemies":"Gensokyo:Reimu","floor":16.0,"turns":9.0},{"damage":0.0,"enemies":"Gensokyo:AngelMirror","floor":18.0,"turns":1.0},{"damage":6.0,"enemies":"Gensokyo:2_Gloops","floor":19.0,"turns":4.0},{"damage":11,"enemies":"Gensokyo:Mirror_and_Dog","floor":20,"turns":4},{"damage":84,"enemies":"Gensokyo:3_Gloops","floor":21,"turns":7},{"damage":63,"enemies":"Gensokyo:Koishi","floor":24,"turns":6}],"seed_played":"5678311258853680642","potions_obtained":[{"floor":10.0,"key":"Dexterity Potion"},{"floor":11.0,"key":"BlessingOfTheForge"},{"floor":17.0,"key":"AttackPotion"},{"floor":21,"key":"ats:Burn Small Potion"}],"is_trial":false,"path_per_floor":["M","?","?","?","T","E","R","M","T","M","M","M","$","E","R","B",null,"M","M","M","M","COS","R","E"],"character_chosen":"DOCTOR_CLASS","items_purchased":["ats:Counter Healing Mode","AttackPotion"],"campfire_rested":1,"item_purchase_floors":[13,13],"current_hp_per_floor":[72,72,69,69,69,69,69,71,71,79,79,79,79,72,72,74,84,84,81,74,17,17,42,0,0],"gold":29,"neow_bonus":"THREE_ENEMY_KILL","is_daily":false,"chose_seed":false,"campfire_upgraded":2,"win_rate":0.0,"timestamp":1612749327,"path_taken":["M","?","?","?","?","E","R","M","T","M","M","M","$","E","R","BOSS","M","M","M","M","COS","R","E"],"items_purchased_type":["Card","Potion"],"build_version":"2020-12-22","purchased_purges":0,"victory":false,"max_hp_per_floor":[72,72,79,79,79,79,79,79,79,79,79,79,79,79,79,79,84,84,84,84,84,84,84,84,84],"card_choices":[{"not_picked":["ats:Ignite","ats:Curse Doll"],"picked":"ats:Literary Storm","floor":1.0},{"not_picked":["ats:Guard Mode","ats:Ignite+1"],"picked":"ats:Part Time Job","floor":6.0},{"not_picked":["ats:Charging Defense","ats:Apocalypse"],"picked":"ats:Blood Oath+1","floor":8.0},{"not_picked":["ats:Burning Ground","ats:Powerful Strike+1"],"picked":"ats:Thermite Blade+1","floor":10.0},{"not_picked":["ats:Demon Strength","ats:Shell Defense"],"picked":"ats:Thermite Blade+1","floor":11.0},{"not_picked":["ats:Shell Defense","ats:Curse Doll"],"picked":"ats:Chain Hook+1","floor":12.0},{"not_picked":["ats:Guard Mode","ats:Apocalypse","ats:Curse Doll"],"picked":"SKIP","floor":14.0},{"not_picked":["ats:Fractured Body","ats:Ambush"],"picked":"ats:Roar Of Ursus","floor":16.0},{"not_picked":["ats:Literary Storm","ats:Magnetic Hammer+1"],"picked":"ats:Red Shift+1","floor":17.0},{"not_picked":["ats:Revitalization","ats:Spore Proliferation"],"picked":"ats:Consecutive Shot Auto+1","floor":18.0},{"not_picked":["ats:Flexible Camouflage","ats:Counter Healing Mode+1"],"picked":"ats:Explosion Area Strengthen+1","floor":19.0},{"not_picked":["ats:Serious Mode+1","ats:Leaping Hammer+1"],"picked":"ats:Very Hot Blade+1","floor":20},{"not_picked":["ats:Powerful Strike+1","ats:Cat Scratch+1"],"picked":"ats:Flame Of Heaven","floor":21}],"player_experience":334208,"relics_obtained":[{"floor":5.0,"key":"Molten Egg 2"},{"floor":6.0,"key":"ats:Originium"},{"floor":6.0,"key":"ats:Berate"},{"floor":9.0,"key":"ats:Ability Aura"},{"floor":14.0,"key":"ats:Originium"},{"floor":14.0,"key":"Bag of Marbles"}],"event_choices":[],"is_beta":false,"boss_relics":[{"not_picked":["Busted Crown","Velvet Choker"],"picked":"Tiny House"}],"items_purged_floors":[],"is_endless":false,"potions_floor_spawned":[10,11,14,19,21],"killed_by":"Gensokyo:Koishi","ascension_level":0}}