{"host":"nfwmt9fllo89vsai","time":1612749038,"event":{"mods":["AchievementEnabler","BaseMod","Colored Map","Colored Powertips","Curses Come First","Dark Map","Minty Spire (QoL Compilation)","Potion Indicator Mod","Quick Restart","Relic Stats","StSLib","SuperFastMode"],"gold_per_floor":[113,130,130,130,141,170,180,210,233,233,263,263,263,289,289,388,388,405,424,436,436,436,461,461,461,461,70,88,117,133,183,183,183,183],"floor_reached":33,"language":"ENG","playtime":1673,"items_purged":[],"score":344,"play_id":"6062bed8-6422-4465-b819-b1857a5ba2dc","local_time":"20210207185038","is_ascension_mode":true,"campfire_choices":[{"floor":10,"key":"REST"},{"data":"Armaments","floor":13,"key":"SMITH"},{"data":"Infernal Blade","floor":15,"key":"SMITH"},{"floor":24,"key":"REST"},{"floor":32,"key":"REST"}],"circlet_count":0,"master_deck":["Strike_R+1","Strike_R+1","Strike_R+1","Strike_R+1","Strike_R+1","Defend_R+1","Defend_R+1","Defend_R+1","Defend_R+1","Bash+1","Armaments+1","Iron Wave","Perfected Strike","Flame Barrier","Infernal Blade+1","Clothesline","Dropkick","Twin Strike","Impervious","Entrench","Pommel Strike","Armaments+1","Wild Strike","Spot Weakness","Metallicize","Bloodletting+1","Limit Break","Twin Strike"],"relics":["Burning Blood","Magic Flower","Anchor","Juzu Bracelet","Regal Pillow","Centennial Puzzle","Sundial","SacredBark","Nloth\u0027s Gift","Bag of Preparation","Ginger","Omamori","Shovel"],"acts_visited":["Exordium","TheCity"],"potions_floor_usage":[16,16,23,23,23,29,33,33],"damage_taken":[{"damage":0,"enemies":"Cultist","floor":1,"turns":1},{"damage":0,"enemies":"2 Louse","floor":2,"turns":1},{"damage":0,"enemies":"Small Slimes","floor":5,"turns":1},{"damage":23,"enemies":"Gremlin Nob","floor":6,"turns":4},{"damage":5,"enemies":"3 Louse","floor":7,"turns":3},{"damage":32,"enemies":"Lagavulin","floor":8,"turns":7},{"damage":14,"enemies":"3 Sentries","floor":11,"turns":9},{"damage":13,"enemies":"Lagavulin","floor":14,"turns":5},{"damage":30,"enemies":"Hexaghost","floor":16,"turns":9},{"damage":13,"enemies":"3 Byrds","floor":18,"turns":5},{"damage":30,"enemies":"Spheric Guardian","floor":19,"turns":5},{"damage":24,"enemies":"Snake Plant","floor":20,"turns":5},{"damage":57,"enemies":"Slavers","floor":23,"turns":7},{"damage":40,"enemies":"Snecko","floor":28,"turns":6},{"damage":5,"enemies":"Book of Stabbing","floor":29,"turns":5},{"damage":32,"enemies":"Sentry and Sphere","floor":30,"turns":6},{"damage":89,"enemies":"Collector","floor":33,"turns":12}],"seed_played":"-3732742808652408272","potions_obtained":[{"floor":5,"key":"BloodPotion"},{"floor":7,"key":"SteroidPotion"},{"floor":8,"key":"HeartOfIron"},{"floor":18,"key":"CultistPotion"},{"floor":19,"key":"SkillPotion"},{"floor":23,"key":"LiquidMemories"},{"floor":30,"key":"Ancient Potion"}],"is_trial":false,"path_per_floor":["M","M","?","?","M","E","M","E","T","R","E","?","R","E","R","B",null,"M","M","M","?","?","E","R","?","T","$","M","E","M","?","R","B"],"character_chosen":"IRONCLAD","items_purchased":["Omamori","Spot Weakness","LiquidBronze","Metallicize"],"campfire_rested":3,"item_purchase_floors":[27,27,27,27],"current_hp_per_floor":[80,80,64,57,66,52,56,33,33,72,67,72,72,68,68,47,85,81,60,45,45,45,37,77,77,77,77,46,50,27,27,67,0,0],"gold":183,"neow_bonus":"THREE_ENEMY_KILL","is_daily":false,"chose_seed":false,"campfire_upgraded":2,"win_rate":0.0,"timestamp":1612749038,"path_taken":["M","?","?","?","M","E","M","E","T","R","E","?","R","E","R","BOSS","M","M","M","?","?","E","R","?","T","$","M","E","M","?","R","BOSS"],"items_purchased_type":["Relic","Card","Potion","Card"],"build_version":"2020-12-22","purchased_purges":0,"victory":false,"max_hp_per_floor":[80,80,80,80,80,80,80,80,80,80,80,85,85,85,85,85,85,85,85,85,85,85,85,85,85,85,85,85,85,85,85,85,85,85],"relic_stats":{"Regal Pillow":45,"Centennial Puzzle":[30],"Shovel":0,"counters":[17,91],"Sundial":[6],"Magic Flower":[48],"Juzu Bracelet":1,"Nloth\u0027s Gift":2,"Bag of Preparation":[8],"Ginger":[3],"obtain_stats":[{"Regal Pillow":9,"NeowsBlessing":0,"SacredBark":17,"Magic Flower":4,"Juzu Bracelet":8,"Bag of Preparation":23,"Omamori":27,"Ginger":26,"Burning Blood":0,"Anchor":6,"Centennial Puzzle":11,"Shovel":29,"Sundial":14,"Nloth\u0027s Gift":22},{"Regal Pillow":6,"NeowsBlessing":0,"SacredBark":9,"Magic Flower":2,"Juzu Bracelet":6,"Bag of Preparation":13,"Omamori":13,"Ginger":13,"Burning Blood":0,"Anchor":4,"Centennial Puzzle":7,"Shovel":15,"Sundial":8,"Nloth\u0027s Gift":12},{"Regal Pillow":17,"NeowsBlessing":0,"SacredBark":40,"Magic Flower":2,"Juzu Bracelet":17,"Bag of Preparation":62,"Omamori":62,"Ginger":62,"Burning Blood":0,"Anchor":7,"Centennial Puzzle":26,"Shovel":73,"Sundial":31,"Nloth\u0027s Gift":55}],"Burning Blood":126},"card_choices":[{"not_picked":["Body Slam","Combust"],"picked":"Armaments","floor":1},{"not_picked":["Sword Boomerang","Shrug It Off"],"picked":"Iron Wave","floor":2},{"not_picked":["Armaments","Iron Wave"],"picked":"Perfected Strike","floor":5},{"not_picked":["Reaper","Iron Wave"],"picked":"Flame Barrier","floor":6},{"not_picked":["Whirlwind","Anger"],"picked":"Infernal Blade","floor":7},{"not_picked":["Clash","Sword Boomerang"],"picked":"Clothesline","floor":8},{"not_picked":["Clash","Ghostly Armor"],"picked":"Dropkick","floor":11},{"not_picked":["Thunderclap","Power Through"],"picked":"Twin Strike","floor":14},{"not_picked":["Fiend Fire","Exhume"],"picked":"Impervious","floor":16},{"not_picked":["Dark Embrace","Sword Boomerang"],"picked":"Entrench","floor":18},{"not_picked":["Iron Wave","Thunderclap"],"picked":"Pommel Strike","floor":19},{"not_picked":["Heavy Blade","Cleave"],"picked":"Armaments+1","floor":20},{"not_picked":["Battle Trance","Bludgeon"],"picked":"Wild Strike","floor":23},{"not_picked":["Pummel","Whirlwind"],"picked":"Bloodletting+1","floor":28},{"not_picked":["True Grit+1","Armaments"],"picked":"Limit Break","floor":29},{"not_picked":["Clothesline","Armaments"],"picked":"Twin Strike","floor":30}],"player_experience":29630,"relics_obtained":[{"floor":6,"key":"Anchor"},{"floor":8,"key":"Juzu Bracelet"},{"floor":9,"key":"Regal Pillow"},{"floor":11,"key":"Centennial Puzzle"},{"floor":14,"key":"Sundial"},{"floor":23,"key":"Bag of Preparation"},{"floor":26,"key":"Ginger"},{"floor":29,"key":"Shovel"}],"event_choices":[{"damage_healed":0,"gold_gain":0,"player_choice":"Entered Light","damage_taken":16,"max_hp_gain":0,"max_hp_loss":0,"event_name":"Shining Light","floor":3,"gold_loss":0,"cards_upgraded":["Strike_R","Bash"]},{"damage_healed":0,"gold_gain":0,"player_choice":"Success","damage_taken":7,"relics_obtained":["Magic Flower"],"max_hp_gain":0,"max_hp_loss":0,"event_name":"Scrap Ooze","floor":4,"gold_loss":0},{"damage_healed":0,"gold_gain":0,"player_choice":"Donut","damage_taken":0,"max_hp_gain":5,"max_hp_loss":0,"event_name":"Big Fish","floor":12,"gold_loss":0},{"damage_healed":0,"gold_gain":0,"player_choice":"Simplicity","damage_taken":0,"max_hp_gain":0,"max_hp_loss":0,"event_name":"Back to Basics","floor":21,"gold_loss":0,"cards_upgraded":["Strike_R","Strike_R","Strike_R","Strike_R","Defend_R","Defend_R","Defend_R","Defend_R"]},{"damage_healed":0,"gold_gain":0,"player_choice":"Traded Relic","damage_taken":0,"relics_obtained":["Nloth\u0027s Gift"],"max_hp_gain":0,"max_hp_loss":0,"event_name":"N\u0027loth","floor":22,"relics_lost":["NeowsBlessing"],"gold_loss":0},{"damage_healed":0,"gold_gain":0,"player_choice":"Ignored","damage_taken":0,"max_hp_gain":0,"max_hp_loss":0,"event_name":"Beggar","floor":25,"gold_loss":0},{"damage_healed":0,"gold_gain":100,"player_choice":"Bet on Murderer","damage_taken":0,"max_hp_gain":0,"max_hp_loss":0,"event_name":"The Joust","floor":31,"gold_loss":50}],"is_beta":false,"boss_relics":[{"not_picked":["Empty Cage","Snecko Eye"],"picked":"SacredBark"}],"items_purged_floors":[],"is_endless":false,"potions_floor_spawned":[5,7,8,11,18,19,23,30],"killed_by":"Collector","ascension_level":2}}