{"host":"5raohst9sk3kvp5v","time":1612765248,"event":{"mods":["BaseMod","Colored Powertips","Highlight Path","Minty Spire (QoL Compilation)","Quick Restart","Relic Stats","StSLib"],"gold_per_floor":[364,380,10,22,22,54,54,54,54,77,77,77,111,136,136,136,136],"floor_reached":16,"language":"ENG","playtime":690,"items_purged":["Strike_R"],"score":215,"play_id":"6b7aea9f-b75e-4912-87ce-6845fcbd20d8","local_time":"20210208002048","is_ascension_mode":true,"campfire_choices":[{"floor":7,"key":"REST"},{"data":"Dark Embrace","floor":12,"key":"SMITH"},{"data":"Flex","floor":15,"key":"SMITH"}],"circlet_count":0,"master_deck":["AscendersBane","Strike_R","Strike_R+1","Strike_R","Strike_R","Defend_R","Defend_R","Defend_R","Defend_R","Bash+1","Heavy Blade","Seeing Red","Feel No Pain","Pommel Strike","Dark Embrace+1","Shrug It Off","Shrug It Off","Feed","Flex+1"],"relics":["Burning Blood","Happy Flower","Ice Cream","Golden Idol","Bottled Tornado","Gremlin Horn"],"acts_visited":["Exordium"],"potions_floor_usage":[10],"damage_taken":[{"damage":3,"enemies":"Small Slimes","floor":1,"turns":5},{"damage":3,"enemies":"2 Louse","floor":2,"turns":3},{"damage":9,"enemies":"Jaw Worm","floor":4,"turns":3},{"damage":31,"enemies":"Gremlin Nob","floor":6,"turns":4},{"damage":5,"enemies":"Gremlin Gang","floor":10,"turns":5},{"damage":20,"enemies":"Lagavulin","floor":13,"turns":7},{"damage":21,"enemies":"Exordium Wildlife","floor":14,"turns":7},{"damage":18,"enemies":"Hexaghost","floor":16,"turns":9}],"seed_played":"7950731353899626019","potions_obtained":[{"floor":1,"key":"FairyPotion"},{"floor":4,"key":"Fire Potion"}],"is_trial":false,"path_per_floor":["M","M","$","M","?","E","R","?","T","M","?","R","E","M","R","B"],"character_chosen":"IRONCLAD","items_purchased":["Happy Flower","Feel No Pain","Pommel Strike"],"campfire_rested":1,"item_purchase_floors":[3,3,3],"current_hp_per_floor":[53,56,56,53,30,28,50,50,50,51,51,51,37,25,25,7,7],"gold":136,"neow_bonus":"TWO_FIFTY_GOLD","is_daily":false,"chose_seed":false,"campfire_upgraded":2,"win_rate":0.0,"timestamp":1612765248,"path_taken":["M","M","$","M","?","E","R","?","T","M","?","R","E","M","R","BOSS"],"items_purchased_type":["Relic","Card","Card"],"build_version":"2020-12-22","purchased_purges":1,"victory":false,"max_hp_per_floor":[75,75,75,75,75,75,75,68,68,68,68,68,68,71,71,71,71],"relic_stats":{"Happy Flower":[11],"Gremlin Horn":[1,1],"counters":[8,43],"Golden Idol":17,"obtain_stats":[{"Ice Cream":6,"Happy Flower":3,"Gremlin Horn":13,"Golden Idol":8,"Bottled Tornado":9,"Burning Blood":0},{"Ice Cream":4,"Happy Flower":2,"Gremlin Horn":6,"Golden Idol":4,"Bottled Tornado":4,"Burning Blood":0},{"Ice Cream":15,"Happy Flower":8,"Gremlin Horn":27,"Golden Idol":15,"Bottled Tornado":15,"Burning Blood":0}],"Burning Blood":42},"card_choices":[{"not_picked":["Havoc","Flex"],"picked":"Heavy Blade","floor":1},{"not_picked":["Thunderclap","Pommel Strike"],"picked":"Seeing Red","floor":2},{"not_picked":["Twin Strike","Armaments"],"picked":"Dark Embrace","floor":4},{"not_picked":["Dual Wield","Disarm"],"picked":"Shrug It Off","floor":6},{"not_picked":["Heavy Blade","Rage"],"picked":"Shrug It Off","floor":10},{"not_picked":["Warcry","Headbutt"],"picked":"Feed","floor":13},{"not_picked":["Iron Wave","Twin Strike"],"picked":"Flex","floor":14}],"player_experience":1722986,"relics_obtained":[{"floor":6,"key":"Ice Cream"},{"floor":9,"key":"Bottled Tornado"},{"floor":13,"key":"Gremlin Horn"}],"event_choices":[{"damage_healed":0,"gold_gain":0,"player_choice":"Entered Light","damage_taken":23,"max_hp_gain":0,"max_hp_loss":0,"event_name":"Shining Light","floor":5,"gold_loss":0,"cards_upgraded":["Strike_R","Bash"]},{"damage_healed":0,"gold_gain":0,"player_choice":"Lose Max HP","damage_taken":0,"relics_obtained":["Golden Idol"],"max_hp_gain":0,"max_hp_loss":7,"event_name":"Golden Idol","floor":8,"gold_loss":0},{"damage_healed":0,"gold_gain":0,"player_choice":"Ignored","damage_taken":0,"max_hp_gain":0,"max_hp_loss":0,"event_name":"Liars Game","floor":11,"gold_loss":0}],"is_beta":false,"boss_relics":[],"items_purged_floors":[3],"is_endless":false,"potions_floor_spawned":[1,4],"killed_by":"Hexaghost","ascension_level":19}}