{"host":"vhw5fdvi8l2afono","time":1612782771,"event":{"mods":["100% Spire Juice","Act Like it!","Arknights","BaseMod","Gensokyo","Minty Spire (QoL Compilation)","Reimu£®≤©¿ˆ¡È√Œ£©","Shop Mod","StSLib","Waifu the Spire","[IsaacMod]“‘»ˆº‚À˛","°æ“≈ŒÔø®≈∆°øREMEMod"],"gold_per_floor":[112,122,140,90,107,107,121,49,49,64,64,164,4,32,32,134,134,152,170,188,188,202,202,214,214,214,62,62,62],"floor_reached":28,"language":"ZHS","playtime":1476,"items_purged":[],"score":366,"play_id":"c4a661c5-308a-4a9f-ae71-d40f80c1677b","local_time":"20210208191251","is_ascension_mode":true,"campfire_choices":[{"data":"LovePray:ReiMu","floor":6,"key":"SMITH"},{"data":"Gensokyo:Dawn","floor":15,"key":"SMITH"},{"data":"EpicFetus","floor":23,"key":"SMITH"},{"data":"ManaGlint:ReiMu","floor":25,"key":"SMITH"}],"circlet_count":0,"master_deck":["AscendersBane","Strike_Lin:ReiMu","Strike_Lin:ReiMu","Defend_Lin:ReiMu","Defend_Lin:ReiMu","Defend_Lin:ReiMu","NB:ReiMu","Stagnation:ReiMu","EpicFetus+1","OctopathBindingBorder2:ReiMu","SubAcupoint:ReiMu","Gensokyo:Dawn+1","ManaGlint:ReiMu+1","RainPray2:ReiMu","SafetyPray:ReiMu","LovePray:ReiMu+1","ShadowOfCrow2:ReiMu","Gathering:ReiMu","Core Surge","DevaForm","Shrug It Off+1","KamiRite:ReiMu","Backflip+1"],"relics":["FlyPower:ReiMu","REME_ComplimentaryCards","HushsDoor","Chaos","Medical Kit","PrismaticShard","Nilry\u0027s Codex","Art of War","PureWhite:ReiMu","Runic Dome","Bag of Preparation"],"acts_visited":["Gensokyo:Gensokyo","Gensokyo:Gensokyoer"],"potions_floor_usage":[22],"damage_taken":[{"damage":3,"enemies":"Gensokyo:Python","floor":1,"turns":5},{"damage":2,"enemies":"Gensokyo:2_Kodama","floor":2,"turns":5},{"damage":1,"enemies":"Gensokyo:3_Fairies","floor":3,"turns":5},{"damage":2,"enemies":"Gensokyo:Python_and_Kodama","floor":5,"turns":5},{"damage":3,"enemies":"Gensokyo:Kitsune","floor":7,"turns":4},{"damage":0,"enemies":"Gensokyo:VengefulSpirit","floor":10,"turns":5},{"damage":0,"enemies":"Gensokyo:Mamizou","floor":14,"turns":8},{"damage":15,"enemies":"Gensokyo:Yukari","floor":16,"turns":9},{"damage":7,"enemies":"Gensokyo:Chomper","floor":18,"turns":5},{"damage":11,"enemies":"Gensokyo:AngelMirror","floor":19,"turns":4},{"damage":2,"enemies":"Gensokyo:Chomper_and_Gloop","floor":20,"turns":5},{"damage":11,"enemies":"Gensokyo:Swordslinger","floor":22,"turns":5},{"damage":4,"enemies":"Gensokyo:Wraith","floor":24,"turns":6},{"damage":29,"enemies":"Gensokyo:Reisen","floor":28,"turns":3}],"seed_played":"416895488581137555","potions_obtained":[{"floor":3,"key":"Ancient Potion"},{"floor":7,"key":"SteroidPotion"},{"floor":14,"key":"SteroidPotion"},{"floor":16,"key":"GrandPatriotsElixir:ReiMu"},{"floor":24,"key":"Explosive Potion"}],"is_trial":false,"path_per_floor":["M","M","M","COS","M","R","M","$","T","M","?","?","?","E","R","B",null,"M","M","M","?","M","R","M","R","T","$","E"],"character_chosen":"REIMU","items_purchased":["Gathering:ReiMu","Bag of Preparation"],"campfire_rested":0,"item_purchase_floors":[8,27],"current_hp_per_floor":[41,39,38,38,36,36,33,33,33,33,33,33,33,33,33,18,53,46,35,33,33,22,22,18,18,18,18,0,0],"gold":62,"neow_bonus":"TRANSFORM_TWO_CARDS","is_daily":false,"chose_seed":false,"campfire_upgraded":4,"win_rate":0.0,"timestamp":1612782771,"path_taken":["M","M","M","COS","M","R","M","$","T","M","?","?","?","E","R","BOSS","M","?","M","?","M","R","?","R","T","$","E"],"items_purchased_type":["Card","Relic"],"build_version":"2020-12-22","purchased_purges":0,"victory":false,"max_hp_per_floor":[65,65,65,65,65,65,65,65,65,65,65,65,65,65,65,65,65,65,65,65,65,65,65,65,65,65,65,65,65],"card_choices":[{"not_picked":[],"picked":"EpicFetus","floor":0},{"not_picked":["SafetyPray:ReiMu","WonderfulDomain:ReiMu"],"picked":"ManaGlint:ReiMu","floor":1},{"not_picked":["Dreaming2:ReiMu","Amulet:ReiMu"],"picked":"RainPray2:ReiMu","floor":2},{"not_picked":["AlertArray:ReiMu","SpringWay:ReiMu"],"picked":"SafetyPray:ReiMu","floor":3},{"not_picked":["EmergencyTakeOff:ReiMu","WonderfulDomain:ReiMu"],"picked":"LovePray:ReiMu","floor":5},{"not_picked":["Intuition:ReiMu","SubcavityInstant:ReiMu"],"picked":"ShadowOfCrow2:ReiMu","floor":7},{"not_picked":["ats:Guard Mode","ats:Poison Spread"],"picked":"Core Surge","floor":10},{"not_picked":["Underhanded Strike","Moonworks:BigMagnum","WonderfulDomain:ReiMu"],"picked":"SKIP","floor":14},{"not_picked":["Feed","Master of Strategy"],"picked":"DevaForm","floor":16},{"not_picked":["Inflame+1","EmptyFist"],"picked":"RainPray2:ReiMu+1","floor":18},{"not_picked":["Flying Knee","Protect","Dodge and Roll"],"picked":"SKIP","floor":19},{"not_picked":["Vengeance","Enchanting:ReiMu"],"picked":"Shrug It Off+1","floor":20},{"not_picked":["Flying Knee+1","Transmutation"],"picked":"Backflip+1","floor":22},{"not_picked":["Moonworks:ImOnFire+1","Flame Barrier","SpringWay:ReiMu"],"picked":"SKIP","floor":24}],"player_experience":264635,"relics_obtained":[{"floor":9,"key":"Medical Kit"},{"floor":14,"key":"Art of War"},{"floor":26,"key":"Runic Dome"}],"event_choices":[],"is_beta":false,"boss_relics":[{"not_picked":["Tiny Chest","REME_ArchaeologicalTools"],"picked":"PureWhite:ReiMu"},{"not_picked":[]}],"items_purged_floors":[],"is_endless":false,"potions_floor_spawned":[3,7,14,16,18,20,24],"killed_by":"Gensokyo:Reisen","ascension_level":10}}