{"host":"2pmmafybkq7zb6na","time":1612789301,"event":{"mods":["AchievementEnabler","BaseMod","Colored Map","Highlight Path","Keyboard Shortcuts","Minty Spire (QoL Compilation)","Quick Restart","StSLib","SuperFastMode"],"gold_per_floor":[118,118,118,132,144,178,103,115,161,174,174,197,213,223,223,223,223],"floor_reached":16,"language":"KOR","playtime":717,"items_purged":["Strike_R"],"score":169,"play_id":"01d9b258-3ab7-441a-97cf-38a3d7804442","local_time":"20210208220141","is_ascension_mode":true,"campfire_choices":[{"data":"Pommel Strike","floor":11,"key":"SMITH"},{"data":"Armaments","floor":15,"key":"SMITH"}],"circlet_count":0,"master_deck":["Strike_R","Strike_R","Strike_R","Strike_R","Defend_R","Defend_R","Defend_R","Defend_R","Bash+1","Heavy Blade","Wild Strike","Fiend Fire","Wild Strike","Second Wind","Pommel Strike+1","Burning Pact","Armaments+1"],"relics":["Burning Blood","Mummified Hand","Toy Ornithopter","Odd Mushroom"],"acts_visited":["Exordium"],"potions_floor_usage":[16,16],"damage_taken":[{"damage":4,"enemies":"Small Slimes","floor":1,"turns":3},{"damage":9,"enemies":"Jaw Worm","floor":4,"turns":3},{"damage":0,"enemies":"Cultist","floor":5,"turns":2},{"damage":15,"enemies":"Gremlin Nob","floor":6,"turns":4},{"damage":0,"enemies":"Large Slime","floor":8,"turns":2},{"damage":12,"enemies":"Looter","floor":10,"turns":3},{"damage":18,"enemies":"The Mushroom Lair","floor":12,"turns":3},{"damage":7,"enemies":"2 Fungi Beasts","floor":13,"turns":2},{"damage":18,"enemies":"Exordium Thugs","floor":14,"turns":4},{"damage":55,"enemies":"The Guardian","floor":16,"turns":15}],"seed_played":"8645153173955190701","potions_obtained":[{"floor":3,"key":"LiquidMemories"},{"floor":3,"key":"DuplicationPotion"},{"floor":3,"key":"Swift Potion"}],"is_trial":false,"path_per_floor":["M","?","?","M","M","E","$","M","T","M","R","?","M","M","R","B"],"character_chosen":"IRONCLAD","items_purchased":[],"campfire_rested":0,"item_purchase_floors":[],"current_hp_per_floor":[80,85,85,82,85,76,76,82,82,76,76,64,63,51,51,12,12],"gold":223,"neow_bonus":"UPGRADE_CARD","is_daily":false,"chose_seed":false,"campfire_upgraded":2,"win_rate":0.0,"timestamp":1612789301,"path_taken":["M","?","?","M","?","E","$","M","T","M","R","?","M","M","R","BOSS"],"items_purchased_type":[],"build_version":"2020-12-22","purchased_purges":1,"victory":false,"max_hp_per_floor":[80,85,85,85,85,85,85,85,85,85,85,85,85,85,85,85,85],"card_choices":[{"not_picked":["Ghostly Armor","Sever Soul"],"picked":"Heavy Blade","floor":1},{"not_picked":["True Grit","Heavy Blade"],"picked":"Wild Strike","floor":4},{"not_picked":["Entrench","Wild Strike"],"picked":"Fiend Fire","floor":5},{"not_picked":["Blood for Blood","Cleave"],"picked":"Wild Strike","floor":6},{"not_picked":["Iron Wave","Shrug It Off"],"picked":"Second Wind","floor":8},{"not_picked":["Sword Boomerang","Carnage"],"picked":"Pommel Strike","floor":10},{"not_picked":["Pummel","Ghostly Armor"],"picked":"Burning Pact","floor":12},{"not_picked":["Iron Wave","Clothesline","Blood for Blood"],"picked":"SKIP","floor":13},{"not_picked":["True Grit","Spot Weakness"],"picked":"Armaments","floor":14}],"player_experience":110026,"relics_obtained":[{"floor":6,"key":"Mummified Hand"},{"floor":9,"key":"Toy Ornithopter"},{"floor":12,"key":"Odd Mushroom"}],"event_choices":[{"damage_healed":0,"gold_gain":0,"player_choice":"Donut","damage_taken":0,"max_hp_gain":5,"max_hp_loss":0,"event_name":"Big Fish","floor":2,"gold_loss":0},{"damage_healed":0,"gold_gain":0,"player_choice":"Got Potions","damage_taken":0,"max_hp_gain":0,"max_hp_loss":0,"event_name":"Lab","floor":3,"gold_loss":0},{"damage_healed":0,"gold_gain":0,"player_choice":"Fought Mushrooms","damage_taken":0,"max_hp_gain":0,"max_hp_loss":0,"event_name":"Mushrooms","floor":12,"gold_loss":0}],"is_beta":false,"boss_relics":[],"items_purged_floors":[7],"is_endless":false,"potions_floor_spawned":[4,8,10,14,16],"killed_by":"The Guardian","ascension_level":2}}