{"host":"3498uni0c31c9bdm","time":1612796190,"event":{"mods":["BaseMod","Better Match","Better Note","Better Sensory Stone","Better Skull","Better Third Choice","Colored Map","Minty Spire (QoL Compilation)","Quick Restart","RNG Fix","Random Character Button","Replay The Spire","Shop Mod","Smile Girya","StSLib","Unceasing Turn Reminder"],"gold_per_floor":[109,125,125,137,152,152,166,166,166,166,181,209,163,190,190,190,190],"floor_reached":16,"language":"ENG","playtime":521,"items_purged":[],"score":168,"play_id":"375fda88-4854-4efb-8181-d59174d572cd","local_time":"20210209015630","is_ascension_mode":true,"campfire_choices":[{"data":"Neutralize","floor":6,"key":"SMITH"},{"data":"Survivor","floor":6,"key":"SMITH"},{"floor":8,"key":"RECALL"},{"floor":10,"key":"REST"},{"floor":15,"key":"REST"}],"circlet_count":0,"master_deck":["AscendersBane","Strike_G","Strike_G","Strike_G","Strike_G","Strike_G","Defend_G","Defend_G","Defend_G","Defend_G","Defend_G","Survivor+1","Neutralize+1","Masterful Stab","Flying Knee","Regret","Terror","ReplayTheSpireMod:Exploit Weakness","Heel Hook","Dagger Spray","Cloak And Dagger","Envenom"],"relics":["Ring of the Snake","NeowsBlessing","Replay:Arrowhead","Pantograph","Vajra","betterThird:SlimedRelic","Replay:Mystery Machine"],"acts_visited":["Exordium"],"potions_floor_usage":[12,12,14],"damage_taken":[{"damage":0,"enemies":"Cultist","floor":1,"turns":1},{"damage":0,"enemies":"Small Slimes","floor":2,"turns":1},{"damage":0,"enemies":"2 Louse","floor":4,"turns":1},{"damage":11,"enemies":"Large Slime","floor":5,"turns":7},{"damage":0,"enemies":"Looter","floor":7,"turns":3},{"damage":5,"enemies":"Red Slaver","floor":11,"turns":4},{"damage":17,"enemies":"3 Sentries","floor":12,"turns":5},{"damage":36,"enemies":"Lagavulin","floor":14,"turns":6},{"damage":74,"enemies":"Slime Boss","floor":16,"turns":11}],"seed_played":"-426944724441268347","potions_obtained":[{"floor":1,"key":"Fire Potion"},{"floor":2,"key":"SkillPotion"},{"floor":7,"key":"SkillPotion"},{"floor":14,"key":"FairyPotion"}],"is_trial":false,"path_per_floor":["M","M","?","M","M","R","M","R","T","R","M","E","?","E","R","B"],"character_chosen":"THE_SILENT","items_purchased":[],"campfire_rested":2,"item_purchase_floors":[],"current_hp_per_floor":[63,63,63,63,52,52,52,52,52,70,65,48,37,1,22,0,0],"gold":190,"neow_bonus":"THREE_ENEMY_KILL","is_daily":false,"chose_seed":false,"campfire_upgraded":2,"win_rate":0.0,"timestamp":1612796190,"path_taken":["M","M","?","?","M","R","M","R","T","R","M","E","?","E","R","BOSS"],"items_purchased_type":[],"build_version":"2020-12-22","purchased_purges":0,"victory":false,"max_hp_per_floor":[70,70,70,70,70,70,70,70,70,70,70,70,70,70,70,70,70],"card_choices":[{"not_picked":["Dagger Throw","Quick Slash"],"picked":"Masterful Stab","floor":1},{"not_picked":["Skewer","Poisoned Stab"],"picked":"Flying Knee","floor":2},{"not_picked":["Backflip","Quick Slash"],"picked":"Terror","floor":4},{"not_picked":["Masterful Stab","Terror"],"picked":"ReplayTheSpireMod:Exploit Weakness","floor":5},{"not_picked":["Flechettes","Poisoned Stab"],"picked":"Heel Hook","floor":7},{"not_picked":["Backstab","Poisoned Stab"],"picked":"Dagger Spray","floor":11},{"not_picked":["ReplayTheSpireMod:Shiv Toss","Prepared"],"picked":"Cloak And Dagger","floor":12},{"not_picked":["Flechettes","Acrobatics"],"picked":"Envenom","floor":14}],"player_experience":852517,"relics_obtained":[{"floor":9,"key":"Pantograph"},{"floor":12,"key":"Vajra"},{"floor":14,"key":"Replay:Mystery Machine"}],"event_choices":[{"damage_healed":0,"gold_gain":0,"player_choice":"Box","damage_taken":0,"relics_obtained":["Replay:Arrowhead"],"max_hp_gain":0,"max_hp_loss":0,"event_name":"Big Fish","floor":3,"gold_loss":0,"cards_obtained":["Regret"]},{"damage_healed":0,"gold_gain":0,"player_choice":"Slimed","damage_taken":11,"max_hp_gain":0,"max_hp_loss":0,"event_name":"betterThird:BetterGoop","floor":13,"gold_loss":46}],"is_beta":false,"boss_relics":[],"items_purged_floors":[],"is_endless":false,"potions_floor_spawned":[1,2,7,14],"killed_by":"Slime Boss","ascension_level":10}}