{"host":"6bsan6hkua32tfq7","time":1612769895,"event":{"mods":["BaseMod","Better Third Choice","Colored Map","Highlight Path","Minty Spire (QoL Compilation)","StSLib"],"gold_per_floor":[112,123,123,123,123,123,135,135,189,189,207,222,251,271,271,271,271],"floor_reached":16,"language":"ENG","playtime":302,"items_purged":[],"score":204,"play_id":"08e221a6-1c1b-48d9-a2bd-f661dc839053","local_time":"20210208083815","is_ascension_mode":true,"campfire_choices":[{"data":"Eruption","floor":6,"key":"SMITH"},{"data":"BowlingBash","floor":8,"key":"SMITH"},{"data":"LikeWater","floor":10,"key":"SMITH"},{"data":"PathToVictory","floor":15,"key":"SMITH"}],"circlet_count":0,"master_deck":["AscendersBane","Strike_P","Strike_P","Strike_P","Strike_P","Defend_P","Defend_P","Defend_P","Eruption+1","Vigilance","LikeWater+1","BowlingBash+1","Crescendo","PathToVictory+1","Meditate","Consecrate","Adaptation"],"relics":["PureWater","Nunchaku","Blue Candle","Ancient Tea Set","MealTicket"],"acts_visited":["Exordium"],"potions_floor_usage":[12,14,16],"damage_taken":[{"damage":0,"enemies":"Small Slimes","floor":1,"turns":5},{"damage":2,"enemies":"Jaw Worm","floor":2,"turns":3},{"damage":7,"enemies":"Cultist","floor":7,"turns":3},{"damage":5,"enemies":"3 Louse","floor":11,"turns":2},{"damage":4,"enemies":"Red Slaver","floor":12,"turns":4},{"damage":43,"enemies":"Gremlin Nob","floor":13,"turns":5},{"damage":0,"enemies":"2 Fungi Beasts","floor":14,"turns":2},{"damage":10,"enemies":"Hexaghost","floor":16,"turns":4}],"seed_played":"-1487780775541911812","potions_obtained":[{"floor":1,"key":"Regen Potion"},{"floor":11,"key":"AttackPotion"},{"floor":13,"key":"BottledMiracle"}],"is_trial":false,"path_per_floor":["M","M","?","?","T","R","M","R","T","R","M","M","E","M","R","B"],"character_chosen":"WATCHER","items_purchased":[],"campfire_rested":0,"item_purchase_floors":[],"current_hp_per_floor":[61,59,48,53,53,53,46,46,46,46,41,49,6,6,6,0,0],"gold":271,"neow_bonus":"REMOVE_CARD","is_daily":false,"chose_seed":false,"campfire_upgraded":4,"win_rate":0.0,"timestamp":1612769895,"path_taken":["M","M","?","?","?","R","M","R","T","R","?","M","E","M","R","BOSS"],"items_purchased_type":[],"build_version":"2020-12-22","purchased_purges":0,"victory":false,"max_hp_per_floor":[68,68,68,73,73,73,73,73,73,73,73,73,73,73,73,73,73],"card_choices":[{"not_picked":["FlurryOfBlows","Prostrate"],"picked":"LikeWater","floor":1},{"not_picked":["SashWhip","WaveOfTheHand"],"picked":"BowlingBash","floor":2},{"not_picked":["ClearTheMind","EmptyBody"],"picked":"Crescendo","floor":7},{"not_picked":["CutThroughFate","Indignation"],"picked":"PathToVictory","floor":11},{"not_picked":["FlurryOfBlows","Conclude"],"picked":"Meditate","floor":12},{"not_picked":["Prostrate","ThirdEye"],"picked":"Consecrate","floor":13},{"not_picked":["Protect","MasterReality"],"picked":"Adaptation","floor":14}],"player_experience":5417529,"relics_obtained":[{"floor":5,"key":"Blue Candle"},{"floor":9,"key":"Ancient Tea Set"},{"floor":13,"key":"MealTicket"}],"event_choices":[{"damage_healed":0,"gold_gain":0,"player_choice":"Relic ","damage_taken":11,"max_hp_gain":0,"max_hp_loss":0,"event_name":"betterThird:BetterScrap","floor":3,"gold_loss":0,"cards_obtained":["Blood for Blood"]},{"damage_healed":0,"gold_gain":0,"player_choice":"Donut","damage_taken":0,"max_hp_gain":5,"max_hp_loss":0,"event_name":"Big Fish","floor":4,"gold_loss":0}],"is_beta":false,"boss_relics":[],"items_purged_floors":[],"is_endless":false,"potions_floor_spawned":[1,11,13],"killed_by":"Hexaghost","ascension_level":20}}