{"host":"mv9iawyrph7ym8en","time":1612805526,"event":{"mods":["Act Like it!","Aspiration","BaseMod","Conspire","Defuse TimeMaze Blight","Downfall","Minty Spire (QoL Compilation)","Replay The Spire","Ryuuou¡˙Õı","Shop Mod","Spicy Shops","StSLib","TestMod","[IsaacMod]“‘»ˆº‚À˛"],"gold_per_floor":[99,113,129,147,158,43,97,136,158,200,269,310,310,310,320,320,320,320],"floor_reached":16,"language":"ZHS","playtime":720,"items_purged":[],"score":153,"play_id":"632bc9a1-4e2a-490b-9578-527fbde3ca59","local_time":"20210209013206","is_ascension_mode":true,"campfire_choices":[{"floor":1,"key":"RECALL"}],"circlet_count":0,"master_deck":["conspire:GhostlyStrike","conspire:GhostlyStrike","conspire:GhostlyStrike","conspire:GhostlyStrike","conspire:GhostlyDefend","conspire:GhostlyDefend","conspire:GhostlyDefend","champ:Execute","champ:Taunt","EpicFetus","champ:IronFortress","champ:CheapShot","Pain","champ:Backstep","champ:ShieldWall"],"relics":["champ:ChampionCrown","testmod-TestBox","HushsDoor","GuppysPaw","testmod-Fortitude","Matryoshka","Replay:Mystery Machine","CeramicFish","Centennial Puzzle","Omamori","PunchingBag","Blue Candle","Replay:WaspNest","Bag of Marbles"],"acts_visited":["Exordium"],"potions_floor_usage":[6,12,12,15,16],"damage_taken":[{"damage":0,"enemies":"Cultist","floor":2,"turns":3},{"damage":10,"enemies":"Small Slimes","floor":3,"turns":3},{"damage":14,"enemies":"conspire:RoseBush","floor":4,"turns":3},{"damage":31,"enemies":"Large Slime","floor":5,"turns":5},{"damage":20,"enemies":"downfall:FleeingMerchant","floor":6,"turns":4},{"damage":44,"enemies":"3 Sentries","floor":8,"turns":6},{"damage":0,"enemies":"Exordium Wildlife","floor":9,"turns":1},{"damage":35,"enemies":"Lagavulin","floor":10,"turns":5},{"damage":17,"enemies":"Lagavulin Event","floor":11,"turns":4},{"damage":22,"enemies":"Replay:BlueRogue","floor":12,"turns":4},{"damage":4,"enemies":"conspire:2 RoseBushes","floor":15,"turns":4},{"damage":6,"enemies":"DF_ARCHETYPE_STREAMLINE","floor":16,"turns":3}],"seed_played":"1184544223114155356","potions_obtained":[{"floor":3,"key":"Venom Potion"},{"floor":4,"key":"Regen Potion"},{"floor":9,"key":"SpeedPotion"},{"floor":11,"key":"Elixir"},{"floor":12,"key":"Doom Potion"}],"is_trial":false,"path_per_floor":["R","M","M","M","M","$","T","E","M","E","?","E","?","T","M","B"],"character_chosen":"THE_CHAMP","items_purchased":["Matryoshka"],"campfire_rested":0,"item_purchase_floors":[6],"current_hp_per_floor":[90,90,90,86,75,79,79,55,55,30,23,10,10,10,6,0,0,0],"gold":320,"neow_bonus":"REMOVE_CARD","is_daily":false,"chose_seed":false,"campfire_upgraded":0,"win_rate":0.0,"timestamp":1612805526,"path_taken":["R","M","M","?","M","$","T","E","M","E","?","E","?","?","M","BOSS"],"items_purchased_type":["Relic"],"build_version":"2020-12-22","purchased_purges":0,"victory":false,"max_hp_per_floor":[90,90,90,90,90,90,90,90,90,90,90,90,90,90,90,90,90,90],"card_choices":[{"not_picked":[],"picked":"EpicFetus","floor":0},{"not_picked":["champ:FaceSlap","champ:TornadoPunch","champ:FanOfKnives"],"picked":"SKIP","floor":2},{"not_picked":["champ:FanOfKnives","champ:GutPunch"],"picked":"champ:IronFortress","floor":3},{"not_picked":["champ:SkillfulDodge","champ:ViciousMockery","champ:AdrenalArmor"],"picked":"SKIP","floor":4},{"not_picked":["champ:CrookedStrike","champ:ViciousMockery","champ:BringItOn"],"picked":"SKIP","floor":5},{"not_picked":["champ:FancyFootwork","champ:Backstep"],"picked":"champ:CheapShot","floor":6},{"not_picked":["champ:FlashCut","champ:BerserkersShout"],"picked":"Bomb","floor":8},{"not_picked":["champ:DefensiveShout","champ:Haymaker"],"picked":"champ:Backstep","floor":9},{"not_picked":["champ:CrownThrow","champ:CalledShot"],"picked":"Bomb","floor":10},{"not_picked":["champ:FanOfKnives","champ:TornadoPunch"],"picked":"Bomb","floor":11},{"not_picked":["champ:RecklessLeap","champ:PerfectedStrike"],"picked":"champ:ShieldWall","floor":12},{"not_picked":["champ:FaceSlap","champ:FlashCut","champ:PreciseThrust"],"picked":"SKIP","floor":15}],"player_experience":641721,"relics_obtained":[{"floor":7,"key":"Replay:Mystery Machine"},{"floor":7,"key":"CeramicFish"},{"floor":8,"key":"Centennial Puzzle"},{"floor":10,"key":"Omamori"},{"floor":11,"key":"PunchingBag"},{"floor":12,"key":"Blue Candle"},{"floor":14,"key":"Replay:WaspNest"},{"floor":14,"key":"Bag of Marbles"}],"event_choices":[{"damage_healed":0,"gold_gain":0,"player_choice":"Agree","damage_taken":0,"max_hp_gain":0,"max_hp_loss":0,"event_name":"conspire:LoneGhost","floor":13,"gold_loss":0}],"is_beta":false,"boss_relics":[],"items_purged_floors":[],"is_endless":false,"potions_floor_spawned":[3,4,9,11,12],"killed_by":"DF_ARCHETYPE_STREAMLINE","ascension_level":1}}