{"host":"qcf259yvvmr1jh6w","time":1612811239,"event":{"mods":["Act Like it!","Aspiration","BaseMod","Beaked The Cultist","Better Third Choice","BetterRewards","Colored Map","Conspire","Custom Start","Downfall","Energized Spire","Hubris","Infinite Spire","Mimic Mod","Minty Spire (QoL Compilation)","Relic Sorter","Replay The Spire","Reworked Bosses","StSLib","The Construct","The Jungle"],"gold_per_floor":[109,120,139,159,2,18,52,70,70,80,80,96,108,108,108,213,213,232,232,232,251,266,293,293,309,309,224,237,35,54,54,54],"floor_reached":31,"language":"ENG","playtime":1692,"items_purged":[],"score":265,"play_id":"e914d0a3-0bf1-4db3-9b5f-2d217baa378e","local_time":"20210208200719","is_ascension_mode":false,"campfire_choices":[{"floor":11,"key":"REST"},{"floor":15,"key":"REST"},{"floor":24,"key":"REST"}],"circlet_count":0,"master_deck":["Strike_G","Strike_G","Strike_G","Strike_G","Strike_G+1","Defend_G","Defend_G","Defend_G","Defend_G","Defend_G","Survivor","Neutralize","Outmaneuver","Deadly Poison","Bane","Cloak And Dagger","Noxious Fumes+1","Crippling Poison","Noxious Fumes+1","infinitespire:Gouge","Poison Darts","Poisoned Stab","Poisoned Stab"],"relics":["NeowsBlessing","conspire:TreasureMap","construct:RocketBooster","aspiration:FutureDiary","Nloth\u0027s Gift","Garlic","SlaversCollar","Replay:Rubber Ducky","Replay:Bottled Eggs","Bag of Preparation","TheAbacus"],"acts_visited":["Exordium","TheCity"],"potions_floor_usage":[6,7,16,16,25,30,31,31],"damage_taken":[{"damage":0,"enemies":"Cultist","floor":1,"turns":1},{"damage":0,"enemies":"Jaw Worm","floor":2,"turns":1},{"damage":0,"enemies":"Small Slimes","floor":3,"turns":1},{"damage":8,"enemies":"Red Slaver","floor":4,"turns":3},{"damage":16,"enemies":"Large Slime","floor":6,"turns":10},{"damage":24,"enemies":"Lagavulin","floor":7,"turns":4},{"damage":11,"enemies":"Looter","floor":8,"turns":4},{"damage":9,"enemies":"Lots of Slimes","floor":10,"turns":7},{"damage":13,"enemies":"Large Slime","floor":12,"turns":6},{"damage":6,"enemies":"2 Fungi Beasts","floor":13,"turns":5},{"damage":13,"enemies":"Hexaghost","floor":16,"turns":10},{"damage":12,"enemies":"Chosen","floor":18,"turns":5},{"damage":6,"enemies":"Shell Parasite","floor":21,"turns":5},{"damage":28,"enemies":"Sentry and Sphere","floor":22,"turns":8},{"damage":13,"enemies":"conspire:SneckoGhost","floor":23,"turns":5},{"damage":17,"enemies":"3 Cultists","floor":25,"turns":6},{"damage":2,"enemies":"Shelled Parasite and Fungi","floor":28,"turns":4},{"damage":4,"enemies":"Centurion and Healer","floor":30,"turns":6},{"damage":11,"enemies":"conspire:HollyBat","floor":31,"turns":6}],"seed_played":"6145352080368581279","potions_obtained":[{"floor":1,"key":"Death Potion"},{"floor":2,"key":"Elixir"},{"floor":4,"key":"Languid Potion"},{"floor":10,"key":"Slimebound:ThreeZeroPotion"},{"floor":18,"key":"ColorlessPotion"},{"floor":25,"key":"Swift Potion"},{"floor":28,"key":"Flashbang"},{"floor":30,"key":"Weak Potion"}],"is_trial":false,"path_per_floor":["M","M","M","M","$","M","E","M","MIM","M","R","M","M","?","R","B",null,"M","?","AVR","M","M","E","R","M","T","?","M","$","M","M"],"character_chosen":"THE_SILENT","items_purchased":["conspire:TreasureMap","Poisoned Stab","TheAbacus"],"campfire_rested":3,"item_purchase_floors":[5,29,29],"current_hp_per_floor":[70,70,70,62,62,46,22,11,11,2,23,10,4,4,25,12,70,58,58,58,52,24,11,32,15,15,15,13,13,9,0,0],"gold":54,"neow_bonus":"THREE_ENEMY_KILL","is_daily":false,"chose_seed":false,"campfire_upgraded":0,"win_rate":0.0,"timestamp":1612811239,"path_taken":["M","M","M","M","$","M","E","?","MIM","M","R","M","M","?","R","BOSS","M","?","AVR","M","?","E","R","M","T","?","M","$","M","M"],"items_purchased_type":["Relic","Card","Relic"],"build_version":"2020-12-22","purchased_purges":0,"victory":false,"max_hp_per_floor":[70,70,70,70,70,70,70,70,70,70,70,70,70,70,70,70,70,70,70,70,70,70,70,70,70,70,70,70,70,70,70,70],"card_choices":[{"not_picked":["Prepared","Acrobatics"],"picked":"Outmaneuver","floor":1},{"not_picked":["Sucker Punch","Deflect"],"picked":"Deadly Poison","floor":2},{"not_picked":["Flying Knee","Sneak Up"],"picked":"Bane","floor":3},{"not_picked":["Outmaneuver","Dodge and Roll"],"picked":"Cloak And Dagger","floor":4},{"not_picked":["Underhanded Strike","Expertise","Fluid Movement"],"picked":"SKIP","floor":6},{"not_picked":["Sucker Punch","Hidden Blade","Terror"],"picked":"SKIP","floor":7},{"not_picked":["Die Die Die","Reflex","Outmaneuver"],"picked":"SKIP","floor":8},{"not_picked":["Acrobatics","Footwork","Flying Knee"],"picked":"SKIP","floor":10},{"not_picked":["Prepared","Bane"],"picked":"Noxious Fumes","floor":12},{"not_picked":["Prepared","Backflip"],"picked":"Crippling Poison","floor":13},{"not_picked":["Predator+1","Hidden Blade"],"picked":"Noxious Fumes","floor":18},{"not_picked":["ReplayTheSpireMod:Speed Training","Bane+1"],"picked":"Poison Darts","floor":21},{"not_picked":["Flying Knee","Tactician+1"],"picked":"Poisoned Stab","floor":22},{"not_picked":["Eviscerate","Infinite Blades","Hidden Blade+1"],"picked":"SKIP","floor":23},{"not_picked":["Dagger Throw","Hidden Blade","Slice"],"picked":"SKIP","floor":25},{"not_picked":["Tactician","hubris:Sniper","Flechettes"],"picked":"SKIP","floor":28},{"not_picked":["Storm of Steel","Reflex+1","Caltrops"],"picked":"SKIP","floor":30}],"player_experience":155811,"relics_obtained":[{"floor":7,"key":"construct:RocketBooster"},{"floor":23,"key":"Replay:Rubber Ducky"},{"floor":26,"key":"Replay:Bottled Eggs"}],"event_choices":[{"damage_healed":0,"gold_gain":0,"player_choice":"Traded Relic","damage_taken":0,"relics_obtained":["Nloth\u0027s Gift"],"max_hp_gain":0,"max_hp_loss":0,"event_name":"N\u0027loth","floor":19,"relics_lost":["Ring of the Snake"],"gold_loss":0},{"damage_healed":0,"gold_gain":0,"player_choice":"Obtained Relic","damage_taken":0,"relics_obtained":["Bag of Preparation"],"max_hp_gain":0,"max_hp_loss":0,"event_name":"Addict","floor":27,"gold_loss":85}],"is_beta":false,"boss_relics":[{"not_picked":["ReplayTheSpireMod:SealedPack","Tiny House"],"picked":"aspiration:FutureDiary"}],"items_purged_floors":[],"is_endless":false,"potions_floor_spawned":[1,2,4,10,18,25,28,30],"killed_by":"conspire:HollyBat","ascension_level":0}}