{"host":"utqe55yv0jihe4d6","time":1612752638,"event":{"mods":["2.2 Compatiblity","AchievementEnabler","BaseMod","Block Reminder","Colored Map","Colored Powertips","Minty Spire (QoL Compilation)","Quick Restart","Rare Cards Sparkle","Relic Stats","SuperFastMode"],"gold_per_floor":[359,58,58,70,87,117,117,148,148,148,148,175,206,218,218,295,295,307,26,41,68,68,100,118,131,183,183,183,183,209,225,225,302,302,314,1313,474,493,493,520,574,574,649,663,699,247,247,262,262,262,262,262,262,66,91,91],"floor_reached":57,"language":"ENG","playtime":4010,"items_purged":["Clumsy","Normality","Normality"],"score":3007,"play_id":"aa03f837-bb68-45d4-b4d1-2d8028fa87dd","local_time":"20210207215038","is_ascension_mode":true,"campfire_choices":[{"data":"WheelKick","floor":7.0,"key":"SMITH"},{"data":"WheelKick","floor":10.0,"key":"SMITH"},{"data":"Eruption","floor":11.0,"key":"SMITH"},{"data":"CutThroughFate","floor":15.0,"key":"SMITH"},{"floor":27,"key":"REST"},{"floor":29,"key":"REST"},{"data":"TalkToTheHand","floor":32,"key":"SMITH"},{"floor":42,"key":"RECALL"},{"data":"Master of Strategy","floor":47,"key":"SMITH"},{"data":"Prostrate","floor":49,"key":"SMITH"},{"data":"WaveOfTheHand","floor":53,"key":"SMITH"}],"circlet_count":0,"master_deck":["AscendersBane","Eruption+1","Vigilance+1","Consecrate","CutThroughFate+1","ThirdEye","WheelKick+1","Crescendo+1","FlurryOfBlows+1","EmptyBody","ClearTheMind","WheelKick+1","Adaptation+1","Halt+1","LessonLearned+1","EmptyBody+1","ForeignInfluence+1","Perseverance","LikeWater+1","SignatureMove+1","Indignation+1","Tantrum+1","TalkToTheHand+1","MentalFortress+1","Prostrate+1","JustLucky+1","Necronomicurse","Collect+1","Devotion+1","InnerPeace","Master of Strategy+1","Halt+1","Nirvana+1","WaveOfTheHand+1","MentalFortress+1","DevaForm+1"],"relics":["PureWater","Orrery","Happy Flower","WingedGreaves","Frozen Egg 2","Damaru","MealTicket","Pandora\u0027s Box","Gremlin Horn","Red Mask","Regal Pillow","Necronomicon","Ancient Tea Set","Busted Crown","Kunai","Pantograph","Meat on the Bone","CaptainsWheel","HornCleat","CeramicFish","Membership Card","Orichalcum","Bottled Lightning","ClockworkSouvenir","Bag of Preparation","Ornamental Fan"],"acts_visited":["Exordium","TheCity","TheBeyond","TheEnding"],"potions_floor_usage":[23,23,23,24,24,41,56,56],"damage_taken":[{"damage":0.0,"enemies":"Small Slimes","floor":1.0,"turns":3.0},{"damage":0.0,"enemies":"Jaw Worm","floor":4.0,"turns":3.0},{"damage":5.0,"enemies":"2 Louse","floor":5.0,"turns":3.0},{"damage":5.0,"enemies":"Lagavulin","floor":6.0,"turns":7.0},{"damage":0.0,"enemies":"Gremlin Nob","floor":8.0,"turns":2.0},{"damage":0.0,"enemies":"3 Sentries","floor":13.0,"turns":2.0},{"damage":6.0,"enemies":"Blue Slaver","floor":14.0,"turns":2.0},{"damage":29.0,"enemies":"Hexaghost","floor":16.0,"turns":9.0},{"damage":0.0,"enemies":"Chosen","floor":18.0,"turns":3.0},{"damage":5,"enemies":"Shell Parasite","floor":20,"turns":4},{"damage":0,"enemies":"Masked Bandits","floor":21,"turns":2},{"damage":23,"enemies":"Gremlin Leader","floor":23,"turns":6},{"damage":9,"enemies":"Chosen and Byrds","floor":24,"turns":7},{"damage":16,"enemies":"Snake Plant","floor":25,"turns":6},{"damage":15,"enemies":"Slavers","floor":30,"turns":5},{"damage":0,"enemies":"Snecko","floor":31,"turns":2},{"damage":9,"enemies":"Automaton","floor":33,"turns":7},{"damage":0,"enemies":"3 Shapes","floor":35,"turns":4},{"damage":0,"enemies":"Orb Walker","floor":38,"turns":2},{"damage":0,"enemies":"Giant Head","floor":40,"turns":6},{"damage":2,"enemies":"2 Orb Walkers","floor":41,"turns":2},{"damage":0,"enemies":"Maw","floor":44,"turns":7},{"damage":12,"enemies":"Nemesis","floor":45,"turns":7},{"damage":5,"enemies":"Transient","floor":48,"turns":6},{"damage":12,"enemies":"Donu and Deca","floor":50,"turns":7},{"damage":34,"enemies":"Awakened One","floor":51,"turns":9},{"damage":0,"enemies":"Shield and Spear","floor":55,"turns":6},{"damage":26,"enemies":"The Heart","floor":56,"turns":11}],"seed_played":"4065247921016836627","potions_obtained":[{"floor":5.0,"key":"SkillPotion"},{"floor":6.0,"key":"DistilledChaos"},{"floor":21,"key":"EntropicBrew"},{"floor":23,"key":"DistilledChaos"},{"floor":24,"key":"FairyPotion"},{"floor":31,"key":"ColorlessPotion"},{"floor":35,"key":"Ambrosia"},{"floor":41,"key":"Ancient Potion"}],"is_trial":false,"path_per_floor":["M","$","?","M","M","E","R","E","T","R","R","T","E","M","R","B",null,"M","$","M","?","?","E","M","M","T","R","?","R","E","M","R","B",null,"M","?","$","M","?","E","?","R","T","M","E","$","R","M","R","B","B",null,"R","$","E","B",null],"character_chosen":"WATCHER","items_purchased":["Orrery","BlessingOfTheForge","Gremlin Horn","Kunai","Pantograph","Master of Strategy","Membership Card","MentalFortress+1","Orichalcum","Bottled Lightning","ClockworkSouvenir","Bag of Preparation","DevaForm+1"],"campfire_rested":2,"item_purchase_floors":[2,2,19,37,37,37,46,46,46,46,54,54,54],"current_hp_per_floor":[61,61,54,54,49,44,44,44,44,44,44,44,44,38,38,9,53,53,68,63,63,63,40,31,15,15,50,29,64,49,49,49,40,61,61,61,68,68,68,68,66,66,66,66,54,68,68,63,63,56,46,63,63,68,68,42],"gold":91,"neow_bonus":"TWO_FIFTY_GOLD","is_daily":false,"chose_seed":false,"campfire_upgraded":8,"win_rate":0.0,"timestamp":1612752638,"path_taken":["M","$","?","M","M","E","R","E","T","R","R","?","E","M","R","BOSS","M","$","M","?","?","E","M","?","T","R","?","R","E","M","R","BOSS","M","?","$","M","?","E","?","R","T","M","E","$","R","M","R","BOSS","BOSS","R","$","E","BOSS"],"items_purchased_type":["Relic","Potion","Relic","Relic","Relic","Card","Relic","Card","Relic","Relic","Relic","Relic","Card"],"build_version":"2020-12-22","purchased_purges":3,"victory":true,"max_hp_per_floor":[68,68,68,68,68,68,68,68,68,68,68,68,68,68,68,68,68,68,68,68,68,68,68,68,68,68,68,68,68,68,68,68,68,68,68,68,68,68,68,68,68,68,68,68,68,68,68,68,68,68,68,68,68,68,68,68],"relic_stats":{"Regal Pillow":30,"Happy Flower":[41],"Gremlin Horn":[16,19],"counters":[28,140],"CeramicFish":27,"Bag of Preparation":[4],"Orichalcum":[18],"Busted Crown":18,"Ornamental Fan":[32],"Pantograph":17,"MealTicket":41,"Pandora\u0027s Box":["EmptyBody","ForeignInfluence","Perseverance","LikeWater","SignatureMove","Indignation","Tantrum"],"Necronomicon":[51],"Kunai":[64],"obtain_stats":[{"Regal Pillow":23,"Gremlin Horn":19,"CeramicFish":45,"Bag of Preparation":54,"Ancient Tea Set":30,"ClockworkSouvenir":54,"HornCleat":43,"Pantograph":37,"MealTicket":13,"WingedGreaves":8,"Red Mask":21,"Necronomicon":28,"Kunai":37,"Happy Flower":6,"Damaru":12,"Frozen Egg 2":9,"Orichalcum":46,"CaptainsWheel":41,"Busted Crown":34,"Ornamental Fan":55,"Orrery":2,"Pandora\u0027s Box":17,"Membership Card":46,"Bottled Lightning":46,"PureWater":0,"Meat on the Bone":40},{"Regal Pillow":12,"Gremlin Horn":9,"CeramicFish":23,"Bag of Preparation":26,"Ancient Tea Set":15,"ClockworkSouvenir":26,"HornCleat":21,"Pantograph":18,"MealTicket":6,"WingedGreaves":5,"Red Mask":11,"Necronomicon":14,"Kunai":18,"Happy Flower":4,"Damaru":5,"Frozen Egg 2":5,"Orichalcum":23,"CaptainsWheel":21,"Busted Crown":17,"Ornamental Fan":27,"Orrery":1,"Pandora\u0027s Box":8,"Membership Card":23,"Bottled Lightning":23,"PureWater":0,"Meat on the Bone":20},{"Regal Pillow":46,"Gremlin Horn":34,"CeramicFish":101,"Bag of Preparation":123,"Ancient Tea Set":64,"ClockworkSouvenir":123,"HornCleat":87,"Pantograph":77,"MealTicket":20,"WingedGreaves":18,"Red Mask":40,"Necronomicon":59,"Kunai":77,"Happy Flower":16,"Damaru":18,"Frozen Egg 2":18,"Orichalcum":101,"CaptainsWheel":87,"Busted Crown":73,"Ornamental Fan":129,"Orrery":3,"Pandora\u0027s Box":31,"Membership Card":101,"Bottled Lightning":101,"PureWater":0,"Meat on the Bone":85}],"Meat on the Bone":12},"card_choices":[{"not_picked":["ForeignInfluence","PathToVictory"],"picked":"Consecrate","floor":1.0},{"not_picked":["Devotion","ReachHeaven"],"picked":"CutThroughFate","floor":2.0},{"not_picked":["Consecrate","InnerPeace"],"picked":"ThirdEye","floor":2.0},{"not_picked":["JustLucky","EmptyMind"],"picked":"WheelKick","floor":2.0},{"not_picked":["BowlingBash","JustLucky"],"picked":"Crescendo","floor":2.0},{"not_picked":["EmptyBody","MasterReality"],"picked":"FlurryOfBlows","floor":2.0},{"not_picked":["Protect","FlurryOfBlows"],"picked":"EmptyBody","floor":4.0},{"not_picked":["Halt","MasterReality"],"picked":"ClearTheMind","floor":5.0},{"not_picked":["Halt","SashWhip"],"picked":"WheelKick","floor":6.0},{"not_picked":["CrushJoints","BattleHymn","WheelKick"],"picked":"SKIP","floor":8.0},{"not_picked":["LikeWater+1","DeceiveReality"],"picked":"Adaptation+1","floor":13.0},{"not_picked":["BattleHymn+1","Protect"],"picked":"Halt","floor":14.0},{"not_picked":["Establishment+1","Judgement"],"picked":"LessonLearned","floor":16.0},{"not_picked":["FlyingSleeves","ClearTheMind","PathToVictory+1"],"picked":"SKIP","floor":18.0},{"not_picked":["Crescendo","Evaluate","FlyingSleeves"],"picked":"SKIP","floor":20},{"not_picked":["CarveReality","FollowUp"],"picked":"TalkToTheHand","floor":21},{"not_picked":["PathToVictory","CarveReality+1"],"picked":"Prostrate","floor":23},{"not_picked":["Evaluate","FlurryOfBlows"],"picked":"JustLucky","floor":24},{"not_picked":["Evaluate","WreathOfFlame","CrushJoints"],"picked":"SKIP","floor":25},{"not_picked":["FlyingSleeves","PathToVictory"],"picked":"Collect","floor":30},{"not_picked":["Collect","Evaluate","FollowUp"],"picked":"SKIP","floor":31},{"not_picked":["Vault","Establishment+1"],"picked":"Devotion+1","floor":33},{"not_picked":[],"picked":"InnerPeace","floor":35},{"not_picked":["InnerPeace"],"picked":"SKIP","floor":38},{"not_picked":["ClearTheMind+1"],"picked":"SKIP","floor":40},{"not_picked":[],"picked":"Halt+1","floor":41},{"not_picked":[],"picked":"Nirvana+1","floor":44},{"not_picked":[],"picked":"WaveOfTheHand","floor":45},{"not_picked":["SashWhip"],"picked":"SKIP","floor":48},{"not_picked":["ClearTheMind"],"picked":"SKIP","floor":55}],"player_experience":3056705,"relics_obtained":[{"floor":6.0,"key":"Happy Flower"},{"floor":8.0,"key":"WingedGreaves"},{"floor":9.0,"key":"Frozen Egg 2"},{"floor":12.0,"key":"Damaru"},{"floor":13.0,"key":"MealTicket"},{"floor":21,"key":"Red Mask"},{"floor":23,"key":"Regal Pillow"},{"floor":28,"key":"Necronomicon"},{"floor":30,"key":"Ancient Tea Set"},{"floor":40,"key":"Meat on the Bone"},{"floor":41,"key":"CaptainsWheel"},{"floor":43,"key":"HornCleat"},{"floor":45,"key":"CeramicFish"},{"floor":55,"key":"Ornamental Fan"}],"event_choices":[{"cards_removed":["Strike_P"],"damage_healed":0.0,"max_hp_gain":0.0,"max_hp_loss":0.0,"gold_gain":0.0,"event_name":"Golden Wing","player_choice":"Card Removal","floor":3.0,"gold_loss":0.0,"damage_taken":7.0},{"damage_healed":0,"gold_gain":0,"player_choice":"Fought Bandits","damage_taken":0,"max_hp_gain":0,"max_hp_loss":0,"event_name":"Masked Bandits","floor":21,"gold_loss":0},{"damage_healed":0,"gold_gain":0,"player_choice":"Read","damage_taken":0,"max_hp_gain":0,"max_hp_loss":0,"event_name":"The Library","floor":22,"gold_loss":0,"cards_obtained":["MentalFortress"]},{"damage_healed":0,"gold_gain":0,"player_choice":"Obtained Book","damage_taken":21,"max_hp_gain":0,"max_hp_loss":0,"event_name":"Cursed Tome","floor":28,"gold_loss":0},{"damage_healed":0,"gold_gain":999,"player_choice":"Gold","damage_taken":0,"max_hp_gain":0,"max_hp_loss":0,"event_name":"MindBloom","floor":36,"gold_loss":0,"cards_obtained":["Normality","Normality"]},{"damage_healed":0,"gold_gain":0,"player_choice":"Memory 1","damage_taken":0,"max_hp_gain":0,"max_hp_loss":0,"event_name":"SensoryStone","floor":39,"gold_loss":0},{"damage_healed":0,"gold_gain":0,"player_choice":"Fight","damage_taken":0,"max_hp_gain":0,"max_hp_loss":0,"event_name":"Mysterious Sphere","floor":41,"gold_loss":0}],"is_beta":false,"boss_relics":[{"not_picked":["Calling Bell","Tiny House"],"picked":"Pandora\u0027s Box"},{"not_picked":["Black Star","Velvet Choker"],"picked":"Busted Crown"}],"items_purged_floors":[2,37,46],"is_endless":false,"potions_floor_spawned":[5,6,16,21,23,24,31,35,38,41,55],"ascension_level":20}}