{"host":"p9vmbvw2hh2n16dn","time":1612795419,"event":{"mods":["AchievementEnabler","BaseMod","Block Reminder","Minty Spire (QoL Compilation)","Relic Stats","SuperFastMode"],"gold_per_floor":[114,114,74,249,18,46,46,62,88,114,134,163,163,163,163,163,163],"floor_reached":16,"language":"ENG","playtime":353,"items_purged":["Regret"],"score":204,"play_id":"77a98a0f-7692-4bf7-aa6b-c2bd5b4e5339","local_time":"20210208154339","is_ascension_mode":true,"campfire_choices":[{"data":"Heatsinks","floor":7.0,"key":"SMITH"},{"floor":15,"key":"REST"}],"circlet_count":0,"master_deck":["Strike_B+1","Strike_B","Strike_B","Strike_B","Defend_B","Defend_B","Defend_B","Defend_B","Zap","Dualcast","Heatsinks+1","Capacitor+1","Doubt","Ball Lightning","Coolheaded","Conserve Battery","Hello World+1"],"relics":["Cracked Core","NeowsBlessing","Mummified Hand","Art of War","Frozen Egg 2","Oddly Smooth Stone","WingedGreaves","Torii","Golden Idol"],"acts_visited":["Exordium"],"potions_floor_usage":[12,16],"damage_taken":[{"damage":0.0,"enemies":"2 Louse","floor":1.0,"turns":1.0},{"damage":0.0,"enemies":"3 Sentries","floor":6.0,"turns":1.0},{"damage":0.0,"enemies":"Jaw Worm","floor":8.0,"turns":1.0},{"damage":46.0,"enemies":"Lagavulin","floor":10.0,"turns":6.0},{"damage":6,"enemies":"Small Slimes","floor":11,"turns":3},{"damage":27,"enemies":"3 Sentries","floor":12,"turns":8},{"damage":28,"enemies":"Slime Boss","floor":16,"turns":7}],"seed_played":"-2471307547686119326","potions_obtained":[{"floor":1.0,"key":"Regen Potion"},{"floor":8.0,"key":"Regen Potion"},{"floor":11,"key":"Swift Potion"}],"is_trial":false,"path_per_floor":["M","?","$","?","$","E","R","M","T","E","M","E","?","?","R","B"],"character_chosen":"DEFECT","items_purchased":["Capacitor","Art of War"],"campfire_rested":1,"item_purchase_floors":[3,5],"current_hp_per_floor":[68,68,68,68,68,68,68,68,68,35,29,17,2,2,22,0,0],"gold":163,"neow_bonus":"THREE_ENEMY_KILL","is_daily":false,"chose_seed":false,"campfire_upgraded":1,"win_rate":0.0,"timestamp":1612795419,"path_taken":["M","?","$","?","$","E","R","M","T","E","?","E","?","?","R","BOSS"],"items_purchased_type":["Card","Relic"],"build_version":"2020-12-22","purchased_purges":1,"victory":false,"max_hp_per_floor":[75,75,75,75,75,75,75,75,75,75,75,75,75,69,69,69,69],"relic_stats":{"Torii":3,"counters":[7,27],"Mummified Hand":[9],"Golden Idol":0,"Art of War":[3],"obtain_stats":[{"NeowsBlessing":0,"Torii":12,"Mummified Hand":2,"Golden Idol":14,"Oddly Smooth Stone":9,"WingedGreaves":10,"Art of War":5,"Frozen Egg 2":6,"Cracked Core":0},{"NeowsBlessing":0,"Torii":6,"Mummified Hand":1,"Golden Idol":6,"Oddly Smooth Stone":3,"WingedGreaves":4,"Art of War":1,"Frozen Egg 2":2,"Cracked Core":0},{"NeowsBlessing":0,"Torii":20,"Mummified Hand":1,"Golden Idol":20,"Oddly Smooth Stone":3,"WingedGreaves":9,"Art of War":1,"Frozen Egg 2":2,"Cracked Core":0}]},"card_choices":[{"not_picked":["Cold Snap","Go for the Eyes"],"picked":"Heatsinks","floor":1.0},{"not_picked":["Barrage","FTL"],"picked":"Ball Lightning","floor":6.0},{"not_picked":["Hologram","Ball Lightning"],"picked":"Coolheaded","floor":8.0},{"not_picked":["Coolheaded","Go for the Eyes","Turbo"],"picked":"SKIP","floor":10.0},{"not_picked":["Hologram","Genetic Algorithm"],"picked":"Conserve Battery","floor":11},{"not_picked":["Undo","Hyperbeam"],"picked":"Hello World+1","floor":12}],"player_experience":307952,"relics_obtained":[{"floor":6.0,"key":"Frozen Egg 2"},{"floor":9.0,"key":"Oddly Smooth Stone"},{"floor":10.0,"key":"WingedGreaves"},{"floor":12,"key":"Torii"}],"event_choices":[{"damage_healed":0.0,"max_hp_gain":0.0,"max_hp_loss":0.0,"gold_gain":0.0,"event_name":"Big Fish","player_choice":"Box","floor":2.0,"gold_loss":0.0,"damage_taken":0.0,"relics_obtained":["Mummified Hand"],"cards_obtained":["Regret"]},{"damage_healed":0.0,"max_hp_gain":0.0,"max_hp_loss":0.0,"gold_gain":175.0,"event_name":"Liars Game","player_choice":"AGREE","floor":4.0,"gold_loss":0.0,"damage_taken":0.0,"cards_obtained":["Doubt"]},{"damage_healed":0,"gold_gain":0,"player_choice":"Entered Light","damage_taken":15,"max_hp_gain":0,"max_hp_loss":0,"event_name":"Shining Light","floor":13,"gold_loss":0,"cards_upgraded":["Strike_B","Capacitor"]},{"damage_healed":0,"gold_gain":0,"player_choice":"Lose Max HP","damage_taken":0,"relics_obtained":["Golden Idol"],"max_hp_gain":0,"max_hp_loss":6,"event_name":"Golden Idol","floor":14,"gold_loss":0}],"is_beta":false,"boss_relics":[],"items_purged_floors":[5],"is_endless":false,"potions_floor_spawned":[1,8,11],"killed_by":"Slime Boss","ascension_level":9}}