{"host":"6bsan6hkua32tfq7","time":1612772212,"event":{"mods":["BaseMod","Better Third Choice","Colored Map","Highlight Path","Minty Spire (QoL Compilation)","StSLib"],"gold_per_floor":[140,156,156,200,210,210,210,210],"floor_reached":7,"language":"ENG","playtime":231,"items_purged":[],"score":86,"play_id":"10348cb3-d0c7-44ca-873c-b376276a351e","local_time":"20210208091652","is_ascension_mode":true,"campfire_choices":[{"data":"PathToVictory","floor":6,"key":"SMITH"}],"circlet_count":0,"master_deck":["AscendersBane","Strike_P","Strike_P","Strike_P","Strike_P","Defend_P","Defend_P","Defend_P","Defend_P","Eruption+1","Vigilance","Wish","DeceiveReality","JustLucky","PathToVictory+1","Consecrate"],"relics":["PureWater"],"acts_visited":["Exordium"],"potions_floor_usage":[7],"damage_taken":[{"damage":11,"enemies":"Small Slimes","floor":1,"turns":7},{"damage":2,"enemies":"Cultist","floor":2,"turns":3},{"damage":4,"enemies":"2 Louse","floor":4,"turns":3},{"damage":14,"enemies":"Lots of Slimes","floor":5,"turns":6},{"damage":46,"enemies":"Gremlin Nob","floor":7,"turns":4}],"seed_played":"-6563670946357381304","potions_obtained":[{"floor":1,"key":"LiquidMemories"},{"floor":5,"key":"Weak Potion"}],"is_trial":false,"path_per_floor":["M","M","?","M","M","R","E"],"character_chosen":"WATCHER","items_purchased":[],"campfire_rested":0,"item_purchase_floors":[],"current_hp_per_floor":[50,48,48,44,30,30,0,0],"gold":210,"neow_bonus":"ONE_RANDOM_RARE_CARD","is_daily":false,"chose_seed":false,"campfire_upgraded":1,"win_rate":0.0,"timestamp":1612772212,"path_taken":["M","M","?","?","M","R","E"],"items_purchased_type":[],"build_version":"2020-12-22","purchased_purges":0,"victory":false,"max_hp_per_floor":[68,68,68,68,68,68,68,68],"card_choices":[{"not_picked":["InnerPeace","Protect"],"picked":"DeceiveReality","floor":1},{"not_picked":["JustLucky","WreathOfFlame","FlyingSleeves"],"picked":"SKIP","floor":2},{"not_picked":["WreathOfFlame","FlyingSleeves"],"picked":"JustLucky","floor":2},{"not_picked":["TalkToTheHand","Collect"],"picked":"PathToVictory","floor":4},{"not_picked":["CutThroughFate","Protect"],"picked":"Consecrate","floor":5}],"player_experience":5419803,"relics_obtained":[],"event_choices":[{"damage_healed":0,"gold_gain":0,"player_choice":"Forge","damage_taken":0,"max_hp_gain":0,"max_hp_loss":0,"event_name":"Accursed Blacksmith","floor":3,"gold_loss":0,"cards_upgraded":["Eruption"]}],"is_beta":false,"boss_relics":[],"items_purged_floors":[],"is_endless":false,"potions_floor_spawned":[1,5],"killed_by":"Gremlin Nob","ascension_level":20}}