{"host":"bf5upntvbdompq33","time":1612807869,"event":{"mods":["BaseMod","Colored Map","Colored Powertips","Curses Come First","Minty Spire (QoL Compilation)","StSLib","The Dragon Tamer","The Hierophant","The Marked","The Mystic","The Servant 0.9.4"],"gold_per_floor":[110,124,140,140,73,73,83,83,110,130,159,159,175,194,194,290,290,310,310,235,235,254,254,254,265,265,280,33,66,66,66,66],"floor_reached":31,"language":"ENG","playtime":1244,"items_purged":[],"score":462,"play_id":"bc2e346d-8738-41c4-8131-9231a117ce21","local_time":"20210208111109","is_ascension_mode":true,"campfire_choices":[{"data":"Core Surge","floor":6.0,"key":"SMITH"},{"data":"Rip and Tear","floor":8.0,"key":"SMITH"},{"data":"Beam Cell","floor":12.0,"key":"SMITH"},{"floor":15.0,"key":"REST"},{"data":"Streamline","floor":23.0,"key":"SMITH"}],"circlet_count":0,"master_deck":["AscendersBane","Defend_B+1","Defend_B+1","Defend_B","Defend_B+1","Dualcast","Beam Cell","Core Surge+1","Sunder","Rip and Tear+1","Beam Cell+1","White Noise+1","Streamline+1","Hologram","Echo Form","Turbo+1","Bite","Bite","Bite","Bite","Bite","Conserve Battery+1","Gash","Steam+1","Apotheosis","Gash","Gash"],"relics":["Cracked Core","NeowsBlessing","Nunchaku","Vajra","Dream Catcher","SacredBark","MutagenicStrength","CaptainsWheel","War Paint"],"acts_visited":["Exordium","TheCity"],"potions_floor_usage":[],"damage_taken":[{"damage":0.0,"enemies":"Small Slimes","floor":1.0,"turns":1.0},{"damage":0.0,"enemies":"2 Louse","floor":2.0,"turns":1.0},{"damage":0.0,"enemies":"Cultist","floor":3.0,"turns":1.0},{"damage":11.0,"enemies":"Looter","floor":7.0,"turns":2.0},{"damage":13.0,"enemies":"3 Louse","floor":10.0,"turns":2.0},{"damage":0.0,"enemies":"Gremlin Nob","floor":11.0,"turns":2.0},{"damage":0.0,"enemies":"2 Fungi Beasts","floor":13.0,"turns":2.0},{"damage":4.0,"enemies":"Exordium Wildlife","floor":14.0,"turns":3.0},{"damage":36.0,"enemies":"The Guardian","floor":16.0,"turns":8.0},{"damage":0.0,"enemies":"Chosen","floor":18.0,"turns":3.0},{"damage":40.0,"enemies":"2 Thieves","floor":22.0,"turns":4.0},{"damage":22.0,"enemies":"Chosen and Byrds","floor":25.0,"turns":5.0},{"damage":0.0,"enemies":"3 Cultists","floor":27.0,"turns":2.0},{"damage":11.0,"enemies":"Book of Stabbing","floor":29.0,"turns":4.0},{"damage":14.0,"enemies":"Colosseum Slavers","floor":30.0,"turns":3.0},{"damage":8,"enemies":"Snake Plant","floor":31,"turns":1}],"seed_played":"-2675045643396849673","potions_obtained":[{"floor":3.0,"key":"Energy Potion"},{"floor":7.0,"key":"Dexterity Potion"},{"floor":25.0,"key":"AttackPotion"},{"floor":27.0,"key":"DistilledChaos"}],"is_trial":false,"path_per_floor":["M","M","M","?","?","R","M","R","T","M","E","R","M","M","R","B",null,"M","?","?","?","M","R","?","M","T","M","$","E","?","M"],"character_chosen":"DEFECT","items_purchased":["Apotheosis","Gash"],"campfire_rested":1,"item_purchase_floors":[28,28],"current_hp_per_floor":[68,68,68,53,53,53,42,42,42,29,29,29,29,25,47,11,59,59,59,59,52,20,20,20,8,8,14,14,16,4,0,0],"gold":66,"neow_bonus":"THREE_ENEMY_KILL","is_daily":false,"chose_seed":false,"campfire_upgraded":4,"win_rate":0.0,"timestamp":1612807869,"path_taken":["M","M","M","?","?","R","?","R","T","M","E","R","M","M","R","BOSS","M","?","?","?","M","R","?","?","T","M","$","E","?","M"],"items_purchased_type":["Card","Card"],"build_version":"2020-12-22","purchased_purges":0,"victory":false,"max_hp_per_floor":[75,75,75,75,75,75,75,75,75,75,75,75,75,75,75,75,75,75,75,75,52,52,52,52,52,52,52,52,52,52,52,52],"card_choices":[{"not_picked":["Cold Snap","Turbo"],"picked":"Beam Cell","floor":1.0},{"not_picked":["FTL","Streamline"],"picked":"Core Surge","floor":2.0},{"not_picked":["Sweeping Beam","Conserve Battery"],"picked":"Sunder","floor":3.0},{"not_picked":["Ball Lightning","Fusion"],"picked":"Rip and Tear","floor":7.0},{"not_picked":["Turbo","Heatsinks"],"picked":"Beam Cell","floor":10.0},{"not_picked":["Storm","Recycle"],"picked":"White Noise","floor":11.0},{"not_picked":["Chill","Blizzard"],"picked":"Streamline","floor":13.0},{"not_picked":["Streamline","Leap"],"picked":"Hologram","floor":14.0},{"not_picked":["Buffer","Seek"],"picked":"Echo Form","floor":16.0},{"not_picked":["Fusion+1","Hologram+1"],"picked":"Turbo+1","floor":18.0},{"not_picked":["Cold Snap+1","Turbo+1"],"picked":"Conserve Battery+1","floor":22.0},{"not_picked":["Double Energy","Stack+1"],"picked":"Gash","floor":25.0},{"not_picked":["Compile Driver","Beam Cell"],"picked":"Steam+1","floor":27.0},{"not_picked":["Multi-Cast","Barrage+1"],"picked":"Gash","floor":29.0}],"player_experience":1527333,"relics_obtained":[{"floor":9.0,"key":"Vajra"},{"floor":11.0,"key":"Dream Catcher"},{"floor":26.0,"key":"CaptainsWheel"},{"floor":29.0,"key":"War Paint"}],"event_choices":[{"damage_healed":0.0,"max_hp_gain":0.0,"max_hp_loss":0.0,"gold_gain":0.0,"event_name":"Shining Light","player_choice":"Entered Light","floor":4.0,"gold_loss":0.0,"damage_taken":15.0,"cards_upgraded":["Defend_B","Defend_B"]},{"damage_healed":0.0,"max_hp_gain":0.0,"max_hp_loss":0.0,"gold_gain":0.0,"event_name":"WeMeetAgain","player_choice":"Paid Gold","floor":5.0,"gold_loss":67.0,"damage_taken":0.0,"relics_obtained":["Nunchaku"]},{"damage_healed":0.0,"max_hp_gain":0.0,"max_hp_loss":0.0,"gold_gain":0.0,"event_name":"Drug Dealer","player_choice":"Inject Mutagens","floor":19.0,"gold_loss":0.0,"damage_taken":0.0,"relics_obtained":["MutagenicStrength"]},{"cards_removed":["Strike_B"],"damage_healed":0.0,"max_hp_gain":0.0,"max_hp_loss":0.0,"gold_gain":0.0,"event_name":"Beggar","player_choice":"Gave Gold","floor":20.0,"gold_loss":75.0,"damage_taken":0.0},{"damage_healed":0.0,"max_hp_gain":0.0,"max_hp_loss":23.0,"gold_gain":0.0,"event_name":"Vampires","player_choice":"Became a vampire","floor":21.0,"gold_loss":0.0,"damage_taken":0.0,"cards_obtained":["Bite","Bite","Bite","Bite","Bite"]},{"cards_removed":["Zap"],"damage_healed":0.0,"max_hp_gain":0.0,"max_hp_loss":0.0,"gold_gain":0.0,"event_name":"Back to Basics","player_choice":"Elegance","floor":24.0,"gold_loss":0.0,"damage_taken":0.0},{"damage_healed":0.0,"max_hp_gain":0.0,"max_hp_loss":0.0,"gold_gain":0.0,"event_name":"Colosseum","player_choice":"Fight","floor":30.0,"gold_loss":0.0,"damage_taken":0.0},{"damage_healed":0.0,"max_hp_gain":0.0,"max_hp_loss":0.0,"gold_gain":0.0,"event_name":"Colosseum","player_choice":"Fled From Nobs","floor":30.0,"gold_loss":0.0,"damage_taken":0.0}],"is_beta":false,"boss_relics":[{"not_picked":["Velvet Choker","FrozenCore"],"picked":"SacredBark"}],"items_purged_floors":[],"is_endless":false,"potions_floor_spawned":[3,7,11,14,25,27,30],"killed_by":"Snake Plant","ascension_level":11}}