{"host":"ji2m2homzj81ljx9","time":1612819460,"event":{"mods":["BaseMod","Bossed Relics","Colored Map","Colored Powertips","Downfall","Infinite Spire","Minty Spire (QoL Compilation)","Quick Restart","Relic Stats","Remove Card Discount Mod","Replay The Spire","Shop Mod","StSLib"],"gold_per_floor":[132,132,132,32,32,48,48,68,95,95,109,109,109],"floor_reached":12,"language":"ENG","playtime":162,"items_purged":["Impatience+1"],"score":68,"play_id":"d3c1cb3f-cd3a-4e87-b3f1-551d003632b4","local_time":"20210208232420","is_ascension_mode":false,"campfire_choices":[{"data":"Bash","floor":10,"key":"SMITH"}],"circlet_count":0,"master_deck":["Strike_R","Strike_R","Strike_R","Strike_R+1","Strike_R","Defend_R","Defend_R","Defend_R","Defend_R+1","Bash+1","Cleave+1","Clothesline"],"relics":["Burning Blood","Pen Nib"],"acts_visited":["Exordium"],"potions_floor_usage":[],"damage_taken":[{"damage":5,"enemies":"Cultist","floor":1,"turns":4},{"damage":7,"enemies":"2 Louse","floor":6,"turns":2},{"damage":3,"enemies":"Jaw Worm","floor":8,"turns":2},{"damage":33,"enemies":"Exordium Thugs","floor":11,"turns":4},{"damage":0,"enemies":"3 Sentries","floor":12,"turns":1}],"seed_played":"-2723925742161571650","potions_obtained":[{"floor":6,"key":"Weak Potion"}],"is_trial":false,"path_per_floor":["M","?","?","$","?","M","$","M","T","R","M","E"],"character_chosen":"IRONCLAD","items_purchased":["FairyPotion"],"campfire_rested":0,"item_purchase_floors":[4],"current_hp_per_floor":[72,58,58,58,58,57,57,60,60,60,33,33,33],"gold":109,"neow_bonus":"RANDOM_COLORLESS_2","is_daily":false,"chose_seed":false,"campfire_upgraded":1,"win_rate":0.0,"timestamp":1612819460,"path_taken":["M","?","?","$","?","?","$","M","T","R","M","E"],"items_purchased_type":["Potion"],"build_version":"2020-12-22","purchased_purges":1,"victory":false,"max_hp_per_floor":[72,72,72,72,72,72,72,72,72,72,72,72,72],"relic_stats":{"counters":[5,13],"Pen Nib":[0],"obtain_stats":[{"Pen Nib":9,"Burning Blood":0},{"Pen Nib":3,"Burning Blood":0},{"Pen Nib":8,"Burning Blood":0}],"Burning Blood":23},"card_choices":[{"not_picked":["Magnetism","Secret Technique"],"picked":"HandOfGreed","floor":0},{"not_picked":["Clash","ReplayTheSpireMod:Stacked"],"picked":"Cleave","floor":1},{"not_picked":["Twin Strike","Perfected Strike","Armaments"],"picked":"SKIP","floor":6},{"not_picked":["Berserk","Flex","Twin Strike"],"picked":"SKIP","floor":8},{"not_picked":["Hemokinesis","ReplayTheSpireMod:Strike From Hell"],"picked":"Clothesline","floor":11}],"player_experience":1108913,"relics_obtained":[{"floor":9,"key":"Pen Nib"}],"event_choices":[{"damage_healed":0,"gold_gain":0,"player_choice":"Entered Light","damage_taken":14,"max_hp_gain":0,"max_hp_loss":0,"event_name":"Shining Light","floor":2,"gold_loss":0,"cards_upgraded":["Strike_R","Defend_R"]}],"is_beta":false,"boss_relics":[],"items_purged_floors":[4],"is_endless":false,"potions_floor_spawned":[6],"killed_by":"3 Sentries","ascension_level":0}}