{"host":"ml2ro5l6hu6y0pll","time":1612752666,"event":{"mods":["AchievementEnabler","BaseMod","Colored Map","Colored Powertips","Custom Start","Downfall","Googly Eyes","Minty Spire (QoL Compilation)","Quick Restart","Rare Cards Sparkle","Relic Stats","StSLib","everything is the same but u backflip on backflip"],"gold_per_floor":[119,119,135,148,165,191,218,218,218,253,284,284,311,341,341,414,414,424,424,306,319,61,95,133,145,157,204,245,286,328,373,385,470,482,511,535,98,110,129,155,184,184,184,218,218,252,267,292,292,292,292,292,292,200,232,232],"floor_reached":57,"language":"ENG","playtime":2423,"items_purged":["Strike_R","Strike_R"],"score":4364,"play_id":"f7238c3b-50f3-4c18-ace7-28b7560fe0f9","local_time":"20210208025106","daily_mods":["Flight","Elite Swarm"],"is_ascension_mode":true,"campfire_choices":[{"data":"1","floor":8,"key":"LIFT"},{"data":"2","floor":12,"key":"LIFT"},{"data":"3","floor":15,"key":"LIFT"},{"data":"Whirlwind","floor":25,"key":"SMITH"},{"data":"Demon Form","floor":32,"key":"SMITH"},{"floor":42,"key":"RECALL"},{"data":"Impervious","floor":49,"key":"SMITH"},{"data":"Flame Barrier","floor":53,"key":"SMITH"}],"circlet_count":0,"master_deck":["Feel No Pain","Shockwave","Flame Barrier+1","Armaments","Ghostly Armor","Defend_R","Defend_R","Shrug It Off","Immolate","Carnage+1","Uppercut","Whirlwind+1","Bash","Feed","Impervious+1","Barricade","Impervious+1","Reaper","Whirlwind+1","Flame Barrier+1","Limit Break+1","Demon Form+1","Impervious+1","CurseOfTheBell","Feel No Pain","Impervious+1","Reaper","Feel No Pain","Shrug It Off+1"],"relics":["Burning Blood","Girya","Chemical X","Vajra","Ice Cream","Snecko Eye","Bird Faced Urn","Letter Opener","Toxic Egg 2","Bag of Marbles","Bronze Scales","Magic Flower","Shuriken","Coffee Dripper","Akabeko","MawBank","Lantern","Mummified Hand","Pocketwatch","HornCleat","Eternal Feather","Potion Belt","FossilizedHelix","Calling Bell","Nunchaku","Pantograph","Peace Pipe","Medical Kit","Pear","Whetstone","Kunai","Juzu Bracelet","Centennial Puzzle","Oddly Smooth Stone"],"acts_visited":["Exordium","TheCity","TheBeyond","TheEnding"],"potions_floor_usage":[21,38,38,44,56,56,56],"damage_taken":[{"damage":0,"enemies":"2 Louse","floor":1,"turns":1},{"damage":0,"enemies":"Jaw Worm","floor":3,"turns":1},{"damage":0,"enemies":"Small Slimes","floor":4,"turns":1},{"damage":0,"enemies":"3 Louse","floor":5,"turns":1},{"damage":0,"enemies":"Lagavulin","floor":6,"turns":3},{"damage":10,"enemies":"3 Sentries","floor":7,"turns":2},{"damage":0,"enemies":"Gremlin Nob","floor":10,"turns":2},{"damage":9,"enemies":"3 Sentries","floor":11,"turns":4},{"damage":0,"enemies":"Gremlin Nob","floor":13,"turns":3},{"damage":0,"enemies":"3 Sentries","floor":14,"turns":3},{"damage":1,"enemies":"Hexaghost","floor":16,"turns":4},{"damage":0,"enemies":"Shell Parasite","floor":18,"turns":2},{"damage":0,"enemies":"Chosen","floor":21,"turns":3},{"damage":0,"enemies":"Book of Stabbing","floor":23,"turns":2},{"damage":0,"enemies":"Gremlin Leader","floor":24,"turns":3},{"damage":0,"enemies":"Book of Stabbing","floor":27,"turns":5},{"damage":0,"enemies":"Slavers","floor":28,"turns":2},{"damage":0,"enemies":"Gremlin Leader","floor":29,"turns":4},{"damage":0,"enemies":"Slavers","floor":30,"turns":1},{"damage":0,"enemies":"Book of Stabbing","floor":31,"turns":4},{"damage":0,"enemies":"Champ","floor":33,"turns":4},{"damage":0,"enemies":"3 Darklings","floor":35,"turns":1},{"damage":0,"enemies":"3 Shapes","floor":36,"turns":4},{"damage":0,"enemies":"Transient","floor":38,"turns":5},{"damage":0,"enemies":"Sphere and 2 Shapes","floor":39,"turns":3},{"damage":0,"enemies":"Giant Head","floor":40,"turns":7},{"damage":0,"enemies":"Reptomancer","floor":41,"turns":6},{"damage":0,"enemies":"Giant Head","floor":44,"turns":5},{"damage":0,"enemies":"Nemesis","floor":46,"turns":1},{"damage":0,"enemies":"Jaw Worm Horde","floor":47,"turns":2},{"damage":0,"enemies":"Reptomancer","floor":48,"turns":1},{"damage":12,"enemies":"Donu and Deca","floor":50,"turns":6},{"damage":0,"enemies":"Time Eater","floor":51,"turns":12},{"damage":0,"enemies":"Shield and Spear","floor":55,"turns":1},{"damage":4,"enemies":"The Heart","floor":56,"turns":8}],"seed_played":"-2133559360297667327","potions_obtained":[{"floor":4,"key":"DuplicationPotion"},{"floor":6,"key":"Explosive Potion"},{"floor":28,"key":"SteroidPotion"},{"floor":30,"key":"LiquidMemories"},{"floor":31,"key":"Energy Potion"},{"floor":39,"key":"PowerPotion"},{"floor":40,"key":"Swift Potion"},{"floor":47,"key":"Weak Potion"}],"is_trial":true,"path_per_floor":["M","?","M","M","M","E","E","R","T","E","E","R","E","E","R","B",null,"M","?","$","M","$","E","E","R","T","E","E","E","E","E","R","B",null,"M","M","$","M","M","E","E","R","T","E","?","E","M","E","R","B","B",null,"R","$","E","B",null],"character_chosen":"IRONCLAD","items_purchased":["Flame Barrier+1","Akabeko","Medical Kit","Pear","Feel No Pain","Shrug It Off+1"],"campfire_rested":0,"item_purchase_floors":[20,22,37,37,54,54],"current_hp_per_floor":[74,79,80,80,80,80,76,76,76,80,80,80,86,89,89,92,92,92,65,65,85,85,100,100,100,100,100,103,106,106,106,106,110,110,110,113,123,126,129,132,135,135,135,138,138,138,141,141,141,144,148,148,148,148,148,151],"gold":232,"neow_bonus":"","is_daily":false,"chose_seed":false,"campfire_upgraded":4,"win_rate":0.0,"timestamp":1612752666,"path_taken":["M","?","M","M","M","E","E","R","T","E","E","R","E","E","R","BOSS","M","?","$","M","$","E","E","R","T","E","E","E","E","E","R","BOSS","M","M","$","M","M","E","E","R","T","E","?","E","M","E","R","BOSS","BOSS","R","$","E","BOSS"],"items_purchased_type":["Card","Relic","Relic","Relic","Card","Card"],"build_version":"2020-12-22","purchased_purges":2,"victory":true,"max_hp_per_floor":[75,80,80,80,80,80,80,80,80,80,83,83,86,89,89,92,92,92,97,97,100,100,100,100,100,100,100,103,106,106,106,106,110,110,110,113,123,126,129,132,135,135,135,138,138,138,141,141,141,144,148,148,148,148,148,151],"relic_stats":{"counters":[35,117],"Magic Flower":[13],"Eternal Feather":0,"Juzu Bracelet":0,"Letter Opener":[157],"Whetstone":["Carnage","Whirlwind"],"MawBank":168,"Medical Kit":[0],"Burning Blood":36,"Peace Pipe":0,"Nunchaku":[6],"Centennial Puzzle":[6],"Shuriken":[6],"Mummified Hand":[95],"Bird Faced Urn":[23],"Bronze Scales":[371],"Pantograph":0,"Snecko Eye":[183,206,211,201],"Chemical X":[38],"Kunai":[1],"obtain_stats":[{"Ice Cream":0,"Lantern":24,"Vajra":0,"Magic Flower":13,"Juzu Bracelet":44,"Whetstone":40,"Burning Blood":0,"Nunchaku":34,"Centennial Puzzle":46,"HornCleat":28,"Mummified Hand":26,"Pantograph":34,"Chemical X":0,"Kunai":41,"Toxic Egg 2":9,"Potion Belt":30,"Girya":0,"Pear":37,"Oddly Smooth Stone":55,"Eternal Feather":29,"Letter Opener":7,"MawBank":23,"Medical Kit":37,"Akabeko":22,"Calling Bell":34,"Peace Pipe":34,"Shuriken":14,"Bird Faced Urn":6,"Bronze Scales":11,"Snecko Eye":0,"Bag of Marbles":10,"Coffee Dripper":17,"FossilizedHelix":31,"Pocketwatch":27},{"Ice Cream":0,"Lantern":15,"Vajra":0,"Magic Flower":9,"Juzu Bracelet":28,"Whetstone":26,"Burning Blood":0,"Nunchaku":21,"Centennial Puzzle":29,"HornCleat":17,"Mummified Hand":15,"Pantograph":21,"Chemical X":0,"Kunai":27,"Toxic Egg 2":6,"Potion Belt":19,"Girya":0,"Pear":23,"Oddly Smooth Stone":34,"Eternal Feather":18,"Letter Opener":6,"MawBank":14,"Medical Kit":23,"Akabeko":13,"Calling Bell":21,"Peace Pipe":21,"Shuriken":10,"Bird Faced Urn":5,"Bronze Scales":8,"Snecko Eye":0,"Bag of Marbles":7,"Coffee Dripper":11,"FossilizedHelix":20,"Pocketwatch":16},{"Ice Cream":0,"Lantern":35,"Vajra":0,"Magic Flower":18,"Juzu Bracelet":86,"Whetstone":75,"Burning Blood":0,"Nunchaku":55,"Centennial Puzzle":87,"HornCleat":42,"Mummified Hand":35,"Pantograph":55,"Chemical X":0,"Kunai":81,"Toxic Egg 2":9,"Potion Belt":47,"Girya":0,"Pear":60,"Oddly Smooth Stone":109,"Eternal Feather":46,"Letter Opener":9,"MawBank":32,"Medical Kit":60,"Akabeko":30,"Calling Bell":55,"Peace Pipe":55,"Shuriken":21,"Bird Faced Urn":7,"Bronze Scales":15,"Snecko Eye":0,"Bag of Marbles":11,"Coffee Dripper":25,"FossilizedHelix":51,"Pocketwatch":40}],"Pocketwatch":[93]},"card_choices":[{"not_picked":["Twin Strike","Battle Trance","Combust"],"picked":"SKIP","floor":1},{"not_picked":["Havoc","Rage","Twin Strike"],"picked":"SKIP","floor":3},{"not_picked":["Whirlwind","Metallicize","Wild Strike"],"picked":"SKIP","floor":4},{"not_picked":["Thunderclap","Iron Wave","Flex"],"picked":"SKIP","floor":5},{"not_picked":["Corruption","Impervious"],"picked":"Feed","floor":6},{"not_picked":["Juggernaut","Fiend Fire"],"picked":"Impervious","floor":7},{"not_picked":["Berserk","Juggernaut"],"picked":"Barricade","floor":10},{"not_picked":["Berserk","Corruption","Double Tap+1"],"picked":"SKIP","floor":11},{"not_picked":["Juggernaut","Offering+1","Berserk"],"picked":"SKIP","floor":13},{"not_picked":["Juggernaut","Brutality"],"picked":"Impervious+1","floor":14},{"not_picked":["Offering+1","Feed"],"picked":"Reaper","floor":16},{"not_picked":["Headbutt","Fire Breathing"],"picked":"Whirlwind","floor":18},{"not_picked":["Pommel Strike+1","Warcry+1","Body Slam"],"picked":"SKIP","floor":21},{"not_picked":["Barricade","Double Tap+1","Reaper"],"picked":"SKIP","floor":23},{"not_picked":["Immolate","Berserk","Barricade"],"picked":"SKIP","floor":24},{"not_picked":["Feed","Barricade"],"picked":"Limit Break+1","floor":27},{"not_picked":["Bludgeon","Impervious+1","Reaper"],"picked":"SKIP","floor":28},{"not_picked":["Corruption","Feed"],"picked":"Demon Form","floor":29},{"not_picked":["Berserk","Immolate"],"picked":"Impervious+1","floor":30},{"not_picked":["Barricade","Bludgeon","Demon Form"],"picked":"SKIP","floor":31},{"not_picked":["Body Slam","Wild Strike","Sword Boomerang+1"],"picked":"SKIP","floor":35},{"not_picked":["Body Slam","Clash+1"],"picked":"Feel No Pain","floor":36},{"not_picked":["Sword Boomerang","Twin Strike"],"picked":"Impervious+1","floor":38},{"not_picked":["Metallicize","Dark Embrace","Body Slam"],"picked":"SKIP","floor":39},{"not_picked":["Immolate","Bludgeon","Fiend Fire"],"picked":"SKIP","floor":40},{"not_picked":["Offering+1","Double Tap+1","Feed"],"picked":"SKIP","floor":41},{"not_picked":["Immolate","Corruption","Feed"],"picked":"SKIP","floor":44},{"not_picked":["Barricade","Limit Break+1"],"picked":"Reaper","floor":46},{"not_picked":["Clothesline","Clash","Iron Wave+1"],"picked":"SKIP","floor":47},{"not_picked":["Brutality","Immolate","Limit Break+1"],"picked":"SKIP","floor":48},{"not_picked":["Brutality","Immolate","Limit Break+1"],"picked":"SKIP","floor":48},{"not_picked":["Barricade","Juggernaut","Bludgeon"],"picked":"SKIP","floor":55}],"player_experience":997537,"relics_obtained":[{"floor":6,"key":"Bird Faced Urn"},{"floor":7,"key":"Letter Opener"},{"floor":9,"key":"Toxic Egg 2"},{"floor":10,"key":"Bag of Marbles"},{"floor":11,"key":"Bronze Scales"},{"floor":13,"key":"Magic Flower"},{"floor":14,"key":"Shuriken"},{"floor":23,"key":"MawBank"},{"floor":24,"key":"Lantern"},{"floor":26,"key":"Mummified Hand"},{"floor":27,"key":"Pocketwatch"},{"floor":28,"key":"HornCleat"},{"floor":29,"key":"Eternal Feather"},{"floor":30,"key":"Potion Belt"},{"floor":31,"key":"FossilizedHelix"},{"floor":34,"key":"Nunchaku"},{"floor":34,"key":"Pantograph"},{"floor":34,"key":"Peace Pipe"},{"floor":40,"key":"Whetstone"},{"floor":41,"key":"Kunai"},{"floor":44,"key":"Juzu Bracelet"},{"floor":46,"key":"Centennial Puzzle"},{"floor":55,"key":"Oddly Smooth Stone"}],"event_choices":[{"damage_healed":0,"gold_gain":0,"player_choice":"Donut","damage_taken":0,"max_hp_gain":5,"max_hp_loss":0,"event_name":"Big Fish","floor":2,"gold_loss":0},{"damage_healed":0,"gold_gain":0,"player_choice":"Shed Blood","damage_taken":32,"max_hp_gain":5,"max_hp_loss":0,"event_name":"Forgotten Altar","floor":19,"gold_loss":0},{"damage_healed":0,"gold_gain":0,"player_choice":"Memory 1","damage_taken":0,"max_hp_gain":0,"max_hp_loss":0,"event_name":"SensoryStone","floor":45,"gold_loss":0}],"is_beta":false,"boss_relics":[{"not_picked":["Cursed Key","Fusion Hammer"],"picked":"Coffee Dripper"},{"not_picked":["Runic Pyramid","Astrolabe"],"picked":"Calling Bell"}],"items_purged_floors":[20,22],"is_endless":false,"potions_floor_spawned":[4,6,7,13,14,27,28,29,30,31,33,35,39,40,47,48],"ascension_level":20}}