{"host":"og21o26alpnbwmz8","time":1612798062,"event":{"mods":["Act Like it!","Aspiration","BaseMod","Conspire","Downfall","Gensokyo","Halation","Hubris","Jedi Mod","Mimic Mod","Minty Spire (QoL Compilation)","Pale of the Ancients","Reliquary","Replay The Spire","Shop Mod","Spikes Relics","StSLib","The Alterego","The Blackbeard","The Blue Laboratory","The Bug Knight","The Death Knight","The Runesmith","Waifu the Spire"],"gold_per_floor":[112,112,42,42,59,59,59,59,59,59,109,136,136,136,169,185,185,286,286,304,304,0,76,95,95,106,106,106,119,129,54,72,98,98,98,98],"floor_reached":35,"language":"ENG","playtime":1274,"items_purged":["HollowMod:NailStrikeStart"],"score":283,"play_id":"60a55074-0823-4ae1-acbd-bf63ff04b6d4","local_time":"20210208102742","is_ascension_mode":false,"campfire_choices":[{"data":"HollowMod:PogoStrike","floor":7,"key":"SMITH"},{"data":"HollowMod:QuickDashStart","floor":10,"key":"SMITH"},{"data":"HollowMod:DesolateDive","floor":13,"key":"SMITH"},{"data":"HollowMod:QuickDashStart","floor":17,"key":"SMITH"},{"data":"HollowMod:DesolateDive","floor":25,"key":"SMITH"},{"floor":27,"key":"REST"},{"floor":34,"key":"REST"}],"circlet_count":0,"master_deck":["HollowMod:NailStrikeStart+1","HollowMod:NailStrikeStart+1","HollowMod:NailStrikeStart+1","HollowMod:QuickDashStart+1","HollowMod:QuickDashStart+1","HollowMod:QuickDashStart+1","HollowMod:QuickDashStart+1","HollowMod:FocusHealStart+1","HollowMod:PogoStrike+1","HollowMod:SoulMaster+1","HollowMod:DesolateDive+1","HollowMod:CycloneSlash","HollowMod:ChannelNail+1","HollowMod:DesolateDive+1","HollowMod:ChannelNail+1","HollowMod:Grubsong+1","HollowMod:DashSlash+1"],"relics":["HollowMod:VesselMask","Gensokyo:Justice","reliquary:Stiletto","Ornamental Fan","Bag of Preparation","reliquary:Craggleroot","hubris:Towel","reliquary:Knoch","Vajra","Blood Vial"],"acts_visited":["Exordium","Gensokyo:Gensokyo"],"potions_floor_usage":[33],"damage_taken":[{"damage":5,"enemies":"Gensokyo:2_Kodama","floor":1,"turns":4},{"damage":3,"enemies":"Gensokyo:Python","floor":5,"turns":3},{"damage":1,"enemies":"Gensokyo:Cirno","floor":12,"turns":6},{"damage":8,"enemies":"Gensokyo:Mamizou","floor":15,"turns":6},{"damage":0,"enemies":"Gensokyo:Gryphon","floor":16,"turns":3},{"damage":22,"enemies":"Gensokyo:Kokoro","floor":18,"turns":9},{"damage":0,"enemies":"Gensokyo:2_Gloops","floor":20,"turns":3},{"damage":0,"enemies":"Gensokyo:Chomper","floor":24,"turns":3},{"damage":32,"enemies":"Gensokyo:Slime_Group","floor":26,"turns":5},{"damage":14,"enemies":"Gensokyo:Swordslinger","floor":29,"turns":4},{"damage":6,"enemies":"Gensokyo:Monolith_and_Dog","floor":30,"turns":3},{"damage":0,"enemies":"Gensokyo:Chomper_and_Gloop","floor":32,"turns":4},{"damage":18,"enemies":"Gensokyo:Koishi","floor":33,"turns":6},{"damage":46,"enemies":"Gensokyo:Eternal_Rivals","floor":35,"turns":6}],"seed_played":"-1870874441968856400","potions_obtained":[{"floor":5,"key":"blueLaboratory:SavagePotion"},{"floor":15,"key":"Dexterity Potion"},{"floor":26,"key":"blueLaboratory:PyrophylliteBrew"},{"floor":29,"key":"Strength Potion"}],"is_trial":false,"path_per_floor":["M","?","?","?","M","?","R","PTL","PTL","R","T","E","R","?","E","M","R","B",null,"M","?","?","?","M","R","M","R","T","M","M","$","M","E","R","B"],"character_chosen":"THE_BUGKNIGHT","items_purchased":[],"campfire_rested":2,"item_purchase_floors":[],"current_hp_per_floor":[72,72,72,72,69,69,69,69,69,69,69,75,75,68,66,66,66,56,75,75,75,75,45,45,45,19,41,41,33,27,27,27,15,37,0,0],"gold":98,"neow_bonus":"ONE_RANDOM_RARE_CARD","is_daily":false,"chose_seed":false,"campfire_upgraded":5,"win_rate":0.0,"timestamp":1612798062,"path_taken":["M","?","?","?","?","?","R","PTL","PTL","R","T","E","R","?","E","?","R","BOSS","M","?","?","?","?","R","M","R","T","M","?","?","?","E","R","BOSS"],"items_purchased_type":[],"build_version":"2020-12-22","purchased_purges":1,"victory":false,"max_hp_per_floor":[75,75,75,75,75,75,75,75,75,75,75,75,75,75,75,75,75,75,75,75,75,75,75,75,75,75,75,75,75,75,75,75,75,75,75,75],"card_choices":[{"not_picked":["HollowMod:InfectedCysts","HollowMod:NewJinnsSoul","HollowMod:CloakDash"],"picked":"SKIP","floor":1},{"not_picked":["HollowMod:InfectedCysts","HollowMod:CoiledNail"],"picked":"HollowMod:SoulSplash","floor":5},{"not_picked":["HollowMod:ShadowDash","HollowMod:MonomonsArchive"],"picked":"HollowMod:DesolateDive","floor":12},{"not_picked":["HollowMod:ShadowDash","HollowMod:CoiledNail","HollowMod:DoubleDash"],"picked":"SKIP","floor":15},{"not_picked":["HollowMod:WraithStrike","HollowMod:ShadowDash","HollowMod:SharpenedNail"],"picked":"SKIP","floor":16},{"not_picked":["HollowMod:DoubleDash","HollowMod:LifebloodCocoon+1"],"picked":"HollowMod:CycloneSlash","floor":20},{"not_picked":["HollowMod:CycloneSlash","HollowMod:SiblingsSouls"],"picked":"HollowMod:ChannelNail+1","floor":23},{"not_picked":["HollowMod:NewJinnsSoul+1","HollowMod:CornifersMapStart"],"picked":"HollowMod:DesolateDive","floor":23},{"not_picked":["HollowMod:SharpenedNail","HollowMod:TaintedHusks+1"],"picked":"HollowMod:ChannelNail+1","floor":24},{"not_picked":["HollowMod:ShadowDash","HollowMod:RecoilStrike","HollowMod:CrystalDash"],"picked":"SKIP","floor":26},{"not_picked":["HollowMod:MantisMark","HollowMod:MawleksShell"],"picked":"HollowMod:Grubsong+1","floor":29},{"not_picked":["HollowMod:TaintedHusks","HollowMod:SoulShaman"],"picked":"HollowMod:DashSlash+1","floor":30},{"not_picked":["HollowMod:SharpenedNail","HollowMod:InfectedAttack","HollowMod:TaintedHusks"],"picked":"SKIP","floor":32},{"not_picked":["HollowMod:ShadowDash","HollowMod:BrokenVessel","HollowMod:LordofShades"],"picked":"SKIP","floor":33}],"player_experience":288265,"relics_obtained":[{"floor":11,"key":"reliquary:Stiletto"},{"floor":12,"key":"Ornamental Fan"},{"floor":15,"key":"Bag of Preparation"},{"floor":23,"key":"reliquary:Knoch"},{"floor":28,"key":"Vajra"},{"floor":33,"key":"Blood Vial"}],"event_choices":[],"is_beta":false,"boss_relics":[{"not_picked":["Replay:Drink Me","jedi:battlestandard"],"picked":"reliquary:Craggleroot"}],"items_purged_floors":[31],"is_endless":false,"potions_floor_spawned":[5,15,26,29,30],"killed_by":"Gensokyo:Eternal_Rivals","ascension_level":0}}