{"host":"pi8b3ffzwvxqztac","time":1612795203,"event":{"mods":["BaseMod","Colored Map","Custom Start","Downfall","Minty Spire (QoL Compilation)","StSLib"],"gold_per_floor":[115,131,131,150,150,150,166,179,179,179,214,214,214,228,228,324,324,337,347,347,347,147,147,173,173,173,173,187,204,228,46,46,142,142,158,168,187,187,187],"floor_reached":38,"language":"ENG","playtime":1565,"items_purged":["downfall:Bewildered","Strike_B"],"score":515,"play_id":"c43f328d-099d-43a5-87e5-e8cc9d2db627","local_time":"20210209034003","is_ascension_mode":true,"campfire_choices":[{"data":"Defragment","floor":6.0,"key":"SMITH"},{"data":"Self Repair","floor":10.0,"key":"SMITH"},{"data":"Zap","floor":12.0,"key":"SMITH"},{"data":"Dualcast","floor":15.0,"key":"SMITH"},{"data":"Storm","floor":23.0,"key":"SMITH"},{"data":"Go for the Eyes","floor":25.0,"key":"SMITH"},{"data":"Self Repair","floor":27.0,"key":"SMITH"},{"floor":32.0,"key":"REST"}],"circlet_count":0,"master_deck":["Strike_B+1","Defend_B+1","Defend_B","Defend_B","Defend_B","Zap+1","Dualcast+1","Apotheosis+1","Coolheaded","Sweeping Beam","Defragment+1","Self Repair+1","Go for the Eyes+1","Self Repair+1","Thunder Strike","Loop+1","Ball Lightning","Storm+1","Ball Lightning","Streamline","Creative AI","Electrodynamics","Defragment+1","Parasite"],"relics":["Cracked Core","Blue Candle","Tiny Chest","sneckomod:SneckoTalon","sneckomod:BabySnecko","Bottled Lightning","Bottled Tornado","Vajra","Empty Cage"],"acts_visited":["Exordium","TheCity","TheBeyond"],"potions_floor_usage":[37,37],"damage_taken":[{"damage":2.0,"enemies":"Jaw Worm","floor":1.0,"turns":5.0},{"damage":0.0,"enemies":"Cultist","floor":2.0,"turns":3.0},{"damage":0.0,"enemies":"Small Slimes","floor":4.0,"turns":2.0},{"damage":2.0,"enemies":"Looter","floor":7.0,"turns":3.0},{"damage":7.0,"enemies":"3 Louse","floor":8.0,"turns":3.0},{"damage":20.0,"enemies":"Gremlin Nob","floor":11.0,"turns":4.0},{"damage":4.0,"enemies":"Large Slime","floor":14.0,"turns":4.0},{"damage":25.0,"enemies":"Hexaghost","floor":16.0,"turns":12.0},{"damage":18.0,"enemies":"2 Thieves","floor":18.0,"turns":4.0},{"damage":5.0,"enemies":"Chosen","floor":19.0,"turns":5.0},{"damage":20.0,"enemies":"Gremlin Leader","floor":24.0,"turns":4.0},{"damage":18.0,"enemies":"Snake Plant","floor":28.0,"turns":2.0},{"damage":23.0,"enemies":"Centurion and Healer","floor":29.0,"turns":3.0},{"damage":58.0,"enemies":"Collector","floor":33.0,"turns":8.0},{"damage":11.0,"enemies":"Orb Walker","floor":35.0,"turns":2.0},{"damage":25.0,"enemies":"3 Shapes","floor":36.0,"turns":3.0},{"damage":26,"enemies":"Jaw Worm Horde","floor":37,"turns":3},{"damage":12,"enemies":"Writhing Mass","floor":38,"turns":4}],"seed_played":"-3148719983806671046","potions_obtained":[{"floor":2.0,"key":"DistilledChaos"},{"floor":4.0,"key":"Guardian:BlockOnCardUsePotion"},{"floor":11.0,"key":"FearPotion"},{"floor":16.0,"key":"PotionOfCapacity"},{"floor":18.0,"key":"ColorlessPotion"},{"floor":19.0,"key":"champ:CounterPotion"},{"floor":28.0,"key":"AttackPotion"},{"floor":36.0,"key":"ColorlessPotion"},{"floor":37,"key":"LiquidMemories"}],"is_trial":false,"path_per_floor":["M","M","?","M","?","R","M","M","T","R","E","R","?","M","R","B",null,"M","M","?","?","$","R","E","R","T","R","M","M","T","$","R","B",null,"M","M","M","M"],"character_chosen":"DEFECT","items_purchased":["Storm","Ball Lightning","Creative AI"],"campfire_rested":1,"item_purchase_floors":[22,22,31],"current_hp_per_floor":[66,66,66,66,52,52,50,53,53,53,43,43,43,49,49,41,61,63,68,68,68,68,68,65,65,65,65,57,44,44,44,64,26,58,57,32,6,0,0],"gold":187,"neow_bonus":"RANDOM_COLORLESS_2","is_daily":false,"chose_seed":false,"campfire_upgraded":7,"win_rate":0.0,"timestamp":1612795203,"path_taken":["M","M","?","?","?","R","M","M","T","R","E","R","?","M","R","BOSS","M","M","?","?","$","R","E","R","T","R","M","M","?","$","R","BOSS","M","M","M","M"],"items_purchased_type":["Card","Card","Card"],"build_version":"2020-12-22","purchased_purges":2,"victory":false,"max_hp_per_floor":[68,68,68,68,68,68,68,68,68,68,68,68,68,68,68,68,68,68,68,68,68,68,68,68,68,68,68,68,68,68,68,68,68,68,68,68,68,68,68],"card_choices":[{"not_picked":["Secret Weapon","Violence"],"picked":"Apotheosis","floor":0.0},{"not_picked":["Compile Driver","Streamline"],"picked":"Coolheaded","floor":1.0},{"not_picked":["Streamline","Lockon"],"picked":"Sweeping Beam","floor":2.0},{"not_picked":["Coolheaded","Turbo"],"picked":"Defragment","floor":4.0},{"not_picked":["Leap","Chill"],"picked":"Self Repair","floor":7.0},{"not_picked":["Rainbow","Rebound"],"picked":"Go for the Eyes","floor":8.0},{"not_picked":["Aggregate","Gash","Fusion"],"picked":"SKIP","floor":11.0},{"not_picked":["Beam Cell","Rip and Tear"],"picked":"Self Repair","floor":14.0},{"not_picked":["Seek","Buffer"],"picked":"Thunder Strike","floor":16.0},{"not_picked":["Conserve Battery","Gash"],"picked":"Loop+1","floor":18.0},{"not_picked":["Cold Snap+1","Sweeping Beam","Scrape"],"picked":"SKIP","floor":19.0},{"not_picked":["Hello World+1","Ball Lightning","White Noise"],"picked":"SKIP","floor":24.0},{"not_picked":["Gash","Genetic Algorithm"],"picked":"Streamline","floor":28.0},{"not_picked":["Ball Lightning","Steam","Go for the Eyes"],"picked":"SKIP","floor":29.0},{"not_picked":["Amplify","Machine Learning"],"picked":"Electrodynamics","floor":33.0},{"not_picked":["Steam","Barrage","Turbo"],"picked":"SKIP","floor":35.0},{"not_picked":["Consume","Hologram+1"],"picked":"Defragment+1","floor":36.0},{"not_picked":["Sweeping Beam+1","Beam Cell+1","Cold Snap"],"picked":"SKIP","floor":37}],"player_experience":720957,"relics_obtained":[{"floor":9.0,"key":"Blue Candle"},{"floor":11.0,"key":"Tiny Chest"},{"floor":24.0,"key":"Bottled Lightning"},{"floor":26.0,"key":"Bottled Tornado"},{"floor":30.0,"key":"Vajra"}],"event_choices":[{"damage_healed":0.0,"max_hp_gain":0.0,"max_hp_loss":0.0,"gold_gain":0.0,"event_name":"Upgrade Shrine","player_choice":"Upgraded","floor":3.0,"gold_loss":0.0,"damage_taken":0.0,"cards_upgraded":["Apotheosis"]},{"damage_healed":0.0,"max_hp_gain":0.0,"max_hp_loss":0.0,"gold_gain":0.0,"event_name":"Shining Light","player_choice":"Entered Light","floor":5.0,"gold_loss":0.0,"damage_taken":14.0,"cards_upgraded":["Defend_B","Strike_B"]},{"damage_healed":0.0,"max_hp_gain":0.0,"max_hp_loss":0.0,"gold_gain":0.0,"event_name":"Liars Game","player_choice":"Ignored","floor":13.0,"gold_loss":0.0,"damage_taken":0.0},{"damage_healed":0.0,"max_hp_gain":0.0,"max_hp_loss":0.0,"gold_gain":0.0,"event_name":"The Library","player_choice":"Read","floor":21.0,"gold_loss":0.0,"damage_taken":0.0,"cards_obtained":["Ball Lightning"]}],"is_beta":false,"boss_relics":[{"not_picked":["Tiny House","Coffee Dripper"],"picked":"sneckomod:SneckoTalon"},{"not_picked":["SlaversCollar","Pandora\u0027s Box"],"picked":"Empty Cage"}],"items_purged_floors":[22,31],"is_endless":false,"potions_floor_spawned":[2,4,11,16,18,19,28,36,37],"killed_by":"Writhing Mass","ascension_level":6}}