{"host":"lehbxtjrpalkmwwj","time":1612799708,"event":{"mods":["Aspiration","BaseMod","Colored Map","Colored Powertips","Conspire","GungeonMod","KomeijiMod","Lobotomy","Minty Spire (QoL Compilation)","Quick Restart","Replay The Spire","Shop Mod","StSLib","The Cursed","The Poker Player","[IsaacMod]ÒÔÈö¼âËþ"],"gold_per_floor":[117,130,130,130,145,171,171,171,171],"floor_reached":8,"language":"ZHS","playtime":197,"items_purged":[],"score":62,"play_id":"f464c6bf-30e9-441c-a05a-33d228de32c9","local_time":"20210208235508","is_ascension_mode":true,"campfire_choices":[{"floor":7,"key":"RECALL"}],"circlet_count":0,"master_deck":["Strike_R","Strike_R","Strike_R","Strike_R","Strike_R","Defend_R","Defend_R","Defend_R","Bash","EpicFetus","Thunderclap","Pummel","Night Terror","Concentrate","Leg Sweep","CherryBlossoms","Clothesline","ShyLook","Flex"],"relics":["Burning Blood","HushsDoor","GuppysHead","CogitoBucket","Anchor"],"acts_visited":["Exordium"],"potions_floor_usage":[],"damage_taken":[{"damage":5,"enemies":"Small Slimes","floor":1,"turns":3},{"damage":1,"enemies":"Cultist","floor":2,"turns":3},{"damage":5,"enemies":"2 Louse","floor":5,"turns":2},{"damage":27,"enemies":"Gremlin Nob","floor":6,"turns":4},{"damage":0,"enemies":"Lagavulin","floor":8,"turns":2}],"seed_played":"5111348560918807123","potions_obtained":[{"floor":2,"key":"BlessingOfTheForge"},{"floor":5,"key":"Dexterity Potion"}],"is_trial":false,"path_per_floor":["M","M","?","?","M","E","R","E"],"character_chosen":"IRONCLAD","items_purchased":[],"campfire_rested":0,"item_purchase_floors":[],"current_hp_per_floor":[80,80,65,65,66,45,45,45,45],"gold":171,"neow_bonus":"","is_daily":false,"chose_seed":false,"campfire_upgraded":0,"win_rate":0.0,"timestamp":1612799708,"path_taken":["M","M","?","?","?","E","R","E"],"items_purchased_type":[],"build_version":"2020-12-22","purchased_purges":0,"victory":false,"max_hp_per_floor":[80,80,80,80,80,80,80,80,80],"card_choices":[{"not_picked":[],"picked":"EpicFetus","floor":0},{"not_picked":["SpiderBud","FieryBird"],"picked":"FairyFestival","floor":1},{"not_picked":["ReplayReversal","Power Through"],"picked":"Thunderclap","floor":1},{"not_picked":["CherryBlossoms","BeautyBeast"],"picked":"GalaxyChild","floor":2},{"not_picked":["Thunderclap","Anger"],"picked":"Pummel","floor":2},{"not_picked":["Wellcheers","MeatLantern"],"picked":"CherryBlossoms","floor":5},{"not_picked":["Shrug It Off","Power Through"],"picked":"Clothesline","floor":5},{"not_picked":["QueenBee","Scorched","WallGazer"],"picked":"Singing Bowl","floor":6},{"not_picked":["Wellcheers","MHz"],"picked":"ShyLook","floor":6},{"not_picked":["Bomb","Armaments"],"picked":"Flex","floor":6}],"player_experience":145610,"relics_obtained":[{"floor":6,"key":"Anchor"}],"event_choices":[],"is_beta":false,"boss_relics":[],"items_purged_floors":[],"is_endless":false,"potions_floor_spawned":[2,5],"killed_by":"Lagavulin","ascension_level":2}}