{"host":"bp73yv6vym73vckj","time":1612789390,"event":{"mods":["BaseMod","Colored Powertips","Conspire","Downfall","Highlight Path","Hubris","Infinite Spire","Ironclad Rager","Minty Spire (QoL Compilation)","Quick Restart","Replay The Spire","StSLib","The Necromancer"],"gold_per_floor":[110,185,185,60,60,94,94,16,16,16,30,30,61,79,79,183,183,195,195,123,134,148,179,179,208,235,235,467,487,497,497,497],"floor_reached":31,"language":"ENG","playtime":1405,"items_purged":[],"score":341,"play_id":"887a137f-0709-4400-8a84-c62a5c7da6ad","local_time":"20210208080310","is_ascension_mode":true,"campfire_choices":[{"floor":10,"key":"REST"},{"floor":12,"key":"REST"},{"floor":24,"key":"REST"},{"floor":27,"key":"REST"}],"circlet_count":0,"master_deck":["conspire:GhostlyStrike","conspire:GhostlyStrike","conspire:GhostlyStrike","conspire:GhostlyStrike+1","conspire:GhostlyDefend","conspire:GhostlyDefend","conspire:GhostlyDefend","Negative_Energy_Arrows","Bone_Wall","CurseOfTheBell","Bones_to_Steel+1","Summon_Lich+1","Consume_Illness","Uncharnel","Stop_Heart","Bone_Bullets","Summon_Undead","Siphon_Strength","Summon_Vampire_Lady","Bone_Bullets","Forethought","Strike_from_Beyond","Toxic_Smoke_Screen","Summon_Undead_Army","Spectral_Armor+1","Flesh_Made_Foul","Finger_Of_Death+1","Uncharnel"],"relics":["Calling Bell","Bronze Scales","ReplayTheSpireMod:Ninjato","Dead Branch","Vajra","infinitespire:Cubic Diamond","hubris:TinFlute","Replay:Baseball","bronze:MakeshiftBattery","Singing Bowl","Onion Ring","Tiny Chest","hubris:MobiusCoin"],"acts_visited":["Exordium","TheCity"],"potions_floor_usage":[23,30],"damage_taken":[{"damage":4,"enemies":"Cultist","floor":1,"turns":4},{"damage":45,"enemies":"Gremlin Nob","floor":6,"turns":5},{"damage":2,"enemies":"2 Louse","floor":11,"turns":2},{"damage":25,"enemies":"3 Sentries","floor":13,"turns":5},{"damage":0,"enemies":"Small Slimes","floor":14,"turns":3},{"damage":22,"enemies":"Hexaghost","floor":16,"turns":8},{"damage":9,"enemies":"Shell Parasite","floor":18,"turns":5},{"damage":10,"enemies":"3 Byrds","floor":21,"turns":2},{"damage":28,"enemies":"Cultist and Chosen","floor":22,"turns":6},{"damage":12,"enemies":"Gremlin Leader","floor":23,"turns":5},{"damage":24,"enemies":"Book of Stabbing","floor":25,"turns":5},{"damage":29,"enemies":"Nightmare","floor":28,"turns":8},{"damage":25,"enemies":"Centurion and Healer","floor":29,"turns":5},{"damage":0,"enemies":"Snake Plant","floor":30,"turns":3},{"damage":17,"enemies":"Shelled Parasite and Fungi","floor":31,"turns":2}],"seed_played":"1846128066227838560","potions_obtained":[{"floor":1,"key":"Regen Potion"},{"floor":18,"key":"ColorlessPotion"},{"floor":22,"key":"Venom Potion"},{"floor":23,"key":"FearPotion"}],"is_trial":false,"path_per_floor":["M","?","?","$","?","E","?","$","T","R","M","R","E","M","R","B",null,"M","?","$","M","M","E","R","E","T","R","NM","M","M","M"],"character_chosen":"NECROMANCER","items_purchased":["Summon_Lich","Consume_Illness","Stop_Heart","Strike_from_Beyond"],"campfire_rested":4,"item_purchase_floors":[4,4,8,20],"current_hp_per_floor":[71,60,45,45,45,3,3,3,3,25,23,45,20,20,42,20,75,66,66,66,56,37,25,47,29,29,51,28,6,17,0,0],"gold":497,"neow_bonus":"BOSS_RELIC","is_daily":false,"chose_seed":false,"campfire_upgraded":0,"win_rate":0.0,"timestamp":1612789390,"path_taken":["M","?","?","$","?","E","?","?","T","R","?","R","E","M","R","BOSS","M","?","$","M","M","E","R","E","T","R","NM","?","M","M"],"items_purchased_type":["Card","Card","Card","Card"],"build_version":"2020-12-22","purchased_purges":0,"victory":false,"max_hp_per_floor":[75,75,75,75,75,75,75,75,75,75,75,75,75,75,75,75,75,75,75,75,75,75,75,75,75,75,75,75,75,77,77,77],"card_choices":[{"not_picked":["Death_March_Dance","Bone_Spikes"],"picked":"Bones_to_Steel","floor":1},{"not_picked":["Spectral_Walk","Negative_Energy_Sphere"],"picked":"Uncharnel","floor":6},{"not_picked":["Death_March_Dance","Blood_Whip"],"picked":"Bone_Bullets","floor":11},{"not_picked":["Blood_Curse","Necromantic_Selection"],"picked":"Summon_Undead","floor":13},{"not_picked":["Slay_Living","Negative_Energy_Javelin"],"picked":"Siphon_Strength","floor":14},{"not_picked":["Reap_The_Weak","Blood_Wake"],"picked":"Summon_Vampire_Lady","floor":16},{"not_picked":["Negative_Energy_Javelin","Shackles_Of_Pain"],"picked":"Bone_Bullets","floor":18},{"not_picked":["Whirlwind_of_Bones+1","Negative_Energy_Javelin"],"picked":"Toxic_Smoke_Screen","floor":21},{"not_picked":["Blood_Shield","Bone_Shift"],"picked":"Summon_Undead_Army","floor":22},{"not_picked":["Pandemic","Bone_Bullets"],"picked":"Spectral_Armor+1","floor":23},{"not_picked":["Blood_Is_Power","Blood_Curse+1"],"picked":"Flesh_Made_Foul","floor":25},{"not_picked":["Negative_Energy_Sphere+1","Negative_Energy_Mist"],"picked":"Finger_Of_Death+1","floor":28},{"not_picked":["Pandemic","Toxic_Smoke_Screen"],"picked":"Uncharnel","floor":29},{"not_picked":["Thousand_Bone_Knives","Negative_Energy_Sphere","Bone_Spikes"],"picked":"Singing Bowl","floor":30}],"player_experience":863534,"relics_obtained":[{"floor":0,"key":"Bronze Scales"},{"floor":0,"key":"ReplayTheSpireMod:Ninjato"},{"floor":0,"key":"Dead Branch"},{"floor":6,"key":"Vajra"},{"floor":9,"key":"hubris:TinFlute"},{"floor":13,"key":"Replay:Baseball"},{"floor":23,"key":"Singing Bowl"},{"floor":25,"key":"Onion Ring"},{"floor":26,"key":"Tiny Chest"},{"floor":28,"key":"hubris:MobiusCoin"}],"event_choices":[{"damage_healed":0,"gold_gain":75,"player_choice":"Gather Gold","damage_taken":11,"max_hp_gain":0,"max_hp_loss":0,"event_name":"World of Goop","floor":2,"gold_loss":0},{"damage_healed":0,"gold_gain":0,"player_choice":"Entered Light","damage_taken":15,"max_hp_gain":0,"max_hp_loss":0,"event_name":"Shining Light","floor":3,"gold_loss":0,"cards_upgraded":["Strike_W","Bones_to_Steel"]},{"damage_healed":0,"gold_gain":0,"player_choice":"Agree","damage_taken":0,"max_hp_gain":0,"max_hp_loss":0,"event_name":"conspire:LoneGhost","floor":5,"gold_loss":0},{"damage_healed":0,"gold_gain":0,"cards_transformed":["conspire:GhostlyDefend"],"player_choice":"Transformed","damage_taken":0,"max_hp_gain":0,"max_hp_loss":0,"event_name":"Transmorgrifier","floor":19,"gold_loss":0,"cards_obtained":["Forethought"]}],"is_beta":false,"boss_relics":[{"not_picked":["Velvet Choker","Replay:Bronze Core"],"picked":"bronze:MakeshiftBattery"}],"items_purged_floors":[],"is_endless":true,"potions_floor_spawned":[1,18,22,23],"killed_by":"Shelled Parasite and Fungi","ascension_level":1}}