{"host":"ugys05tpep779cl6","time":1612806324,"event":{"mods":["AchievementEnabler","Aspiration","BaseMod","Beaked The Cultist","CatGirl Mod","Colored Powertips","HololiveMod","Lobotomy","Minty Spire (QoL Compilation)","Quick Restart","Replay The Spire","Spicy Shops","StSLib","The Druid"],"gold_per_floor":[84,97,27,40,59,93,93,136,136,159,187,187,223,248,248,409,409,432,362,394,420,420,420,453,453,453,480,330,372,397,411,411,538,538,548,479,497,497,409,467,467,508,508,538,538,576,445,504,504,521,521,521,99,135,156],"floor_reached":56,"language":"ENG","playtime":3169,"items_purged":["Hololive_LuckPotion+1"],"score":2275,"play_id":"93d7c959-308f-4f15-b6e3-d5b188aa34bb","local_time":"20210208184524","is_ascension_mode":true,"campfire_choices":[{"floor":7.0,"key":"DIG"},{"floor":12.0,"key":"DIG"},{"floor":15.0,"key":"DIG"},{"floor":23,"key":"DIG"},{"floor":25,"key":"DIG"},{"floor":32,"key":"DIG"},{"floor":45,"key":"RECALL"},{"floor":49,"key":"DIG"},{"floor":52,"key":"DIG"}],"circlet_count":0,"master_deck":["Hololive_Sequa","Hololive_CallCivia","Hololive_CallMurasakiShion","Hololive_CallYuzukiChoco","Hololive_CallNakiriAyame","Hololive_CallTokoyamiTowa","Hololive_CocoNews","Hololive_CallNekomataOkayu","Hololive_MaximGun","Hololive_CallNatsuiroMatsuri","Hololive_CallSakuraMiko","Hololive_CallManoAloe","Hololive_FlyingPonyTail","Hololive_CallHimemoriLuna","Hololive_CallOmaruPolka","Hololive_CallMinatoAqua","Hololive_FlareMind+1","Hololive_CocoNews","Hololive_DurableLive+1","Hololive_Rebirth+1","Hololive_CallUsadaPekora","Hololive_CallAyundaRisu+1","Hololive_CallAiraniIofifteen+1","Hololive_CallShiranuiFlare","Hololive_CallAZKi+1","Hololive_FlyingPonyTail","Hololive_CallUruhaRushia","Hololive_CallMoonaHoshinova","Hololive_CallOkamiMio","Hololive_Thief+1","Hololive_FlyingPonyTail","Hololive_CallMomosuzuNene+6","Hololive_CallAkaiHaato+1","Hololive_CallYukihanaLamy+1","Hololive_CallArtia+1","Hololive_CallHoshimachiSuisei","Hololive_CallAkiRosenthal+1","Hololive_CallTsunomakiWatame"],"relics":["Hololive_TheStar","Shovel","Replay:Rubber Ducky","Golden Egg","Ornamental Fan","Replay:Accelerometer","Question Card","Replay:Baseball","aspiration:ChemicalBlood","Pandora\u0027s Box","Replay:Towering Pillar of Hats","Onion Ring","aspiration:DSix","TungstenRod","HornCleat","Hololive_LightStick","Bottled Flame","InkBottle","Art of War","Replay:Bottled Flurry","Toy Ornithopter","Chameleon Ring","ReplayTheSpireMod:Ninjato","Akabeko","Du-Vu Doll","Letter Opener","Anchor","Lee\u0027s Waffle","ReplayTheSpireMod:TigerMarble"],"acts_visited":["Exordium","TheCity","TheBeyond","TheEnding"],"potions_floor_usage":[55,55,55],"damage_taken":[{"damage":0.0,"enemies":"2 Louse","floor":1.0,"turns":3.0},{"damage":0.0,"enemies":"Cultist","floor":2.0,"turns":5.0},{"damage":0.0,"enemies":"Jaw Worm","floor":4.0,"turns":4.0},{"damage":1.0,"enemies":"Red Slaver","floor":5.0,"turns":6.0},{"damage":0.0,"enemies":"Gremlin Nob","floor":6.0,"turns":3.0},{"damage":0.0,"enemies":"Lagavulin","floor":8.0,"turns":5.0},{"damage":0.0,"enemies":"Exordium Wildlife","floor":10.0,"turns":3.0},{"damage":0.0,"enemies":"Gremlin Nob","floor":11.0,"turns":3.0},{"damage":0.0,"enemies":"3 Sentries","floor":13.0,"turns":5.0},{"damage":0.0,"enemies":"Large Slime","floor":14.0,"turns":3.0},{"damage":0.0,"enemies":"Hexaghost","floor":16.0,"turns":6.0},{"damage":0.0,"enemies":"2 Thieves","floor":18.0,"turns":4.0},{"damage":0.0,"enemies":"Chosen","floor":20.0,"turns":3.0},{"damage":0.0,"enemies":"Shelled Parasite and Fungi","floor":21.0,"turns":4.0},{"damage":0,"enemies":"Replay:Snechameleon","floor":24,"turns":5},{"damage":0,"enemies":"Gremlin Leader","floor":27,"turns":4},{"damage":0,"enemies":"Slavers","floor":29,"turns":6},{"damage":0,"enemies":"Snecko","floor":30,"turns":3},{"damage":0,"enemies":"Snake Plant","floor":31,"turns":3},{"damage":0,"enemies":"Champ","floor":33,"turns":6},{"damage":0,"enemies":"Orb Walker","floor":35,"turns":3},{"damage":0,"enemies":"3 Darklings","floor":37,"turns":4},{"damage":0,"enemies":"Nemesis","floor":40,"turns":5},{"damage":0,"enemies":"Maw","floor":42,"turns":7},{"damage":0,"enemies":"Giant Head","floor":44,"turns":9},{"damage":0,"enemies":"Transient","floor":46,"turns":5},{"damage":0,"enemies":"R_Hoarder","floor":48,"turns":5},{"damage":0,"enemies":"Donu and Deca","floor":50,"turns":7},{"damage":0,"enemies":"Shield and Spear","floor":54,"turns":7},{"damage":15,"enemies":"The Heart","floor":55,"turns":9}],"seed_played":"-940802913504664842","potions_obtained":[{"floor":6.0,"key":"AttackPotion"},{"floor":11.0,"key":"Swift Potion"},{"floor":16.0,"key":"Adrenaline Potion"},{"floor":31,"key":"DistilledChaos"},{"floor":44,"key":"PowerPotion"},{"floor":48,"key":"LiquidMemories"}],"is_trial":false,"path_per_floor":["M","M","$","M","M","E","R","E","T","M","E","R","E","M","R","B",null,"M","$","M","M","?","R","E","R","T","E","$","E","M","M","R","B",null,"M","$","M","?","$","E","T","M","T","E","R","M","$","E","R","B",null,"R","$","E","B",null],"character_chosen":"Hololive_HololiveCharacter","items_purchased":["Hololive_CallNekomataOkayu","Hololive_CallAiraniIofifteen","Hololive_LightStick","Hololive_CallMomosuzuNene","Hololive_CallYukihanaLamy+1","ReplayTheSpireMod:Ninjato","Anchor","Lee\u0027s Waffle","Hololive_LuckPotion"],"campfire_rested":0,"item_purchase_floors":[3,19,28,36,39,47,53,53,53],"current_hp_per_floor":[26,26,26,26,25,25,25,25,25,25,25,25,25,25,25,25,33,33,33,33,33,33,33,33,33,33,33,33,33,36,39,39,39,41,44,44,47,45,45,48,48,51,51,54,54,57,57,57,57,57,57,57,64,64,54],"gold":156,"neow_bonus":"ONE_RARE_RELIC","is_daily":false,"chose_seed":false,"campfire_upgraded":0,"win_rate":0.0,"timestamp":1612806324,"path_taken":["M","M","$","M","M","E","R","E","T","M","E","R","E","M","R","BOSS","M","$","M","M","?","R","E","R","T","E","$","E","M","M","R","BOSS","M","$","M","?","$","E","?","?","T","E","R","M","?","E","R","BOSS","R","$","E","BOSS"],"items_purchased_type":["Card","Card","Relic","Card","Card","Relic","Relic","Relic","Card"],"build_version":"2020-12-22","purchased_purges":1,"victory":true,"max_hp_per_floor":[35,35,35,35,35,35,35,35,35,35,35,35,35,35,35,35,35,35,35,35,35,35,35,35,35,35,35,35,35,38,41,41,41,41,44,44,47,45,45,48,48,51,51,54,54,57,57,57,57,57,57,57,64,64,64],"card_choices":[{"not_picked":["Hololive_Drill","Hololive_Rebound","Hololive_LuckPotion","Hololive_Trident"],"picked":"SKIP","floor":1.0},{"not_picked":["Hololive_RevenueBasedLive","Hololive_Watashimo","Hololive_Breathe"],"picked":"Hololive_CocoNews","floor":2.0},{"not_picked":["Hololive_Rebound","Hololive_Sequa","Hololive_ILoveYou"],"picked":"Hololive_MaximGun","floor":4.0},{"not_picked":["Hololive_CocoNews","Hololive_FlyingPonyTail","Hololive_StrengthChampion"],"picked":"Hololive_CallNatsuiroMatsuri","floor":5.0},{"not_picked":["Hololive_AWSL","Hololive_Rebound","Hololive_DevilCharm"],"picked":"Hololive_CallSakuraMiko","floor":6.0},{"not_picked":["Hololive_Drill","Hololive_CallYuzukiChoco","Hololive_ILoveYou"],"picked":"Hololive_CallManoAloe","floor":8.0},{"not_picked":["Hololive_Breathe","Hololive_OvertimeWork","Hololive_LuckPotion"],"picked":"Hololive_FlyingPonyTail","floor":10.0},{"not_picked":["Hololive_Rebirth","Hololive_CallShiroganeNoel","Hololive_FlyingPonyTail"],"picked":"Hololive_CallHimemoriLuna","floor":11.0},{"not_picked":["Hololive_Psychosis","Hololive_OvertimeWork","Hololive_CallMurasakiShion","Hololive_SoulCatcher"],"picked":"Hololive_CallOmaruPolka","floor":13.0},{"not_picked":["Hololive_HuntDinosaur","Hololive_Trident","Hololive_LuckPotion","Hololive_OvertimeWork"],"picked":"Hololive_CallMinatoAqua","floor":14.0},{"not_picked":["Hololive_DiamondStrike","Hololive_StarCraft","Hololive_DDD","Hololive_BeCareful"],"picked":"Hololive_FlareMind","floor":16.0},{"not_picked":["Hololive_StrengthChampion+1","Hololive_HuntDinosaur","Hololive_LuckPotion","Hololive_RevenueBasedLive"],"picked":"Hololive_CallAyundaRisu+1","floor":18.0},{"not_picked":["Hololive_CallShiroganeNoel","Hololive_CallAZKi","Hololive_CocoNews","Hololive_OvertimeWork"],"picked":"Hololive_CallShiranuiFlare","floor":20.0},{"not_picked":["Hololive_Sequa","Hololive_Trident","Hololive_OvertimeWork","Hololive_RevenueBasedLive"],"picked":"Hololive_CallAZKi+1","floor":21.0},{"not_picked":["Hololive_Sequa","Hololive_CallNatsuiroMatsuri","Hololive_LuckPotion+1","Hololive_StrengthChampion"],"picked":"Hololive_FlyingPonyTail","floor":24},{"not_picked":["Hololive_Yoholoon","Hololive_HighAtkLowDef","Hololive_Rebound","Hololive_Sequa"],"picked":"Hololive_CallUruhaRushia","floor":27},{"not_picked":["Hololive_HighAtkLowDef","Hololive_LuckPotion","Hololive_CallDoris","Hololive_Sequa"],"picked":"Hololive_CallMoonaHoshinova","floor":29},{"not_picked":["Hololive_OvertimeWork","Hololive_RevenueBasedLive","Hololive_Drill","Hololive_CallYuzukiChoco","Hololive_HuntDinosaur"],"picked":"SKIP","floor":30},{"not_picked":["Hololive_Psychosis","Hololive_CallNekomataOkayu","Hololive_CallAmaneKanata","Hololive_OvertimeWork"],"picked":"Hololive_CallOkamiMio","floor":31},{"not_picked":["Hololive_MaximGun","Hololive_DiamondStrike","Hololive_OpenUp","Hololive_Recruit"],"picked":"Hololive_Thief","floor":33},{"not_picked":["Hololive_Drill+1","Hololive_OvertimeWork+1","Hololive_CallOmaruPolka","Hololive_Rebound+1"],"picked":"Hololive_FlyingPonyTail","floor":35},{"not_picked":["Hololive_CallYukihanaLamy+1","Hololive_OvertimeWork+1","Hololive_CallOmaruPolka+1","Hololive_CallDoris+1"],"picked":"Hololive_CallAkaiHaato+1","floor":37},{"not_picked":["Hololive_FlyingPonyTail","Hololive_Trident","Hololive_Drill","Hololive_Sequa"],"picked":"Hololive_CallArtia+1","floor":40},{"not_picked":["Hololive_FlyingPonyTail+1","Hololive_RevenueBasedLive+1","Hololive_Sequa","Hololive_CocoNews"],"picked":"Hololive_CallHoshimachiSuisei","floor":42},{"not_picked":["Hololive_DDD","Hololive_SoulCatcher+1","Hololive_Trident","Hololive_HuntDinosaur+1"],"picked":"Hololive_CallAkiRosenthal+1","floor":44},{"not_picked":["Hololive_SoulCatcher","Hololive_BringToTrial","Hololive_CallHimemoriLuna+1","Hololive_HuntDinosaur","Hololive_StrengthChampion"],"picked":"SKIP","floor":46},{"not_picked":["Hololive_FlyingPonyTail+1","Hololive_Psychosis+1","Hololive_AWSL","Hololive_Trident"],"picked":"Hololive_CallTsunomakiWatame","floor":48},{"not_picked":["Hololive_SummonFox","Hololive_CallYuzukiChoco","Hololive_CocoNews","Hololive_HuntDinosaur+1","Hololive_ILoveYou"],"picked":"SKIP","floor":54}],"player_experience":1203333,"relics_obtained":[{"floor":6.0,"key":"Replay:Rubber Ducky"},{"floor":7.0,"key":"Golden Egg"},{"floor":8.0,"key":"Ornamental Fan"},{"floor":11.0,"key":"Replay:Accelerometer"},{"floor":12.0,"key":"Question Card"},{"floor":13.0,"key":"Replay:Baseball"},{"floor":15.0,"key":"aspiration:ChemicalBlood"},{"floor":23,"key":"Replay:Towering Pillar of Hats"},{"floor":24,"key":"Onion Ring"},{"floor":25,"key":"aspiration:DSix"},{"floor":26,"key":"TungstenRod"},{"floor":27,"key":"HornCleat"},{"floor":29,"key":"Bottled Flame"},{"floor":32,"key":"InkBottle"},{"floor":40,"key":"Art of War"},{"floor":41,"key":"Replay:Bottled Flurry"},{"floor":43,"key":"Toy Ornithopter"},{"floor":44,"key":"Chameleon Ring"},{"floor":48,"key":"Akabeko"},{"floor":49,"key":"Du-Vu Doll"},{"floor":52,"key":"Letter Opener"},{"floor":54,"key":"ReplayTheSpireMod:TigerMarble"}],"event_choices":[{"damage_healed":0,"gold_gain":0,"player_choice":"Ignored","damage_taken":0,"max_hp_gain":0,"max_hp_loss":0,"event_name":"Transmorgrifier","floor":22,"gold_loss":0},{"damage_healed":0,"gold_gain":0,"player_choice":"Max HP","damage_taken":0,"max_hp_gain":0,"max_hp_loss":2,"event_name":"Winding Halls","floor":38,"gold_loss":0}],"is_beta":false,"boss_relics":[{"not_picked":["ReplayTheSpireMod:DimensionalGlitch","aspiration:SecretTechniqueScroll"],"picked":"Pandora\u0027s Box"},{"not_picked":["aspiration:FutureDiary","Calling Bell","Abe\u0027s Treasure"]}],"items_purged_floors":[53],"is_endless":false,"potions_floor_spawned":[2,6,11,14,16,20,24,30,31,33,44,46,48,54],"ascension_level":5}}