{"host":"gjfulft9y42c2y2c","time":1612781002,"event":{"mods":["AchievementEnabler","BaseMod","Colored Map","DeckTracker","Keyboard Shortcuts","Minty Spire (QoL Compilation)","Permanent Neow","StSLib","SuperFastMode","everything is the same but u backflip on backflip"],"gold_per_floor":[113,126,139,69,84,84,9,34,34,34,34,34,48,77,77,178,178,195,207,222,322,322,322,322,322],"floor_reached":24,"language":"KOR","playtime":1079,"items_purged":["Strike_B"],"score":250,"play_id":"202468fa-b6aa-42e6-82ef-82645dbfcd27","local_time":"20210208194322","is_ascension_mode":true,"campfire_choices":[{"data":"Genetic Algorithm","floor":6,"key":"SMITH"},{"floor":10,"key":"REST"},{"data":"Dualcast","floor":12,"key":"SMITH"},{"floor":15,"key":"REST"},{"floor":23,"key":"REST"}],"circlet_count":0,"master_deck":["Defend_B","Defend_B","Defend_B","Zap+1","Dualcast+1","Compile Driver","Genetic Algorithm+1","Redo","Hologram","Capacitor","Stack","Darkness","Biased Cognition","Blizzard+1","Aggregate+1","Core Surge+1","Go for the Eyes+1","FTL","Beam Cell+1"],"relics":["Cracked Core","Sundial","Bottled Flame","Mummified Hand","Astrolabe"],"acts_visited":["Exordium","TheCity"],"potions_floor_usage":[5,14,22],"damage_taken":[{"damage":1,"enemies":"Cultist","floor":1,"turns":3},{"damage":0,"enemies":"2 Louse","floor":2,"turns":2},{"damage":7,"enemies":"Small Slimes","floor":3,"turns":3},{"damage":10,"enemies":"Exordium Thugs","floor":5,"turns":4},{"damage":49,"enemies":"Lagavulin","floor":8,"turns":8},{"damage":3,"enemies":"Blue Slaver","floor":13,"turns":3},{"damage":11,"enemies":"3 Sentries","floor":14,"turns":6},{"damage":27,"enemies":"The Guardian","floor":16,"turns":9},{"damage":0,"enemies":"Spheric Guardian","floor":18,"turns":3},{"damage":7,"enemies":"Shell Parasite","floor":19,"turns":4},{"damage":39,"enemies":"Shelled Parasite and Fungi","floor":20,"turns":6},{"damage":20,"enemies":"Cultist and Chosen","floor":22,"turns":4},{"damage":33,"enemies":"Book of Stabbing","floor":24,"turns":4}],"seed_played":"8071964367918864831","potions_obtained":[{"floor":1,"key":"Block Potion"},{"floor":8,"key":"ColorlessPotion"},{"floor":13,"key":"SmokeBomb"},{"floor":19,"key":"Weak Potion"},{"floor":20,"key":"BlessingOfTheForge"}],"is_trial":false,"path_per_floor":["M","M","M","$","M","R","$","E","T","R","?","R","M","E","R","B",null,"M","M","M","?","M","R","E"],"character_chosen":"DEFECT","items_purchased":["Capacitor"],"campfire_rested":3,"item_purchase_floors":[4],"current_hp_per_floor":[74,74,67,67,57,57,57,8,8,30,30,30,27,16,38,11,75,75,68,29,29,9,31,0,0],"gold":322,"neow_bonus":"TRANSFORM_CARD","is_daily":false,"chose_seed":false,"campfire_upgraded":2,"win_rate":0.0,"timestamp":1612781002,"path_taken":["M","M","M","$","M","R","$","E","T","R","?","R","M","E","R","BOSS","M","M","M","?","?","R","E"],"items_purchased_type":["Card"],"build_version":"2020-12-22","purchased_purges":1,"victory":false,"max_hp_per_floor":[75,75,75,75,75,75,75,75,75,75,75,75,75,75,75,75,75,75,75,75,75,75,75,75,75],"card_choices":[{"not_picked":["Redo","Turbo"],"picked":"Genetic Algorithm","floor":1},{"not_picked":["Force Field","Undo"],"picked":"Redo","floor":2},{"not_picked":["Leap","Rebound"],"picked":"Hologram","floor":3},{"not_picked":["Fusion","Sunder"],"picked":"Stack","floor":5},{"not_picked":["Turbo","Multi-Cast"],"picked":"Darkness","floor":8},{"not_picked":["Leap","Blizzard","Redo"],"picked":"SKIP","floor":13},{"not_picked":["Steam Power","Chaos","Leap"],"picked":"SKIP","floor":14},{"not_picked":["Thunder Strike","Hyperbeam"],"picked":"Biased Cognition","floor":16},{"not_picked":["Stack","Hello World"],"picked":"Go for the Eyes+1","floor":18},{"not_picked":["Barrage","Sunder"],"picked":"FTL","floor":19},{"not_picked":["FTL","Sunder"],"picked":"Beam Cell+1","floor":20}],"player_experience":276254,"relics_obtained":[{"floor":8,"key":"Sundial"},{"floor":9,"key":"Bottled Flame"},{"floor":14,"key":"Mummified Hand"}],"event_choices":[{"damage_healed":0,"gold_gain":0,"player_choice":"Grow","damage_taken":0,"max_hp_gain":0,"max_hp_loss":0,"event_name":"Living Wall","floor":11,"gold_loss":0,"cards_upgraded":["Zap"]},{"damage_healed":0,"gold_gain":100,"player_choice":"Pray","damage_taken":0,"max_hp_gain":0,"max_hp_loss":0,"event_name":"Golden Shrine","floor":21,"gold_loss":0}],"is_beta":false,"boss_relics":[{"not_picked":["SacredBark","Black Star"],"picked":"Astrolabe"}],"items_purged_floors":[7],"is_endless":false,"potions_floor_spawned":[1,8,13,19,20,22],"killed_by":"Book of Stabbing","ascension_level":4}}