{"host":"f8toxsj3bk02pkeu","time":1612769550,"event":{"mods":["BaseMod","Minty Spire (QoL Compilation)","Permanent Neow","Quick Restart","StSLib","SuperFastMode"],"gold_per_floor":[113,132,150,75,90,116,116,116,116,116,178,178,206,206,206,206,206],"floor_reached":16,"language":"ENG","playtime":444,"items_purged":[],"score":216,"play_id":"9f0cc567-4f2c-4ba2-8f8f-b0e1e9c2eea9","local_time":"20210208003230","is_ascension_mode":true,"campfire_choices":[{"data":"Clothesline","floor":8,"key":"SMITH"},{"floor":10,"key":"RECALL"},{"data":"Spot Weakness","floor":12,"key":"SMITH"},{"data":"Barricade","floor":15,"key":"SMITH"}],"circlet_count":0,"master_deck":["AscendersBane","Strike_R","Strike_R","Strike_R","Strike_R","Defend_R","Defend_R","Defend_R","Defend_R","Bash","Twin Strike","Battle Trance","Clothesline+1","Shrug It Off","Spot Weakness+1","Barricade+1"],"relics":["Burning Blood","Akabeko","Matryoshka","Bronze Scales","Blood Vial","Ice Cream"],"acts_visited":["Exordium"],"potions_floor_usage":[6,16],"damage_taken":[{"damage":3,"enemies":"2 Louse","floor":1,"turns":4},{"damage":1,"enemies":"Small Slimes","floor":2,"turns":4},{"damage":1,"enemies":"Cultist","floor":3,"turns":3},{"damage":13,"enemies":"Red Slaver","floor":5,"turns":4},{"damage":35,"enemies":"3 Sentries","floor":6,"turns":10},{"damage":24,"enemies":"Gremlin Nob","floor":11,"turns":4},{"damage":42,"enemies":"Gremlin Nob","floor":13,"turns":5},{"damage":40,"enemies":"Hexaghost","floor":16,"turns":10}],"seed_played":"7257977432342427466","potions_obtained":[{"floor":5,"key":"Fire Potion"},{"floor":6,"key":"FairyPotion"},{"floor":13,"key":"DuplicationPotion"}],"is_trial":false,"path_per_floor":["M","M","M","?","M","E","?","R","T","R","?","R","E","T","R","B"],"character_chosen":"IRONCLAD","items_purchased":[],"campfire_rested":0,"item_purchase_floors":[],"current_hp_per_floor":[67,72,77,77,70,41,46,46,46,46,28,28,34,34,34,0,0],"gold":206,"neow_bonus":"TWENTY_PERCENT_HP_BONUS","is_daily":false,"chose_seed":false,"campfire_upgraded":3,"win_rate":0.0,"timestamp":1612769550,"path_taken":["M","M","M","?","M","E","?","R","T","R","?","R","E","?","R","BOSS"],"items_purchased_type":[],"build_version":"2020-12-22","purchased_purges":0,"victory":false,"max_hp_per_floor":[89,89,89,89,89,89,94,94,94,94,94,94,94,94,94,94,94],"card_choices":[{"not_picked":["Anger","Feel No Pain"],"picked":"Twin Strike","floor":1},{"not_picked":["Twin Strike","Clothesline"],"picked":"Battle Trance","floor":2},{"not_picked":["Clash","Iron Wave","Wild Strike"],"picked":"SKIP","floor":3},{"not_picked":["Clash","Perfected Strike"],"picked":"Clothesline","floor":5},{"not_picked":["Bludgeon","Thunderclap"],"picked":"Shrug It Off","floor":6},{"not_picked":["Heavy Blade","Warcry"],"picked":"Spot Weakness","floor":11},{"not_picked":["Rupture","Immolate"],"picked":"Barricade","floor":13}],"player_experience":985276,"relics_obtained":[{"floor":6,"key":"Akabeko"},{"floor":11,"key":"Matryoshka"},{"floor":13,"key":"Bronze Scales"},{"floor":14,"key":"Blood Vial"},{"floor":14,"key":"Ice Cream"}],"event_choices":[{"cards_removed":["Strike_R"],"damage_healed":0,"gold_gain":0,"player_choice":"Card Removal","damage_taken":0,"max_hp_gain":0,"max_hp_loss":0,"event_name":"The Cleric","floor":4,"gold_loss":75},{"damage_healed":0,"gold_gain":0,"player_choice":"Donut","damage_taken":0,"max_hp_gain":5,"max_hp_loss":0,"event_name":"Big Fish","floor":7,"gold_loss":0},{"damage_healed":0,"gold_gain":30,"player_choice":"Searched \u00272\u0027 times","damage_taken":0,"max_hp_gain":0,"max_hp_loss":0,"event_name":"Dead Adventurer","floor":11,"gold_loss":0}],"is_beta":false,"boss_relics":[],"items_purged_floors":[],"is_endless":false,"potions_floor_spawned":[5,6,13],"killed_by":"Hexaghost","ascension_level":20}}