{"host":"ywa7jah0kefkv8nt","time":1612807064,"event":{"mods":["ATMod(°¢èªMod)","Act Like it!","Arknights","BaseMod","Better Note","Better Third Choice","Minty Spire (QoL Compilation)","MostiFishMod","Reliquary","Spicy Shops","StSLib","¡¾ÒÅÎï¿¨ÅÆ¡¿REMEMod","²ÐÁôÖ®Îï"],"gold_per_floor":[113,126,126,136,148,148,182,182,182,40,40,55,72,102,102,210,222,254,266,278,290,311,323,335,389,410,422,457,498,519,640,652,777,789,830,842,913,940,976,1032,1053,323,405,429,429,456,456,356,356,356,356,356,78,116,116],"floor_reached":56,"language":"ZHS","playtime":3905,"items_purged":["PlaceholderMod:BaseDefend+1","PlaceholderMod:BaseStrike+1","PlaceholderMod:Package"],"score":1678,"play_id":"96834c56-d829-40bd-b45b-a649acb509a6","local_time":"20210208115744","is_ascension_mode":false,"campfire_choices":[{"data":"PlaceholderMod:DoublePoint","floor":6.0,"key":"SMITH"},{"floor":8.0,"key":"RECALL"},{"floor":15,"key":"REST"},{"data":"PlaceholderMod:QualitativeChange","floor":23,"key":"SMITH"},{"data":"PlaceholderMod:Eat","floor":32,"key":"SMITH"},{"data":"AT_FamilyPortrait","floor":49,"key":"SMITH"},{"data":"PlaceholderMod:SelectReaction","floor":52,"key":"SMITH"}],"circlet_count":0,"master_deck":["PlaceholderMod:BaseStrike+1","PlaceholderMod:BaseStrike+1","PlaceholderMod:BaseStrike+1","PlaceholderMod:BaseStrike+1","PlaceholderMod:BaseDefend+1","PlaceholderMod:BaseDefend+1","PlaceholderMod:Crystal","PlaceholderMod:PoisonWhip","AT_FamilyPortrait+1","REME_MawOfCthun+1","PlaceholderMod:StrongAcid","PlaceholderMod:DoublePoint+1","PlaceholderMod:HornyBlast+1","PlaceholderMod:SubstitutionNucleophilic1","PlaceholderMod:NearChange","PlaceholderMod:SelectReaction+1","PlaceholderMod:QualitativeChange+1","Parasite","PlaceholderMod:SpinBlade+1","Writhe","PlaceholderMod:OHStrongAttack+1","PlaceholderMod:Eat+1","Shame","PlaceholderMod:HornyBlast+1","PlaceholderMod:Activation+1","PlaceholderMod:NearChange+1","PlaceholderMod:Hyperplasia+1","PlaceholderMod:HornyBlast+1","PlaceholderMod:Activation+1","Injury","Parasite","PlaceholderMod:Hyperplasia+1","PlaceholderMod:Hyperplasia+1","PlaceholderMod:StressReaction+1"],"relics":["PlaceholderMod:Tancle","AT_ATBox","REME_ComplimentaryCards","DaveBox","NeowsBlessing","EGODaCapo","SynthV:TestCard","AT_GuinsooRageblade","BionicSphere","PlaceholderMod:FlatBlood","Happy Flower","AT_BellDemon","Singing Bowl","CeramicFish","FossilizedHelix","MawBank","Cursed Key","Tiny Chest","reliquary:Firecrackers","StrikeDummy","Sundial","Calipers","reliquary:HotPoker","Mercury Hourglass","Frozen Egg 2","CombinedTypeHook","Pear","AT_Kusabimaru","Kunai","xbg","reliquary:TatteredRug","PlaceholderMod:UnterZeeKulten","Thread and Needle","REME_PuzzleBoxRelic","Eternal Feather","reliquary:ExpiredCoupon","Ice Cream","Mummified Hand","HornCleat","reliquary:PrincelyHelmet","Whetstone","reliquary:IridiumChain","AT_SilvercatRing","Dream Catcher","SynthV:C4","Strawberry","reliquary:SilkGlove"],"acts_visited":["Exordium","TheCity","TheBeyond","TheEnding"],"potions_floor_usage":[14,18],"damage_taken":[{"damage":0.0,"enemies":"Jaw Worm","floor":1.0,"turns":1.0},{"damage":0.0,"enemies":"2 Louse","floor":2.0,"turns":1.0},{"damage":0.0,"enemies":"Cultist","floor":4.0,"turns":1.0},{"damage":4.0,"enemies":"Lots of Slimes","floor":5.0,"turns":4.0},{"damage":19.0,"enemies":"3 Sentries","floor":7.0,"turns":11.0},{"damage":0,"enemies":"2 Fungi Beasts","floor":12,"turns":1},{"damage":0,"enemies":"Looter","floor":13,"turns":2},{"damage":40,"enemies":"Lagavulin","floor":14,"turns":6},{"damage":14,"enemies":"Slime Boss","floor":16,"turns":7},{"damage":9,"enemies":"Spheric Guardian","floor":18,"turns":4},{"damage":0,"enemies":"Book of Stabbing","floor":25,"turns":5},{"damage":0,"enemies":"3 Byrds","floor":28,"turns":2},{"damage":0,"enemies":"Cultist and Chosen","floor":29,"turns":3},{"damage":0,"enemies":"Colosseum Slavers","floor":31,"turns":2},{"damage":0,"enemies":"Colosseum Nobs","floor":31,"turns":1},{"damage":0,"enemies":"Collector","floor":33,"turns":3},{"damage":0,"enemies":"Orb Walker","floor":35,"turns":2},{"damage":0,"enemies":"Mind Bloom Boss Battle","floor":37,"turns":2},{"damage":14,"enemies":"3 Shapes","floor":38,"turns":2},{"damage":0,"enemies":"Jaw Worm Horde","floor":39,"turns":1},{"damage":0,"enemies":"Reptomancer","floor":40,"turns":3},{"damage":0,"enemies":"Transient","floor":44,"turns":4},{"damage":0,"enemies":"4 Shapes","floor":46,"turns":1},{"damage":0,"enemies":"Awakened One","floor":50,"turns":3},{"damage":0,"enemies":"Shield and Spear","floor":54,"turns":2},{"damage":0,"enemies":"The Heart","floor":55,"turns":4}],"seed_played":"-513316889933940189","potions_obtained":[{"floor":4.0,"key":"LiquidMemories"},{"floor":12,"key":"Regen Potion"},{"floor":16,"key":"Ancient Potion"},{"floor":18,"key":"FairyPotion"},{"floor":31,"key":"CultistPotion"}],"is_trial":false,"path_per_floor":["M","M","?","M","M","R","E","R","T","$","?","M","M","E","R","B",null,"M","?","?","?","T","R","$","E","T","?","M","M","T","?","R","B",null,"M","?","?","M","M","E","T","$","T","M","?","M","?","$","R","B",null,"R","$","E","B",null],"character_chosen":"THE_PLACEHOLDER","items_purchased":["BionicSphere","PlaceholderMod:FlatBlood","HornCleat","reliquary:PrincelyHelmet","Whetstone","SynthV:C4"],"campfire_rested":1,"item_purchase_floors":[10,10,42,42,42,53],"current_hp_per_floor":[78,78,78,78,74,74,55,55,55,55,48,48,48,22,46,32,80,73,73,73,73,73,73,73,73,73,73,73,73,73,83,83,92,92,92,92,107,95,99,105,105,105,105,109,109,109,104,104,104,104,104,104,104,111,111],"gold":116,"neow_bonus":"THREE_ENEMY_KILL","is_daily":false,"chose_seed":false,"campfire_upgraded":5,"win_rate":0.0,"timestamp":1612807064,"path_taken":["M","M","?","M","M","R","E","R","T","$","?","M","M","E","R","BOSS","M","?","?","?","?","R","?","E","T","?","?","M","?","?","R","BOSS","M","?","?","M","M","E","?","$","T","?","?","M","?","$","R","BOSS","R","$","E","BOSS"],"items_purchased_type":["Relic","Relic","Relic","Relic","Relic","Relic"],"build_version":"2020-12-22","purchased_purges":3,"victory":true,"max_hp_per_floor":[78,78,78,78,78,78,78,78,78,78,78,78,78,80,80,80,80,82,82,82,82,82,82,82,82,82,82,82,82,82,92,92,92,92,92,92,107,109,109,109,109,109,109,109,109,109,104,104,104,104,104,104,104,111,111],"card_choices":[{"not_picked":["PlaceholderMod:TriggerStrike","PlaceholderMod:DissolvingSpikes"],"picked":"PlaceholderMod:Package","floor":1.0},{"not_picked":["PlaceholderMod:Internalization","PlaceholderMod:AttackAsDefend","PlaceholderMod:Stable","PlaceholderMod:DissolvingSpikes"],"picked":"PlaceholderMod:StrongAcid","floor":2.0},{"not_picked":["PlaceholderMod:AttackAsDefend","PlaceholderMod:Corrosion","PlaceholderMod:ParasiteChange","PlaceholderMod:SprayAttack"],"picked":"PlaceholderMod:DoublePoint","floor":4.0},{"not_picked":["PlaceholderMod:Turn","PlaceholderMod:ThreeBenzyolStart","PlaceholderMod:HardStrike","PlaceholderMod:Internalization"],"picked":"PlaceholderMod:HornyBlast","floor":5.0},{"not_picked":["PlaceholderMod:StrongAcid","PlaceholderMod:Sweep","PlaceholderMod:ChainPoly","PlaceholderMod:Hyperplasia"],"picked":"PlaceholderMod:SubstitutionNucleophilic1","floor":7.0},{"not_picked":["PlaceholderMod:AttackAsDefend","PlaceholderMod:ParasiteChange","PlaceholderMod:Sweep","PlaceholderMod:ProliferateStrike","PlaceholderMod:Hyperplasia"],"picked":"PlaceholderMod:NearChange","floor":12},{"not_picked":["PlaceholderMod:StressReaction","PlaceholderMod:Internalization","PlaceholderMod:DissolvingSpikes","PlaceholderMod:Package"],"picked":"PlaceholderMod:SelectReaction","floor":13},{"not_picked":["PlaceholderMod:PoisonAbsorb","PlaceholderMod:SeverePoisonStrike","PlaceholderMod:AttackAsDefend","PlaceholderMod:Corrosion","PlaceholderMod:SelfCoupling"],"picked":"Singing Bowl","floor":14},{"not_picked":["PlaceholderMod:Eat","PlaceholderMod:DoublePoint","PlaceholderMod:Assimilation","PlaceholderMod:FinalSpray"],"picked":"PlaceholderMod:QualitativeChange","floor":16},{"not_picked":["PlaceholderMod:HardStrike","PlaceholderMod:UnpureUse","PlaceholderMod:Polyp","PlaceholderMod:HardStinger","PlaceholderMod:SubstitutionNucleophilic1"],"picked":"Singing Bowl","floor":18},{"not_picked":["PlaceholderMod:Crystallization+1","PlaceholderMod:Stable","PlaceholderMod:Sweep","PlaceholderMod:HardStinger"],"picked":"PlaceholderMod:SpinBlade+1","floor":25},{"not_picked":["PlaceholderMod:StressReaction","PlaceholderMod:PoisonExcitation+1","PlaceholderMod:Hard","PlaceholderMod:HealingAttack+1"],"picked":"PlaceholderMod:OHStrongAttack+1","floor":28},{"not_picked":["PlaceholderMod:Stable+1","PlaceholderMod:TriggerStrike","PlaceholderMod:Internalization","PlaceholderMod:ProliferateStrike"],"picked":"PlaceholderMod:Eat","floor":29},{"not_picked":["PlaceholderMod:PoisonAbsorb","PlaceholderMod:InnerSoften","PlaceholderMod:ParasiteChange","PlaceholderMod:EvolutionSpray+1"],"picked":"PlaceholderMod:HornyBlast","floor":31},{"not_picked":["PlaceholderMod:HornyCollision","PlaceholderMod:ReactionCatalyze","PlaceholderMod:SelfCoupling+1","PlaceholderMod:Inner+1"],"picked":"PlaceholderMod:Activation","floor":33},{"not_picked":["PlaceholderMod:ContinueSpray+1","PlaceholderMod:SpinBlade","PlaceholderMod:Internalization","PlaceholderMod:DiffusionChemical+1"],"picked":"PlaceholderMod:NearChange+1","floor":35},{"not_picked":["PlaceholderMod:Sweep","PlaceholderMod:ComplexForm+1","PlaceholderMod:SelectReaction","PlaceholderMod:SpinBlade"],"picked":"PlaceholderMod:Hyperplasia+1","floor":37},{"not_picked":["PlaceholderMod:HardStinger","PlaceholderMod:PoisonBlast+1","PlaceholderMod:ConsolidateHit","PlaceholderMod:Sweep+1","PlaceholderMod:ProliferateStrike"],"picked":"Singing Bowl","floor":38},{"not_picked":["PlaceholderMod:ChainPoly+1","PlaceholderMod:SpinBlade","PlaceholderMod:Stratification+1","PlaceholderMod:StressReaction+1"],"picked":"PlaceholderMod:HornyBlast+1","floor":39},{"not_picked":["PlaceholderMod:DissolvingSpikes+1","PlaceholderMod:Internalization+1","PlaceholderMod:Crystallization+1","PlaceholderMod:ParasiteChange"],"picked":"PlaceholderMod:Activation","floor":40},{"not_picked":["PlaceholderMod:SeverePoisonStrike","PlaceholderMod:Colorful+1","PlaceholderMod:HardStinger","PlaceholderMod:RadicalHit"],"picked":"PlaceholderMod:Hyperplasia+1","floor":44},{"not_picked":["PlaceholderMod:HardStinger","PlaceholderMod:SpinBlade","PlaceholderMod:Crystallization+1","PlaceholderMod:ThreeBenzyolStart+1"],"picked":"PlaceholderMod:Hyperplasia+1","floor":46},{"not_picked":["PlaceholderMod:HardStrike","PlaceholderMod:TriggerStrike","PlaceholderMod:ThreeBenzyolStart+1","PlaceholderMod:SprayAttack+1"],"picked":"PlaceholderMod:StressReaction+1","floor":54}],"player_experience":199429,"relics_obtained":[{"floor":1.0,"key":"SynthV:TestCard"},{"floor":7.0,"key":"AT_GuinsooRageblade"},{"floor":13,"key":"Singing Bowl"},{"floor":14,"key":"CeramicFish"},{"floor":14,"key":"FossilizedHelix"},{"floor":16,"key":"MawBank"},{"floor":18,"key":"Tiny Chest"},{"floor":22,"key":"reliquary:Firecrackers"},{"floor":25,"key":"StrikeDummy"},{"floor":25,"key":"Sundial"},{"floor":26,"key":"Calipers"},{"floor":28,"key":"reliquary:HotPoker"},{"floor":29,"key":"Mercury Hourglass"},{"floor":30,"key":"Frozen Egg 2"},{"floor":31,"key":"CombinedTypeHook"},{"floor":31,"key":"Pear"},{"floor":31,"key":"AT_Kusabimaru"},{"floor":33,"key":"Kunai"},{"floor":35,"key":"reliquary:TatteredRug"},{"floor":37,"key":"PlaceholderMod:UnterZeeKulten"},{"floor":37,"key":"Thread and Needle"},{"floor":38,"key":"REME_PuzzleBoxRelic"},{"floor":39,"key":"Eternal Feather"},{"floor":40,"key":"reliquary:ExpiredCoupon"},{"floor":40,"key":"Ice Cream"},{"floor":41,"key":"Mummified Hand"},{"floor":43,"key":"reliquary:IridiumChain"},{"floor":44,"key":"AT_SilvercatRing"},{"floor":46,"key":"Dream Catcher"},{"floor":54,"key":"Strawberry"},{"floor":54,"key":"reliquary:SilkGlove"}],"event_choices":[{"cards_removed":["PlaceholderMod:BaseDefend"],"damage_healed":0.0,"max_hp_gain":0.0,"max_hp_loss":0.0,"gold_gain":0.0,"event_name":"Living Wall","player_choice":"Forget","floor":3.0,"gold_loss":0.0,"damage_taken":0.0},{"damage_healed":0.0,"max_hp_gain":0.0,"max_hp_loss":0.0,"gold_gain":0.0,"event_name":"Wheel of Change","player_choice":"Damaged","floor":11.0,"gold_loss":0.0,"damage_taken":7.0},{"cards_removed":["PlaceholderMod:QualitativeChange"],"damage_healed":0,"gold_gain":0,"player_choice":"Give","damage_taken":0,"max_hp_gain":0,"max_hp_loss":0,"event_name":"betterNote:BetterNote","floor":19,"gold_loss":0,"cards_obtained":["None"]},{"damage_healed":0,"gold_gain":0,"player_choice":"Simplicity","damage_taken":0,"max_hp_gain":0,"max_hp_loss":9,"event_name":"betterThird:BetterWriting","floor":20,"gold_loss":0},{"damage_healed":0,"gold_gain":0,"player_choice":"Ignored","damage_taken":0,"max_hp_gain":0,"max_hp_loss":0,"event_name":"Ghosts","floor":21,"gold_loss":0},{"damage_healed":0,"gold_gain":0,"player_choice":"Ignored","damage_taken":0,"max_hp_gain":0,"max_hp_loss":0,"event_name":"Vampires","floor":27,"gold_loss":0},{"damage_healed":0,"gold_gain":0,"player_choice":"Fight","damage_taken":0,"max_hp_gain":0,"max_hp_loss":0,"event_name":"Colosseum","floor":31,"gold_loss":0},{"damage_healed":0,"gold_gain":0,"player_choice":"Fought Nobs","damage_taken":0,"max_hp_gain":0,"max_hp_loss":0,"event_name":"Colosseum","floor":31,"gold_loss":0},{"damage_healed":0,"gold_gain":0,"player_choice":"Ignored","damage_taken":0,"max_hp_gain":0,"max_hp_loss":0,"event_name":"Tomb of Lord Red Mask","floor":36,"gold_loss":0},{"damage_healed":0,"gold_gain":0,"player_choice":"Fight","damage_taken":0,"max_hp_gain":0,"max_hp_loss":0,"event_name":"MindBloom","floor":37,"gold_loss":0},{"cards_removed":["PlaceholderMod:BaseDefend"],"damage_healed":0,"gold_gain":0,"player_choice":"Removed Skill","damage_taken":0,"max_hp_gain":0,"max_hp_loss":0,"event_name":"Falling","floor":45,"gold_loss":0},{"damage_healed":0,"gold_gain":0,"player_choice":"Max HP","damage_taken":0,"max_hp_gain":0,"max_hp_loss":5,"event_name":"Winding Halls","floor":47,"gold_loss":0}],"is_beta":false,"boss_relics":[{"not_picked":["MoonlightInvasionPlan","reliquary:Ember"],"picked":"Cursed Key"},{"not_picked":["reliquary:RedPaperclip","NightmareShop"],"picked":"xbg"}],"items_purged_floors":[42,48,53],"is_endless":false,"potions_floor_spawned":[4,12,16,18,29,31,33,37,38,39,46,54],"ascension_level":0}}