{"host":"fauqrvll5t0ss0vm","time":1612778511,"event":{"mods":["2.2 Compatiblity","Act Like it!","Aspiration","Bard","BaseMod","Beaked The Cultist","Better Altar","Better Match","Better Note","Better Sensory Stone","Better Skull","Better Third Choice","Better Vampires","Card Filter","Clockwork Mod","Colored Map","Conspire","Displayed Cursed Tome","Downfall","Emptier Cage","Energized Spire","Friendly Minions","GifTheSpireLib","Glutton Mod","Gremlin Mod","Gremlin Skip","Halation","Hermit","Highlight Path","Hubris","Jorbs\u0027s Wanderer Trilogy","Mad Scientist","Marked Mod","Minty Spire (QoL Compilation)","Permanent Neow","Random Character Button","Relic Filter","Reorder Act Four","Replay The Spire","Shop Mod","Somnambulant","Spikes Relics","StSLib","Stuff the Spire","SuperFastMode","The Construct","The Cursed","The Disciple","The Elementalist","The Judge","The Juggle","The Mystic","The Runesmith","The Sage","The Servant 0.9.4","The Valiant","Trackpad","Uncapped"],"gold_per_floor":[99,150,189,225,225,225,225,329,229,257,257,325,225,286,372,502,502,502,543,588,629,152,178,178,178,240,125,184,229,294,369,408,529,529,429,464,391,391,431,490,516,576,611,666,584,584,584,252,294,319,319,376,376,10,10,35],"floor_reached":57,"language":"ENG","playtime":19013,"items_purged":["Runesmith:Strike_RS","Runesmith:Strike_RS","Runesmith:Strike_RS","StuffTheSpire:CuriosityCurse","Runesmith:Defend_RS"],"score":1610,"play_id":"29f6fa01-a565-40e6-8d4f-7e8540afcb61","local_time":"20210208110151","is_ascension_mode":true,"campfire_choices":[{"floor":1.0,"key":"DIG"},{"data":"HandOfGreed","floor":6.0,"key":"SMITH"},{"floor":9.0,"key":"RECALL"},{"data":"Runesmith:DoubleUp","floor":13,"key":"SMITH"},{"data":"Runesmith:UnstableHammer","floor":18,"key":"SMITH"},{"data":"Replay:BasicMightCard","floor":25,"key":"SMITH"},{"data":"Runesmith:DoubleUp","floor":35,"key":"SMITH"},{"data":"expansioncontent:YouAreMine","floor":47,"key":"SMITH"},{"data":"Panacea","floor":53,"key":"SMITH"}],"circlet_count":0,"master_deck":["Runesmith:Defend_RS","Runesmith:Defend_RS","Runesmith:CraftFirestone","Runesmith:Fortify","HandOfGreed+1","Runesmith:UnstableHammer+1","Runesmith:RuneHurl","Runesmith:DoubleUp+1","Runesmith:RuneHurl","Jack Of All Trades","Runesmith:Repurpose","Runesmith:UnstableHammer","Runesmith:GrandSlam","Runesmith:RuneHurl+1","Runesmith:Grindstone","Replay:BasicMightCard+1","Runesmith:DoubleUp+1","Runesmith:CraftMedicinae","Runesmith:DoubleUp+1","Runesmith:Repurpose","Runesmith:UnstableHammer+1","Runesmith:Repurpose+1","Runesmith:GrandSlam","Runesmith:EarthShield","Runesmith:Reinforce+1","expansioncontent:YouAreMine+1","Runesmith:EarthShield","Panacea+1","Runesmith:PoweredAnvil","Runesmith:Grindstone","ReplayTheSpireMod:Brewmster"],"relics":["Runesmith:BrokenRuby","hubris:Spice","downfall:HeartBlessingBlue","hubris:Teleporter","downfall:HeartBlessingRed","CosmicIsotope","Calipers","Replay:Baseball","StuffTheSpire:Rhapsscallions","construct:FoamFinger","Runic Pyramid","downfall:HeartBlessingGreen","hubris:SlimyHat"],"acts_visited":["Exordium","TheCity","TheBeyond","TheEnding"],"potions_floor_usage":[16,55,56,56,56,56,56,56,56],"damage_taken":[{"damage":0.0,"enemies":"2 Louse","floor":2.0,"turns":4.0},{"damage":0.0,"enemies":"Cultist","floor":3.0,"turns":2.0},{"damage":0.0,"enemies":"Jaw Worm","floor":4.0,"turns":2.0},{"damage":5.0,"enemies":"3 Sentries","floor":8.0,"turns":6.0},{"damage":5.0,"enemies":"Lagavulin","floor":10.0,"turns":6.0},{"damage":4,"enemies":"Exordium Wildlife","floor":12,"turns":6},{"damage":0,"enemies":"2 Fungi Beasts","floor":14,"turns":5},{"damage":11,"enemies":"3 Louse","floor":15,"turns":7},{"damage":20,"enemies":"DF_ARCHETYPE_STREAMLINE","floor":16,"turns":8},{"damage":2,"enemies":"Shell Parasite","floor":19,"turns":5},{"damage":0,"enemies":"conspire:FuzzyDice","floor":20,"turns":8},{"damage":8,"enemies":"Centurion and Healer","floor":21,"turns":6},{"damage":0,"enemies":"downfall:FleeingMerchant","floor":22,"turns":4},{"damage":16,"enemies":"Book of Stabbing","floor":23,"turns":4},{"damage":0,"enemies":"Cultist and Chosen","floor":26,"turns":4},{"damage":2,"enemies":"downfall:FleeingMerchant","floor":27,"turns":4},{"damage":3,"enemies":"conspire:SneckoGhost","floor":28,"turns":6},{"damage":8,"enemies":"Snecko","floor":29,"turns":5},{"damage":1,"enemies":"Centurion and Healer","floor":30,"turns":7},{"damage":14,"enemies":"Slavers","floor":31,"turns":8},{"damage":0,"enemies":"conspire:HollyBat","floor":32,"turns":41},{"damage":42,"enemies":"WA_ARCHETYPE_CALM","floor":33,"turns":10},{"damage":0,"enemies":"3 Darklings","floor":36,"turns":4},{"damage":0,"enemies":"downfall:FleeingMerchant","floor":37,"turns":4},{"damage":0,"enemies":"Orb Walker","floor":39,"turns":4},{"damage":0,"enemies":"Nemesis","floor":40,"turns":5},{"damage":2,"enemies":"Reptomancer","floor":42,"turns":4},{"damage":0,"enemies":"3 Darklings","floor":43,"turns":4},{"damage":0,"enemies":"Giant Head","floor":44,"turns":5},{"damage":0,"enemies":"Maw","floor":49,"turns":4},{"damage":19,"enemies":"IC_BLOCK_ARCHETYPE","floor":50,"turns":10},{"damage":0,"enemies":"downfall:CharBossMerchant","floor":52,"turns":6},{"damage":0,"enemies":"downfall:NeowBoss","floor":55,"turns":10},{"damage":0,"enemies":"downfall:NeowBossFinal","floor":56,"turns":8}],"seed_played":"-3058521109741221285","potions_obtained":[{"floor":2.0,"key":"Block Potion"},{"floor":3.0,"key":"Weak Potion"},{"floor":8.0,"key":"Ancient Potion"},{"floor":12,"key":"Strength Potion"},{"floor":20,"key":"Cursed Concoction"},{"floor":49,"key":"bronze:BurnAndBuffPotion"}],"is_trial":false,"path_per_floor":["R_BF","M","M","M","?","R","T","E","R","E","?","M","R","M","M","B",null,"R","M","M","M","$","E","T","R","M","$","E","M","M","E","M","B",null,"R","M","$","?","M","E","T","E","M","E","$","?","R","$","M","B",null,"E","R","$","B","B",null],"character_chosen":"RUNESMITH_CLASS","items_purchased":["Calipers","Replay:BasicMightCard","hubris:SlimyHat","Runesmith:GrandSlam","expansioncontent:YouAreMine","Runesmith:EarthShield","Panacea","Runesmith:PoweredAnvil","ReplayTheSpireMod:Brewmster"],"campfire_rested":0,"item_purchase_floors":[22,22,37,37,45,48,48,48,54],"current_hp_per_floor":[71,71,71,71,71,71,71,74,84,79,79,75,75,75,64,44,89,89,87,87,79,79,63,66,66,66,64,61,53,52,38,62,20,84,84,84,84,84,84,76,68,60,60,52,52,44,44,44,44,44,44,36,36,36,36,36],"gold":35,"neow_bonus":"RANDOM_COLORLESS_2","is_daily":false,"chose_seed":false,"campfire_upgraded":7,"win_rate":0.0,"timestamp":1612778511,"path_taken":["R_BF","M","M","M","?","R","T","E","R","E","?","M","R","M","M","BOSS","R","M","M","M","$","E","T","R","?","?","E","M","M","E","M","BOSS","R","M","$","?","M","E","T","E","M","E","$","?","R","$","M","BOSS","E","R","$","BOSS","BOSS"],"items_purchased_type":["Relic","Card","Relic","Card","Card","Card","Card","Card","Card"],"build_version":"2020-12-22","purchased_purges":5,"victory":true,"max_hp_per_floor":[71,71,71,71,71,71,71,79,89,89,89,89,89,89,89,89,89,89,89,89,89,89,89,92,92,92,92,92,92,92,84,84,84,84,84,84,84,84,84,76,68,60,60,52,52,44,44,44,44,44,44,36,36,36,36,36],"card_choices":[{"not_picked":["Panache","Magnetism"],"picked":"HandOfGreed","floor":0.0},{"not_picked":["Runesmith:Malloc","Runesmith:CraftSpiculum"],"picked":"Runesmith:UnstableHammer","floor":2.0},{"not_picked":["Runesmith:Overpower","Runesmith:CraftProtectio"],"picked":"Runesmith:RuneHurl","floor":3.0},{"not_picked":["Runesmith:CraftIncendium","Runesmith:CraftMagma"],"picked":"Runesmith:DoubleUp","floor":4.0},{"not_picked":["Runesmith:HammerThrow","Runesmith:WhiteBalance"],"picked":"Runesmith:RuneHurl","floor":8.0},{"not_picked":["hubris:SpiceAddiction","Runesmith:CraftIncendium","Runesmith:Discharge"],"picked":"SKIP","floor":10},{"not_picked":["Runesmith:Discharge","Runesmith:CraftIncendium"],"picked":"Runesmith:Repurpose","floor":12},{"not_picked":["hubris:SpiceAddiction","Runesmith:ChiselStab"],"picked":"Runesmith:UnstableHammer","floor":14},{"not_picked":["Runesmith:WhiteBalance","Runesmith:Refine","Runesmith:MakeshiftArmor"],"picked":"SKIP","floor":15},{"not_picked":["Runesmith:Supernova","Runesmith:LightningRod"],"picked":"Runesmith:GrandSlam","floor":16},{"not_picked":["hubris:SpiceAddiction","Runesmith:StaticCage","Runesmith:BackupBattery"],"picked":"SKIP","floor":19},{"not_picked":["Runesmith:StaticCage","Runesmith:CraftProtectio","Runesmith:RuneHurl"],"picked":"SKIP","floor":20},{"not_picked":["Runesmith:ShiftingStrike","Runesmith:CraftVitae"],"picked":"Runesmith:RuneHurl+1","floor":21},{"not_picked":["Runesmith:ShiftingStrike+1","Runesmith:FissionHammer"],"picked":"Runesmith:Grindstone","floor":22},{"not_picked":["hubris:SpiceAddiction","Runesmith:ChiselStab","Runesmith:ShiftingStrike"],"picked":"SKIP","floor":23},{"not_picked":["Runesmith:StaticCage","Runesmith:Discharge"],"picked":"Runesmith:DoubleUp","floor":26},{"not_picked":["Runesmith:CraftMagma+1","hubris:SpiceAddiction","Runesmith:Terraform"],"picked":"SKIP","floor":27},{"not_picked":["Runesmith:ChaoticBlast+1","Runesmith:CraftMagma"],"picked":"Runesmith:CraftMedicinae","floor":28},{"not_picked":["Runesmith:ChiselStab","Runesmith:Repurpose"],"picked":"Runesmith:DoubleUp+1","floor":29},{"not_picked":["hubris:SpiceAddiction","hubris:SpiceAddiction","Runesmith:MakeshiftArmor"],"picked":"SKIP","floor":30},{"not_picked":["Runesmith:Terraform","Runesmith:CraftSpiculum"],"picked":"Runesmith:Repurpose","floor":31},{"not_picked":["Runesmith:RunicBlueprint","hubris:SpiceAddiction"],"picked":"Runesmith:UnstableHammer+1","floor":32},{"not_picked":["Runesmith:HeatExchange+1","Runesmith:Attraction+1","Runesmith:CraftMagma+1"],"picked":"SKIP","floor":36},{"not_picked":["Runesmith:Permafrost+1","Runesmith:Attraction+1"],"picked":"Runesmith:Repurpose+1","floor":37},{"not_picked":["Runesmith:EnergizedChisel","Runesmith:CraftProtectio","Runesmith:UnstableHammer+1"],"picked":"SKIP","floor":39},{"not_picked":["Runesmith:EnergizedChisel","Runesmith:CraftProtectio","Runesmith:UnstableHammer+1"],"picked":"SKIP","floor":39},{"not_picked":["hubris:SpiceAddiction","Runesmith:HammerThrow+1","Runesmith:BackupBattery"],"picked":"SKIP","floor":40},{"not_picked":["Runesmith:HammerThrow","Runesmith:WhiteBalance+1","Runesmith:Permafrost"],"picked":"SKIP","floor":42},{"not_picked":["Runesmith:Retool+1","Runesmith:MakeshiftArmor"],"picked":"Runesmith:EarthShield","floor":43},{"not_picked":["Runesmith:ElementalConversion","Runesmith:Permafrost"],"picked":"Runesmith:Reinforce+1","floor":44},{"not_picked":["Runesmith:Firestorm","Runesmith:HeatExchange"],"picked":"Runesmith:Grindstone","floor":49},{"not_picked":["Runesmith:Supernova","Runesmith:StaticCage+1","Runesmith:CraftMagma+1"],"picked":"SKIP","floor":52}],"player_experience":7404589,"relics_obtained":[{"floor":1.0,"key":"hubris:Spice"},{"floor":8.0,"key":"hubris:Spice"},{"floor":10,"key":"hubris:Teleporter"},{"floor":23,"key":"Replay:Baseball"},{"floor":24,"key":"StuffTheSpire:Rhapsscallions"},{"floor":28,"key":"construct:FoamFinger"},{"floor":31,"key":"hubris:Spice"},{"floor":40,"key":"hubris:Spice"},{"floor":41,"key":"hubris:Spice"},{"floor":42,"key":"hubris:Spice"},{"floor":44,"key":"hubris:Spice"},{"floor":52,"key":"hubris:Spice"}],"event_choices":[{"damage_healed":0.0,"max_hp_gain":0.0,"max_hp_loss":0.0,"gold_gain":0.0,"event_name":"conspire:Investor","player_choice":"Leave","floor":5.0,"gold_loss":0.0,"damage_taken":0.0},{"cards_removed":["Runesmith:Defend_RS"],"damage_healed":0,"gold_gain":0,"player_choice":"Removed Skill","damage_taken":0,"max_hp_gain":0,"max_hp_loss":0,"event_name":"Falling","floor":38,"gold_loss":0}],"is_beta":false,"boss_relics":[{"not_picked":["aspiration:FutureDiary","hubris:Spice"],"picked":"CosmicIsotope"},{"not_picked":["beaked:MawFillet","hubris:Spice"],"picked":"Runic Pyramid"}],"items_purged_floors":[22,27,37,48,54],"is_endless":false,"potions_floor_spawned":[2,3,8,12,20,21,28,30,32,33,39,42,44,49],"ascension_level":3}}