{"host":"Cenci","time":1612792437,"event":{"mods":["BaseMod","Downfall","Highlight Path","Minty Spire (QoL Compilation)","StSLib"],"gold_per_floor":[99,99,99,99,199,232,232,247,247,258,290,275,302,357,368,368,368,368],"floor_reached":16,"language":"ENG","playtime":661,"items_purged":[],"score":217,"play_id":"eed3ae0c-3358-4dc0-b817-9ad8548bf71b","local_time":"20210208145357","is_ascension_mode":true,"campfire_choices":[{"floor":1,"key":"RECALL"},{"data":"Slimebound:GoopSpray","floor":9,"key":"SMITH"}],"circlet_count":0,"master_deck":["Slimebound:Strike_Slimebound","Slimebound:Strike_Slimebound","Slimebound:Strike_Slimebound","Slimebound:Tackle","Slimebound:Defend_Slimebound","Slimebound:Defend_Slimebound","Slimebound:Defend_Slimebound","Slimebound:Defend_Slimebound","Slimebound:Split","Slimebound:CorrosiveSpit","Slimebound:GoopSpray","Slimebound:GoopSpray+1","Slimebound:ComboTackle","Slimebound:GoopSpray","Slimebound:ComboTackle","Slimebound:Teamwork","Slimebound:FinishingTackle"],"relics":["Slimebound:AbsorbEndCombat","downfall:HeartsMalice","Ancient Tea Set","Question Card","Eternal Feather","Odd Mushroom","InkBottle"],"acts_visited":["Exordium"],"potions_floor_usage":[16],"damage_taken":[{"damage":0,"enemies":"Small Slimes","floor":2,"turns":1},{"damage":0,"enemies":"Jaw Worm","floor":3,"turns":1},{"damage":0,"enemies":"Gremlin Nob","floor":6,"turns":1},{"damage":0,"enemies":"2 Louse","floor":8,"turns":2},{"damage":12,"enemies":"Exordium Wildlife","floor":10,"turns":5},{"damage":6,"enemies":"3 Sentries","floor":11,"turns":6},{"damage":1,"enemies":"downfall:FleeingMerchant","floor":12,"turns":4},{"damage":1,"enemies":"The Mushroom Lair","floor":13,"turns":4},{"damage":17,"enemies":"Gremlin Nob","floor":14,"turns":3},{"damage":8,"enemies":"Large Slime","floor":15,"turns":4}],"seed_played":"5783975745641373795","potions_obtained":[{"floor":6,"key":"Guardian:BlockOnCardUsePotion"},{"floor":8,"key":"hexamod:SoulburnPotion"},{"floor":11,"key":"SmokeBomb"},{"floor":13,"key":"hexamod:SoulburnPotion"}],"is_trial":false,"path_per_floor":["R","M","M","?","?","E","T","M","R","M","E","$","?","?","M","B"],"character_chosen":"SLIMEBOUND","items_purchased":[],"campfire_rested":0,"item_purchase_floors":[],"current_hp_per_floor":[65,65,65,62,62,62,62,65,65,61,63,65,65,52,48,0,0,0],"gold":368,"neow_bonus":"THREE_ENEMY_KILL","is_daily":false,"chose_seed":false,"campfire_upgraded":1,"win_rate":0.0,"timestamp":1612792437,"path_taken":["R","M","M","?","?","E","T","M","R","M","E","$","?","?","M","BOSS"],"items_purchased_type":[],"build_version":"2020-11-17","purchased_purges":0,"victory":false,"max_hp_per_floor":[65,65,65,65,65,65,65,65,65,65,65,65,65,65,65,65,65,65],"card_choices":[{"not_picked":["Slimebound:HauntingLick","Slimebound:MegaLick"],"picked":"Slimebound:GoopSpray","floor":2},{"not_picked":["Slimebound:AcidTongue","Slimebound:SlimeTap"],"picked":"Slimebound:GoopSpray","floor":3},{"not_picked":["Slimebound:ProtectTheBoss","Slimebound:SplitMire"],"picked":"Slimebound:ComboTackle","floor":6},{"not_picked":["Slimebound:SplitBruiser","Slimebound:PressTheAttack","Slimebound:AcidTongue","Slimebound:ItLooksTasty"],"picked":"SKIP","floor":8},{"not_picked":["Slimebound:Gluttony","Slimebound:SplitMire","Slimebound:LivingWall"],"picked":"Slimebound:GoopSpray","floor":10},{"not_picked":["Slimebound:GoopTackle","Slimebound:PressTheAttack","Slimebound:ForwardTackle"],"picked":"Slimebound:ComboTackle","floor":11},{"not_picked":["Slimebound:GoopTackle","Slimebound:Dissolve","Slimebound:SplitLeeching"],"picked":"Slimebound:Teamwork","floor":12},{"not_picked":["Slimebound:SplitLeeching","Slimebound:SamplingLick","Slimebound:Gluttony"],"picked":"Slimebound:FinishingTackle","floor":13},{"not_picked":["Slimebound:LeechingTouch","Slimebound:RollThrough","Slimebound:RainOfGoop","Slimebound:FirmFortitude"],"picked":"SKIP","floor":15}],"player_experience":296148,"relics_obtained":[{"floor":6,"key":"Question Card"},{"floor":11,"key":"Eternal Feather"},{"floor":13,"key":"Odd Mushroom"}],"event_choices":[{"damage_healed":0,"gold_gain":0,"player_choice":"Success","damage_taken":3,"relics_obtained":["Ancient Tea Set"],"max_hp_gain":0,"max_hp_loss":0,"event_name":"Scrap Ooze","floor":4,"gold_loss":0},{"damage_healed":0,"gold_gain":0,"player_choice":"Fought Mushrooms","damage_taken":0,"max_hp_gain":0,"max_hp_loss":0,"event_name":"Mushrooms","floor":13,"gold_loss":0}],"is_beta":true,"boss_relics":[],"items_purged_floors":[],"is_endless":false,"potions_floor_spawned":[6,8,11,13],"killed_by":"DF_ARCHETYPE_STREAMLINE","ascension_level":4}}