{"host":"ek3xvuouaw6vk9if","time":1612765168,"event":{"mods":["AchievementEnabler","BaseMod","Better Third Choice","BetterRewards","Curses Come First","Dark Map","Hubris","Minty Spire (QoL Compilation)","Permanent Neow","Quick Restart","Relic Stats","Replay The Spire","Spire Arcade","StSLib","The Bladedancer"],"gold_per_floor":[113,127,127,143,163,163,193,193,193,208,243,243,278,292,292,397,397,415,425,425,203,220,250,98,98,190,227,253,297,249,261,273,387,399,426,123,123,136,136,136,161,177,177,197,214,227,238,257,257,257],"floor_reached":51,"language":"ENG","playtime":3257,"items_purged":["blademaster:Strike","blademaster:Defend"],"score":1291,"play_id":"828eb038-1918-4093-8009-affc44b7e8f4","local_time":"20210208011928","is_ascension_mode":true,"campfire_choices":[{"data":"blademaster:BladeCross","floor":6,"key":"SMITH"},{"data":"blademaster:Safeguard","floor":8,"key":"SMITH"},{"data":"blademaster:Blockade","floor":12,"key":"SMITH"},{"data":"blademaster:CombatPrep","floor":15,"key":"SMITH"},{"floor":32,"key":"DIG"},{"data":"blademaster:Empower","floor":40,"key":"SMITH"},{"data":"Sweeping Beam","floor":49,"key":"PURGE"}],"circlet_count":0,"master_deck":["blademaster:Strike","blademaster:Strike","blademaster:Defend","blademaster:Defend","blademaster:Defend","blademaster:RagingBlow","blademaster:HighVoltage","blademaster:BladeCross+1","blademaster:Flurry","blademaster:Flurry","blademaster:Safeguard+1","blademaster:TraverseCut","blademaster:ParryingStrike","blademaster:Havoc","blademaster:Blockade+1","blademaster:Flurry","blademaster:CombatPrep+1","blademaster:Blindside","CurseOfTheBell","blademaster:Meditate","Turbo","hubris:DuctTapeCard","blademaster:AwakeningDefend+1","blademaster:Empower+1","blademaster:Bloodbath+1","blademaster:AwakeningDefend","blademaster:BladeCross+1"],"relics":["blademaster:DancersAmulet","ReplayTheSpireMod:Lightbulb","hubris:EmptyBottle","Lantern","Happy Flower","Bottled Lightning","hubris:CrystalStatue","Bronze Scales","Calling Bell","Juzu Bracelet","hubris:DisguiseKit","Peace Pipe","Tiny Chest","Ornamental Fan","Sling","MawBank","hubris:DuctTape","hubris:MysteriousPyramids","hubris:BundleOfHerbs","Pear","Painkiller Herb","Membership Card","Iron Hammer","Shuriken","Art of War","Sundial"],"acts_visited":["Exordium","TheCity","TheBeyond"],"potions_floor_usage":[7,7,28,33,33,33,33,42,50,50,50,50,50,50,50,50,50,50,50,50,50,50,50,50,50,50,50,50,50,50,50,50,50,50],"damage_taken":[{"damage":1,"enemies":"Cultist","floor":1,"turns":3},{"damage":0,"enemies":"Jaw Worm","floor":2,"turns":4},{"damage":7,"enemies":"Small Slimes","floor":4,"turns":2},{"damage":0,"enemies":"2 Fungi Beasts","floor":5,"turns":2},{"damage":0,"enemies":"3 Sentries","floor":7,"turns":3},{"damage":4,"enemies":"Blue Slaver","floor":10,"turns":3},{"damage":14,"enemies":"Lagavulin","floor":11,"turns":4},{"damage":0,"enemies":"Replay:BlueRogue","floor":13,"turns":4},{"damage":0,"enemies":"3 Louse","floor":14,"turns":2},{"damage":0,"enemies":"Fading Forest","floor":16,"turns":11},{"damage":0,"enemies":"Chosen","floor":18,"turns":2},{"damage":0,"enemies":"Shell Parasite","floor":19,"turns":3},{"damage":0,"enemies":"Centurion and Healer","floor":22,"turns":4},{"damage":1,"enemies":"Book of Stabbing","floor":23,"turns":3},{"damage":6,"enemies":"Replay:Snechameleon","floor":27,"turns":3},{"damage":0,"enemies":"Sentry and Sphere","floor":28,"turns":2},{"damage":0,"enemies":"Book of Stabbing","floor":29,"turns":4},{"damage":12,"enemies":"hubris:MusketHawk","floor":33,"turns":6},{"damage":0,"enemies":"3 Darklings","floor":35,"turns":3},{"damage":0,"enemies":"Orb Walker","floor":38,"turns":1},{"damage":0,"enemies":"Reptomancer","floor":41,"turns":3},{"damage":0,"enemies":"Maw","floor":42,"turns":4},{"damage":0,"enemies":"Jaw Worm Horde","floor":44,"turns":2},{"damage":2,"enemies":"Writhing Mass","floor":45,"turns":3},{"damage":0,"enemies":"Maw","floor":46,"turns":3},{"damage":0,"enemies":"Sphere and 2 Shapes","floor":47,"turns":2},{"damage":9,"enemies":"Writhing Mass","floor":48,"turns":3},{"damage":0,"enemies":"Donu and Deca","floor":50,"turns":3}],"seed_played":"-9090894435852010338","potions_obtained":[{"floor":2,"key":"Adrenaline Potion"},{"floor":4,"key":"Toxic Potion"},{"floor":5,"key":"Explosive Potion"},{"floor":7,"key":"SteroidPotion"},{"floor":27,"key":"BlessingOfTheForge"},{"floor":28,"key":"PowerPotion"},{"floor":33,"key":"Adrenaline Potion"},{"floor":35,"key":"EntropicBrew"},{"floor":44,"key":"SteroidPotion"}],"is_trial":false,"path_per_floor":["M","M","T","M","M","R","E","R","T","M","E","R","E","M","R","B",null,"M","M","?","$","M","E","$","T","T","E","M","E","?","?","R","B",null,"?","T","T","?","?","T","E","?","T","?","?","?","?","?","T","B",null],"character_chosen":"THE_BLADEMASTER","items_purchased":["ReplayTheSpireMod:Lightbulb","blademaster:BladeCross","blademaster:AirSlash","hubris:EmptyBottle","Tiny Chest","Sling","Membership Card","Iron Hammer"],"campfire_rested":0,"item_purchase_floors":[0,0,0,0,21,24,36,36],"current_hp_per_floor":[74,74,74,67,67,67,67,67,67,63,49,49,49,55,55,61,75,75,75,75,75,75,75,75,75,75,75,75,75,75,61,71,87,90,90,90,90,90,90,90,90,90,90,90,90,90,90,90,90,90],"gold":257,"neow_bonus":"","is_daily":false,"chose_seed":false,"campfire_upgraded":5,"win_rate":0.0,"timestamp":1612765168,"path_taken":["M","M","?","M","M","R","E","R","T","M","E","R","E","M","R","BOSS","M","M","?","$","M","E","$","?","T","E","M","E","?","?","R","BOSS","?","T","?","?","?","T","E","?","T","?","?","?","?","?","T","BOSS"],"items_purchased_type":["Relic","Card","Card","Relic","Relic","Relic","Relic","Relic"],"build_version":"2020-12-22","purchased_purges":2,"victory":true,"max_hp_per_floor":[75,75,75,75,75,75,75,75,75,75,75,75,75,75,75,75,75,75,75,75,75,75,75,75,75,75,75,75,75,75,80,90,90,90,90,90,90,90,90,90,90,90,90,90,90,90,90,90,90,90],"relic_stats":{"Peace Pipe":1,"Happy Flower":[26],"counters":[51,207],"Ornamental Fan":[692],"Shuriken":[152],"Sundial":[6],"Bronze Scales":[115],"Tiny Chest":1,"Juzu Bracelet":0,"Art of War":[0],"MawBank":132,"obtain_stats":[{"blademaster:RandomStancePerk":7,"hubris:CrystalStatue":11,"hubris:MysteriousPyramids":27,"Sling":24,"DollysMirror":28,"Sundial":43,"Iron Hammer":36,"blademaster:FinisherDrawCardPerk":42,"blademaster:ComboEveryTurnPerk":6,"blademaster:DextrousPerk":23,"hubris:TinFlute":39,"Pear":32,"hubris:DuctTape":14,"Happy Flower":7,"blademaster:BonusComboPerk":25,"blademaster:StrongPerk":30,"Counterbalance":9,"hubris:SphereOfDissonance":26,"hubris:HollowSoul":17,"Replay:Kaleidoscope":43,"Akabeko":40,"Shuriken":37,"Bronze Scales":13,"hubris:PeanutButter":6,"blademaster:WindChargePerk":41,"Lantern":3,"Enchiridion":21,"Painkiller Herb":34,"Juzu Bracelet":17,"hubris:EmptyBottle":0,"Empty Cage":34,"ClockworkSouvenir":13,"Tiny Chest":21,"Red Mask":22,"hubris:DisguiseKit":17,"blademaster:RandomBladePerk":40,"blademaster:OnAttackedChargePerk":27,"MawBank":25,"Calling Bell":17,"Peace Pipe":17,"Anchor":30,"Pondfish Scales":42,"Ornamental Fan":23,"blademaster:FuryEveryTurnPerk":29,"Turnip":25,"hubris:BundleOfHerbs":29,"blademaster:StanceHealPerk":13,"Art of War":41,"blademaster:DancersAmulet":0,"Bottled Lightning":9,"Membership Card":36,"ReplayTheSpireMod:Lightbulb":0},{"blademaster:RandomStancePerk":28,"hubris:CrystalStatue":30,"hubris:MysteriousPyramids":38,"Sling":37,"DollysMirror":15,"Sundial":45,"Iron Hammer":42,"blademaster:FinisherDrawCardPerk":20,"blademaster:ComboEveryTurnPerk":5,"blademaster:DextrousPerk":37,"hubris:TinFlute":18,"Pear":40,"hubris:DuctTape":8,"Happy Flower":28,"blademaster:BonusComboPerk":14,"blademaster:StrongPerk":16,"Counterbalance":6,"hubris:SphereOfDissonance":14,"hubris:HollowSoul":10,"Replay:Kaleidoscope":20,"Akabeko":19,"Shuriken":42,"Bronze Scales":31,"hubris:PeanutButter":5,"blademaster:WindChargePerk":44,"Lantern":25,"Enchiridion":12,"Painkiller Herb":41,"Juzu Bracelet":33,"hubris:EmptyBottle":23,"Empty Cage":17,"ClockworkSouvenir":8,"Tiny Chest":35,"Red Mask":13,"hubris:DisguiseKit":33,"blademaster:RandomBladePerk":19,"blademaster:OnAttackedChargePerk":38,"MawBank":37,"Calling Bell":33,"Peace Pipe":33,"Anchor":16,"Pondfish Scales":20,"Ornamental Fan":37,"blademaster:FuryEveryTurnPerk":40,"Turnip":14,"hubris:BundleOfHerbs":40,"blademaster:StanceHealPerk":31,"Art of War":44,"blademaster:DancersAmulet":0,"Bottled Lightning":28,"Membership Card":42,"ReplayTheSpireMod:Lightbulb":23},{"blademaster:RandomStancePerk":129,"hubris:CrystalStatue":136,"hubris:MysteriousPyramids":168,"Sling":165,"DollysMirror":74,"Sundial":191,"Iron Hammer":183,"blademaster:FinisherDrawCardPerk":100,"blademaster:ComboEveryTurnPerk":21,"blademaster:DextrousPerk":165,"hubris:TinFlute":90,"Pear":174,"hubris:DuctTape":32,"Happy Flower":129,"blademaster:BonusComboPerk":69,"blademaster:StrongPerk":80,"Counterbalance":26,"hubris:SphereOfDissonance":69,"hubris:HollowSoul":47,"Replay:Kaleidoscope":100,"Akabeko":95,"Shuriken":183,"Bronze Scales":140,"hubris:PeanutButter":21,"blademaster:WindChargePerk":187,"Lantern":122,"Enchiridion":55,"Painkiller Herb":180,"Juzu Bracelet":153,"hubris:EmptyBottle":115,"Empty Cage":87,"ClockworkSouvenir":32,"Tiny Chest":158,"Red Mask":60,"hubris:DisguiseKit":153,"blademaster:RandomBladePerk":95,"blademaster:OnAttackedChargePerk":168,"MawBank":165,"Calling Bell":153,"Peace Pipe":153,"Anchor":80,"Pondfish Scales":100,"Ornamental Fan":165,"blademaster:FuryEveryTurnPerk":174,"Turnip":69,"hubris:BundleOfHerbs":174,"blademaster:StanceHealPerk":140,"Art of War":187,"blademaster:DancersAmulet":0,"Bottled Lightning":129,"Membership Card":183,"ReplayTheSpireMod:Lightbulb":115}]},"card_choices":[{"not_picked":["blademaster:ParryingStrike","blademaster:BloodyBlow"],"picked":"blademaster:Flurry","floor":1},{"not_picked":["blademaster:AspectOfLightning","blademaster:KiBarrier"],"picked":"blademaster:Flurry","floor":2},{"not_picked":["blademaster:IcyWind","blademaster:Vortex"],"picked":"blademaster:Safeguard","floor":4},{"not_picked":["blademaster:AirSlash","blademaster:Vortex"],"picked":"blademaster:TraverseCut","floor":5},{"not_picked":["blademaster:Quickstep","blademaster:LightningDraw"],"picked":"blademaster:ParryingStrike","floor":7},{"not_picked":["blademaster:EyeOfTheStorm","blademaster:IcyWind"],"picked":"blademaster:Havoc","floor":10},{"not_picked":["blademaster:Quickness","blademaster:Sunder"],"picked":"blademaster:Blockade","floor":11},{"not_picked":["blademaster:DeadlyDance","blademaster:CullingStrike"],"picked":"blademaster:Flurry","floor":13},{"not_picked":["blademaster:FuriousStrike","blademaster:Flurry"],"picked":"blademaster:CombatPrep","floor":14},{"not_picked":["blademaster:HighVoltage","blademaster:UnrelentingWind"],"picked":"blademaster:Blindside","floor":16},{"not_picked":["blademaster:Flurry+1","blademaster:KiBarrier","Barrage"],"picked":"blademaster:AspectOfWind","floor":18},{"not_picked":["blademaster:TraverseCut","blademaster:AspectOfLightning","blademaster:Havoc+1","Go for the Eyes"],"picked":"SKIP","floor":19},{"not_picked":["blademaster:Hailwind+1","blademaster:LightningCrash","blademaster:KiBarrier","Mirror Shield"],"picked":"SKIP","floor":22},{"not_picked":["blademaster:Bloodbath+1","blademaster:Blockade","blademaster:Slice"],"picked":"Turbo","floor":23},{"not_picked":["blademaster:OneTrickPony","blademaster:ThunderingOpener","blademaster:Overcharge","Ball Lightning"],"picked":"SKIP","floor":27},{"not_picked":["blademaster:Stability","blademaster:Hailwind+1","Panic Button"],"picked":"blademaster:AwakeningDefend+1","floor":28},{"not_picked":["blademaster:RagingBlow","blademaster:Quickstep+1","blademaster:Meditate+1"],"picked":"Sweeping Beam","floor":29},{"not_picked":["blademaster:RagingBlow","blademaster:Flash","Thunder Strike"],"picked":"blademaster:Empower","floor":33},{"not_picked":["blademaster:Momentum","blademaster:Safeguard+1","blademaster:Vortex+1","Coolheaded"],"picked":"SKIP","floor":35},{"not_picked":["blademaster:Blockade","blademaster:Bloodbath","blademaster:BloodyBlow","Sunder"],"picked":"SKIP","floor":38},{"not_picked":["blademaster:Rupture+1","blademaster:SlyStabs","Beam Cell"],"picked":"blademaster:Bloodbath+1","floor":41},{"not_picked":["blademaster:AspectOfWind","blademaster:BloodyBlow","Turbo"],"picked":"blademaster:AwakeningDefend","floor":42},{"not_picked":["blademaster:ThunderSlash","blademaster:RagingBlow","Panic Button"],"picked":"blademaster:BladeCross+1","floor":44},{"not_picked":["blademaster:DragonStrike+1","blademaster:ParryingStrike+1","blademaster:Cut","Scrape"],"picked":"SKIP","floor":45},{"not_picked":["blademaster:Safeguard","blademaster:BladeMastery","blademaster:Thrust","Scrape"],"picked":"SKIP","floor":46},{"not_picked":["blademaster:IcyWind+1","blademaster:Cut","blademaster:SlyStabs","Genetic Algorithm"],"picked":"SKIP","floor":47},{"not_picked":["blademaster:UnrelentingWind","blademaster:Flurry+1","blademaster:Blockade","Capacitor"],"picked":"SKIP","floor":48}],"player_experience":539165,"relics_obtained":[{"floor":3,"key":"Lantern"},{"floor":7,"key":"Happy Flower"},{"floor":7,"key":"blademaster:RandomStancePerk"},{"floor":9,"key":"Bottled Lightning"},{"floor":11,"key":"hubris:CrystalStatue"},{"floor":11,"key":"blademaster:FinisherDrawCardPerk"},{"floor":13,"key":"Bronze Scales"},{"floor":13,"key":"blademaster:StanceHealPerk"},{"floor":17,"key":"Juzu Bracelet"},{"floor":17,"key":"hubris:DisguiseKit"},{"floor":17,"key":"Peace Pipe"},{"floor":23,"key":"Ornamental Fan"},{"floor":23,"key":"blademaster:DextrousPerk"},{"floor":25,"key":"MawBank"},{"floor":26,"key":"hubris:DuctTape"},{"floor":27,"key":"hubris:MysteriousPyramids"},{"floor":27,"key":"blademaster:OnAttackedChargePerk"},{"floor":29,"key":"hubris:BundleOfHerbs"},{"floor":29,"key":"blademaster:FuryEveryTurnPerk"},{"floor":32,"key":"Pear"},{"floor":37,"key":"Shuriken"},{"floor":41,"key":"Art of War"},{"floor":41,"key":"blademaster:WindChargePerk"},{"floor":43,"key":"Sundial"}],"event_choices":[{"damage_healed":0,"gold_gain":0,"cards_transformed":["blademaster:Strike"],"player_choice":"Transformed","damage_taken":0,"max_hp_gain":0,"max_hp_loss":0,"event_name":"Transmorgrifier","floor":20,"gold_loss":0,"cards_obtained":["blademaster:Meditate"]},{"damage_healed":0,"gold_gain":0,"player_choice":"Shed Blood","damage_taken":19,"max_hp_gain":5,"max_hp_loss":0,"event_name":"Forgotten Altar","floor":31,"gold_loss":0}],"is_beta":false,"boss_relics":[{"not_picked":["Velvet Choker","Tiny House"],"picked":"Calling Bell"},{"not_picked":["Kintsugi","SlaversCollar"],"picked":"Painkiller Herb"}],"items_purged_floors":[21,36],"is_endless":false,"potions_floor_spawned":[2,4,5,7,16,27,28,33,35,44,47,48],"ascension_level":3}}