{"host":"5m2js577gj4e7pak","time":1612773466,"event":{"mods":["AchievementEnabler","BaseMod","Better Match","BetterRewards","Colored Map","Colored Powertips","Googly Eyes","Highlight Path","Lobotomy","LobotomyExtend","Minty Spire (QoL Compilation)","Quick Restart","Relic Filter","StSLib"],"gold_per_floor":[112,112,112,127,50,50,83,30,30,30,30,55,71,89,107,27,43,61,61,61,79,106,106,117,117,130,54,54,150,150,168,183,197,296,148,148,163,163,189,204,204,204,204,222,222,320,320,337,387,387,406,421,421,438,468,468,468,169,184,109,122,122,122,122],"floor_reached":50,"language":"ENG","playtime":2223,"items_purged":["FrostShard"],"score":619,"play_id":"6bcec47a-3dcd-4c81-b31d-4601dbb513a1","local_time":"20210208093746","is_ascension_mode":false,"campfire_choices":[],"circlet_count":0,"master_deck":["SpecialBullet","SpecialBullet","SpecialBullet","SpecialBullet","SpecialBullet","SpecialBullet","SpecialBullet","SpecialBullet","SecurityCode","TrainingCode","BeautyBeast","MagicBullet+1","Lamp+19","Amita","ShyLook","FrostShard","RedEyes","Beak","OSAHOGD","Horn","RedEyes","SwordSharpenedByTears","Moonlight","WristCuter","GreenStem","Adoration","Horn","WelfareCode","Wingbeat+1","Moonlight","BigBird","Heaven","Beak","Pinks","RecordCode","Horn+1","RedEyes+1","SomewhereSpear+1","Logging+1","Lamp+3","RedEyes","Lamp","Wingbeat","LaLuna","Penitence","ScreamingWedge","Noise+1","ControlCode","GreedKing","TT2Protocol"],"relics":["CogitoBucket","CaptainsWheel","Thread and Needle","Question Card","Bag of Preparation","Dream Catcher","LuminousBracelet","LetterFromLob","Moonlight_r","Blood Vial","BackwardClock","Black Star","AspirationHeart","AtMidnight","ClockworkSouvenir","Happy Flower","MutagenicStrength","Cursed Key","Prayer Wheel","Bottled Tornado","Strawberry","Meat on the Bone","Ancient Tea Set"],"acts_visited":["Exordium","TheCity","TheBeyond"],"potions_floor_usage":[7,7,7,7,7,20,20,20,33,42,42,42,46,46,46,50,50],"damage_taken":[{"damage":11,"enemies":"2 Louse","floor":1,"turns":2},{"damage":0,"enemies":"Cultist","floor":4,"turns":2},{"damage":14,"enemies":"Gremlin Nob","floor":7,"turns":4},{"damage":29,"enemies":"Lagavulin","floor":12,"turns":6},{"damage":1,"enemies":"Jaw Worm","floor":13,"turns":2},{"damage":3,"enemies":"Gremlin Gang","floor":14,"turns":6},{"damage":20,"enemies":"2 Louse","floor":1,"turns":3},{"damage":0,"enemies":"Jaw Worm","floor":2,"turns":1},{"damage":0,"enemies":"Cultist","floor":4,"turns":3},{"damage":0,"enemies":"3 Louse","floor":5,"turns":1},{"damage":10,"enemies":"Lots of Slimes","floor":7,"turns":8},{"damage":12,"enemies":"Lots of Slimes","floor":8,"turns":3},{"damage":4,"enemies":"Large Slime","floor":11,"turns":5},{"damage":0,"enemies":"Exordium Thugs","floor":13,"turns":2},{"damage":13,"enemies":"Slime Boss","floor":16,"turns":4},{"damage":0,"enemies":"Spheric Guardian","floor":18,"turns":2},{"damage":24,"enemies":"2 Thieves","floor":19,"turns":4},{"damage":0,"enemies":"Shelled Parasite and Fungi","floor":20,"turns":35},{"damage":2,"enemies":"Cultist and Chosen","floor":24,"turns":3},{"damage":11,"enemies":"Snecko","floor":27,"turns":3},{"damage":0,"enemies":"3 Cultists","floor":31,"turns":3},{"damage":25,"enemies":"Champ","floor":33,"turns":9},{"damage":6,"enemies":"Orb Walker","floor":35,"turns":2},{"damage":11,"enemies":"Mind Bloom Boss Battle","floor":36,"turns":4},{"damage":6,"enemies":"3 Shapes","floor":38,"turns":1},{"damage":13,"enemies":"Maw","floor":39,"turns":6},{"damage":3,"enemies":"4 Shapes","floor":41,"turns":2},{"damage":5,"enemies":"Nemesis","floor":42,"turns":3},{"damage":32,"enemies":"Transient","floor":46,"turns":5},{"damage":0,"enemies":"3 Darklings","floor":48,"turns":3},{"damage":109,"enemies":"Donu and Deca","floor":50,"turns":7}],"seed_played":"-8594663957377290964","potions_obtained":[{"floor":1,"key":"SneckoOil"},{"floor":7,"key":"Fruit Juice"},{"floor":13,"key":"CultistPotion"},{"floor":1,"key":"SpeedPotion"},{"floor":4,"key":"FearPotion"},{"floor":11,"key":"LiquidMemories"},{"floor":18,"key":"Weak Potion"},{"floor":19,"key":"GamblersBrew"},{"floor":20,"key":"PowerPotion"},{"floor":36,"key":"Explosive Potion"},{"floor":38,"key":"SkillPotion"},{"floor":41,"key":"DistilledChaos"},{"floor":46,"key":"Block Potion"},{"floor":48,"key":"Explosive Potion"}],"is_trial":false,"path_per_floor":["M","?","?","M","$","R","E","$","T","?","R","E","M","M","M","M","$","M","M","R","M","M","T","R","M","?","M","$","R","B",null,"M","M","M","?","$","R","M","?","T","M","?","?","R","M","R","B",null,"M","?","?","M","M","R","M","E","T","R","$","M","$","M","R","B"],"character_chosen":"Angela","items_purchased":["Amita","RedEyes","SwordSharpenedByTears","GreenStem","ClockworkSouvenir","Ancient Tea Set","SpeedPotion","SteroidPotion","Weak Potion"],"campfire_rested":0,"item_purchase_floors":[5,8,3,14,22,45,45,45,45],"current_hp_per_floor":[67,53,65,70,70,70,72,72,72,65,65,47,60,84,90,90,90,90,90,37,46,46,46,67,67,90,90,90,80,80,80,80,40,40,40,40,30,30,30,34,34,34,34,34,34,34,34,34,34,34,34,34,34,34,41,41,41,41,45,45,49,49,0,0],"gold":122,"neow_bonus":"ONE_RARE_RELIC","is_daily":false,"chose_seed":false,"campfire_upgraded":0,"win_rate":0.0,"timestamp":1612773466,"path_taken":["M","?","?","M","$","R","E","$","T","?","R","E","M","M","M","M","$","M","M","R","M","M","T","R","M","?","M","$","R","BOSS","M","?","M","?","?","R","?","?","T","M","?","?","R","M","R","BOSS","M","?","?","M","M","R","M","E","T","R","$","M","$","M","R","BOSS"],"items_purchased_type":["Card","Card","Card","Card","Relic","Relic","Potion","Potion","Potion"],"build_version":"2020-12-22","purchased_purges":1,"victory":false,"max_hp_per_floor":[70,70,70,70,70,70,75,75,75,75,75,75,75,90,90,90,90,90,90,90,90,90,90,90,90,90,90,90,80,80,80,80,40,40,40,40,30,30,30,34,34,34,34,34,34,34,34,34,34,34,34,34,34,34,41,41,41,41,45,45,49,49,49,49],"card_choices":[{"not_picked":["WallGazer","FairyFestival"],"picked":"BeautyBeast","floor":1},{"not_picked":["RapturousDream"],"picked":"MagicBullet","floor":1},{"not_picked":["Laetitia_ego"],"picked":"Lamp","floor":4},{"not_picked":["PunishingBird","CherryBlossoms"],"picked":"ShyLook","floor":7},{"not_picked":["RapturousDream"],"picked":"FrostShard","floor":7},{"not_picked":["Galaxy","RapturousDream"],"picked":"Beak","floor":12},{"not_picked":["CrumblingArmor","LaLuna"],"picked":"OSAHOGD","floor":13},{"not_picked":["CUTE","BlackSwan_ego","Lantern"],"picked":"SKIP","floor":13},{"not_picked":["InTheNameOfLoveAndHate","RapturousDream"],"picked":"Horn","floor":1},{"not_picked":["SwordSharpenedByTears","Ecstasy"],"picked":"RedEyes","floor":2},{"not_picked":["Soda","Regret_ego"],"picked":"Tough","floor":4},{"not_picked":["Regret_ego","FourthMatchFlame","Discord"],"picked":"SKIP","floor":5},{"not_picked":["FourthMatchFlame","Tough"],"picked":"Moonlight","floor":8},{"not_picked":["FourthMatchFlame","WristCuter"],"picked":"FrostShard","floor":11},{"not_picked":["Harvest","Loneliness"],"picked":"WristCuter","floor":13},{"not_picked":["GoldRush","TheSmile"],"picked":"Adoration","floor":16},{"not_picked":["CherryBlossom","Diffraction"],"picked":"Horn","floor":18},{"not_picked":["FeatherOfHonor","SolemnVow+1"],"picked":"Beak","floor":19},{"not_picked":["CherryBlossom+1","Beak"],"picked":"Wingbeat+1","floor":20},{"not_picked":["ShedSkin","Beak"],"picked":"Moonlight","floor":24},{"not_picked":["RedShoes","LittlePrince"],"picked":"BigBird","floor":27},{"not_picked":["Lantern","SomewhereSpear"],"picked":"Heaven","floor":27},{"not_picked":["Galaxy+1","ScreamingWedge"],"picked":"Beak","floor":31},{"not_picked":["DaCapo","Mimicry"],"picked":"Pinks","floor":33},{"not_picked":["CENSORED_ego","Tough+1"],"picked":"Horn+1","floor":35},{"not_picked":["SomewhereSpear","Loneliness"],"picked":"RedEyes+1","floor":36},{"not_picked":["Reverberation+1","Noise"],"picked":"SomewhereSpear+1","floor":38},{"not_picked":["Lantern+1","Pleasure","FourthMatchFlame+1"],"picked":"SKIP","floor":38},{"not_picked":["Galaxy+1","Tough+1"],"picked":"Logging+1","floor":39},{"not_picked":["Wingbeat+1","Lantern"],"picked":"Lamp+1","floor":39},{"not_picked":["Regret_ego+1","FrostShard+1"],"picked":"RedEyes","floor":41},{"not_picked":["Galaxy+1","Harmony+1"],"picked":"Lamp","floor":41},{"not_picked":["CherryBlossom+1","Ecstasy+1"],"picked":"Wingbeat","floor":42},{"not_picked":["GalaxyChild","DreamingCurrent"],"picked":"LaLuna","floor":46},{"not_picked":["BearPaw","CrimsonScar"],"picked":"Penitence","floor":46},{"not_picked":["Regret_ego","GreenStem+1"],"picked":"ScreamingWedge","floor":46},{"not_picked":["Tough+1","Soda"],"picked":"Noise+1","floor":46},{"not_picked":["HappyTeddy","LongBird"],"picked":"GreedKing","floor":48},{"not_picked":["Noise+1","Soda+1","Tough"],"picked":"SKIP","floor":48},{"not_picked":["Regret_ego+1","Ecstasy","Wingbeat"],"picked":"SKIP","floor":48},{"not_picked":["ScreamingWedge","BlackSwan_ego","DaCapo"],"picked":"SKIP","floor":48}],"player_experience":54946,"relics_obtained":[{"floor":1,"key":"LetterFromLob"},{"floor":7,"key":"Thread and Needle"},{"floor":9,"key":"Question Card"},{"floor":12,"key":"Dream Catcher"},{"floor":1,"key":"LetterFromLob"},{"floor":9,"key":"Blood Vial"},{"floor":20,"key":"AtMidnight"},{"floor":26,"key":"Happy Flower"},{"floor":36,"key":"Prayer Wheel"},{"floor":42,"key":"Bottled Tornado"},{"floor":42,"key":"Strawberry"},{"floor":43,"key":"Meat on the Bone"}],"event_choices":[{"damage_healed":0,"gold_gain":0,"player_choice":"Entered Light","damage_taken":14,"max_hp_gain":0,"max_hp_loss":0,"event_name":"Shining Light","floor":2,"gold_loss":0,"cards_upgraded":["MagicBullet"]},{"damage_healed":0,"gold_gain":0,"player_choice":"Success","damage_taken":7,"relics_obtained":["Bag of Preparation"],"max_hp_gain":0,"max_hp_loss":0,"event_name":"Scrap Ooze","floor":10,"gold_loss":0},{"cards_removed":["Tough"],"damage_healed":0,"gold_gain":0,"player_choice":"Purged","damage_taken":0,"max_hp_gain":0,"max_hp_loss":0,"event_name":"Purifier","floor":12,"gold_loss":0},{"damage_healed":0,"gold_gain":99,"player_choice":"Stole From Cult","damage_taken":0,"max_hp_gain":0,"max_hp_loss":0,"event_name":"Nest","floor":21,"gold_loss":0},{"damage_healed":0,"gold_gain":0,"player_choice":"Ignored","damage_taken":0,"max_hp_gain":0,"max_hp_loss":0,"event_name":"Vampires","floor":25,"gold_loss":0},{"damage_healed":0,"gold_gain":0,"player_choice":"Inject Mutagens","damage_taken":0,"relics_obtained":["MutagenicStrength"],"max_hp_gain":0,"max_hp_loss":0,"event_name":"Drug Dealer","floor":28,"gold_loss":0},{"cards_removed":["Beak"],"damage_healed":0,"gold_gain":0,"player_choice":"Elegance","damage_taken":0,"max_hp_gain":0,"max_hp_loss":0,"event_name":"Back to Basics","floor":29,"gold_loss":0},{"damage_healed":0,"gold_gain":0,"player_choice":"Fight","damage_taken":0,"max_hp_gain":0,"max_hp_loss":0,"event_name":"MindBloom","floor":36,"gold_loss":0},{"cards_removed":["InformationCode"],"damage_healed":0,"gold_gain":0,"player_choice":"Removed Skill","damage_taken":0,"max_hp_gain":0,"max_hp_loss":0,"event_name":"Falling","floor":37,"gold_loss":0}],"is_beta":false,"boss_relics":[{"not_picked":["Empty Cage","SlaversCollar"],"picked":"Black Star"},{"not_picked":["Tiny House","Astrolabe"],"picked":"Cursed Key"}],"items_purged_floors":[47],"is_endless":false,"potions_floor_spawned":[1,7,13,14,1,4,5,11,18,19,20,36,38,41,46,48],"killed_by":"Donu and Deca","ascension_level":0}}