{"host":"q0qnzbgdx8oqogg9","time":1612747315,"event":{"mods":["BaseMod","Minty Spire (QoL Compilation)","StSLib"],"gold_per_floor":[11,23,43,62,81,81,107,107,107,107,119,119,146,158,158,273,285,310,336,423,173,240,342,342,342,367,367,384,420,420,445,445,575,575,634,688,728,181,181,232,232,263,263,305,305,391,20,62,62,87],"floor_reached":51,"language":"ENG","playtime":2446,"items_purged":["Strike_B","Strike_B"],"score":1249,"play_id":"51f40b1c-5175-4870-8a66-42566dc13d1e","local_time":"20210207202155","is_ascension_mode":true,"campfire_choices":[{"data":"Apotheosis","floor":6.0,"key":"SMITH"},{"floor":10.0,"key":"REST"},{"floor":12.0,"key":"DIG"},{"floor":15.0,"key":"DIG"},{"floor":24,"key":"DIG"},{"floor":27,"key":"REST"},{"floor":30,"key":"DIG"},{"floor":32,"key":"DIG"},{"floor":45,"key":"REST"},{"floor":49,"key":"DIG"}],"circlet_count":0,"master_deck":["AscendersBane","Strike_B","Strike_B","Defend_B","Defend_B","Defend_B+1","Defend_B","Zap","Dualcast","Apotheosis+1","Ball Lightning","Core Surge","Doom and Gloom","Chill","Reinforced Body+1","Buffer","Conserve Battery+1","HandOfGreed","Loop","Machine Learning","Barrage+1","Coolheaded","Consume","Loop","Go for the Eyes+1","Coolheaded+1","Hologram+1","Defragment","Reinforced Body","Force Field+1"],"relics":["Cracked Core","Singing Bowl","Shovel","Pantograph","Meat on the Bone","Emotion Chip","MawBank","Fusion Hammer","War Paint","Blood Vial","Enchiridion","Bag of Marbles","Strawberry","Ancient Tea Set","Dream Catcher","Inserter","Torii","MealTicket","ClockworkSouvenir","Pen Nib","Juzu Bracelet","Bottled Lightning","DataDisk","Orrery","Pocketwatch"],"acts_visited":["Exordium","TheCity","TheBeyond"],"potions_floor_usage":[23,33,50],"damage_taken":[{"damage":0.0,"enemies":"Cultist","floor":1.0,"turns":3.0},{"damage":0.0,"enemies":"Small Slimes","floor":2.0,"turns":2.0},{"damage":2.0,"enemies":"Jaw Worm","floor":3.0,"turns":4.0},{"damage":14.0,"enemies":"Red Slaver","floor":4.0,"turns":3.0},{"damage":0.0,"enemies":"Large Slime","floor":5.0,"turns":4.0},{"damage":17.0,"enemies":"Gremlin Nob","floor":7.0,"turns":4.0},{"damage":4.0,"enemies":"Exordium Thugs","floor":11.0,"turns":5.0},{"damage":2.0,"enemies":"Lagavulin","floor":13.0,"turns":6.0},{"damage":2.0,"enemies":"3 Louse","floor":14.0,"turns":3.0},{"damage":14.0,"enemies":"Slime Boss","floor":16.0,"turns":5.0},{"damage":0.0,"enemies":"Spheric Guardian","floor":18.0,"turns":5.0},{"damage":12.0,"enemies":"Shell Parasite","floor":19.0,"turns":5.0},{"damage":2.0,"enemies":"Centurion and Healer","floor":22.0,"turns":11.0},{"damage":24,"enemies":"Slavers","floor":23,"turns":8},{"damage":0,"enemies":"Snake Plant","floor":28,"turns":3},{"damage":14,"enemies":"Cultist and Chosen","floor":29,"turns":6},{"damage":21,"enemies":"Book of Stabbing","floor":31,"turns":7},{"damage":17,"enemies":"Collector","floor":33,"turns":14},{"damage":7,"enemies":"3 Shapes","floor":35,"turns":7},{"damage":57,"enemies":"2 Orb Walkers","floor":36,"turns":6},{"damage":20,"enemies":"Orb Walker","floor":37,"turns":3},{"damage":10,"enemies":"Reptomancer","floor":40,"turns":7},{"damage":9,"enemies":"Nemesis","floor":42,"turns":7},{"damage":11,"enemies":"Jaw Worm Horde","floor":44,"turns":5},{"damage":0,"enemies":"4 Shapes","floor":46,"turns":11},{"damage":0,"enemies":"Spire Growth","floor":48,"turns":6},{"damage":1,"enemies":"Donu and Deca","floor":50,"turns":13}],"seed_played":"3961389381422705339","potions_obtained":[{"floor":3.0,"key":"DuplicationPotion"},{"floor":4.0,"key":"Dexterity Potion"},{"floor":29,"key":"DuplicationPotion"},{"floor":33,"key":"GamblersBrew"}],"is_trial":false,"path_per_floor":["M","M","M","M","M","R","E","?","T","R","M","R","E","M","R","B",null,"M","M","?","$","M","E","R","?","T","R","M","M","R","E","R","B",null,"M","?","M","$","?","E","?","E","T","M","R","M","$","M","R","B",null],"character_chosen":"DEFECT","items_purchased":["HandOfGreed","Consume","Loop","MealTicket","ClockworkSouvenir","DataDisk","Defragment","Orrery"],"campfire_rested":3,"item_purchase_floors":[21,38,38,38,38,47,47,47],"current_hp_per_floor":[68,68,66,52,52,52,35,28,28,50,48,48,46,46,46,57,74,76,64,56,56,56,46,46,30,30,55,57,47,54,49,49,59,87,82,41,35,35,86,78,78,71,71,62,88,90,96,98,98,97],"gold":87,"neow_bonus":"RANDOM_COLORLESS_2","is_daily":false,"chose_seed":false,"campfire_upgraded":1,"win_rate":0.0,"timestamp":1612747315,"path_taken":["M","M","M","M","?","R","E","?","T","R","M","R","E","M","R","BOSS","M","M","?","$","?","E","R","?","T","R","M","M","R","E","R","BOSS","M","?","M","$","?","E","?","E","T","M","R","M","$","M","R","BOSS"],"items_purchased_type":["Card","Card","Card","Relic","Relic","Relic","Card","Relic"],"build_version":"2020-12-22","purchased_purges":2,"victory":true,"max_hp_per_floor":[75,75,75,75,75,75,75,75,75,75,77,77,77,79,79,79,79,81,81,81,81,83,85,85,85,85,85,85,87,94,96,96,96,96,96,98,98,98,86,88,88,88,88,88,88,90,96,98,98,98],"card_choices":[{"not_picked":["Violence","Magnetism"],"picked":"Apotheosis","floor":0.0},{"not_picked":["Leap","Beam Cell"],"picked":"Ball Lightning","floor":1.0},{"not_picked":["Melter","Scrape"],"picked":"Core Surge","floor":2.0},{"not_picked":["Ball Lightning","Streamline"],"picked":"Doom and Gloom","floor":3.0},{"not_picked":["Doom and Gloom","Beam Cell"],"picked":"Chill","floor":4.0},{"not_picked":["Darkness","Tempest","Aggregate"],"picked":"SKIP","floor":5.0},{"not_picked":["FTL","Turbo"],"picked":"Reinforced Body","floor":7.0},{"not_picked":["Auto Shields","Compile Driver","Chaos"],"picked":"Singing Bowl","floor":11.0},{"not_picked":["Redo","Cold Snap"],"picked":"Coolheaded","floor":13.0},{"not_picked":["Leap","Aggregate","Coolheaded"],"picked":"Singing Bowl","floor":14.0},{"not_picked":["Thunder Strike","Creative AI"],"picked":"Buffer","floor":16.0},{"not_picked":["Chaos","Streamline","Redo"],"picked":"Singing Bowl","floor":18.0},{"not_picked":["Coolheaded","Beam Cell"],"picked":"Conserve Battery+1","floor":19.0},{"not_picked":["Skim","Darkness","Force Field"],"picked":"Singing Bowl","floor":22.0},{"not_picked":["Static Discharge","Stack+1","Genetic Algorithm"],"picked":"Singing Bowl","floor":23},{"not_picked":["Sweeping Beam+1","Force Field+1"],"picked":"Loop","floor":28},{"not_picked":["Conserve Battery","Ball Lightning","Hologram"],"picked":"Singing Bowl","floor":29},{"not_picked":["Rebound","Genetic Algorithm","Storm"],"picked":"Singing Bowl","floor":31},{"not_picked":["Thunder Strike","Hyperbeam"],"picked":"Machine Learning","floor":33},{"not_picked":["Fusion+1","Scrape+1"],"picked":"Barrage+1","floor":35},{"not_picked":["Hologram","Chaos","Rebound+1"],"picked":"Singing Bowl","floor":36},{"not_picked":["Compile Driver","Streamline+1"],"picked":"Coolheaded","floor":37},{"not_picked":["Rebound","Hologram+1","Tempest"],"picked":"Singing Bowl","floor":40},{"not_picked":["Aggregate","Barrage"],"picked":"Go for the Eyes+1","floor":42},{"not_picked":["Heatsinks+1","Redo"],"picked":"Coolheaded+1","floor":44},{"not_picked":["Rainbow","Turbo+1"],"picked":"Hologram+1","floor":45},{"not_picked":["Hello World","Scrape+1","Aggregate+1"],"picked":"Singing Bowl","floor":46},{"not_picked":["Stack","Core Surge"],"picked":"Reinforced Body","floor":47},{"not_picked":["Gash","Redo+1"],"picked":"Force Field+1","floor":47},{"not_picked":["Rebound","Ball Lightning","Redo+1"],"picked":"Singing Bowl","floor":47},{"not_picked":["Beam Cell+1","Conserve Battery","Coolheaded"],"picked":"Singing Bowl","floor":47},{"not_picked":["Ball Lightning+1","Double Energy+1","Hologram+1"],"picked":"Singing Bowl","floor":47},{"not_picked":["Streamline","Gash+1","Hologram+1"],"picked":"Singing Bowl","floor":48}],"player_experience":341953,"relics_obtained":[{"floor":7.0,"key":"Singing Bowl"},{"floor":9.0,"key":"Pantograph"},{"floor":12.0,"key":"Meat on the Bone"},{"floor":13.0,"key":"Emotion Chip"},{"floor":15.0,"key":"MawBank"},{"floor":23,"key":"War Paint"},{"floor":24,"key":"Blood Vial"},{"floor":25,"key":"Enchiridion"},{"floor":26,"key":"Bag of Marbles"},{"floor":30,"key":"Strawberry"},{"floor":31,"key":"Ancient Tea Set"},{"floor":32,"key":"Dream Catcher"},{"floor":36,"key":"Torii"},{"floor":40,"key":"Pen Nib"},{"floor":42,"key":"Juzu Bracelet"},{"floor":43,"key":"Bottled Lightning"},{"floor":49,"key":"Pocketwatch"}],"event_choices":[{"damage_healed":0.0,"max_hp_gain":0.0,"max_hp_loss":0.0,"gold_gain":0.0,"event_name":"Scrap Ooze","player_choice":"Success","floor":8.0,"gold_loss":0.0,"damage_taken":7.0,"relics_obtained":["Shovel"]},{"damage_healed":0.0,"max_hp_gain":0.0,"max_hp_loss":0.0,"gold_gain":75.0,"event_name":"FaceTrader","player_choice":"Touch","floor":20.0,"gold_loss":0.0,"damage_taken":8.0},{"damage_healed":0,"gold_gain":0,"player_choice":"Obtained Book","damage_taken":16,"max_hp_gain":0,"max_hp_loss":0,"event_name":"Cursed Tome","floor":25,"gold_loss":0},{"damage_healed":0,"gold_gain":0,"player_choice":"Fight","damage_taken":0,"max_hp_gain":0,"max_hp_loss":0,"event_name":"Mysterious Sphere","floor":36,"gold_loss":0},{"damage_healed":86,"gold_gain":0,"player_choice":"Heal","damage_taken":0,"max_hp_gain":0,"max_hp_loss":12,"event_name":"The Moai Head","floor":39,"gold_loss":0},{"cards_removed":["Coolheaded"],"damage_healed":0,"gold_gain":0,"player_choice":"Removed Skill","damage_taken":0,"max_hp_gain":0,"max_hp_loss":0,"event_name":"Falling","floor":41,"gold_loss":0}],"is_beta":false,"boss_relics":[{"not_picked":["Pandora\u0027s Box","Coffee Dripper"],"picked":"Fusion Hammer"},{"not_picked":["Velvet Choker","Philosopher\u0027s Stone"],"picked":"Inserter"}],"items_purged_floors":[21,38],"is_endless":false,"potions_floor_spawned":[3,4,5,7,16,18,29,31,33,40,42,44,48],"ascension_level":11}}