{"host":"7vlopc64487frs6y","time":1612803454,"event":{"mods":["Aspiration","BaseMod","BetterRewards","Colored Map","Decade(Õı–°√˜)","Downfall","Good Game Mod","Highlight Path","Minty Spire (QoL Compilation)","Quick Restart","Reimu£®≤©¿ˆ¡È√Œ£©","Remilia£®¿Ÿ√◊¿Ú—«£©","Replay The Spire","Shop Mod","StSLib","TestMod","Unceasing Turn Reminder","Youmu£®ªÍ∆«—˝√Œ£©"],"gold_per_floor":[99,99,199,199,199,199,199,215,240,282,282,301,326,372,393,509,509,209,244,267,300,11,11,11,39,90,137,261,221,268,295,324,445,445,445,475,475,511,511,534,602,653,677,677,677,677,677,697,726,747,747,809,241,241,288,340],"floor_reached":57,"language":"ZHS","playtime":3994,"items_purged":["Guardian:Defend_Guardian","Guardian:Strike_Guardian"],"score":1584,"play_id":"160fada7-6285-4719-85b0-bf0cd9882752","local_time":"20210209005734","is_ascension_mode":false,"campfire_choices":[{"floor":1,"key":"RECALL"},{"data":"expansioncontent:QuickStudy","floor":23,"key":"SMITH"},{"data":"expansioncontent:StudyTheSpire","floor":44,"key":"SMITH"},{"data":"expansioncontent:Chronoboost","floor":47,"key":"SMITH"}],"circlet_count":0,"master_deck":["Guardian:Defend_Guardian","Guardian:Defend_Guardian","Guardian:CurlUp","Guardian:TwinSlam","Guardian:TimeBomb","Guardian:Gem_Purple","Guardian:Gem_Cyan","Guardian:WalkerClaw+1","Guardian:Gem_Lightblue","Guardian:Gem_Red","Guardian:Gem_Red","Guardian:Gem_Red","Guardian:Repulse","Guardian:ConstructionForm","Guardian:RefractedBeam","Guardian:Gem_Lightblue","Guardian:Gem_Cyan","Guardian:ConstructionForm","expansioncontent:PolyBeam","expansioncontent:QuickStudy+1","Guardian:SentryBeam","Guardian:Gem_Lightblue","Guardian:DonusPower","expansioncontent:StudyTheSpire+1","Guardian:TimeSifter","Guardian:BronzeArmor","Guardian:StasisStrike","J.A.X.","Guardian:Gem_White","Guardian:HyperBeam_Guardian","Guardian:RefractedBeam","Guardian:TemporalShield+1","expansioncontent:LastStand","expansioncontent:Chronoboost+1","expansioncontent:PolyBeam","Guardian:Gem_Blue","Guardian:Gem_Cyan","Guardian:Planning+1","Guardian:Recover+1","Guardian:Gem_Red","Guardian:Gem_Blue"],"relics":["Guardian:ModeShifter","testmod-TestBox","REME:ComplimentaryCards","testmod-DeterminationOfClimber","downfall:HeartsMalice","aspiration:BabyByrd","Shuriken","InkBottle","testmod-Prudence","downfall:HeartBlessingRed","downfall:HeartBlessingGreen","downfall:HeartBlessingBlue","aspiration:Lifesprig","MutagenicStrength","ZunR:ReiMu","Tiny Chest","Guardian:StasisSlotReductionRelic","Letter Opener","Onion Ring","Ornamental Fan","Guardian:PickAxe","Ice Cream","Replay:Rubber Ducky"],"acts_visited":["Exordium","TheCity","TheBeyond","TheEnding"],"potions_floor_usage":[22,22],"damage_taken":[{"damage":0,"enemies":"2 Louse","floor":2,"turns":1},{"damage":0,"enemies":"Cultist","floor":4,"turns":1},{"damage":0,"enemies":"Small Slimes","floor":5,"turns":1},{"damage":9,"enemies":"Blue Slaver","floor":8,"turns":3},{"damage":6,"enemies":"Exordium Thugs","floor":9,"turns":3},{"damage":17,"enemies":"Gremlin Nob","floor":10,"turns":4},{"damage":8,"enemies":"Lots of Slimes","floor":12,"turns":3},{"damage":0,"enemies":"2 Fungi Beasts","floor":13,"turns":3},{"damage":0,"enemies":"Lagavulin","floor":14,"turns":3},{"damage":4,"enemies":"Exordium Wildlife","floor":15,"turns":2},{"damage":0,"enemies":"IC_STATUS_ARCHETYPE","floor":16,"turns":3},{"damage":0,"enemies":"Chosen","floor":19,"turns":5},{"damage":0,"enemies":"Shell Parasite","floor":20,"turns":2},{"damage":0,"enemies":"3 Cultists","floor":21,"turns":1},{"damage":0,"enemies":"downfall:FleeingMerchant","floor":22,"turns":4},{"damage":0,"enemies":"Centurion and Healer","floor":25,"turns":2},{"damage":0,"enemies":"downfall:FleeingMerchant","floor":26,"turns":1},{"damage":0,"enemies":"Slavers","floor":27,"turns":2},{"damage":0,"enemies":"downfall:Augmenter","floor":28,"turns":2},{"damage":2,"enemies":"Book of Stabbing","floor":30,"turns":2},{"damage":0,"enemies":"Cultist and Chosen","floor":31,"turns":1},{"damage":0,"enemies":"Snake Plant","floor":32,"turns":1},{"damage":0,"enemies":"SI_MIRROR_ARCHETYPE","floor":33,"turns":1},{"damage":0,"enemies":"3 Shapes","floor":36,"turns":2},{"damage":3,"enemies":"3 Darklings","floor":38,"turns":1},{"damage":6,"enemies":"4 Shapes","floor":40,"turns":1},{"damage":3,"enemies":"R_Hoarder","floor":42,"turns":2},{"damage":3,"enemies":"Spire Growth","floor":43,"turns":1},{"damage":0,"enemies":"Jaw Worm Horde","floor":48,"turns":1},{"damage":0,"enemies":"4 Shapes","floor":49,"turns":1},{"damage":0,"enemies":"DF_ARCHETYPE_ORBS","floor":50,"turns":2},{"damage":0,"enemies":"downfall:CharBossMerchant","floor":52,"turns":3},{"damage":3,"enemies":"downfall:NeowBoss","floor":55,"turns":6},{"damage":0,"enemies":"downfall:NeowBossFinal","floor":56,"turns":3}],"seed_played":"-7052191799321865810","potions_obtained":[{"floor":9,"key":"Toxic Potion"},{"floor":10,"key":"Strength Potion"},{"floor":12,"key":"GamblersBrew"},{"floor":27,"key":"EssenceOfSteel"},{"floor":30,"key":"Elixir"}],"is_trial":false,"path_per_floor":["R","M","?","M","M","?","T","M","M","E","?","M","M","E","M","B",null,"R_BF","M","M","M","$","R","T","M","$","E","?","?","E","M","M","B",null,"R_BF","M","?","M","?","M","T","E","M","R","?","T","R","M","M","B",null,"E","$","R","B","B",null],"character_chosen":"GUARDIAN","items_purchased":["expansioncontent:PolyBeam","expansioncontent:QuickStudy","Guardian:SentryBeam","expansioncontent:StudyTheSpire","Ice Cream","Replay:Rubber Ducky"],"campfire_rested":0,"item_purchase_floors":[22,22,22,26,53,53],"current_hp_per_floor":[80,80,80,80,80,80,80,71,72,67,67,67,74,80,80,80,80,90,90,90,90,90,90,90,90,90,90,90,90,90,90,90,90,90,90,90,90,90,80,81,81,90,90,90,90,90,90,90,90,90,90,90,90,90,90,90],"gold":340,"neow_bonus":"THREE_ENEMY_KILL","is_daily":false,"chose_seed":false,"campfire_upgraded":3,"win_rate":0.0,"timestamp":1612803454,"path_taken":["R","M","?","?","M","?","T","M","M","E","?","M","?","E","M","BOSS","R_BF","M","M","?","$","R","T","M","$","E","?","?","E","M","M","BOSS","R_BF","M","?","M","?","M","T","E","M","R","?","?","R","M","M","BOSS","E","$","R","BOSS","BOSS"],"items_purchased_type":["Card","Card","Card","Card","Relic","Relic"],"build_version":"2020-12-22","purchased_purges":2,"victory":true,"max_hp_per_floor":[80,80,80,80,80,80,80,80,80,80,80,80,80,80,80,80,80,90,90,90,90,90,90,90,90,90,90,90,90,90,90,90,90,90,90,90,90,90,90,90,90,90,90,90,90,90,90,90,90,90,90,90,90,90,90,90],"card_choices":[{"not_picked":["Guardian:RefractedBeam","Guardian:Incinerate"],"picked":"Guardian:TimeBomb","floor":2},{"not_picked":["Guardian:Planning","Guardian:PrimingBeam"],"picked":"Guardian:Gem_Purple","floor":4},{"not_picked":["Guardian:BodySlam","Guardian:Suspension"],"picked":"Guardian:Gem_Cyan","floor":5},{"not_picked":["Guardian:TemporalStrike","Guardian:BronzeArmor"],"picked":"Guardian:WalkerClaw","floor":8},{"not_picked":["Guardian:EvasiveProtocol","Guardian:PrismaticBeam"],"picked":"Guardian:Gem_Lightblue","floor":9},{"not_picked":["Guardian:Preprogram","Guardian:TimeBomb","Guardian:PiercingHide"],"picked":"SKIP","floor":10},{"not_picked":["Guardian:MultiBeam","Guardian:Incinerate"],"picked":"Guardian:Gem_Red","floor":12},{"not_picked":["Guardian:PiercingHide","Guardian:RollAttack"],"picked":"Guardian:Gem_Red","floor":13},{"not_picked":["Guardian:CrystalBeam","Guardian:Gem_Blue"],"picked":"Guardian:Gem_Red","floor":14},{"not_picked":["Guardian:Gem_Lightblue","Guardian:Gem_Purple"],"picked":"Guardian:Repulse","floor":15},{"not_picked":["Guardian:AncientConstruct","Guardian:TimeSifter"],"picked":"Guardian:ConstructionForm","floor":16},{"not_picked":["Guardian:ShieldCharger","Guardian:PolyBeam+1"],"picked":"Guardian:Gem_Lightblue","floor":19},{"not_picked":["Guardian:EvasiveProtocol","Guardian:Suspension"],"picked":"Guardian:Gem_Cyan","floor":20},{"not_picked":["Guardian:TemporalShield+1","Guardian:Recover"],"picked":"Guardian:ConstructionForm","floor":21},{"not_picked":["Guardian:Gem_Green","Guardian:PrimingBeam","Guardian:PrismaticBarrier"],"picked":"SKIP","floor":22},{"not_picked":["Guardian:GuardianWhirl+1","Guardian:ChargeCore"],"picked":"Guardian:Gem_Lightblue","floor":25},{"not_picked":["Guardian:Gem_Lightblue","Guardian:EvasiveProtocol+1"],"picked":"Guardian:DonusPower","floor":26},{"not_picked":["Guardian:StasisField","Guardian:ArmoredProtocol"],"picked":"Guardian:TimeSifter","floor":27},{"not_picked":[],"picked":"J.A.X.","floor":28},{"not_picked":["Guardian:BaubleBeam","Guardian:Preprogram+1"],"picked":"Guardian:Gem_White","floor":30},{"not_picked":["Guardian:PrismaticBarrier","Guardian:TemporalStrike","Guardian:Gem_Cyan"],"picked":"SKIP","floor":31},{"not_picked":["Guardian:Gem_Purple","Guardian:VentSteam","Guardian:ChargeCore+1"],"picked":"SKIP","floor":32},{"not_picked":["Guardian:Gem_Synthetic","Guardian:SphericShield"],"picked":"Guardian:HyperBeam_Guardian","floor":33},{"not_picked":["Guardian:Reroute","Guardian:CrystalBeam","Guardian:PrismaticBeam+1"],"picked":"SKIP","floor":36},{"not_picked":["Guardian:Gem_Purple","Guardian:Recover+1"],"picked":"Guardian:TemporalShield+1","floor":38},{"not_picked":["Replay:SS_fish_1","Replay:SS_hec_1"],"picked":"expansioncontent:LastStand","floor":39},{"not_picked":["expansioncontent:Hexaburn","expansioncontent:AwakenDeath"],"picked":"expansioncontent:Chronoboost","floor":39},{"not_picked":["expansioncontent:YouAreMine","Replay:SS_hec_1"],"picked":"expansioncontent:PolyBeam","floor":39},{"not_picked":["Guardian:BronzeOrb+1","Guardian:Gem_Purple","Guardian:Planning"],"picked":"SKIP","floor":40},{"not_picked":["Guardian:VentSteam","Guardian:PrismaticBeam"],"picked":"Guardian:Gem_Blue","floor":42},{"not_picked":["Guardian:Planning","Guardian:Gem_Red"],"picked":"Guardian:Gem_Cyan","floor":43},{"not_picked":["Guardian:GuardianWhirl","Guardian:Gem_Blue"],"picked":"Guardian:Planning+1","floor":48},{"not_picked":["Guardian:WalkerClaw+1","Guardian:Planning"],"picked":"Guardian:Recover+1","floor":49},{"not_picked":["Guardian:Suspension","Guardian:BaubleBeam","Guardian:RollAttack"],"picked":"SKIP","floor":52}],"player_experience":713901,"relics_obtained":[{"floor":10,"key":"Shuriken"},{"floor":14,"key":"InkBottle"},{"floor":27,"key":"aspiration:Lifesprig"},{"floor":28,"key":"MutagenicStrength"},{"floor":30,"key":"Tiny Chest"},{"floor":41,"key":"Letter Opener"},{"floor":42,"key":"Onion Ring"},{"floor":46,"key":"Ornamental Fan"},{"floor":52,"key":"Guardian:PickAxe"}],"event_choices":[{"damage_healed":0,"gold_gain":0,"player_choice":"π∫¬Ú…Òæ∆","damage_taken":0,"relics_obtained":["ZunR:ReiMu"],"max_hp_gain":0,"max_hp_loss":0,"event_name":"ZunEvent","floor":29,"gold_loss":40}],"is_beta":false,"boss_relics":[{"not_picked":["ReplayTheSpireMod:DimensionalGlitch","Fusion Hammer"],"picked":"testmod-Prudence"},{"not_picked":["Ring of Chaos","testmod-StringDisintegrator"],"picked":"Guardian:StasisSlotReductionRelic"}],"items_purged_floors":[26,53],"is_endless":false,"potions_floor_spawned":[9,10,12,14,15,19,27,30,31,32,33,38,40,48,49,52],"ascension_level":0}}