{"host":"hrvs05np4ys7itky","time":1612757364,"event":{"mods":["BaseMod","Colored Map","Colored Powertips","Downfall","Emptier Cage","Hermit","Highlight Path","Minty Spire (QoL Compilation)","Permanent Neow","Rare Cards Sparkle","Relic Stats","Replay The Spire","StSLib","everything is the same but u backflip on backflip"],"gold_per_floor":[364,412,26,52,152,152,152,152],"floor_reached":7,"language":"ENG","playtime":213,"items_purged":[],"score":64,"play_id":"b405cf78-8523-4c14-bf87-e004bab9d291","local_time":"20210207230924","is_ascension_mode":true,"campfire_choices":[{"data":"Dark Embrace","floor":6,"key":"SMITH"}],"circlet_count":0,"master_deck":["AscendersBane","Strike_R","Strike_R","Strike_R","Strike_R","Strike_R","Defend_R","Defend_R","Defend_R","Defend_R","Bash","Dark Embrace+1","Fire Breathing","Shrug It Off"],"relics":["Burning Blood","CeramicFish","Ginger"],"acts_visited":["Exordium"],"potions_floor_usage":[4],"damage_taken":[{"damage":1,"enemies":"Cultist","floor":1,"turns":4},{"damage":10,"enemies":"Small Slimes","floor":4,"turns":4},{"damage":43,"enemies":"Gremlin Nob","floor":7,"turns":5}],"seed_played":"1373583343914312690","potions_obtained":[{"floor":1,"key":"sneckomod:MuddlingPotion"},{"floor":4,"key":"Venom Potion"}],"is_trial":false,"path_per_floor":["M","T","$","M","?","R","E"],"character_chosen":"IRONCLAD","items_purchased":["Fire Breathing","Ginger"],"campfire_rested":0,"item_purchase_floors":[3,3],"current_hp_per_floor":[56,56,56,52,52,52,9,9],"gold":152,"neow_bonus":"TWO_FIFTY_GOLD","is_daily":false,"chose_seed":false,"campfire_upgraded":1,"win_rate":0.0,"timestamp":1612757364,"path_taken":["M","?","$","M","?","R","E"],"items_purchased_type":["Card","Relic"],"build_version":"2020-12-22","purchased_purges":0,"victory":false,"max_hp_per_floor":[80,80,80,80,80,80,80,80],"relic_stats":{"counters":[3,13],"CeramicFish":18,"Ginger":[1],"obtain_stats":[{"CeramicFish":2,"Ginger":3,"Burning Blood":0},{"CeramicFish":1,"Ginger":1,"Burning Blood":0},{"CeramicFish":4,"Ginger":4,"Burning Blood":0}],"Burning Blood":12},"card_choices":[{"not_picked":["Second Wind","Massacre"],"picked":"Dark Embrace","floor":1},{"not_picked":["ReplayReversal","Perfected Strike"],"picked":"Shrug It Off","floor":4}],"player_experience":1044317,"relics_obtained":[{"floor":2,"key":"CeramicFish"}],"event_choices":[{"damage_healed":0,"gold_gain":100,"player_choice":"Pray","damage_taken":0,"max_hp_gain":0,"max_hp_loss":0,"event_name":"Golden Shrine","floor":5,"gold_loss":0}],"is_beta":false,"boss_relics":[],"items_purged_floors":[],"is_endless":false,"potions_floor_spawned":[1,4],"killed_by":"Gremlin Nob","ascension_level":13}}