{"host":"szp1d6dso4pv7ddl","time":1612748259,"event":{"mods":["AchievementEnabler","Alarm Clock","BaseMod","Bestiary","Block Reminder","Colored Map","Colored Powertips","Curses Come First","Dark Map","Displayed Cursed Tome","Highlight Path","Minty Spire (QoL Compilation)","Permanent Neow","Quick Restart","Relic Sorter","Relic Stats","StSLib","Synergy Search"],"gold_per_floor":[119,119,119,130,205,235,235,270,296,296,296,296,314,346,346,451,451,466,466,416,341,341],"floor_reached":21,"language":"ENG","playtime":813,"items_purged":[],"score":241,"play_id":"a91a5a83-dba1-410f-abfe-3e585c88f5db","local_time":"20210207173739","is_ascension_mode":true,"campfire_choices":[{"floor":7.0,"key":"REST"},{"floor":10.0,"key":"REST"},{"floor":15.0,"key":"REST"}],"circlet_count":0,"master_deck":["Strike_P","Strike_P","Strike_P","Strike_P","Defend_P","Defend_P+1","Defend_P","Defend_P","Eruption","Vigilance+1","Writhe","Protect","PathToVictory","Wallop","Indignation","ThirdEye","Swivel","Devotion","Prostrate"],"relics":["PureWater","Pocketwatch","Potion Belt","Nunchaku","Strawberry","MealTicket","Boot","SlaversCollar"],"acts_visited":["Exordium","TheCity"],"potions_floor_usage":[],"damage_taken":[{"damage":0.0,"enemies":"2 Louse","floor":1.0,"turns":4.0},{"damage":3.0,"enemies":"Small Slimes","floor":4.0,"turns":3.0},{"damage":30.0,"enemies":"Gremlin Nob","floor":6.0,"turns":4.0},{"damage":16.0,"enemies":"Lagavulin","floor":8.0,"turns":5.0},{"damage":0.0,"enemies":"Jaw Worm","floor":13.0,"turns":2.0},{"damage":15.0,"enemies":"3 Sentries","floor":14.0,"turns":9.0},{"damage":22.0,"enemies":"The Guardian","floor":16.0,"turns":11.0},{"damage":52,"enemies":"3 Byrds","floor":18,"turns":6},{"damage":42,"enemies":"2 Thieves","floor":21,"turns":3}],"seed_played":"7834928750167053658","potions_obtained":[{"floor":8.0,"key":"FearPotion"},{"floor":13.0,"key":"BlessingOfTheForge"},{"floor":14.0,"key":"GamblersBrew"},{"floor":18,"key":"BlessingOfTheForge"}],"is_trial":false,"path_per_floor":["M","?","?","M","?","E","R","E","T","R","?","?","M","E","R","B",null,"M","?","?","M"],"character_chosen":"WATCHER","items_purchased":[],"campfire_rested":3,"item_purchase_floors":[],"current_hp_per_floor":[72,58,58,55,44,14,35,19,26,49,49,46,46,31,54,32,67,15,15,15,0,0],"gold":341,"neow_bonus":"ONE_RARE_RELIC","is_daily":false,"chose_seed":false,"campfire_upgraded":0,"win_rate":0.0,"timestamp":1612748259,"path_taken":["M","?","?","M","?","E","R","E","T","R","?","?","?","E","R","BOSS","M","?","?","?"],"items_purchased_type":[],"build_version":"2020-12-22","purchased_purges":0,"victory":false,"max_hp_per_floor":[72,72,72,72,72,72,72,72,79,79,79,79,79,79,79,79,79,79,79,79,79,79],"relic_stats":{"Nunchaku":[3],"counters":[9,47],"MealTicket":0,"Boot":[1],"obtain_stats":[{"Potion Belt":6,"SlaversCollar":17,"Nunchaku":8,"Strawberry":9,"MealTicket":12,"PureWater":0,"Boot":14,"Pocketwatch":0},{"Potion Belt":3,"SlaversCollar":7,"Nunchaku":4,"Strawberry":4,"MealTicket":4,"PureWater":0,"Boot":6,"Pocketwatch":0},{"Potion Belt":11,"SlaversCollar":38,"Nunchaku":16,"Strawberry":16,"MealTicket":16,"PureWater":0,"Boot":27,"Pocketwatch":0}],"Pocketwatch":[96]},"card_choices":[{"not_picked":["Weave","WreathOfFlame"],"picked":"Protect","floor":1.0},{"not_picked":["FollowUp","Consecrate"],"picked":"PathToVictory","floor":4.0},{"not_picked":["CrushJoints","Prostrate"],"picked":"Wallop","floor":6.0},{"not_picked":["Fasting2","Collect"],"picked":"Indignation","floor":8.0},{"not_picked":["WreathOfFlame","CarveReality"],"picked":"ThirdEye","floor":13.0},{"not_picked":["Adaptation","Ragnarok"],"picked":"Swivel","floor":14.0},{"not_picked":["Establishment","Brilliance"],"picked":"Devotion","floor":16.0},{"not_picked":["ThirdEye","EmptyBody"],"picked":"Prostrate","floor":18}],"player_experience":1399247,"relics_obtained":[{"floor":6.0,"key":"Potion Belt"},{"floor":8.0,"key":"Nunchaku"},{"floor":9.0,"key":"Strawberry"},{"floor":14.0,"key":"Boot"}],"event_choices":[{"damage_healed":0.0,"max_hp_gain":0.0,"max_hp_loss":0.0,"gold_gain":0.0,"event_name":"Shining Light","player_choice":"Entered Light","floor":2.0,"gold_loss":0.0,"damage_taken":14.0,"cards_upgraded":["Vigilance","Defend_P"]},{"damage_healed":0.0,"max_hp_gain":0.0,"max_hp_loss":0.0,"gold_gain":0.0,"event_name":"Liars Game","player_choice":"Ignored","floor":3.0,"gold_loss":0.0,"damage_taken":0.0},{"damage_healed":0.0,"max_hp_gain":0.0,"max_hp_loss":0.0,"gold_gain":75.0,"event_name":"World of Goop","player_choice":"Gather Gold","floor":5.0,"gold_loss":0.0,"damage_taken":11.0},{"damage_healed":0.0,"max_hp_gain":0.0,"max_hp_loss":0.0,"gold_gain":0.0,"event_name":"Dead Adventurer","player_choice":"Searched \u00271\u0027 times","floor":11.0,"gold_loss":0.0,"damage_taken":0.0},{"damage_healed":0.0,"max_hp_gain":0.0,"max_hp_loss":0.0,"gold_gain":0.0,"event_name":"Scrap Ooze","player_choice":"Success","floor":12.0,"gold_loss":0.0,"damage_taken":3.0,"relics_obtained":["MealTicket"]},{"damage_healed":0,"gold_gain":0,"player_choice":"Ignored","damage_taken":0,"max_hp_gain":0,"max_hp_loss":0,"event_name":"Ghosts","floor":19,"gold_loss":0},{"damage_healed":0,"gold_gain":0,"player_choice":"Bet on Murderer","damage_taken":0,"max_hp_gain":0,"max_hp_loss":0,"event_name":"The Joust","floor":20,"gold_loss":50}],"is_beta":false,"boss_relics":[{"not_picked":["Runic Pyramid","Tiny House"],"picked":"SlaversCollar"}],"items_purged_floors":[],"is_endless":false,"potions_floor_spawned":[8,13,14,18],"killed_by":"2 Thieves","ascension_level":5}}