{"host":"2brg86hfzr3u5cix","time":1612754800,"event":{"mods":["AchievementEnabler","Ascension Unlocker","BaseMod","CapriCore","DeckTracker","Highlight Path","Keyboard Shortcuts","Minty Spire (QoL Compilation)","Permanent Neow","Relic Stats","StSLib","Twitch Utils","Uncapped","UnlockEverythingMod"],"gold_per_floor":[119,119,138,10,25,25,25,60,108,133,133,133,164,177,177,177,177],"floor_reached":16,"language":"KOR","playtime":435,"items_purged":["Defend_G"],"score":216,"play_id":"b1644546-fb8d-4f23-9836-d83fef0ee7ac","local_time":"20210208122640","is_ascension_mode":true,"campfire_choices":[{"data":"Deadly Poison","floor":6.0,"key":"SMITH"},{"floor":12.0,"key":"REST"},{"floor":15,"key":"REST"}],"circlet_count":0,"master_deck":["AscendersBane","Strike_G","Strike_G","Strike_G+1","Defend_G","Defend_G","Defend_G","Defend_G","Survivor","Neutralize","Cloak And Dagger+1","Backflip","Deadly Poison+1","Blur","Tactician","Sucker Punch","Underhanded Strike","Noxious Fumes"],"relics":["Ring of the Snake","NeowsBlessing","Ancient Tea Set","Strawberry","PreservedInsect"],"acts_visited":["Exordium"],"potions_floor_usage":[16,16],"damage_taken":[{"damage":0.0,"enemies":"Small Slimes","floor":1.0,"turns":2.0},{"damage":0.0,"enemies":"Cultist","floor":3.0,"turns":1.0},{"damage":0.0,"enemies":"2 Louse","floor":5.0,"turns":1.0},{"damage":23.0,"enemies":"3 Sentries","floor":8.0,"turns":14.0},{"damage":23,"enemies":"Lagavulin","floor":13,"turns":8},{"damage":0,"enemies":"Exordium Wildlife","floor":14,"turns":3},{"damage":51,"enemies":"Slime Boss","floor":16,"turns":9}],"seed_played":"-1418340871304147535","potions_obtained":[{"floor":1.0,"key":"SkillPotion"},{"floor":13,"key":"SkillPotion"},{"floor":14,"key":"SkillPotion"}],"is_trial":false,"path_per_floor":["M","?","M","$","M","R","?","E","T","T","?","R","E","M","R","B"],"character_chosen":"THE_SILENT","items_purchased":["Deadly Poison"],"campfire_rested":2,"item_purchase_floors":[4],"current_hp_per_floor":[59,59,59,59,59,59,39,16,23,23,23,44,21,21,42,0,0],"gold":177,"neow_bonus":"THREE_ENEMY_KILL","is_daily":false,"chose_seed":false,"campfire_upgraded":1,"win_rate":0.0,"timestamp":1612754800,"path_taken":["M","?","M","$","?","R","?","E","T","?","?","R","E","?","R","BOSS"],"items_purchased_type":["Card"],"build_version":"2020-12-22","purchased_purges":1,"victory":false,"max_hp_per_floor":[66,66,66,66,66,66,66,66,73,73,73,73,73,73,73,73,73],"relic_stats":{"counters":[7,38],"PreservedInsect":0,"obtain_stats":[{"NeowsBlessing":0,"Strawberry":9,"PreservedInsect":13,"Ancient Tea Set":8,"Ring of the Snake":0},{"NeowsBlessing":0,"Strawberry":4,"PreservedInsect":5,"Ancient Tea Set":4,"Ring of the Snake":0},{"NeowsBlessing":0,"Strawberry":18,"PreservedInsect":26,"Ancient Tea Set":18,"Ring of the Snake":0}],"Ring of the Snake":[14]},"card_choices":[{"not_picked":["Outmaneuver","Predator"],"picked":"Cloak And Dagger","floor":1.0},{"not_picked":["Quick Slash","Expertise"],"picked":"Backflip","floor":3.0},{"not_picked":["Backstab","Dodge and Roll"],"picked":"Blur","floor":5.0},{"not_picked":["Dash","Heel Hook"],"picked":"Tactician","floor":8.0},{"not_picked":["Riddle With Holes","Deadly Poison"],"picked":"Underhanded Strike","floor":13},{"not_picked":["Blade Dance","Acrobatics"],"picked":"Noxious Fumes","floor":14}],"player_experience":362929,"relics_obtained":[{"floor":8.0,"key":"Ancient Tea Set"},{"floor":9.0,"key":"Strawberry"},{"floor":13,"key":"PreservedInsect"}],"event_choices":[{"cards_removed":["Strike_G"],"damage_healed":0.0,"max_hp_gain":0.0,"max_hp_loss":0.0,"gold_gain":0.0,"event_name":"Purifier","player_choice":"Purged","floor":2.0,"gold_loss":0.0,"damage_taken":0.0},{"damage_healed":0.0,"max_hp_gain":0.0,"max_hp_loss":0.0,"gold_gain":0.0,"event_name":"Shining Light","player_choice":"Entered Light","floor":7.0,"gold_loss":0.0,"damage_taken":20.0,"cards_upgraded":["Cloak And Dagger","Strike_G"]},{"damage_healed":0.0,"max_hp_gain":0.0,"max_hp_loss":0.0,"gold_gain":0.0,"cards_transformed":["Strike_G"],"event_name":"Transmorgrifier","player_choice":"Transformed","floor":11.0,"gold_loss":0.0,"damage_taken":0.0,"cards_obtained":["Sucker Punch"]}],"is_beta":false,"boss_relics":[],"items_purged_floors":[4],"is_endless":false,"potions_floor_spawned":[1,13,14],"killed_by":"Slime Boss","ascension_level":20}}