{"host":"fdip6nj211smoxvi","time":1612825663,"event":{"mods":["BaseMod","BetterRewards","Colored Map","Downfall","Hermit","Minty Spire (QoL Compilation)","Shop Mod","StSLib","The Hierophant","The Servant 0.9.4"],"gold_per_floor":[109,60,60,60,76,76,76,104,129,157,169,191,203,53,53,152,152,169,169,184,258,258,258],"floor_reached":22,"language":"DEU","playtime":883,"items_purged":[],"score":257,"play_id":"a5caf33d-a27f-4518-8de3-2d167920eb06","local_time":"20210209000743","is_ascension_mode":true,"campfire_choices":[{"floor":7,"key":"REST"},{"data":"Spot Weakness","floor":13,"key":"SMITH"},{"data":"Feed","floor":15,"key":"SMITH"}],"circlet_count":0,"master_deck":["Strike_R","Strike_R","Strike_R","Strike_R","Strike_R","Defend_R","Defend_R","Defend_R","Defend_R","Bash+1","Spot Weakness+1","Cleave","Metallicize","Wild Strike","Dropkick","Thunderclap","Feed+1","Limit Break","CurseOfTheBell","Clothesline","Whirlwind"],"relics":["Philosopher\u0027s Stone","PreservedInsect","MealTicket","MawBank","Calling Bell","Bag of Marbles","Shuriken","Peace Pipe","Bottled Lightning"],"acts_visited":["Exordium","TheCity"],"potions_floor_usage":[10,16,22],"damage_taken":[{"damage":3,"enemies":"Jaw Worm","floor":1,"turns":3},{"damage":11,"enemies":"2 Louse","floor":5,"turns":2},{"damage":17,"enemies":"Gremlin Nob","floor":8,"turns":3},{"damage":12,"enemies":"3 Sentries","floor":10,"turns":4},{"damage":2,"enemies":"Cultist","floor":12,"turns":3},{"damage":57,"enemies":"Hexaghost","floor":16,"turns":9},{"damage":44,"enemies":"2 Thieves","floor":18,"turns":4},{"damage":22,"enemies":"Spheric Guardian","floor":20,"turns":4},{"damage":14,"enemies":"Snecko","floor":22,"turns":2}],"seed_played":"1480438832406202118","potions_obtained":[{"floor":8,"key":"hexamod:SoulburnPotion"},{"floor":12,"key":"BloodPotion"},{"floor":18,"key":"sneckomod:MuddlingPotion"},{"floor":20,"key":"FearPotion"}],"is_trial":false,"path_per_floor":["M","$","?","$","M","?","R","E","T","E","$","M","R","$","R","B",null,"M","?","M","T","M"],"character_chosen":"IRONCLAD","items_purchased":["Cleave","Feed"],"campfire_rested":1,"item_purchase_floors":[2,14],"current_hp_per_floor":[69,69,69,69,58,58,80,63,63,51,66,64,64,79,79,42,74,30,30,8,8,0,0],"gold":258,"neow_bonus":"BOSS_RELIC","is_daily":false,"chose_seed":false,"campfire_upgraded":2,"win_rate":0.0,"timestamp":1612825663,"path_taken":["M","$","?","?","M","?","R","E","T","E","$","?","R","?","R","BOSS","M","?","M","?","M"],"items_purchased_type":["Card","Card"],"build_version":"2020-12-22","purchased_purges":0,"victory":false,"max_hp_per_floor":[80,80,80,80,80,80,80,80,80,80,80,80,80,80,80,84,84,84,84,84,84,84,84],"card_choices":[{"not_picked":["Pommel Strike","Clothesline"],"picked":"Spot Weakness","floor":1},{"not_picked":["Warcry","Hemokinesis"],"picked":"Metallicize","floor":5},{"not_picked":["Disarm","Anger"],"picked":"Wild Strike","floor":8},{"not_picked":["Combust","Rampage"],"picked":"Dropkick","floor":10},{"not_picked":["Havoc","Ghostly Armor"],"picked":"Thunderclap","floor":12},{"not_picked":["Bludgeon","Fiend Fire"],"picked":"Limit Break","floor":16},{"not_picked":["Infernal Blade","Iron Wave"],"picked":"Clothesline","floor":18},{"not_picked":["Clash","Blood for Blood"],"picked":"Whirlwind","floor":20}],"player_experience":259379,"relics_obtained":[{"floor":8,"key":"PreservedInsect"},{"floor":9,"key":"MealTicket"},{"floor":10,"key":"MawBank"},{"floor":17,"key":"Bag of Marbles"},{"floor":17,"key":"Shuriken"},{"floor":17,"key":"Peace Pipe"},{"floor":21,"key":"Bottled Lightning"}],"event_choices":[{"damage_healed":0,"gold_gain":0,"player_choice":"Ignored","damage_taken":0,"max_hp_gain":0,"max_hp_loss":0,"event_name":"Liars Game","floor":3,"gold_loss":0},{"damage_healed":0,"gold_gain":0,"player_choice":"Grow","damage_taken":0,"max_hp_gain":0,"max_hp_loss":0,"event_name":"Living Wall","floor":6,"gold_loss":0,"cards_upgraded":["Bash"]}],"is_beta":false,"boss_relics":[{"not_picked":["Velvet Choker","Black Star"],"picked":"Calling Bell"}],"items_purged_floors":[],"is_endless":false,"potions_floor_spawned":[8,12,18,20],"killed_by":"Snecko","ascension_level":7}}