{"host":"nlbr7nnijupf3yfg","time":1612821514,"event":{"mods":["AchievementEnabler","BaseMod","Colored Powertips","DeckTracker","Hubris","Minty Spire (QoL Compilation)","Replay The Spire","StSLib","SuperFastMode"],"gold_per_floor":[116,185,199,199,199,199,230,230,255,255,255,286,236,264,264,363,363,383,383,399,399,412,437,437,512,512,65,77,109,109,109],"floor_reached":30,"language":"ENG","playtime":586,"items_purged":["Strike_R"],"score":367,"play_id":"26fba04a-e156-475c-97af-c564dd94ab40","local_time":"20210208165834","is_ascension_mode":true,"campfire_choices":[{"data":"Uppercut","floor":6,"key":"SMITH"},{"floor":11,"key":"REST"},{"floor":15,"key":"REST"},{"floor":24,"key":"REST"}],"circlet_count":0,"master_deck":["Strike_R+1","Strike_R+1","Strike_R","Defend_R","Defend_R+1","Defend_R","Defend_R","Bash","Combust","Carnage","Anger","Uppercut+1","Shrug It Off","Dropkick","Demon Form","ReplayTheSpireMod:Stacked+1","Clothesline+1","Dropkick","Armaments+1","Cleave+1"],"relics":["Burning Blood","Nunchaku","hubris:ToyBattleship","Lantern","Blue Doll","Toy Ornithopter","Singing Bowl","Chameleon Ring","Runic Dome","Orichalcum","ReplayTheSpireMod:Ninjato","War Paint","Cauldron","Simple Rune"],"acts_visited":["Exordium","TheCity"],"potions_floor_usage":[12,16,21,28,29,29,29],"damage_taken":[{"damage":5.0,"enemies":"Small Slimes","floor":1.0,"turns":4.0},{"damage":0.0,"enemies":"2 Louse","floor":3.0,"turns":2.0},{"damage":16,"enemies":"Gremlin Nob","floor":7,"turns":3},{"damage":20,"enemies":"3 Sentries","floor":12,"turns":5},{"damage":30,"enemies":"Lagavulin","floor":14,"turns":4},{"damage":14,"enemies":"Hexaghost","floor":16,"turns":7},{"damage":42,"enemies":"2 Thieves","floor":18,"turns":5},{"damage":11,"enemies":"3 Byrds","floor":20,"turns":4},{"damage":13,"enemies":"Snecko","floor":22,"turns":4},{"damage":50,"enemies":"Book of Stabbing","floor":23,"turns":6},{"damage":28,"enemies":"Sentry and Sphere","floor":28,"turns":4},{"damage":16,"enemies":"Replay:Snechameleon","floor":29,"turns":6},{"damage":42,"enemies":"Centurion and Healer","floor":30,"turns":3}],"seed_played":"-4768770147578028672","potions_obtained":[{"floor":2.0,"key":"SkillPotion"},{"floor":2.0,"key":"Swift Potion"},{"floor":3.0,"key":"SteroidPotion"},{"floor":16,"key":"LiquidBronze"},{"floor":20,"key":"LiquidMemories"},{"floor":21,"key":"BloodPotion"},{"floor":21,"key":"CultistPotion"},{"floor":27,"key":"EntropicBrew"},{"floor":27,"key":"Explosive Potion"},{"floor":28,"key":"Weak Potion"}],"is_trial":false,"path_per_floor":["M","?","M","$","?","R","E","$","T","?","R","E","?","E","R","B",null,"M","?","M","?","M","E","R","?","T","$","M","E","M"],"character_chosen":"IRONCLAD","items_purchased":["War Paint","Cauldron","Dropkick"],"campfire_rested":3,"item_purchase_floors":[27,27,27],"current_hp_per_floor":[73,41,47,47,47,47,37,37,37,34,58,51,51,27,51,48,74,38,65,60,82,77,35,60,52,52,52,35,40,0,0],"gold":109,"neow_bonus":"RANDOM_COMMON_RELIC","is_daily":false,"chose_seed":false,"campfire_upgraded":1,"win_rate":0.0,"timestamp":1612821514,"path_taken":["M","?","M","$","?","R","E","$","T","?","R","E","?","E","R","BOSS","M","?","M","?","?","E","R","?","T","$","?","E","M"],"items_purchased_type":["Relic","Relic","Card"],"build_version":"2020-12-22","purchased_purges":1,"victory":false,"max_hp_per_floor":[80,80,80,80,80,80,80,80,80,80,80,82,82,82,82,82,82,82,82,82,82,84,86,86,86,86,86,86,86,86,86],"card_choices":[{"not_picked":["Armaments","Headbutt"],"picked":"Combust","floor":1.0},{"not_picked":["Wild Strike","Shrug It Off"],"picked":"Carnage","floor":2.0},{"not_picked":["Shrug It Off","Warcry"],"picked":"Anger","floor":3.0},{"not_picked":["Sentinel","Defy Death"],"picked":"Shrug It Off","floor":7},{"not_picked":["Abandon","Entrench","Feel No Pain"],"picked":"Singing Bowl","floor":12},{"not_picked":["Shrug It Off","Blood for Blood"],"picked":"Dropkick","floor":14},{"not_picked":["Eclipse","hubris:StunningStrike"],"picked":"Demon Form","floor":16},{"not_picked":["Warcry","Headbutt"],"picked":"ReplayTheSpireMod:Stacked","floor":18},{"not_picked":["Clash","Shrug It Off"],"picked":"Clothesline+1","floor":20},{"not_picked":["Combust","Anger","Clash"],"picked":"Singing Bowl","floor":22},{"not_picked":["Replay:Undeath\u0027s Touch+1","Evolve+1","Searing Blow"],"picked":"Singing Bowl","floor":23},{"not_picked":["Life Link+1","Headbutt"],"picked":"Armaments+1","floor":28},{"not_picked":["Clothesline","Demonic Infusion"],"picked":"Cleave+1","floor":29}],"player_experience":40674,"relics_obtained":[{"floor":2.0,"key":"hubris:ToyBattleship"},{"floor":7,"key":"Lantern"},{"floor":9,"key":"Blue Doll"},{"floor":12,"key":"Singing Bowl"},{"floor":14,"key":"Chameleon Ring"},{"floor":23,"key":"Orichalcum"},{"floor":26,"key":"ReplayTheSpireMod:Ninjato"},{"floor":29,"key":"Simple Rune"}],"event_choices":[{"damage_healed":0,"gold_gain":0,"player_choice":"Success","damage_taken":3,"relics_obtained":["Toy Ornithopter"],"max_hp_gain":0,"max_hp_loss":0,"event_name":"Scrap Ooze","floor":10,"gold_loss":0},{"cards_removed":["Strike_R"],"damage_healed":0,"gold_gain":0,"player_choice":"Card Removal","damage_taken":0,"max_hp_gain":0,"max_hp_loss":0,"event_name":"The Cleric","floor":13,"gold_loss":50},{"damage_healed":27,"gold_gain":0,"player_choice":"Heal","damage_taken":0,"max_hp_gain":0,"max_hp_loss":0,"event_name":"The Library","floor":19,"gold_loss":0},{"damage_healed":0,"gold_gain":0,"player_choice":"Got Potions","damage_taken":0,"max_hp_gain":0,"max_hp_loss":0,"event_name":"Lab","floor":21,"gold_loss":0},{"damage_healed":0,"gold_gain":75,"player_choice":"Touch","damage_taken":8,"max_hp_gain":0,"max_hp_loss":0,"event_name":"FaceTrader","floor":25,"gold_loss":0}],"is_beta":false,"boss_relics":[{"not_picked":["hubris:Stopwatch","Abe\u0027s Treasure"],"picked":"Runic Dome"}],"items_purged_floors":[27],"is_endless":false,"potions_floor_spawned":[3,7,16,20,23,28],"killed_by":"Centurion and Healer","ascension_level":6}}