{"host":"18ybagvpjbhxblmx","time":1612825262,"event":{"mods":["BaseMod","BetterRewards","Colored Map","Conspire","Friendly Minions","Hubris","Infinite Spire","Marisa????????","Minty Spire (QoL Compilation)","Quick Restart","Replay The Spire","StSLib","The Administrix","The Runesmith","The Servant 0.9.4"],"gold_per_floor":[111,127,147,166,66,66,97,97,149,161,161,177,52,62,62,166,166,178,178,178,28,46,46,77,77,77,77,193,227,245,245,245,349,349,364,377,377,202,221,256,256,275,275,309,309,309,309,327,327,327,327,425,425,418,425,472,482,484,503,503,514,514,524,544,544,562,572,572,622,622,625,621,720,645,643,643,653,653,653,653,345,345,354,368,368,434,484,485,0,0,34,34,34,38,38,62,49,44,56,44,44,44,114,114,111,102,202,202,202,202,221,221,248,242,246,249,199,209,209,285,285,285,285],"floor_reached":122,"language":"ENG","playtime":15168,"items_purged":["Runesmith:Strike_RS","Runesmith:Strike_RS","Runesmith:Strike_RS","Runesmith:Strike_RS","Runesmith:Defend_RS","Runesmith:CraftFirestone+1","Runesmith:Defend_RS","Wraith"],"score":3451,"play_id":"65aafe2a-6731-4fd9-891b-774502e62e2e","local_time":"20210209000102","is_ascension_mode":true,"campfire_choices":[{"data":"Runesmith:Supernova","floor":6.0,"key":"SMITH"},{"data":"Runesmith:Fortify","floor":8.0,"key":"SMITH"},{"data":"Runesmith:ChaoticBlast","floor":11.0,"key":"SMITH"},{"data":"Runesmith:Terraform","floor":15.0,"key":"SMITH"},{"data":"Runesmith:UnlimitedPower","floor":23.0,"key":"SMITH"},{"data":"Runesmith:PerfectChisel","floor":25.0,"key":"SMITH"},{"data":"Runesmith:BackupBattery","floor":27.0,"key":"SMITH"},{"data":"Runesmith:Defend_RS","floor":32.0,"key":"PURGE"},{"data":"Runesmith:CraftIndustria","floor":41.0,"key":"SMITH"},{"data":"Runesmith:Grindstone","floor":47.0,"key":"SMITH"},{"data":"Runesmith:Defend_RS","floor":49.0,"key":"SMITH"},{"data":"Runesmith:Defend_RS","floor":51.0,"key":"SMITH"},{"data":"Runesmith:DuctTape","floor":60.0,"key":"SMITH"},{"data":"Runesmith:Refine","floor":68.0,"key":"SMITH"},{"data":"Runesmith:Duplicate","floor":76.0,"key":"SMITH"},{"data":"Runesmith:CraftIncendium","floor":78.0,"key":"SMITH"},{"data":"Runesmith:BackupBattery+1","floor":80.0,"key":"SMITH"},{"data":"Runesmith:RunicBlueprint","floor":85.0,"key":"SMITH"},{"data":"Secret Technique","floor":93.0,"key":"SMITH"},{"data":"Runesmith:BackupBattery","floor":95.0,"key":"SMITH"},{"data":"Runesmith:Attraction","floor":102.0,"key":"SMITH"},{"data":"Runesmith:BackupBattery+1","floor":110.0,"key":"SMITH"},{"data":"Runesmith:BackupBattery+2","floor":119.0,"key":"SMITH"}],"circlet_count":1,"master_deck":["Runesmith:Supernova+1","Runesmith:PerfectChisel+1","Runesmith:Terraform+1","Runesmith:BackupBattery+2","Runesmith:UnlimitedPower+1","Runesmith:CraftIndustria+1","Runesmith:Grindstone+1","Runesmith:Firewall+1","Runesmith:DuctTape+1","Runesmith:Repurpose","Runesmith:CraftIncendium+1","Runesmith:StaticCage+1","Runesmith:Refine+1","Runesmith:Duplicate+1","Runesmith:Attraction+1","Runesmith:BackupBattery+3","ReplayUltimateDefense+1","Secret Technique+1","Runesmith:ReplicatingBarrier+1"],"relics":["Runesmith:BrokenRuby","ReplayTheSpireMod:Shallot","Prayer Wheel","Chemical X","hubris:DeckOfHolding","hubris:SlimyHat","hubris:ScarierMask","hubris:Icosahedron","Simple Rune","infinitespire:ShieldingShard","War Paint","Darkstone Periapt","conspire:DeflatedDodgeball","conspire:BottledYoYo","TungstenRod","SlaversCollar","Replay:Bandana","Pen Nib","Runesmith:MiniCore","Frozen Egg 2","Odd Mushroom","Pear","Circlet","SacredBark","conspire:DecoderRing","Whetstone","hubris:Potato","Mercury Hourglass","Tiny House","Red Mask","Art of War","Bottled Lightning","Strawberry","Blood Vial","hubris:BottledRain","Replay:Wanted Poster","hubris:PeanutButter","Replay:Baseball","Oddly Smooth Stone"],"acts_visited":["Exordium","TheCity","TheBeyond","Exordium","TheCity","TheBeyond","Exordium","TheCity"],"potions_floor_usage":[],"damage_taken":[{"damage":0.0,"enemies":"Cultist","floor":1.0,"turns":3.0},{"damage":0.0,"enemies":"Jaw Worm","floor":2.0,"turns":3.0},{"damage":0.0,"enemies":"2 Louse","floor":3.0,"turns":1.0},{"damage":0.0,"enemies":"Blue Slaver","floor":4.0,"turns":4.0},{"damage":0.0,"enemies":"3 Sentries","floor":7.0,"turns":8.0},{"damage":0.0,"enemies":"Red Slaver","floor":10.0,"turns":3.0},{"damage":2.0,"enemies":"Large Slime","floor":12.0,"turns":5.0},{"damage":0.0,"enemies":"Looter","floor":14.0,"turns":3.0},{"damage":47.0,"enemies":"Fading Forest","floor":16.0,"turns":11.0},{"damage":5.0,"enemies":"Chosen","floor":18.0,"turns":8.0},{"damage":0.0,"enemies":"conspire:FuzzyDice","floor":22.0,"turns":5.0},{"damage":4.0,"enemies":"conspire:SneckoGhost","floor":24.0,"turns":10.0},{"damage":0.0,"enemies":"Sentry and Sphere","floor":28.0,"turns":3.0},{"damage":0.0,"enemies":"Nightmare","floor":29.0,"turns":7.0},{"damage":0.0,"enemies":"Snake Plant","floor":30.0,"turns":5.0},{"damage":0.0,"enemies":"Automaton","floor":33.0,"turns":8.0},{"damage":0.0,"enemies":"Orb Walker","floor":35.0,"turns":3.0},{"damage":0.0,"enemies":"3 Shapes","floor":36.0,"turns":4.0},{"damage":0.0,"enemies":"Maw","floor":39.0,"turns":8.0},{"damage":0.0,"enemies":"R_Hoarder","floor":40.0,"turns":11.0},{"damage":0.0,"enemies":"Transient","floor":42.0,"turns":5.0},{"damage":0.0,"enemies":"Reptomancer","floor":44.0,"turns":4.0},{"damage":0.0,"enemies":"4 Shapes","floor":48.0,"turns":4.0},{"damage":0.0,"enemies":"Awakened One","floor":52.0,"turns":5.0},{"damage":0.0,"enemies":"Cultist","floor":54.0,"turns":3.0},{"damage":0.0,"enemies":"Small Slimes","floor":55.0,"turns":2.0},{"damage":0.0,"enemies":"3 Sentries","floor":56.0,"turns":3.0},{"damage":0.0,"enemies":"conspire:RoseBush","floor":57.0,"turns":2.0},{"damage":0.0,"enemies":"Red Slaver","floor":58.0,"turns":3.0},{"damage":0.0,"enemies":"3 Sentries","floor":59.0,"turns":4.0},{"damage":0.0,"enemies":"Replay:BlueRogue","floor":61.0,"turns":4.0},{"damage":0.0,"enemies":"Gremlin Nob","floor":63.0,"turns":4.0},{"damage":0.0,"enemies":"The Mushroom Lair","floor":64.0,"turns":3.0},{"damage":0.0,"enemies":"3 Sentries","floor":66.0,"turns":3.0},{"damage":0.0,"enemies":"Looter","floor":67.0,"turns":2.0},{"damage":0.0,"enemies":"Fading Forest","floor":69.0,"turns":8.0},{"damage":0.0,"enemies":"Chosen","floor":71.0,"turns":2.0},{"damage":0.0,"enemies":"Shell Parasite","floor":72.0,"turns":4.0},{"damage":0.0,"enemies":"Chosen and Byrds","floor":75.0,"turns":5.0},{"damage":0.0,"enemies":"conspire:Head Lice","floor":77.0,"turns":3.0},{"damage":8.0,"enemies":"Cultist and Chosen","floor":83.0,"turns":4.0},{"damage":0.0,"enemies":"conspire:SneckoGhost","floor":84.0,"turns":3.0},{"damage":0.0,"enemies":"Champ","floor":86.0,"turns":4.0},{"damage":0.0,"enemies":"3 Shapes","floor":88.0,"turns":4.0},{"damage":0.0,"enemies":"conspire:MimicChest","floor":91.0,"turns":3.0},{"damage":0.0,"enemies":"Reptomancer","floor":94.0,"turns":4.0},{"damage":0.0,"enemies":"Giant Head","floor":97.0,"turns":4.0},{"damage":0.0,"enemies":"3 Darklings","floor":98.0,"turns":3.0},{"damage":0.0,"enemies":"Sphere and 2 Shapes","floor":99.0,"turns":2.0},{"damage":2.0,"enemies":"R_Hoarder","floor":100.0,"turns":7.0},{"damage":43.0,"enemies":"conspire:OrnateMirror","floor":103.0,"turns":5.0},{"damage":0.0,"enemies":"Small Slimes","floor":105.0,"turns":3.0},{"damage":0.0,"enemies":"Jaw Worm","floor":106.0,"turns":3.0},{"damage":0.0,"enemies":"conspire:RoseBush","floor":108.0,"turns":3.0},{"damage":0.0,"enemies":"3 Sentries","floor":111.0,"turns":2.0},{"damage":0.0,"enemies":"Large Slime","floor":114.0,"turns":3.0},{"damage":0.0,"enemies":"Lagavulin","floor":115.0,"turns":3.0},{"damage":0.0,"enemies":"conspire:2 RoseBushes","floor":116.0,"turns":3.0},{"damage":0.0,"enemies":"Gremlin Gang","floor":118.0,"turns":2.0},{"damage":0.0,"enemies":"The Guardian","floor":120.0,"turns":4.0},{"damage":0,"enemies":"3 Byrds","floor":122,"turns":1}],"seed_played":"-7375198347171180012","potions_obtained":[{"floor":1.0,"key":"Fire Potion"},{"floor":4.0,"key":"Strength Potion"},{"floor":7.0,"key":"AttackPotion"},{"floor":14.0,"key":"Reflective Coating"},{"floor":16.0,"key":"LiquidBronze"},{"floor":18.0,"key":"Adrenaline Potion"},{"floor":30.0,"key":"Elixir"},{"floor":37.0,"key":"LiquidMemories"},{"floor":84.0,"key":"LiquidBronze"},{"floor":86.0,"key":"Adrenaline Potion"},{"floor":111.0,"key":"Fruit Juice"},{"floor":114.0,"key":"Energy Potion"},{"floor":118.0,"key":"Adrenaline Potion"}],"is_trial":false,"path_per_floor":["M","M","M","M","$","R","E","R","T","M","R","M","$","M","R","B",null,"M","?","?","$","M","R","E","R","T","R","M","NM","M","AVR","R_BF","B",null,"M","M","?","$","M","E","R","M","T","E","PTL","PTL","R","M","R","AVR","R","B",null,"M","M","?","M","M","E","R","E","T","E","?","?","E","M","R","B",null,"M","M","?","?","M","R","E","R","T","R","$","?","M","E","R","B",null,"M","?","?","?","?","R","E","R","T","E","M","M","E","?","R","B",null,"M","M","AVR","M","$","R","E","?","T","M","E","M","?","M","R","B",null,"M"],"character_chosen":"RUNESMITH_CLASS","items_purchased":["ReplayTheSpireMod:Shallot","Runesmith:ChaoticBlast","Chemical X","hubris:Potato"],"campfire_rested":0,"item_purchase_floors":[0,0,0,81],"current_hp_per_floor":[38,38,38,38,38,38,38,38,38,38,38,36,36,36,36,9,70,65,65,65,65,65,65,61,61,61,61,61,61,61,61,61,61,70,70,70,70,70,70,70,70,70,70,70,70,70,70,70,70,70,70,70,70,70,70,70,70,70,70,70,70,70,70,70,70,80,80,80,80,80,80,80,80,80,80,80,80,80,80,80,80,80,72,72,72,72,85,85,85,91,91,82,82,82,82,89,89,91,93,93,70,70,29,98,98,98,98,98,98,98,108,113,113,113,113,113,113,113,113,113,113,113,113],"gold":285,"neow_bonus":"","is_daily":false,"chose_seed":false,"campfire_upgraded":22,"win_rate":0.0,"timestamp":1612825262,"path_taken":["M","M","?","?","$","R","E","R","T","M","R","M","$","M","R","BOSS","M","?","?","$","M","R","E","R","T","R","M","NM","M","AVR","R_BF","BOSS","M","M","?","$","?","E","R","M","T","E","PTL","PTL","R","M","R","AVR","R","BOSS","M","M","?","M","M","E","R","E","T","E","?","?","E","?","R","BOSS","M","M","?","?","M","R","E","R","T","R","$","?","?","E","R","BOSS","M","?","?","?","?","R","E","R","T","E","M","?","E","?","R","BOSS","M","M","AVR","M","$","R","E","?","T","M","E","M","?","M","R","BOSS","M"],"items_purchased_type":["Relic","Card","Relic","Relic"],"build_version":"2020-12-22","purchased_purges":8,"victory":false,"max_hp_per_floor":[70,70,70,70,70,70,70,70,70,70,70,70,70,70,70,70,70,70,70,70,70,70,70,70,70,70,70,70,70,70,70,70,70,70,70,70,70,70,70,70,70,70,70,70,70,70,70,70,70,70,70,70,70,70,70,70,70,70,70,70,70,70,70,70,70,80,80,80,80,80,80,80,80,80,80,80,80,80,80,80,80,80,80,80,80,80,85,85,85,91,91,91,91,91,91,98,98,98,98,98,98,98,98,98,98,98,98,98,98,98,108,113,113,113,113,113,113,113,113,113,113,113,113],"card_choices":[{"not_picked":["Runesmith:HeatedChisel","Runesmith:NegativeSpace","Runesmith:ShiftingStrike"],"picked":"SKIP","floor":1.0},{"not_picked":["Runesmith:EnergizedChisel","Runesmith:CraftMagma","Runesmith:EarthShield"],"picked":"SKIP","floor":1.0},{"not_picked":["Runesmith:EarthShield","Runesmith:EnergizedChisel","Runesmith:FrozenChisel"],"picked":"SKIP","floor":2.0},{"not_picked":["Runesmith:Firewall","Runesmith:Repurpose","Runesmith:CraftMagma"],"picked":"SKIP","floor":2.0},{"not_picked":["Runesmith:HammerThrow","Runesmith:NegativeSpace"],"picked":"Runesmith:Supernova","floor":3.0},{"not_picked":["Runesmith:UnstableHammer","Runesmith:Repurpose","Runesmith:MakeshiftArmor"],"picked":"SKIP","floor":3.0},{"not_picked":["Runesmith:Discharge","Runesmith:CraftIncendium"],"picked":"Runesmith:PerfectChisel","floor":4.0},{"not_picked":["Runesmith:ChiselStab","Runesmith:CraftObretio","Runesmith:RunicBlueprint"],"picked":"SKIP","floor":4.0},{"not_picked":["Runesmith:ChiselStab","Runesmith:CraftObretio","Runesmith:RunicBlueprint"],"picked":"SKIP","floor":4.0},{"not_picked":["Runesmith:CreatorForm","Runesmith:ShiftingStrike","Runesmith:Grindstone"],"picked":"SKIP","floor":7.0},{"not_picked":["Runesmith:ShiftingStrike","Runesmith:PerfectChisel","Runesmith:FieryHammer"],"picked":"SKIP","floor":10.0},{"not_picked":["Runesmith:EarthShield","Runesmith:EnergizedChisel","Runesmith:MakeshiftArmor"],"picked":"SKIP","floor":10.0},{"not_picked":["Runesmith:MakeshiftArmor","Runesmith:EnergizedChisel"],"picked":"Runesmith:Terraform","floor":12.0},{"not_picked":["Runesmith:MakeshiftArmor","Runesmith:RunicBlueprint","Runesmith:Firewall"],"picked":"SKIP","floor":12.0},{"not_picked":["Runesmith:GenerateForcefield","Runesmith:ChiselStab"],"picked":"Runesmith:BackupBattery","floor":14.0},{"not_picked":["Runesmith:ChiselStab","Runesmith:CraftProtectio","Runesmith:ElementalConversion"],"picked":"SKIP","floor":14.0},{"not_picked":["Runesmith:GenerateForcefield","Runesmith:Supernova"],"picked":"Runesmith:UnlimitedPower","floor":16.0},{"not_picked":["Runesmith:ChiselStab","Runesmith:CraftMagma+1","Runesmith:CraftProtectio+1"],"picked":"SKIP","floor":18.0},{"not_picked":["Runesmith:CraftMagma","Runesmith:Overpower","Runesmith:Repurpose"],"picked":"SKIP","floor":18.0},{"not_picked":["Runesmith:FieryHammer+1","Runesmith:CraftMagma","Runesmith:DoubleUp+1"],"picked":"SKIP","floor":22.0},{"not_picked":["Runesmith:ShiftingStrike","Runesmith:Overpower","Runesmith:FieryHammer"],"picked":"SKIP","floor":22.0},{"not_picked":["Runesmith:HeatedChisel+1","Runesmith:ShiftingStrike","Runesmith:RuneHurl"],"picked":"SKIP","floor":24.0},{"not_picked":["Runesmith:UnstableHammer","Runesmith:Overpower","Runesmith:CraftMagma"],"picked":"SKIP","floor":28.0},{"not_picked":["Runesmith:CraftProtectio","Runesmith:HeatedChisel","Runesmith:BackupBattery"],"picked":"SKIP","floor":28.0},{"not_picked":["Runesmith:EnergizedChisel","Runesmith:CraftMagma","Runesmith:MakeshiftArmor+1"],"picked":"SKIP","floor":29.0},{"not_picked":["Runesmith:EnergizedChisel","Runesmith:CraftMagma","Runesmith:MakeshiftArmor+1"],"picked":"SKIP","floor":29.0},{"not_picked":["Runesmith:RunicBlueprint","Runesmith:StaticCage","Runesmith:Reinforce"],"picked":"SKIP","floor":30.0},{"not_picked":["Runesmith:EnergizedChisel","Runesmith:ShiftingStrike","Runesmith:Firestorm"],"picked":"SKIP","floor":30.0},{"not_picked":["Runesmith:CraftPrismatica","Runesmith:UnlimitedPower"],"picked":"Runesmith:CraftIndustria","floor":33.0},{"not_picked":["Runesmith:HeatExchange+1","Runesmith:ChiselStab"],"picked":"Runesmith:Grindstone","floor":35.0},{"not_picked":["Runesmith:UnstableHammer","Runesmith:HeatExchange","Runesmith:PoweredAnvil"],"picked":"SKIP","floor":35.0},{"not_picked":["Runesmith:RuneHurl+1","Runesmith:HammerThrow+1","Runesmith:LastStand"],"picked":"SKIP","floor":36.0},{"not_picked":["Runesmith:ChiselStab","Runesmith:UnstableHammer","Runesmith:Electrocute"],"picked":"SKIP","floor":36.0},{"not_picked":["Runesmith:RunicBlueprint+1","Runesmith:Terraform+1"],"picked":"Runesmith:Firewall+1","floor":39.0},{"not_picked":["Runesmith:Attraction+1","Runesmith:WhiteBalance","Runesmith:MakeshiftArmor"],"picked":"SKIP","floor":39.0},{"not_picked":["Runesmith:MakeshiftArmor+1","Runesmith:CraftReservo+1","Runesmith:RuneHurl"],"picked":"SKIP","floor":40.0},{"not_picked":["Runesmith:Augment","Runesmith:CraftIncendium","Runesmith:Electrocute"],"picked":"SKIP","floor":42.0},{"not_picked":["Runesmith:Discharge+1","Runesmith:DoubleUp+1","Runesmith:HeatExchange"],"picked":"SKIP","floor":42.0},{"not_picked":["Runesmith:WhiteBalance","Runesmith:LithiumIon+1","Runesmith:CraftMagma"],"picked":"SKIP","floor":44.0},{"not_picked":["Runesmith:RuneHurl+1","Runesmith:Supernova","Runesmith:Empowerment"],"picked":"SKIP","floor":48.0},{"not_picked":["Runesmith:BackupBattery","Runesmith:RuneHurl","Runesmith:ChiselStab+1"],"picked":"SKIP","floor":48.0},{"not_picked":["Runesmith:LightningRod","Runesmith:CreatorForm"],"picked":"Runesmith:DuctTape","floor":52.0},{"not_picked":["Runesmith:ShiftingStrike","Runesmith:EnergizedChisel","Runesmith:Retool"],"picked":"SKIP","floor":54.0},{"not_picked":["Runesmith:HeatExchange","Runesmith:HammerThrow","Runesmith:RunicBlueprint"],"picked":"SKIP","floor":54.0},{"not_picked":["Runesmith:UnstableHammer","Runesmith:EarthShield","Runesmith:FrozenChisel"],"picked":"SKIP","floor":55.0},{"not_picked":["Runesmith:HeatedChisel","Runesmith:ShiftingStrike","Runesmith:Electrocute"],"picked":"SKIP","floor":55.0},{"not_picked":["Runesmith:EarthShield","Runesmith:HeatExchange"],"picked":"Runesmith:Repurpose","floor":57.0},{"not_picked":["Runesmith:CraftProtectio","Runesmith:ShiftingStrike","Runesmith:Retool"],"picked":"SKIP","floor":57.0},{"not_picked":["Runesmith:CraftMedicinae","Runesmith:WhiteBalance","Runesmith:UnstableHammer"],"picked":"SKIP","floor":58.0},{"not_picked":["Runesmith:ChiselStab","Runesmith:LithiumIon","Runesmith:HammerAndChisel"],"picked":"SKIP","floor":58.0},{"not_picked":["Runesmith:Grindstone","Runesmith:ChiselStab","Runesmith:FrozenChisel"],"picked":"SKIP","floor":59.0},{"not_picked":["Runesmith:CraftMedicinae","Runesmith:HammerAndChisel","Runesmith:Electrocute"],"picked":"SKIP","floor":61.0},{"not_picked":["Runesmith:Firewall","Runesmith:LightningRod","Runesmith:StaticCage"],"picked":"SKIP","floor":63.0},{"not_picked":["Runesmith:CraftSpiculum","Runesmith:HeatExchange"],"picked":"Runesmith:CraftIncendium","floor":66.0},{"not_picked":["Runesmith:CraftObretio","Runesmith:EnergizedChisel"],"picked":"Runesmith:StaticCage","floor":67.0},{"not_picked":["Runesmith:HeatedChisel","Runesmith:Supernova"],"picked":"Runesmith:Refine","floor":67.0},{"not_picked":["Runesmith:GrandSlam","Runesmith:UnlimitedPower+1"],"picked":"Runesmith:Duplicate","floor":69.0},{"not_picked":["Runesmith:BackupBattery+1","Runesmith:EnergizedChisel","Runesmith:RuneHurl"],"picked":"SKIP","floor":71.0},{"not_picked":["Runesmith:Repurpose","Runesmith:Firewall","Runesmith:Superposition"],"picked":"SKIP","floor":71.0},{"not_picked":["Runesmith:BackupBattery","Runesmith:PerfectChisel","Runesmith:RuneHurl"],"picked":"SKIP","floor":72.0},{"not_picked":["Runesmith:HammerThrow","Runesmith:MetallurgicalResearch","Runesmith:NegativeSpace"],"picked":"SKIP","floor":72.0},{"not_picked":["Runesmith:ShiftingStrike","Runesmith:BackupBattery","Runesmith:UnstableHammer"],"picked":"SKIP","floor":75.0},{"not_picked":["Runesmith:UnstableHammer+1","Runesmith:HeatedChisel+1","Runesmith:EarthShield+1"],"picked":"SKIP","floor":75.0},{"not_picked":["Runesmith:UnlimitedPower+1","Runesmith:Refine","Runesmith:DuctTape+1"],"picked":"SKIP","floor":77.0},{"not_picked":["Runesmith:HammerThrow","Runesmith:RuneHurl"],"picked":"Runesmith:RunicBlueprint","floor":83.0},{"not_picked":["Runesmith:EnergizedChisel","Runesmith:Overpower","Runesmith:StaticCage+1"],"picked":"SKIP","floor":83.0},{"not_picked":["Runesmith:CraftProtectio","Runesmith:CraftMagma+1","Runesmith:MetallurgicalResearch"],"picked":"SKIP","floor":84.0},{"not_picked":["Runesmith:PoweredAnvil+1","Runesmith:DoubleUp"],"picked":"Runesmith:Attraction","floor":87.0},{"not_picked":["Runesmith:GoWithTheFlow+1","Runesmith:EarthShield"],"picked":"Runesmith:BackupBattery","floor":88.0},{"not_picked":["Runesmith:HeatExchange+1","Runesmith:ShiftingStrike","Runesmith:CraftMagma"],"picked":"SKIP","floor":88.0},{"not_picked":["Discovery","ReplayTheSpireMod:Uncanny Aura"],"picked":"ReplayUltimateDefense+1","floor":92.0},{"not_picked":["Jack Of All Trades","Chrysalis"],"picked":"Secret Technique","floor":92.0},{"not_picked":["Runesmith:HeatExchange","Runesmith:Empowerment+1","Runesmith:Superposition"],"picked":"SKIP","floor":94.0},{"not_picked":["Runesmith:HeatExchange+1","Runesmith:Terraform+1","Runesmith:Attraction"],"picked":"SKIP","floor":97.0},{"not_picked":["Runesmith:HeatedChisel","Runesmith:RuneHurl","Runesmith:FrozenChisel+1"],"picked":"SKIP","floor":98.0},{"not_picked":["Runesmith:Grindstone+1","Runesmith:EnergizedChisel+1","Runesmith:PoweredAnvil+1"],"picked":"SKIP","floor":98.0},{"not_picked":["Runesmith:NanitesCloud+1","Runesmith:Supernova","Runesmith:GoWithTheFlow"],"picked":"SKIP","floor":99.0},{"not_picked":["Runesmith:BackupBattery+1","Runesmith:Repurpose","Runesmith:EarthShield+1"],"picked":"SKIP","floor":99.0},{"not_picked":["Runesmith:ShiftingStrike+1","Runesmith:Grindstone","Runesmith:HammerThrow"],"picked":"SKIP","floor":100.0},{"not_picked":["Runesmith:HeatedChisel","Runesmith:NanitesCloud","Runesmith:HammerAndChisel"],"picked":"SKIP","floor":105.0},{"not_picked":["Runesmith:PerfectChisel","Runesmith:Grindstone","Runesmith:Overpower"],"picked":"SKIP","floor":105.0},{"not_picked":["Runesmith:CraftIncendium","Runesmith:Attraction","Runesmith:CraftProtectio"],"picked":"SKIP","floor":106.0},{"not_picked":["Runesmith:CraftReservo","Runesmith:EnergizedChisel","Runesmith:Permafrost+1"],"picked":"SKIP","floor":106.0},{"not_picked":["Runesmith:Empowerment","Runesmith:GoWithTheFlow","Runesmith:Overpower"],"picked":"SKIP","floor":108.0},{"not_picked":["Runesmith:BackupBattery","Runesmith:RunicBlueprint","Runesmith:MakeshiftArmor"],"picked":"SKIP","floor":108.0},{"not_picked":["Runesmith:Superposition","Runesmith:EarthShield","Runesmith:CraftMedicinae"],"picked":"SKIP","floor":111.0},{"not_picked":["Runesmith:UnstableHammer","Runesmith:MakeshiftArmor","Runesmith:NegativeSpace"],"picked":"SKIP","floor":114.0},{"not_picked":["Runesmith:ShiftingStrike","Runesmith:PerfectChisel","Runesmith:StaticCage"],"picked":"SKIP","floor":114.0},{"not_picked":["Runesmith:Overpower","Runesmith:HeatExchange","Runesmith:RuneHurl"],"picked":"SKIP","floor":115.0},{"not_picked":["Runesmith:ShiftingStrike","Runesmith:HammerThrow","Runesmith:Repurpose"],"picked":"SKIP","floor":116.0},{"not_picked":["Runesmith:StaticCage","Runesmith:FrozenChisel","Runesmith:LithiumIon+1"],"picked":"SKIP","floor":116.0},{"not_picked":["Runesmith:CraftReservo","Runesmith:UnlimitedPower+1","Runesmith:CraftProtectio"],"picked":"SKIP","floor":118.0},{"not_picked":["Runesmith:HammerThrow","Runesmith:MakeshiftArmor","Runesmith:ChiselStab"],"picked":"SKIP","floor":118.0},{"not_picked":["Runesmith:CreatorForm+1","Runesmith:DuctTape+1"],"picked":"Runesmith:ReplicatingBarrier+1","floor":120.0}],"player_experience":273971,"relics_obtained":[{"floor":7.0,"key":"hubris:DeckOfHolding"},{"floor":9.0,"key":"hubris:SlimyHat"},{"floor":24.0,"key":"Simple Rune"},{"floor":26.0,"key":"infinitespire:ShieldingShard"},{"floor":29.0,"key":"War Paint"},{"floor":40.0,"key":"conspire:DeflatedDodgeball"},{"floor":43.0,"key":"conspire:BottledYoYo"},{"floor":44.0,"key":"TungstenRod"},{"floor":56.0,"key":"Replay:Bandana"},{"floor":59.0,"key":"Pen Nib"},{"floor":61.0,"key":"Runesmith:MiniCore"},{"floor":62.0,"key":"Dead Branch"},{"floor":63.0,"key":"Frozen Egg 2"},{"floor":64.0,"key":"Odd Mushroom"},{"floor":66.0,"key":"Pear"},{"floor":77.0,"key":"conspire:DecoderRing"},{"floor":79.0,"key":"Whetstone"},{"floor":84.0,"key":"Mercury Hourglass"},{"floor":91.0,"key":"Art of War"},{"floor":94.0,"key":"Bottled Lightning"},{"floor":96.0,"key":"Strawberry"},{"floor":97.0,"key":"Blood Vial"},{"floor":100.0,"key":"hubris:BottledRain"},{"floor":111.0,"key":"hubris:PeanutButter"},{"floor":113.0,"key":"Replay:Baseball"},{"floor":115.0,"key":"Oddly Smooth Stone"}],"event_choices":[{"damage_healed":0.0,"max_hp_gain":0.0,"max_hp_loss":0.0,"gold_gain":0.0,"event_name":"Lab","player_choice":"Got Potions","floor":37.0,"gold_loss":0.0,"damage_taken":0.0},{"damage_healed":0.0,"max_hp_gain":0.0,"max_hp_loss":0.0,"gold_gain":30.0,"event_name":"Dead Adventurer","player_choice":"Searched \u00273\u0027 times","floor":56.0,"gold_loss":0.0,"damage_taken":0.0},{"damage_healed":0.0,"max_hp_gain":0.0,"max_hp_loss":0.0,"gold_gain":0.0,"event_name":"Mushrooms","player_choice":"Fought Mushrooms","floor":64.0,"gold_loss":0.0,"damage_taken":0.0},{"cards_removed":["Runesmith:ChaoticBlast"],"damage_healed":0.0,"max_hp_gain":0.0,"max_hp_loss":0.0,"gold_gain":0.0,"event_name":"Living Wall","player_choice":"Forget","floor":65.0,"gold_loss":0.0,"damage_taken":0.0},{"damage_healed":0.0,"max_hp_gain":0.0,"max_hp_loss":0.0,"gold_gain":99.0,"event_name":"Nest","player_choice":"Stole From Cult","floor":73.0,"gold_loss":0.0,"damage_taken":0.0},{"cards_removed":["Runesmith:Fortify"],"damage_healed":0.0,"max_hp_gain":0.0,"max_hp_loss":0.0,"gold_gain":0.0,"event_name":"Beggar","player_choice":"Gave Gold","floor":74.0,"gold_loss":75.0,"damage_taken":0.0},{"cards_removed":["Runesmith:Defend_RS"],"damage_healed":0.0,"max_hp_gain":0.0,"max_hp_loss":0.0,"gold_gain":0.0,"event_name":"Bonfire Elementals","player_choice":"Offered Basic","floor":82.0,"gold_loss":0.0,"damage_taken":0.0},{"damage_healed":0.0,"max_hp_gain":0.0,"max_hp_loss":0.0,"gold_gain":0.0,"event_name":"Tomb of Lord Red Mask","player_choice":"Paid","floor":89.0,"gold_loss":485.0,"damage_taken":0.0,"relics_obtained":["Red Mask"]},{"damage_healed":0.0,"max_hp_gain":0.0,"max_hp_loss":0.0,"gold_gain":0.0,"event_name":"OrinTheCat","player_choice":"Ignored","floor":90.0,"gold_loss":0.0,"damage_taken":0.0},{"damage_healed":0.0,"max_hp_gain":0.0,"max_hp_loss":0.0,"gold_gain":0.0,"event_name":"SensoryStone","player_choice":"Memory 3","floor":92.0,"gold_loss":0.0,"damage_taken":10.0},{"damage_healed":0.0,"max_hp_gain":5.0,"max_hp_loss":0.0,"gold_gain":0.0,"event_name":"Big Fish","player_choice":"Donut","floor":112.0,"gold_loss":0.0,"damage_taken":0.0},{"cards_removed":["Runesmith:RunicBlueprint"],"damage_healed":0.0,"max_hp_gain":0.0,"max_hp_loss":0.0,"gold_gain":0.0,"event_name":"The Cleric","player_choice":"Card Removal","floor":117.0,"gold_loss":50.0,"damage_taken":0.0}],"is_beta":false,"boss_relics":[{"not_picked":["Tiny House","Replay:Drink Me"],"picked":"hubris:ScarierMask"},{"not_picked":["hubris:CrackedHourglass","ChewingGum","Cursed Key"]},{"not_picked":["Honey Jar","Runic Dome"],"picked":"SlaversCollar"},{"not_picked":["ReplayTheSpireMod:SealedPack","hubris:Stopwatch"],"picked":"SacredBark"},{"not_picked":["conspire:SlowCooker","Astrolabe"],"picked":"Tiny House"},{"not_picked":["Fusion Hammer","Runic Dome","Calling Bell"]},{"not_picked":["conspire:RoyalGoblet","hubris:RunicObelisk","Busted Crown"]}],"items_purged_floors":[0,5,13,21,31,38,50,107],"is_endless":true,"potions_floor_spawned":[1,4,7,14,16,18,24,30,33,35,39,42,48,56,58,59,66,67,84,86,97,99,100,111,114,118,120],"killed_by":"3 Byrds","ascension_level":2}}