{"host":"j37i0m9ltjmpbz2t","time":1612763013,"event":{"mods":["BaseMod","Minty Spire (QoL Compilation)","StSLib","UnlockEverythingMod","WarShipGirlsR/’ΩΩ¢…Ÿ≈ÆR mod"],"gold_per_floor":[109,59,75,75,94,126,51,66,91,111,111,144,144,161,161,265,265,278,290,290,111,121,150,150,163,163,191,100,100,111,143,143,240,240,250,300,315,326,326,356,373,403,403,130,165,165,165,45,45,45,45,45,3,32,32],"floor_reached":56,"language":"ZHS","playtime":5026,"items_purged":["rmod:defend","rmod:strick","rmod:strick","rmod:strick"],"score":1821,"play_id":"4370ae7e-b74b-472b-af28-586fc1b71e2b","local_time":"20210208134333","is_ascension_mode":true,"campfire_choices":[{"data":"rmod:royalracing","floor":11.0,"key":"SMITH"},{"floor":13.0,"key":"RECALL"},{"data":"rmod:maingunfire","floor":15.0,"key":"SMITH"},{"data":"rmod:circuitoustactics","floor":24.0,"key":"SMITH"},{"data":"rmod:highspeedmaneuver","floor":32.0,"key":"SMITH"},{"data":"Deep Breath","floor":47.0,"key":"SMITH"},{"data":"rmod:diaomin","floor":49.0,"key":"SMITH"},{"data":"Madness","floor":52,"key":"SMITH"}],"circlet_count":0,"master_deck":["rmod:defend","rmod:defend","rmod:basicallowance","rmod:maingunfire+1","rmod:supportaircraftcarrier","rmod:circuitoustactics+1","rmod:royalracing+1","rmod:highspeedmaneuver+1","rmod:diamondstrike+1","rmod:lastglory+1","Purity","rmod:diaomin+1","rmod:advancebysurprise+1","rmod:acesubmarine+1","rmod:smokecover+1","Madness","Madness+1","Deep Breath+1"],"relics":["rmod:firstchargereward","Bag of Marbles","Anchor","MealTicket","rmod:extraamm","Runic Dome","HornCleat","Matryoshka","Regal Pillow","Pantograph","SlaversCollar","Pocketwatch","Juzu Bracelet","The Courier","CeramicFish","Whetstone","Blue Candle","Eternal Feather"],"acts_visited":["Exordium","TheCity","TheBeyond","TheEnding"],"potions_floor_usage":[54,55,55],"damage_taken":[{"damage":6.0,"enemies":"Small Slimes","floor":1.0,"turns":3.0},{"damage":0.0,"enemies":"2 Louse","floor":3.0,"turns":2.0},{"damage":0.0,"enemies":"Jaw Worm","floor":5.0,"turns":1.0},{"damage":29.0,"enemies":"Gremlin Nob","floor":6.0,"turns":5.0},{"damage":0.0,"enemies":"Lots of Slimes","floor":8.0,"turns":3.0},{"damage":0.0,"enemies":"3 Louse","floor":10.0,"turns":2.0},{"damage":0.0,"enemies":"3 Sentries","floor":12.0,"turns":10.0},{"damage":0.0,"enemies":"Looter","floor":14.0,"turns":2.0},{"damage":7.0,"enemies":"Hexaghost","floor":16.0,"turns":8.0},{"damage":1.0,"enemies":"Shell Parasite","floor":18.0,"turns":3.0},{"damage":0.0,"enemies":"3 Byrds","floor":19.0,"turns":4.0},{"damage":0.0,"enemies":"Snecko","floor":22.0,"turns":3.0},{"damage":0.0,"enemies":"Gremlin Leader","floor":23.0,"turns":7.0},{"damage":0.0,"enemies":"Centurion and Healer","floor":25.0,"turns":5.0},{"damage":0.0,"enemies":"Book of Stabbing","floor":27.0,"turns":4.0},{"damage":0.0,"enemies":"Sentry and Sphere","floor":30.0,"turns":4.0},{"damage":0.0,"enemies":"Gremlin Leader","floor":31.0,"turns":3.0},{"damage":3.0,"enemies":"Champ","floor":33.0,"turns":8.0},{"damage":0.0,"enemies":"Orb Walker","floor":35.0,"turns":3.0},{"damage":0.0,"enemies":"Mind Bloom Boss Battle","floor":36.0,"turns":4.0},{"damage":0.0,"enemies":"3 Shapes","floor":37.0,"turns":4.0},{"damage":0.0,"enemies":"Jaw Worm Horde","floor":38.0,"turns":3.0},{"damage":17.0,"enemies":"Reptomancer","floor":40.0,"turns":7.0},{"damage":0.0,"enemies":"4 Shapes","floor":41.0,"turns":2.0},{"damage":3.0,"enemies":"Giant Head","floor":42.0,"turns":3.0},{"damage":0.0,"enemies":"Reptomancer","floor":45.0,"turns":4.0},{"damage":21,"enemies":"Donu and Deca","floor":50,"turns":6},{"damage":0,"enemies":"Shield and Spear","floor":54,"turns":3},{"damage":52,"enemies":"The Heart","floor":55,"turns":7}],"seed_played":"-1746797618041390611","potions_obtained":[{"floor":6.0,"key":"BlessingOfTheForge"},{"floor":8.0,"key":"Swift Potion"},{"floor":12.0,"key":"BlessingOfTheForge"},{"floor":23.0,"key":"FearPotion"},{"floor":25.0,"key":"ColorlessPotion"},{"floor":33.0,"key":"Block Potion"},{"floor":37.0,"key":"Strength Potion"},{"floor":38.0,"key":"Fruit Juice"},{"floor":40.0,"key":"Regen Potion"},{"floor":41.0,"key":"Explosive Potion"}],"is_trial":false,"path_per_floor":["M","?","M","?","M","E","$","M","T","M","R","E","R","M","R","B",null,"M","M","?","$","M","E","R","M","T","E","$","?","M","E","R","B",null,"M","?","M","M","?","E","M","E","T","$","E","?","R","$","R","B",null,"R","$","E","B",null],"character_chosen":"PRAEFECT","items_purchased":["rmod:lastglory","Purity","Whetstone","Deep Breath","Fire Potion"],"campfire_rested":0,"item_purchase_floors":[21,28,44,44,53],"current_hp_per_floor":[69,69,69,74,74,45,45,45,45,45,45,45,45,45,45,38,80,79,79,64,79,79,79,79,79,79,79,85,85,85,85,85,82,85,85,85,85,85,74,62,62,59,59,74,74,74,74,89,89,69,90,90,90,90,50],"gold":32,"neow_bonus":"RANDOM_COMMON_RELIC","is_daily":false,"chose_seed":false,"campfire_upgraded":7,"win_rate":0.0,"timestamp":1612763013,"path_taken":["M","?","M","?","M","E","$","M","T","?","R","E","R","?","R","BOSS","M","M","?","$","M","E","R","M","T","E","$","?","?","E","R","BOSS","M","?","M","M","?","E","M","E","T","$","E","?","R","?","R","BOSS","R","$","E","BOSS"],"items_purchased_type":["Card","Card","Relic","Card","Potion"],"build_version":"2020-12-22","purchased_purges":4,"victory":true,"max_hp_per_floor":[75,75,75,80,80,80,80,80,80,80,80,80,80,80,80,80,80,80,80,85,85,85,85,85,85,85,85,85,85,85,85,85,85,85,85,85,85,85,85,90,90,90,90,90,90,90,90,90,90,90,90,90,90,90,90],"card_choices":[{"not_picked":["rmod:victimresponsibility","rmod:tearstotiara"],"picked":"rmod:supportaircraftcarrier","floor":1.0},{"not_picked":["rmod:tearstotiara","rmod:overbreakdown"],"picked":"rmod:circuitoustactics","floor":3.0},{"not_picked":["rmod:expedition","rmod:slowdown","rmod:aluminumsupply"],"picked":"SKIP","floor":5.0},{"not_picked":["rmod:mineteam","rmod:tearstotiara"],"picked":"rmod:royalracing","floor":6.0},{"not_picked":["rmod:luckystar","rmod:gendarmerie","rmod:fletcherpendant"],"picked":"SKIP","floor":8.0},{"not_picked":["rmod:ammunitionsupply","rmod:fletcherpendant"],"picked":"rmod:highspeedmaneuver","floor":10.0},{"not_picked":["rmod:royalracing","rmod:diaomin","rmod:heivgo"],"picked":"SKIP","floor":12.0},{"not_picked":["rmod:firesupport","rmod:salvage","rmod:gendarmerie"],"picked":"SKIP","floor":14.0},{"not_picked":["rmod:abidefaith","rmod:ridicule"],"picked":"rmod:auspiciousomen","floor":16.0},{"not_picked":["rmod:lonelyqueen","rmod:garrisonisland"],"picked":"rmod:diamondstrike+1","floor":18.0},{"not_picked":["rmod:fletcherpendant","rmod:overbreakdown","rmod:spoils+1"],"picked":"SKIP","floor":19.0},{"not_picked":["rmod:ammunitionsupply+1","rmod:unsinkable","rmod:overbreakdown"],"picked":"SKIP","floor":22.0},{"not_picked":["rmod:guardianhero+1","rmod:steelsupply","rmod:sl+1"],"picked":"SKIP","floor":23.0},{"not_picked":["rmod:steelsupply+1","rmod:aluminumsupply","rmod:circuitoustactics"],"picked":"SKIP","floor":25.0},{"not_picked":["rmod:circuitoustactics","rmod:aggressivemary","rmod:steelsupply"],"picked":"SKIP","floor":27.0},{"not_picked":["rmod:steelsupply","rmod:victimresponsibility+1"],"picked":"rmod:advancebysurprise+1","floor":30.0},{"not_picked":["rmod:aggressivemary","rmod:lastglory","rmod:victimresponsibility"],"picked":"SKIP","floor":31.0},{"not_picked":["rmod:abidefaith","rmod:stealaluminum"],"picked":"rmod:acesubmarine","floor":33.0},{"not_picked":["rmod:aviationdawn+1","rmod:aluminumsupply","rmod:supportescort+1"],"picked":"SKIP","floor":35.0},{"not_picked":["rmod:aluminumsupply","rmod:victimresponsibility+1"],"picked":"rmod:smokecover+1","floor":36.0},{"not_picked":["rmod:firesupport","rmod:steelsupply","rmod:tearstotiara"],"picked":"SKIP","floor":37.0},{"not_picked":["rmod:firesupport","rmod:rockthrower+1","rmod:spoils"],"picked":"SKIP","floor":38.0},{"not_picked":["rmod:fletcherpendant","rmod:goodfighter","rmod:bulid+1"],"picked":"SKIP","floor":40.0},{"not_picked":["rmod:selfconfidence","rmod:abidefaith","rmod:luckystar+1"],"picked":"SKIP","floor":41.0},{"not_picked":["rmod:selfconfidence","rmod:abidefaith","rmod:luckystar+1"],"picked":"SKIP","floor":41.0},{"not_picked":["rmod:goodsister","rmod:fletcherpendant+1","rmod:intelligenceanalysis"],"picked":"SKIP","floor":42.0},{"not_picked":["rmod:heivgo","rmod:punchline","rmod:salvage+1"],"picked":"SKIP","floor":45.0},{"not_picked":["rmod:sl","rmod:fuelsupply+1","rmod:salvage"],"picked":"SKIP","floor":54}],"player_experience":194187,"relics_obtained":[{"floor":6.0,"key":"Anchor"},{"floor":9.0,"key":"MealTicket"},{"floor":12.0,"key":"rmod:extraamm"},{"floor":23.0,"key":"HornCleat"},{"floor":26.0,"key":"Matryoshka"},{"floor":27.0,"key":"Regal Pillow"},{"floor":31.0,"key":"Pantograph"},{"floor":36.0,"key":"Pocketwatch"},{"floor":40.0,"key":"Juzu Bracelet"},{"floor":42.0,"key":"The Courier"},{"floor":43.0,"key":"CeramicFish"},{"floor":45.0,"key":"Blue Candle"},{"floor":54,"key":"Eternal Feather"}],"event_choices":[{"cards_removed":["rmod:strick"],"damage_healed":0.0,"max_hp_gain":0.0,"max_hp_loss":0.0,"gold_gain":0.0,"event_name":"The Cleric","player_choice":"Card Removal","floor":2.0,"gold_loss":50.0,"damage_taken":0.0},{"damage_healed":0.0,"max_hp_gain":5.0,"max_hp_loss":0.0,"gold_gain":0.0,"event_name":"Big Fish","player_choice":"Donut","floor":4.0,"gold_loss":0.0,"damage_taken":0.0},{"damage_healed":0.0,"max_hp_gain":5.0,"max_hp_loss":0.0,"gold_gain":0.0,"event_name":"Forgotten Altar","player_choice":"Shed Blood","floor":20.0,"gold_loss":0.0,"damage_taken":20.0},{"damage_healed":0.0,"max_hp_gain":0.0,"max_hp_loss":0.0,"gold_gain":0.0,"cards_transformed":["rmod:auspiciousomen"],"event_name":"Transmorgrifier","player_choice":"Transformed","floor":29.0,"gold_loss":0.0,"damage_taken":0.0,"cards_obtained":["rmod:diaomin"]},{"damage_healed":0.0,"max_hp_gain":0.0,"max_hp_loss":0.0,"gold_gain":0.0,"event_name":"MindBloom","player_choice":"Fight","floor":36.0,"gold_loss":0.0,"damage_taken":0.0},{"damage_healed":0.0,"max_hp_gain":0.0,"max_hp_loss":0.0,"gold_gain":0.0,"event_name":"Winding Halls","player_choice":"Embrace Madness","floor":39.0,"gold_loss":0.0,"damage_taken":11.0,"cards_obtained":["Madness","Madness"]},{"cards_removed":["rmod:defend"],"damage_healed":0.0,"max_hp_gain":0.0,"max_hp_loss":0.0,"gold_gain":0.0,"event_name":"Falling","player_choice":"Removed Skill","floor":46.0,"gold_loss":0.0,"damage_taken":0.0}],"is_beta":false,"boss_relics":[{"not_picked":["Astrolabe","rmod:mogul"],"picked":"Runic Dome"},{"not_picked":["Calling Bell","SacredBark"],"picked":"SlaversCollar"}],"items_purged_floors":[7,21,44,48],"is_endless":false,"potions_floor_spawned":[6,8,12,23,25,30,33,37,38,40,41],"ascension_level":2}}