{"host":"18wi9kpcl4eah7pe","time":1612823181,"event":{"mods":["BaseMod","Colored Powertips","Downfall","Minty Spire (QoL Compilation)","StSLib"],"gold_per_floor":[199,217,236,236,236,144,144,174,174,206,6,41,55,69,88,189,189,89,101,112,112,212,212,235,252,262,262,316,316,373,426,437,541,541,541,554,434,450,469,600,675,675,675,675,691,724,741,757,774,774,774,774],"floor_reached":50,"language":"ENG","playtime":3014,"items_purged":[],"score":700,"play_id":"f22204d2-b67b-4746-bb9f-7bdadd2decc6","local_time":"20210208162621","is_ascension_mode":true,"campfire_choices":[{"floor":1.0,"key":"RECALL"},{"floor":11.0,"key":"REST"},{"floor":18.0,"key":"REST"},{"floor":27.0,"key":"REST"},{"data":"bronze:Mutator","floor":29.0,"key":"SMITH"},{"data":"bronze:Assembly","floor":35,"key":"SMITH"},{"data":"bronze:GetLatest","floor":42,"key":"SMITH"}],"circlet_count":0,"master_deck":["bronze:Strike+1","bronze:Strike+1","bronze:Strike+1","bronze:Defend+1","bronze:Defend+1","bronze:Defend+1","bronze:Defend+1","bronze:Replicate","bronze:Goto","bronze:CloningBeam","bronze:DelayedGuard","bronze:Shell","bronze:WhirlingStrike","bronze:ChosenStrike","bronze:Overheat","bronze:Branch","bronze:CutThrough","bronze:Iterate","bronze:ItsAFeature","bronze:Repair","bronze:Shield","bronze:Mutator+1","bronze:Constructor+1","bronze:BuggyMess","bronze:Terminator+1","bronze:FollowUp","bronze:GetLatest+1","bronze:Frontload","bronze:DelayedSlice+1","bronze:Assembly+1","bronze:Invalidate","bronze:Repulsor+1","bronze:Optimize+1","bronze:Branch","bronze:ShipIt","expansioncontent:AwakenDeath","bronze:Allocate+1","bronze:Separator","bronze:InfiniteBeams+1","bronze:FollowUp","bronze:Iterate+1"],"relics":["bronze:PlatinumCore","Guardian:PocketSentry","Gremlin Horn","downfall:HeartBlessingBlue","downfall:HeartBlessingGreen","Ancient Tea Set","downfall:HeartBlessingRed","WingedGreaves","Eternal Feather","downfall:KnowingSkull","Dream Catcher","bronze:MakeshiftBattery","HandDrill","Matryoshka","Bronze Scales","Sundial","Mercury Hourglass"],"acts_visited":["Exordium","TheCity","TheBeyond"],"potions_floor_usage":[37,40,46,47],"damage_taken":[{"damage":3.0,"enemies":"2 Louse","floor":2.0,"turns":3.0},{"damage":3.0,"enemies":"Jaw Worm","floor":3.0,"turns":4.0},{"damage":0.0,"enemies":"downfall:FleeingMerchant","floor":6.0,"turns":4.0},{"damage":21.0,"enemies":"3 Sentries","floor":8.0,"turns":7.0},{"damage":0.0,"enemies":"Cultist","floor":9.0,"turns":1.0},{"damage":3.0,"enemies":"Lagavulin","floor":10.0,"turns":7.0},{"damage":10.0,"enemies":"3 Sentries","floor":12.0,"turns":4.0},{"damage":4.0,"enemies":"Large Slime","floor":13.0,"turns":3.0},{"damage":4.0,"enemies":"Blue Slaver","floor":14.0,"turns":3.0},{"damage":0.0,"enemies":"2 Fungi Beasts","floor":15.0,"turns":1.0},{"damage":68.0,"enemies":"WA_ARCHETYPE_RETAIN","floor":16.0,"turns":14.0},{"damage":9.0,"enemies":"Shell Parasite","floor":19.0,"turns":4.0},{"damage":2.0,"enemies":"Spheric Guardian","floor":20.0,"turns":3.0},{"damage":29.0,"enemies":"Colosseum Nobs","floor":22.0,"turns":5.0},{"damage":32.0,"enemies":"Shelled Parasite and Fungi","floor":25.0,"turns":6.0},{"damage":9.0,"enemies":"Centurion and Healer","floor":26.0,"turns":5.0},{"damage":3.0,"enemies":"Sentry and Sphere","floor":28.0,"turns":3.0},{"damage":11.0,"enemies":"Snecko","floor":30.0,"turns":5.0},{"damage":27.0,"enemies":"Centurion and Healer","floor":31.0,"turns":6.0},{"damage":1.0,"enemies":"Snake Plant","floor":32.0,"turns":2.0},{"damage":34.0,"enemies":"IC_MUSHROOM_ARCHETYPE","floor":33.0,"turns":6.0},{"damage":7,"enemies":"Orb Walker","floor":36,"turns":3},{"damage":3,"enemies":"downfall:FleeingMerchant","floor":37,"turns":4},{"damage":5,"enemies":"3 Darklings","floor":38,"turns":2},{"damage":31,"enemies":"4 Shapes","floor":39,"turns":5},{"damage":3,"enemies":"downfall:FleeingMerchant","floor":40,"turns":4},{"damage":34,"enemies":"Writhing Mass","floor":45,"turns":5},{"damage":42,"enemies":"Nemesis","floor":46,"turns":9},{"damage":1,"enemies":"3 Darklings","floor":47,"turns":3},{"damage":16,"enemies":"4 Shapes","floor":48,"turns":3},{"damage":0,"enemies":"Jaw Worm Horde","floor":49,"turns":2},{"damage":35,"enemies":"DF_ARCHETYPE_ORBS","floor":50,"turns":2}],"seed_played":"5064724921030017996","potions_obtained":[{"floor":2.0,"key":"SteroidPotion"},{"floor":10.0,"key":"Dexterity Potion"},{"floor":13.0,"key":"Energy Potion"},{"floor":14.0,"key":"LiquidMemories"},{"floor":25.0,"key":"PowerPotion"},{"floor":26.0,"key":"Swift Potion"},{"floor":28.0,"key":"FearPotion"},{"floor":45,"key":"Ancient Potion"},{"floor":49,"key":"DistilledChaos"}],"is_trial":false,"path_per_floor":["R","M","M","?","?","$","T","E","M","E","R","E","M","M","M","B",null,"R","M","M","?","?","?","T","M","M","R","M","R","M","M","M","B",null,"R","M","$","M","M","$","T","R","?","?","M","E","M","M","M","B"],"character_chosen":"THE_AUTOMATON","items_purchased":["bronze:ChosenStrike","HandDrill","Matryoshka"],"campfire_rested":3,"item_purchase_floors":[6,37,40],"current_hp_per_floor":[70,67,64,64,64,64,64,43,43,40,74,64,60,56,56,2,61,80,71,69,69,51,44,44,19,17,56,60,75,64,44,50,23,66,80,73,80,80,54,58,58,79,79,71,44,9,15,9,9,0,0,0],"gold":774,"neow_bonus":"HUNDRED_GOLD","is_daily":false,"chose_seed":false,"campfire_upgraded":3,"win_rate":0.0,"timestamp":1612823181,"path_taken":["R","M","M","?","?","?","T","E","M","E","R","E","?","M","M","BOSS","R","M","M","?","?","?","T","?","M","R","?","R","M","?","M","BOSS","R","M","$","M","?","$","T","R","?","?","?","E","?","M","M","BOSS"],"items_purchased_type":["Card","Relic","Relic"],"build_version":"2020-12-22","purchased_purges":0,"victory":false,"max_hp_per_floor":[70,70,70,70,70,70,70,70,70,70,80,80,80,80,80,80,80,80,80,80,80,80,80,80,80,80,80,80,80,80,80,80,80,80,80,80,80,80,80,80,80,80,80,80,80,80,80,80,80,80,80,80],"card_choices":[{"not_picked":["bronze:FineTuning","bronze:Safeguard"],"picked":"bronze:CloningBeam","floor":2.0},{"not_picked":["bronze:NullPointer","bronze:Refactor"],"picked":"bronze:DelayedGuard","floor":3.0},{"not_picked":["bronze:Allocate","bronze:OilSpill"],"picked":"bronze:WhirlingStrike","floor":6.0},{"not_picked":["bronze:Philosophize","bronze:NullPointer"],"picked":"bronze:Overheat","floor":8.0},{"not_picked":["bronze:ChosenStrike","bronze:WildBeam"],"picked":"bronze:Branch","floor":9.0},{"not_picked":["bronze:Overheat","bronze:FineTuning"],"picked":"bronze:CutThrough","floor":10.0},{"not_picked":["bronze:WildBeam","bronze:Deprecate"],"picked":"bronze:Iterate","floor":12.0},{"not_picked":["bronze:ChosenStrike","bronze:BuggyMess"],"picked":"bronze:ItsAFeature","floor":13.0},{"not_picked":["bronze:FindAndReplace","bronze:Turbo"],"picked":"bronze:Repair","floor":14.0},{"not_picked":["bronze:Safeguard","bronze:Allocate"],"picked":"bronze:Shield","floor":15.0},{"not_picked":["bronze:Virus","bronze:TinkerersToolbox"],"picked":"bronze:Mutator","floor":16.0},{"not_picked":["bronze:Overload","bronze:Turbo"],"picked":"bronze:Constructor+1","floor":19.0},{"not_picked":["bronze:ChosenStrike","bronze:CloningBeam"],"picked":"bronze:BuggyMess","floor":20.0},{"not_picked":["bronze:BuggyMess","bronze:Overheat"],"picked":"bronze:ItsAFeature","floor":22.0},{"not_picked":["bronze:BuggyMess","bronze:Return","bronze:Turbo+1"],"picked":"SKIP","floor":25.0},{"not_picked":["bronze:OilSpill","bronze:DelayedSlice+1"],"picked":"bronze:Terminator+1","floor":26.0},{"not_picked":["bronze:WhirlingStrike","bronze:Hardcode"],"picked":"bronze:FollowUp","floor":27.0},{"not_picked":["bronze:Deprecate","bronze:ItsAFeature+1"],"picked":"bronze:GetLatest","floor":28.0},{"not_picked":["bronze:BugBarrage","bronze:Refactor"],"picked":"bronze:Frontload","floor":30.0},{"not_picked":["bronze:Shield","bronze:BitShift"],"picked":"bronze:DelayedSlice+1","floor":31.0},{"not_picked":["bronze:GetLatest","bronze:BitShift","bronze:BugBarrage"],"picked":"SKIP","floor":32.0},{"not_picked":["bronze:Verify","bronze:TinkerersToolbox"],"picked":"bronze:Assembly","floor":33.0},{"not_picked":["bronze:Terminator","bronze:Deprecate+1"],"picked":"bronze:Invalidate","floor":36},{"not_picked":["bronze:ItsAFeature+1","bronze:NullPointer+1"],"picked":"bronze:Repulsor","floor":37},{"not_picked":["bronze:DelayedSlice+1","bronze:ChosenStrike"],"picked":"bronze:Optimize+1","floor":38},{"not_picked":["bronze:Shield+1","bronze:DelayedGuard+1"],"picked":"bronze:Branch","floor":39},{"not_picked":["bronze:DelayedSlice","bronze:Frontload+1"],"picked":"bronze:ShipIt","floor":40},{"not_picked":["expansioncontent:PrepareCrush","expansioncontent:PolyBeam"],"picked":"expansioncontent:AwakenDeath","floor":43},{"not_picked":["bronze:ChosenStrike+1","bronze:Refactor"],"picked":"bronze:Allocate+1","floor":45},{"not_picked":["bronze:Verify","bronze:Shell"],"picked":"bronze:Separator","floor":46},{"not_picked":["bronze:Branch+1","bronze:ItsAFeature+1"],"picked":"bronze:InfiniteBeams+1","floor":47},{"not_picked":["bronze:BugBarrage+1","bronze:BitShift+1"],"picked":"bronze:FollowUp","floor":48},{"not_picked":["bronze:Shell","bronze:CutThrough"],"picked":"bronze:Iterate+1","floor":49}],"player_experience":999104,"relics_obtained":[{"floor":8.0,"key":"Guardian:PocketSentry"},{"floor":10.0,"key":"Gremlin Horn"},{"floor":12.0,"key":"Ancient Tea Set"},{"floor":22.0,"key":"WingedGreaves"},{"floor":22.0,"key":"Eternal Feather"},{"floor":24.0,"key":"Dream Catcher"},{"floor":41,"key":"Bronze Scales"},{"floor":41,"key":"Sundial"},{"floor":46,"key":"Mercury Hourglass"}],"event_choices":[],"is_beta":false,"boss_relics":[{"not_picked":["expansioncontent:StudyCardRelic","Velvet Choker"],"picked":"bronze:PlatinumCore"},{"not_picked":["Snecko Eye","Black Star"],"picked":"bronze:MakeshiftBattery"}],"items_purged_floors":[],"is_endless":false,"potions_floor_spawned":[2,10,13,14,15,16,19,25,26,28,31,45,46,49],"killed_by":"DF_ARCHETYPE_ORBS","ascension_level":5}}