{"host":"c2ypwvkuo6d4slur","time":1612753188,"event":{"mods":["BaseMod","Colored Map","Minty Spire (QoL Compilation)","StSLib","Together in Spire"],"gold_per_floor":[116,116,136,136,147,175,175,209,209,248,271,302,302,318,318,437,500,513,513,514,535,550,585,585,500,551,589,589,589],"floor_reached":28,"language":"ENG","playtime":1405,"items_purged":[],"score":563,"play_id":"f80632c4-1cf8-4786-996a-0a0f98bb112a","local_time":"20210207185948","is_ascension_mode":false,"campfire_choices":[{"data":"Glass Knife","floor":13,"key":"SMITH"},{"data":"Poisoned Stab","floor":15,"key":"SMITH"},{"data":"Noxious Fumes","floor":24,"key":"SMITH"}],"circlet_count":0,"master_deck":["Strike_G","Strike_G","Strike_G","Strike_G","Defend_G","Defend_G","Defend_G","Defend_G","Defend_G","Survivor+1","Neutralize","Dagger Spray+1","Acrobatics+1","Deadly Poison","Dash","Poisoned Stab+1","Bouncing Flask","Poisoned Stab","Glass Knife+1","Corpse Explosion","PiercingWail","Sucker Punch+1","Crippling Poison","Noxious Fumes+1","Tools of the Trade"],"relics":["Ring of the Snake","Strawberry","Turnip","Golden Idol","PreservedInsect","Ninja Scroll","War Paint","Tiny House","Lantern","Kunai","Blood Vial","Happy Flower"],"acts_visited":["Exordium","TheCity"],"potions_floor_usage":[16],"damage_taken":[{"damage":0,"enemies":"Small Slimes","floor":1,"turns":2},{"damage":0,"enemies":"2 Louse","floor":3,"turns":2},{"damage":1,"enemies":"Jaw Worm","floor":5,"turns":3},{"damage":13,"enemies":"3 Sentries","floor":6,"turns":5},{"damage":8,"enemies":"Lagavulin","floor":8,"turns":5},{"damage":0,"enemies":"Gremlin Nob","floor":10,"turns":2},{"damage":0,"enemies":"3 Louse","floor":11,"turns":1},{"damage":9,"enemies":"3 Sentries","floor":12,"turns":2},{"damage":0,"enemies":"2 Fungi Beasts","floor":14,"turns":1},{"damage":0,"enemies":"Slime Boss","floor":16,"turns":3},{"damage":0,"enemies":"Chosen","floor":18,"turns":2},{"damage":5,"enemies":"2 Thieves","floor":20,"turns":2},{"damage":0,"enemies":"Snecko","floor":21,"turns":2},{"damage":0,"enemies":"Cultist and Chosen","floor":22,"turns":3},{"damage":0,"enemies":"Gremlin Leader","floor":23,"turns":2},{"damage":0,"enemies":"Slavers","floor":27,"turns":2},{"damage":0,"enemies":"Snake Plant","floor":28,"turns":1}],"seed_played":"2522044059571289844","potions_obtained":[{"floor":6,"key":"FairyPotion"},{"floor":8,"key":"SteroidPotion"},{"floor":10,"key":"Explosive Potion"},{"floor":16,"key":"LiquidMemories"},{"floor":17,"key":"Strength Potion"}],"is_trial":false,"path_per_floor":["M","?","M","?","M","E","?","E","T","E","M","E","R","M","R","B",null,"M","?","M","M","M","E","R","?","T","E","M"],"character_chosen":"THE_SILENT","items_purchased":[],"campfire_rested":0,"item_purchase_floors":[],"current_hp_per_floor":[77,77,77,72,71,58,58,50,50,50,50,41,41,41,41,41,83,83,83,78,78,78,78,78,78,78,80,82,82],"gold":589,"neow_bonus":"TEN_PERCENT_HP_BONUS","is_daily":false,"chose_seed":false,"campfire_upgraded":3,"win_rate":0.0,"timestamp":1612753188,"path_taken":["M","?","M","?","M","E","?","E","T","E","M","E","R","M","R","BOSS","M","?","M","M","M","E","R","?","T","E","M"],"items_purchased_type":[],"build_version":"2020-12-22","purchased_purges":0,"victory":false,"max_hp_per_floor":[77,77,77,84,84,84,78,78,78,78,78,78,78,78,78,78,83,83,83,83,83,83,83,83,83,83,83,83,83],"card_choices":[{"not_picked":["Slice","Prepared"],"picked":"Dagger Spray","floor":1},{"not_picked":["Concentrate","Dodge and Roll"],"picked":"Deadly Poison","floor":3},{"not_picked":["Terror","Cloak And Dagger"],"picked":"Dash","floor":5},{"not_picked":["Slice","Flying Knee","Eviscerate"],"picked":"SKIP","floor":6},{"not_picked":["Prepared","Cloak And Dagger"],"picked":"Poisoned Stab","floor":8},{"not_picked":["Slice","Acrobatics"],"picked":"Bouncing Flask","floor":10},{"not_picked":["Dagger Throw","Masterful Stab"],"picked":"Poisoned Stab","floor":11},{"not_picked":["Expertise","Blade Dance"],"picked":"Glass Knife","floor":12},{"not_picked":["Flechettes","Underhanded Strike","Outmaneuver"],"picked":"SKIP","floor":14},{"not_picked":["Glass Knife","Night Terror"],"picked":"Corpse Explosion","floor":16},{"not_picked":["Prepared","Calculated Gamble"],"picked":"PiercingWail","floor":17},{"not_picked":["Slice","Finisher"],"picked":"Sucker Punch+1","floor":18},{"not_picked":["Bane","Concentrate","Masterful Stab"],"picked":"SKIP","floor":20},{"not_picked":["Dagger Spray+1","Prepared","Cloak And Dagger"],"picked":"SKIP","floor":21},{"not_picked":["Dagger Spray+1","Prepared","Cloak And Dagger"],"picked":"SKIP","floor":21},{"not_picked":["Outmaneuver","Flying Knee"],"picked":"Crippling Poison","floor":22},{"not_picked":["Acrobatics","Bane"],"picked":"Noxious Fumes","floor":23},{"not_picked":["Concentrate","Prepared"],"picked":"Tools of the Trade","floor":27}],"player_experience":34271,"relics_obtained":[{"floor":6,"key":"Turnip"},{"floor":8,"key":"PreservedInsect"},{"floor":10,"key":"Ninja Scroll"},{"floor":12,"key":"War Paint"},{"floor":23,"key":"Lantern"},{"floor":26,"key":"Blood Vial"},{"floor":27,"key":"Happy Flower"}],"event_choices":[{"damage_healed":0,"gold_gain":0,"cards_transformed":["Strike_G"],"player_choice":"Change","damage_taken":0,"max_hp_gain":0,"max_hp_loss":0,"event_name":"Living Wall","floor":2,"gold_loss":0,"cards_obtained":["Acrobatics"]},{"damage_healed":0,"gold_gain":0,"player_choice":"Success","damage_taken":12,"relics_obtained":["Strawberry"],"max_hp_gain":0,"max_hp_loss":0,"event_name":"Scrap Ooze","floor":4,"gold_loss":0},{"damage_healed":0,"gold_gain":0,"player_choice":"Lose Max HP","damage_taken":0,"relics_obtained":["Golden Idol"],"max_hp_gain":0,"max_hp_loss":6,"event_name":"Golden Idol","floor":7,"gold_loss":0},{"damage_healed":0,"gold_gain":0,"player_choice":"Ignored","damage_taken":0,"max_hp_gain":0,"max_hp_loss":0,"event_name":"Ghosts","floor":19,"gold_loss":0},{"damage_healed":0,"gold_gain":0,"player_choice":"Obtained Relic","damage_taken":0,"relics_obtained":["Kunai"],"max_hp_gain":0,"max_hp_loss":0,"event_name":"Addict","floor":25,"gold_loss":85}],"is_beta":false,"boss_relics":[{"not_picked":["Fusion Hammer","Calling Bell"],"picked":"Tiny House"}],"items_purged_floors":[],"is_endless":false,"potions_floor_spawned":[6,8,10,14,16,23],"killed_by":"Snake Plant","ascension_level":0}}