{"host":"p9vmbvw2hh2n16dn","time":1612807792,"event":{"mods":["AchievementEnabler","BaseMod","Block Reminder","Minty Spire (QoL Compilation)","Relic Stats","SuperFastMode"],"gold_per_floor":[109,119,134,146,156,188,207,234,234,234,262,262,275,44,44,145,145,155,125,138,153,153,153,153],"floor_reached":23,"language":"ENG","playtime":996,"items_purged":["Strike_B"],"score":348,"play_id":"02f3b33d-a1f8-4680-a80f-02fc5846e512","local_time":"20210208190952","is_ascension_mode":true,"campfire_choices":[{"data":"Sunder","floor":10.0,"key":"SMITH"},{"data":"Self Repair","floor":12.0,"key":"SMITH"},{"data":"Double Energy","floor":15.0,"key":"SMITH"}],"circlet_count":0,"master_deck":["Strike_B","Defend_B","Defend_B","Defend_B","Defend_B","Zap","Dualcast","Sunder+1","Undo","Glacier","Sweeping Beam","Self Repair+1","Beam Cell","Hologram","Double Energy+1","Storm","Capacitor","Sunder+1","Rainbow","CurseOfTheBell","Defragment","Leap","Buffer","Rip and Tear","Reprogram"],"relics":["SacredBark","Torii","Strawberry","White Beast Statue","InkBottle","DollysMirror","Calling Bell","Lantern","Eternal Feather","Prayer Wheel"],"acts_visited":["Exordium","TheCity"],"potions_floor_usage":[23],"damage_taken":[{"damage":1.0,"enemies":"Cultist","floor":1.0,"turns":4.0},{"damage":14.0,"enemies":"Jaw Worm","floor":2.0,"turns":5.0},{"damage":0.0,"enemies":"2 Louse","floor":3.0,"turns":2.0},{"damage":7.0,"enemies":"Lots of Slimes","floor":4.0,"turns":5.0},{"damage":2.0,"enemies":"Exordium Wildlife","floor":5.0,"turns":4.0},{"damage":0.0,"enemies":"3 Sentries","floor":6.0,"turns":2.0},{"damage":3.0,"enemies":"Gremlin Gang","floor":7.0,"turns":5.0},{"damage":13.0,"enemies":"Gremlin Nob","floor":8.0,"turns":3.0},{"damage":11.0,"enemies":"3 Sentries","floor":11.0,"turns":8.0},{"damage":16.0,"enemies":"3 Louse","floor":13.0,"turns":3.0},{"damage":37.0,"enemies":"Slime Boss","floor":16.0,"turns":11.0},{"damage":12.0,"enemies":"Spheric Guardian","floor":18.0,"turns":5.0},{"damage":25.0,"enemies":"3 Byrds","floor":20.0,"turns":7.0},{"damage":24.0,"enemies":"Snake Plant","floor":21.0,"turns":3.0},{"damage":39,"enemies":"Gremlin Leader","floor":23,"turns":5}],"seed_played":"4991609531228613385","potions_obtained":[{"floor":1.0,"key":"LiquidMemories"},{"floor":5.0,"key":"SteroidPotion"},{"floor":6.0,"key":"AttackPotion"},{"floor":11.0,"key":"Strength Potion"},{"floor":13.0,"key":"EssenceOfSteel"},{"floor":16.0,"key":"Energy Potion"},{"floor":18.0,"key":"Ancient Potion"},{"floor":19.0,"key":"PowerPotion"},{"floor":20.0,"key":"LiquidBronze"},{"floor":21.0,"key":"Block Potion"}],"is_trial":false,"path_per_floor":["M","M","M","M","M","E","M","E","T","R","E","R","M","$","R","B",null,"M","?","M","M","?","E"],"character_chosen":"DEFECT","items_purchased":["DollysMirror"],"campfire_rested":0,"item_purchase_floors":[14],"current_hp_per_floor":[67,53,53,46,44,51,55,49,49,49,45,45,39,39,39,12,65,63,63,48,34,34,0,0],"gold":153,"neow_bonus":"BOSS_RELIC","is_daily":false,"chose_seed":false,"campfire_upgraded":3,"win_rate":0.0,"timestamp":1612807792,"path_taken":["M","M","M","M","M","E","M","E","T","R","E","R","?","$","R","BOSS","M","?","M","?","?","E"],"items_purchased_type":["Relic"],"build_version":"2020-12-22","purchased_purges":1,"victory":false,"max_hp_per_floor":[75,75,75,75,75,75,75,82,82,82,82,82,82,82,82,82,82,82,82,82,82,82,82,82],"relic_stats":{"Torii":33,"counters":[15,72],"Eternal Feather":0,"Prayer Wheel":3,"obtain_stats":[{"Calling Bell":17,"Lantern":17,"Torii":6,"DollysMirror":14,"SacredBark":0,"Strawberry":8,"Eternal Feather":17,"Prayer Wheel":17,"Cracked Core":0,"White Beast Statue":9,"InkBottle":11},{"Calling Bell":11,"Lantern":11,"Torii":6,"DollysMirror":10,"SacredBark":0,"Strawberry":8,"Eternal Feather":11,"Prayer Wheel":11,"Cracked Core":0,"White Beast Statue":8,"InkBottle":9},{"Calling Bell":52,"Lantern":52,"Torii":22,"DollysMirror":41,"SacredBark":0,"Strawberry":30,"Eternal Feather":52,"Prayer Wheel":52,"Cracked Core":0,"White Beast Statue":30,"InkBottle":38}],"InkBottle":[8]},"card_choices":[{"not_picked":["Melter","Barrage"],"picked":"Sunder","floor":1.0},{"not_picked":["Rebound","Streamline"],"picked":"Undo","floor":2.0},{"not_picked":["Streamline","Darkness"],"picked":"Glacier","floor":3.0},{"not_picked":["Coolheaded","Leap"],"picked":"Sweeping Beam","floor":4.0},{"not_picked":["Ball Lightning","Consume"],"picked":"Self Repair","floor":5.0},{"not_picked":["Rebound","Turbo"],"picked":"Beam Cell","floor":6.0},{"not_picked":["Ball Lightning","Heatsinks"],"picked":"Hologram","floor":7.0},{"not_picked":["Storm","Amplify"],"picked":"Double Energy","floor":8.0},{"not_picked":["Coolheaded","Steam"],"picked":"Storm","floor":11.0},{"not_picked":["Stack","Redo"],"picked":"Capacitor","floor":13.0},{"not_picked":["All For One","Hyperbeam"],"picked":"Rainbow","floor":16.0},{"not_picked":["Gash","Heatsinks"],"picked":"Defragment","floor":18.0},{"not_picked":["Beam Cell","Redo+1","Compile Driver"],"picked":"SKIP","floor":18.0},{"not_picked":["BootSequence","Ball Lightning"],"picked":"Leap","floor":20.0},{"not_picked":["Rebound","Turbo+1","Leap"],"picked":"SKIP","floor":20.0},{"not_picked":["Static Discharge","Turbo"],"picked":"Buffer","floor":21.0},{"not_picked":["Beam Cell","Compile Driver+1","Redo"],"picked":"SKIP","floor":21.0}],"player_experience":309067,"relics_obtained":[{"floor":6.0,"key":"Torii"},{"floor":8.0,"key":"Strawberry"},{"floor":9.0,"key":"White Beast Statue"},{"floor":11.0,"key":"InkBottle"},{"floor":17.0,"key":"Lantern"},{"floor":17.0,"key":"Eternal Feather"},{"floor":17.0,"key":"Prayer Wheel"}],"event_choices":[{"damage_healed":0.0,"max_hp_gain":0.0,"max_hp_loss":0.0,"gold_gain":0.0,"event_name":"The Woman in Blue","player_choice":"Bought 2 Potions","floor":19.0,"gold_loss":0.0,"damage_taken":0.0},{"damage_healed":0.0,"max_hp_gain":0.0,"max_hp_loss":0.0,"gold_gain":0.0,"cards_transformed":["Strike_B","Strike_B"],"event_name":"Drug Dealer","player_choice":"Became Test Subject","floor":22.0,"gold_loss":0.0,"damage_taken":0.0,"cards_obtained":["Rip and Tear","Reprogram"]}],"is_beta":false,"boss_relics":[{"not_picked":["Philosopher\u0027s Stone","Empty Cage"],"picked":"Calling Bell"}],"items_purged_floors":[14],"is_endless":false,"potions_floor_spawned":[1,5,6,11,13,16,18,20,21],"killed_by":"Gremlin Leader","ascension_level":9}}