{"host":"rn4c402gwd40h2z6","time":1612792733,"event":{"mods":["A Penny For Your Troubles","Act Like it!","Ascension Unlocker","BaseMod","CapriCore","Card Forge","Challenge The Spire","DNKmod","Data Control","Downfall","Friendly Minions","Good Game Mod","Infinite Spire","Mimic Mod","Minty Spire (QoL Compilation)","Pale of the Ancients","Permanent Neow","Quick Restart","Random Character Button","Relic Filter Mod","RumiaBox-露米娅的神秘盒子","Slay the StarCraft II Mod","Spicy Shops","StSLib","The Jungle","[LAZYMAN]RSMod","noobMod","【功能Mod】混沌之环修复补丁","【功能Mod】精心准备"],"gold_per_floor":[99,116,131,143,156,188,188,188],"floor_reached":6,"language":"ZHS","playtime":549,"items_purged":[],"score":96,"play_id":"9a1b516c-3edd-4499-ba2e-390eb4a80e85","local_time":"20210208215853","is_ascension_mode":true,"campfire_choices":[{"floor":1,"key":"RECALL"}],"circlet_count":0,"master_deck":["AscendersBane","hexamod:Strike+1","hexamod:Strike+1","hexamod:Strike+1","hexamod:Strike+1","hexamod:Defend+1","hexamod:Defend+1","hexamod:Sear+1","hexamod:Float+1","Adrenaline+1","hexamod:SpectersWail+1","hexamod:SwordOfDarkness+1","hexamod:NightmareGuise+1","hexamod:Hexaguard+1"],"relics":["hexamod:SpiritBrand","Hammer of Thor","Seething Fire","Anvil of the Gods","REME:ComplimentaryCards","ice","Oddly Smooth Stone","dwlrmod:ProjectRecorder","Girya"],"acts_visited":["Exordium"],"potions_floor_usage":[],"damage_taken":[{"damage":0,"enemies":"infinitespire:Voidling","floor":2,"turns":2},{"damage":0,"enemies":"Cultist","floor":3,"turns":2},{"damage":0,"enemies":"Small Slimes","floor":4,"turns":2},{"damage":0,"enemies":"3 Louse","floor":5,"turns":2},{"damage":20,"enemies":"3 Sentries","floor":6,"turns":5}],"seed_played":"3650973365380401968","potions_obtained":[{"floor":2,"key":"hexamod:EctoCoolerPotion"},{"floor":4,"key":"Fire Potion"}],"is_trial":false,"path_per_floor":["R","M","M","M","M","E"],"character_chosen":"THE_SPIRIT","items_purchased":[],"campfire_rested":0,"item_purchase_floors":[],"current_hp_per_floor":[57,57,57,57,57,37,37,37],"gold":188,"neow_bonus":"RANDOM_COMMON_RELIC","is_daily":false,"chose_seed":false,"campfire_upgraded":0,"win_rate":0.0,"timestamp":1612792733,"path_taken":["R","M","M","?","?","E"],"items_purchased_type":[],"build_version":"2020-12-22","purchased_purges":0,"victory":false,"max_hp_per_floor":[63,63,63,63,63,63,63,63],"card_choices":[{"not_picked":["hexamod:SpectralAdrenaline","hexamod:GhostLash"],"picked":"hexamod:SpectersWail","floor":2},{"not_picked":["hexamod:BurningTouch","hexamod:Again"],"picked":"hexamod:SwordOfDarkness","floor":3},{"not_picked":["hexamod:ShieldOfDarkness","hexamod:FirstSeal"],"picked":"hexamod:NightmareGuise","floor":4},{"not_picked":["hexamod:ShieldOfDarkness","hexamod:GhostLash"],"picked":"hexamod:Hexaguard","floor":5},{"not_picked":["hexamod:UnlimitedPower","hexamod:GhostOfSpirePast","hexamod:FourthSeal"],"picked":"SKIP","floor":6}],"player_experience":144947,"relics_obtained":[{"floor":4,"key":"dwlrmod:ProjectRecorder"},{"floor":6,"key":"Girya"}],"event_choices":[],"is_beta":false,"boss_relics":[],"items_purged_floors":[],"is_endless":false,"potions_floor_spawned":[2,4,5],"killed_by":"3 Sentries","ascension_level":20}}