{"host":"owox7x4ngjt9htcc","time":1612767981,"event":{"mods":["BaseMod","Colored Map","DeckTracker","Keyboard Shortcuts","Minty Spire (QoL Compilation)","SuperFastMode"],"gold_per_floor":[114,129,129,129,204,242,261,299,299,299,318,18,37,106,106,231,231,250,269,288,307,307,345,389,433,483,546,546,696,740,759,759,884,884,903,903,922,941,97,135,135,135,135,135,179,512,512,542,542,542],"floor_reached":51,"language":"KOR","playtime":1918,"items_purged":["Corpse Explosion"],"score":1086,"play_id":"41973217-bb26-4175-bcd8-3eb0ad5bab78","local_time":"20210208160621","daily_mods":["Shiny","Green Cards","Terminal"],"is_ascension_mode":false,"campfire_choices":[{"data":"After Image","floor":15.0,"key":"SMITH"},{"floor":32.0,"key":"REST"},{"floor":41,"key":"REST"},{"floor":44,"key":"REST"},{"floor":49,"key":"REST"}],"circlet_count":0,"master_deck":["Venomology+1","Malaise","Phantasmal Killer","Die Die Die","Adrenaline","Envenom","Doppelganger+1","Burst","Wraith Form v2+1","Tools of the Trade+1","Night Terror","Unload+1","After Image+1","Bullet Time","Storm of Steel","Glass Knife","A Thousand Cuts","Judgement","MasterReality","Brilliance+1","Devotion+1","Blasphemy","Ragnarok","LessonLearned","Scrawl","Vault","Alpha","Wish","Omniscience","Establishment","SpiritShield","DevaForm","DeusExMachina","PathToVictory","Injury","Prepared+1","Dagger Spray","Setup","Regret","Cloak And Dagger","Devotion+1","DeusExMachina+1","Outmaneuver+1","Bullet Time","Shame","Dodge and Roll","Blade Dance","DeusExMachina","Backflip+1","WaveOfTheHand","Apotheosis+1","Bouncing Flask","Protect+1","Panache","Madness","Secret Technique","Blur+1"],"relics":["PureWater","Darkstone Periapt","Ancient Tea Set","Calipers","Pen Nib","Oddly Smooth Stone","PreservedInsect","Bag of Preparation","Black Star","Enchiridion","Bag of Marbles","Pantograph","Whetstone","MealTicket","Vajra","Thread and Needle","Unceasing Top","Molten Egg 2","Fusion Hammer","Shuriken","Pear","War Paint","Blue Candle","Anchor","Nunchaku","GoldenEye"],"acts_visited":["Exordium","TheCity","TheBeyond"],"potions_floor_usage":[50,50],"damage_taken":[{"damage":0.0,"enemies":"Small Slimes","floor":1.0,"turns":1.0},{"damage":0.0,"enemies":"2 Louse","floor":2.0,"turns":2.0},{"damage":3.0,"enemies":"3 Sentries","floor":6.0,"turns":4.0},{"damage":6.0,"enemies":"Jaw Worm","floor":7.0,"turns":2.0},{"damage":0.0,"enemies":"Gremlin Nob","floor":8.0,"turns":2.0},{"damage":3.0,"enemies":"Gremlin Gang","floor":11.0,"turns":3.0},{"damage":0.0,"enemies":"Large Slime","floor":13.0,"turns":4.0},{"damage":0.0,"enemies":"Blue Slaver","floor":14.0,"turns":4.0},{"damage":1.0,"enemies":"Hexaghost","floor":16.0,"turns":9.0},{"damage":4.0,"enemies":"Chosen","floor":18.0,"turns":8.0},{"damage":0.0,"enemies":"3 Byrds","floor":19.0,"turns":2.0},{"damage":6.0,"enemies":"Centurion and Healer","floor":20.0,"turns":7.0},{"damage":0.0,"enemies":"Snake Plant","floor":21.0,"turns":5.0},{"damage":7.0,"enemies":"Slavers","floor":23.0,"turns":2.0},{"damage":0.0,"enemies":"Snecko","floor":24.0,"turns":7.0},{"damage":0.0,"enemies":"Shelled Parasite and Fungi","floor":25.0,"turns":3.0},{"damage":19.0,"enemies":"Gremlin Leader","floor":27.0,"turns":5.0},{"damage":0.0,"enemies":"Colosseum Slavers","floor":29.0,"turns":7.0},{"damage":14.0,"enemies":"Colosseum Nobs","floor":29.0,"turns":7.0},{"damage":9.0,"enemies":"Centurion and Healer","floor":30.0,"turns":8.0},{"damage":3.0,"enemies":"Snecko","floor":31.0,"turns":6.0},{"damage":7.0,"enemies":"Champ","floor":33.0,"turns":8.0},{"damage":1.0,"enemies":"3 Darklings","floor":35.0,"turns":4.0},{"damage":4.0,"enemies":"3 Shapes","floor":37.0,"turns":3.0},{"damage":0.0,"enemies":"Spire Growth","floor":38.0,"turns":1.0},{"damage":0,"enemies":"Nemesis","floor":40,"turns":6},{"damage":4,"enemies":"4 Shapes","floor":45,"turns":5},{"damage":1,"enemies":"Giant Head","floor":48,"turns":6},{"damage":2,"enemies":"Time Eater","floor":50,"turns":8}],"seed_played":"-2425098010432476902","potions_obtained":[{"floor":1.0,"key":"ColorlessPotion"},{"floor":8.0,"key":"Block Potion"},{"floor":19.0,"key":"Block Potion"},{"floor":23.0,"key":"BlessingOfTheForge"},{"floor":24.0,"key":"Weak Potion"},{"floor":31.0,"key":"Explosive Potion"}],"is_trial":false,"path_per_floor":["M","M","?","?","?","E","M","E","T","?","M","$","M","M","R","B",null,"M","M","M","M","?","E","M","M","T","E","?","?","M","M","R","B",null,"M","?","M","M","$","E","R","?","T","R","M","?","?","E","R","B",null],"character_chosen":"WATCHER","items_purchased":["PreservedInsect","Bag of Preparation","Apotheosis","Shuriken","Pear","Bouncing Flask"],"campfire_rested":4,"item_purchase_floors":[12,12,39,39,39,39],"current_hp_per_floor":[70,69,62,68,57,54,48,48,48,54,51,51,51,51,51,50,66,62,62,56,56,40,33,45,45,45,26,32,18,9,6,23,41,55,54,53,49,49,60,59,58,48,48,55,51,51,51,50,50,48],"gold":542,"neow_bonus":"","is_daily":true,"chose_seed":false,"campfire_upgraded":1,"win_rate":0.0,"timestamp":1612767981,"path_taken":["M","M","?","?","?","E","M","E","T","?","M","$","?","M","R","BOSS","M","M","?","M","?","E","M","M","T","E","?","?","M","?","R","BOSS","M","?","?","M","$","E","R","?","T","R","M","?","?","E","R","BOSS"],"items_purchased_type":["Relic","Relic","Card","Relic","Relic","Card"],"build_version":"2020-12-22","purchased_purges":1,"victory":true,"max_hp_per_floor":[70,69,68,73,72,71,70,69,68,73,72,71,70,69,68,67,66,65,64,63,62,61,60,59,58,57,56,61,60,59,58,57,56,55,54,53,52,51,60,59,58,57,56,55,54,53,52,51,50,49],"card_choices":[{"not_picked":["Caltrops","FlyingSleeves","Endless Agony"],"picked":"SKIP","floor":1.0},{"not_picked":["Cloak And Dagger","LikeWater"],"picked":"PathToVictory","floor":2.0},{"not_picked":["FlurryOfBlows","Reflex"],"picked":"Prepared","floor":6.0},{"not_picked":["Heel Hook","CutThroughFate"],"picked":"Dagger Spray","floor":7.0},{"not_picked":["CutThroughFate","Phantasmal Killer"],"picked":"Setup","floor":8.0},{"not_picked":["JustLucky","Crescendo","Halt"],"picked":"SKIP","floor":11.0},{"not_picked":["Indignation","Poisoned Stab"],"picked":"Cloak And Dagger","floor":13.0},{"not_picked":["Halt","Reflex"],"picked":"Devotion","floor":14.0},{"not_picked":["Scrawl","Doppelganger"],"picked":"DeusExMachina","floor":16.0},{"not_picked":["Outmaneuver","Crippling Poison","Collect"],"picked":"SKIP","floor":18.0},{"not_picked":["Crippling Poison","Collect"],"picked":"Outmaneuver","floor":18.0},{"not_picked":["Protect","Prepared","FollowUp+1"],"picked":"SKIP","floor":19.0},{"not_picked":["FlurryOfBlows+1","Dagger Spray","Slice"],"picked":"SKIP","floor":20.0},{"not_picked":["Cloak And Dagger","Slice+1","EmptyBody"],"picked":"SKIP","floor":21.0},{"not_picked":["FollowUp","Expertise"],"picked":"Bullet Time","floor":23.0},{"not_picked":["CarveReality","Flying Knee+1","Acrobatics"],"picked":"SKIP","floor":24.0},{"not_picked":["ThirdEye","Collect","Evaluate"],"picked":"SKIP","floor":25.0},{"not_picked":["Dagger Throw","EmptyFist","Setup"],"picked":"SKIP","floor":27.0},{"not_picked":["Adaptation","ForeignInfluence"],"picked":"Dodge and Roll","floor":30.0},{"not_picked":["Slice+1","Wallop+1"],"picked":"Blade Dance","floor":31.0},{"not_picked":["Malaise","Storm of Steel"],"picked":"DeusExMachina","floor":33.0},{"not_picked":["Halt+1","FlurryOfBlows+1"],"picked":"Backflip+1","floor":35.0},{"not_picked":["Flying Knee+1","ClearTheMind","Dagger Throw+1"],"picked":"SKIP","floor":37.0},{"not_picked":["Study+1","ReachHeaven+1","MentalFortress+1"],"picked":"SKIP","floor":38},{"not_picked":["Burst","LikeWater","Protect+1"],"picked":"SKIP","floor":40},{"not_picked":["Burst","LikeWater"],"picked":"Protect+1","floor":40},{"not_picked":["Thinking Ahead","Magnetism"],"picked":"Panache","floor":42},{"not_picked":["The Bomb","Deep Breath"],"picked":"Madness","floor":42},{"not_picked":["Transmutation","Dramatic Entrance+1"],"picked":"Secret Technique","floor":42},{"not_picked":["Prepared","Sucker Punch+1"],"picked":"Blur+1","floor":45},{"not_picked":["Phantasmal Killer","Study","WreathOfFlame+1"],"picked":"SKIP","floor":48}],"player_experience":915172,"relics_obtained":[{"floor":6.0,"key":"Ancient Tea Set"},{"floor":8.0,"key":"Calipers"},{"floor":9.0,"key":"Pen Nib"},{"floor":22.0,"key":"Enchiridion"},{"floor":23.0,"key":"Bag of Marbles"},{"floor":23.0,"key":"Pantograph"},{"floor":26.0,"key":"Whetstone"},{"floor":27.0,"key":"MealTicket"},{"floor":27.0,"key":"Vajra"},{"floor":29.0,"key":"Unceasing Top"},{"floor":29.0,"key":"Molten Egg 2"},{"floor":40,"key":"War Paint"},{"floor":40,"key":"Blue Candle"},{"floor":43,"key":"Anchor"},{"floor":48,"key":"Nunchaku"},{"floor":48,"key":"GoldenEye"}],"event_choices":[{"damage_healed":0.0,"max_hp_gain":0.0,"max_hp_loss":0.0,"gold_gain":0.0,"event_name":"Scrap Ooze","player_choice":"Success","floor":3.0,"gold_loss":0.0,"damage_taken":7.0,"relics_obtained":["Darkstone Periapt"]},{"damage_healed":0.0,"max_hp_gain":0.0,"max_hp_loss":0.0,"gold_gain":0.0,"event_name":"Golden Idol","player_choice":"Take Wound","floor":4.0,"gold_loss":0.0,"damage_taken":0.0,"relics_obtained":["Golden Idol"],"cards_obtained":["Injury"]},{"damage_healed":0.0,"max_hp_gain":0.0,"max_hp_loss":0.0,"gold_gain":75.0,"event_name":"World of Goop","player_choice":"Gather Gold","floor":5.0,"gold_loss":0.0,"damage_taken":11.0},{"damage_healed":0.0,"max_hp_gain":0.0,"max_hp_loss":0.0,"gold_gain":0.0,"event_name":"Big Fish","player_choice":"Box","floor":10.0,"gold_loss":0.0,"damage_taken":0.0,"relics_obtained":["Oddly Smooth Stone"],"cards_obtained":["Regret"]},{"damage_healed":0.0,"max_hp_gain":0.0,"max_hp_loss":0.0,"gold_gain":0.0,"event_name":"Cursed Tome","player_choice":"Obtained Book","floor":22.0,"gold_loss":0.0,"damage_taken":16.0},{"damage_healed":0.0,"max_hp_gain":0.0,"max_hp_loss":0.0,"gold_gain":0.0,"event_name":"Addict","player_choice":"Stole Relic","floor":28.0,"gold_loss":0.0,"damage_taken":0.0,"relics_obtained":["Thread and Needle"],"cards_obtained":["Shame"]},{"damage_healed":0.0,"max_hp_gain":0.0,"max_hp_loss":0.0,"gold_gain":0.0,"event_name":"Colosseum","player_choice":"Fight","floor":29.0,"gold_loss":0.0,"damage_taken":0.0},{"damage_healed":0.0,"max_hp_gain":0.0,"max_hp_loss":0.0,"gold_gain":0.0,"event_name":"Colosseum","player_choice":"Fought Nobs","floor":29.0,"gold_loss":0.0,"damage_taken":0.0},{"damage_healed":0.0,"max_hp_gain":0.0,"max_hp_loss":0.0,"gold_gain":0.0,"cards_transformed":["Grand Finale"],"event_name":"Transmorgrifier","player_choice":"Transformed","floor":36.0,"gold_loss":0.0,"damage_taken":0.0,"cards_obtained":["WaveOfTheHand"]},{"damage_healed":0,"gold_gain":0,"player_choice":"Memory 3","damage_taken":10,"max_hp_gain":0,"max_hp_loss":0,"event_name":"SensoryStone","floor":42,"gold_loss":0},{"damage_healed":0,"gold_gain":333,"player_choice":"Gave Idol","damage_taken":0,"max_hp_gain":0,"max_hp_loss":0,"event_name":"The Moai Head","floor":46,"relics_lost":["Golden Idol"],"gold_loss":0},{"cards_removed":["ConjureBlade"],"damage_healed":0,"gold_gain":0,"player_choice":"Purged","damage_taken":0,"max_hp_gain":0,"max_hp_loss":0,"event_name":"Purifier","floor":47,"gold_loss":0}],"is_beta":false,"boss_relics":[{"not_picked":["Cursed Key","Ectoplasm"],"picked":"Black Star"},{"not_picked":["Tiny House","Snecko Eye"],"picked":"Fusion Hammer"}],"items_purged_floors":[39],"is_endless":false,"potions_floor_spawned":[1,8,19,23,24,25,27,29,31,37,45],"ascension_level":0}}