{"host":"ziuk3578uvufujeg","time":1612779361,"event":{"mods":["BaseMod","Challenge The Spire","Colored Map","Downfall","Hermit","Ironclad Rager","Minty Spire (QoL Compilation)","Permanent Neow","Quick Restart","Relic Stats","Replay The Spire","Spicy Shops","StSLib","The Blue Laboratory"],"gold_per_floor":[19,3,3,3,3,19,48,64,64,81,3,32,82,92,92,189,189,208,219,20,30,47,73,73,101,101,155,166,166,176,186,186,288,288,301,314,21,31,31,31,47,47,102,116,165,165,165,190,190,190,190],"floor_reached":50,"language":"ENG","playtime":3957,"items_purged":["downfall:Bewildered"],"score":986,"play_id":"3fff5f86-7d5c-43f5-b3ee-a00834c2c824","local_time":"20210208051601","is_ascension_mode":true,"campfire_choices":[{"data":"Double Tap","floor":15,"key":"SMITH"},{"data":"Heavy Blade","floor":24,"key":"SMITH"},{"floor":29,"key":"REST"},{"floor":32,"key":"REST"},{"floor":40,"key":"RECALL"},{"data":"Pommel Strike","floor":42,"key":"SMITH"},{"data":"1","floor":47,"key":"LIFT"},{"floor":49,"key":"REST"}],"circlet_count":0,"master_deck":["Bash","Twin Strike","Twin Strike","Twin Strike","Twin Strike","Twin Strike+1","Iron Wave","Iron Wave","Iron Wave","Iron Wave","Headbutt+1","downfall:Haunted","Shrug It Off","Dropkick","Double Tap+1","Anger","Abandon","ReplayTheSpireMod:Muscle Training","Amnesia","Thunderclap","downfall:Haunted","Demonic Infusion+1","Shrug It Off+1","Pommel Strike","Pummel+1","Flex+1","Heavy Blade+1","Eclipse+1","Anger+1","ReplayTheSpireMod:Muscle Training","Replay:Undeath\u0027s Touch+1","Amnesia","Dark Embrace+1","Clothesline+1","Headbutt","Decay","Exhume+1","Twin Strike","Warcry+1","Battle Trance+1","Pommel Strike+1","Anger","Shrug It Off+1","Spreading Infection","Replay:Undeath\u0027s Touch+1","Inflame"],"relics":["Burning Blood","ReplayTheSpireMod:CursedCoin","Divine Protection","Mercury Hourglass","Question Card","OrangePellets","White Beast Statue","Ring of Fury","Ring of Greed","Golden Egg","MealTicket","Ring of Chaos","Cauldron","Shuriken","ReplayTheSpireMod:Spearhead","Gremlin Horn","Black Star","Onion Ring","Ancient Tea Set","Girya","Replay:Bottled Steam","Replay:Towering Pillar of Hats"],"acts_visited":["Exordium","TheCity","TheBeyond"],"potions_floor_usage":[16,19,19,22,23,23,25,28,28,30,33,33,44,48,50,50,50],"damage_taken":[{"damage":7,"enemies":"Small Slimes","floor":1,"turns":3},{"damage":0,"enemies":"2 Louse","floor":6,"turns":2},{"damage":0,"enemies":"3 Sentries","floor":7,"turns":7},{"damage":0,"enemies":"Cultist","floor":8,"turns":2},{"damage":0,"enemies":"Exordium Wildlife","floor":10,"turns":2},{"damage":2,"enemies":"Lagavulin","floor":12,"turns":3},{"damage":0,"enemies":"Blue Slaver","floor":14,"turns":1},{"damage":1,"enemies":"Slime Boss","floor":16,"turns":5},{"damage":0,"enemies":"Spheric Guardian","floor":18,"turns":2},{"damage":2,"enemies":"3 Byrds","floor":19,"turns":3},{"damage":7,"enemies":"Snecko","floor":21,"turns":3},{"damage":6,"enemies":"Shelled Parasite and Fungi","floor":22,"turns":3},{"damage":33,"enemies":"Gremlin Leader","floor":23,"turns":4},{"damage":29,"enemies":"Book of Stabbing","floor":25,"turns":3},{"damage":4,"enemies":"Snake Plant","floor":28,"turns":3},{"damage":1,"enemies":"Cultist and Chosen","floor":30,"turns":2},{"damage":5,"enemies":"Chosen and Byrds","floor":31,"turns":3},{"damage":45,"enemies":"Pondfish","floor":33,"turns":6},{"damage":17,"enemies":"3 Darklings","floor":35,"turns":4},{"damage":19,"enemies":"3 Shapes","floor":36,"turns":3},{"damage":0,"enemies":"3 Darklings","floor":38,"turns":2},{"damage":0,"enemies":"4 Shapes","floor":41,"turns":2},{"damage":0,"enemies":"Jaw Worm Horde","floor":44,"turns":2},{"damage":0,"enemies":"2 Orb Walkers","floor":45,"turns":2},{"damage":35,"enemies":"Nemesis","floor":48,"turns":3},{"damage":66,"enemies":"Time Eater","floor":50,"turns":6}],"seed_played":"-7955767999584879162","potions_obtained":[{"floor":6,"key":"blueLaboratory:AbyssPotion"},{"floor":8,"key":"Toxic Potion"},{"floor":12,"key":"DuplicationPotion"},{"floor":14,"key":"sneckomod:MuddlingPotion"},{"floor":16,"key":"blueLaboratory:BottleOfVodka"},{"floor":18,"key":"ColorlessPotion"},{"floor":19,"key":"BloodPotion"},{"floor":20,"key":"Cursed Concoction"},{"floor":20,"key":"HeartOfIron"},{"floor":22,"key":"blueLaboratory:SavagePotion"},{"floor":23,"key":"Weak Potion"},{"floor":25,"key":"blueLaboratory:BottleOfRum"},{"floor":28,"key":"ColorlessPotion"},{"floor":30,"key":"blueLaboratory:PyrophylliteBrew"},{"floor":31,"key":"Adrenaline Potion"},{"floor":33,"key":"blueLaboratory:PhilterOfMotion"},{"floor":35,"key":"blueLaboratory:SavagePotion"},{"floor":36,"key":"blueLaboratory:BottledHope"},{"floor":38,"key":"blueLaboratory:CorrosionFlask"},{"floor":41,"key":"blueLaboratory:BottleOfVodka"},{"floor":44,"key":"SmokeBomb"},{"floor":45,"key":"FearPotion"},{"floor":48,"key":"blueLaboratory:LouseDecoction"}],"is_trial":false,"path_per_floor":["M","$","?","?","?","M","E","M","T","M","$","E","?","M","R","B",null,"M","M","$","M","M","E","R","E","T","?","M","R","M","M","R","B",null,"M","M","$","M","?","R","M","R","T","M","?","?","R","E","R","B"],"character_chosen":"IRONCLAD","items_purchased":["ReplayTheSpireMod:CursedCoin","Thunderclap","Shrug It Off","OrangePellets","Pummel","Flex","Cauldron","Onion Ring","Battle Trance"],"campfire_rested":3,"item_purchase_floors":[2,2,2,11,20,20,20,37,37],"current_hp_per_floor":[50,50,50,36,36,42,48,54,54,60,60,64,64,70,70,72,72,72,72,72,71,71,58,58,35,35,7,19,40,45,46,67,28,72,61,48,63,69,69,69,72,72,72,72,72,72,72,43,64,0,0],"gold":190,"neow_bonus":"IRONCLAD_BERSERKER","is_daily":false,"chose_seed":false,"campfire_upgraded":3,"win_rate":0.0,"timestamp":1612779361,"path_taken":["M","$","?","?","?","M","E","?","T","M","$","E","?","M","R","BOSS","M","M","$","M","M","E","R","E","T","?","M","R","M","M","R","BOSS","M","M","$","M","?","R","?","R","T","M","?","?","R","E","R","BOSS"],"items_purchased_type":["Relic","Card","Card","Relic","Card","Card","Relic","Relic","Card"],"build_version":"2020-12-22","purchased_purges":1,"victory":false,"max_hp_per_floor":[72,72,72,72,72,72,72,72,72,72,72,72,72,72,72,72,72,72,72,72,72,72,72,72,72,72,72,72,72,72,72,72,72,72,72,72,72,72,72,72,72,72,72,72,72,72,72,72,72,72,72],"relic_stats":{"OrangePellets":[8],"Gremlin Horn":[17,17],"counters":[26,81],"Shuriken":[24],"MealTicket":15,"Black Star":1,"Question Card":25,"obtain_stats":[{"Divine Protection":5,"Golden Egg":13,"Girya":45,"Gremlin Horn":27,"Replay:Towering Pillar of Hats":48,"ReplayTheSpireMod:CursedCoin":2,"Ring of Chaos":17,"Ring of Greed":13,"Question Card":9,"Ancient Tea Set":43,"Burning Blood":0,"White Beast Statue":12,"Mercury Hourglass":7,"OrangePellets":11,"Cauldron":20,"ReplayTheSpireMod:Spearhead":25,"Shuriken":23,"Ring of Fury":13,"MealTicket":13,"Onion Ring":37,"Black Star":34,"Replay:Bottled Steam":48},{"Divine Protection":1,"Golden Egg":6,"Girya":24,"Gremlin Horn":14,"Replay:Towering Pillar of Hats":25,"ReplayTheSpireMod:CursedCoin":1,"Ring of Chaos":8,"Ring of Greed":6,"Question Card":4,"Ancient Tea Set":22,"Burning Blood":0,"White Beast Statue":6,"Mercury Hourglass":3,"OrangePellets":5,"Cauldron":10,"ReplayTheSpireMod:Spearhead":14,"Shuriken":13,"Ring of Fury":6,"MealTicket":6,"Onion Ring":20,"Black Star":18,"Replay:Bottled Steam":25},{"Divine Protection":3,"Golden Egg":19,"Girya":72,"Gremlin Horn":43,"Replay:Towering Pillar of Hats":75,"ReplayTheSpireMod:CursedCoin":3,"Ring of Chaos":25,"Ring of Greed":19,"Question Card":14,"Ancient Tea Set":68,"Burning Blood":0,"White Beast Statue":19,"Mercury Hourglass":12,"OrangePellets":16,"Cauldron":30,"ReplayTheSpireMod:Spearhead":43,"Shuriken":40,"Ring of Fury":19,"MealTicket":19,"Onion Ring":64,"Black Star":57,"Replay:Bottled Steam":75}],"Burning Blood":122,"Mercury Hourglass":[295]},"card_choices":[{"not_picked":["Iron Wave","Clash"],"picked":"Headbutt","floor":1},{"not_picked":["Power Through","True Grit"],"picked":"Dropkick","floor":6},{"not_picked":["Pommel Strike","Clothesline"],"picked":"Double Tap","floor":7},{"not_picked":["Thunderclap","Sever Soul"],"picked":"Anger","floor":8},{"not_picked":["Perfected Strike","Dual Wield","Carnage"],"picked":"Abandon","floor":10},{"not_picked":["Pummel","Body Slam","Evolve"],"picked":"ReplayTheSpireMod:Muscle Training","floor":12},{"not_picked":["Body Slam","Hemokinesis","Pommel Strike"],"picked":"Thunderclap","floor":14},{"not_picked":["Replay:Many Hands","Eclipse","Feed"],"picked":"Demonic Infusion","floor":16},{"not_picked":["ICR:Frenzy+1","Heavy Blade","Pommel Strike"],"picked":"Shrug It Off+1","floor":18},{"not_picked":["ReplayTheSpireMod:Strike From Hell","Power Through","Clothesline"],"picked":"Pommel Strike","floor":19},{"not_picked":["Searing Blow+1","Perfected Strike","Wild Strike"],"picked":"Heavy Blade","floor":21},{"not_picked":["Bloodletting","Body Slam","Wild Strike"],"picked":"Eclipse","floor":22},{"not_picked":["Thunderclap","Abandon","Carnage"],"picked":"Anger+1","floor":23},{"not_picked":["Heavy Blade","Spot Weakness","Warcry+1"],"picked":"ReplayTheSpireMod:Muscle Training","floor":25},{"not_picked":["Abandon","Whirlwind","Armaments"],"picked":"Replay:Undeath\u0027s Touch","floor":27},{"not_picked":["Iron Wave+1","Flex+1","Replay:Undeath\u0027s Touch"],"picked":"Dark Embrace+1","floor":27},{"not_picked":["Abandon","Blood for Blood+1","Armaments"],"picked":"Clothesline+1","floor":28},{"not_picked":["Rupture+1","Twin Strike","Cleave","Power Through"],"picked":"SKIP","floor":30},{"not_picked":["Anger+1","Intimidate+1","Wild Strike"],"picked":"Headbutt","floor":31},{"not_picked":["Impervious","Berserk","Double Tap"],"picked":"Exhume","floor":33},{"not_picked":["Sword Boomerang","Anger","Heavy Blade+1"],"picked":"Twin Strike","floor":35},{"not_picked":["Wild Strike","Massacre","Juggernaut"],"picked":"Warcry+1","floor":36},{"not_picked":["Replay:Undeath\u0027s Touch","Feel No Pain+1","Shrug It Off+1"],"picked":"Pommel Strike","floor":38},{"not_picked":["Perfected Strike","Replay:Undeath\u0027s Touch+1","Clash+1"],"picked":"Anger","floor":41},{"not_picked":["True Grit","Clothesline","Clash"],"picked":"Shrug It Off+1","floor":44},{"not_picked":["Anger+1","Defy Death","Wild Strike+1"],"picked":"Replay:Undeath\u0027s Touch+1","floor":45},{"not_picked":["Sever Soul+1","Cleave","Metallicize+1"],"picked":"Inflame","floor":48}],"player_experience":149127,"relics_obtained":[{"floor":7,"key":"Mercury Hourglass"},{"floor":9,"key":"Question Card"},{"floor":12,"key":"White Beast Statue"},{"floor":13,"key":"Ring of Fury"},{"floor":13,"key":"Ring of Greed"},{"floor":13,"key":"Golden Egg"},{"floor":13,"key":"MealTicket"},{"floor":23,"key":"Shuriken"},{"floor":25,"key":"ReplayTheSpireMod:Spearhead"},{"floor":27,"key":"Gremlin Horn"},{"floor":43,"key":"Ancient Tea Set"},{"floor":45,"key":"Girya"},{"floor":48,"key":"Replay:Bottled Steam"},{"floor":48,"key":"Replay:Towering Pillar of Hats"}],"event_choices":[{"damage_healed":0,"gold_gain":0,"player_choice":"Ignored","damage_taken":0,"max_hp_gain":0,"max_hp_loss":0,"event_name":"Liars Game","floor":3,"gold_loss":0},{"damage_healed":0,"gold_gain":0,"player_choice":"Entered Light","damage_taken":14,"max_hp_gain":0,"max_hp_loss":0,"event_name":"Shining Light","floor":4,"gold_loss":0,"cards_upgraded":["Twin Strike","Headbutt"]},{"cards_removed":["Thunderclap"],"damage_healed":0,"gold_gain":0,"player_choice":"Gave Card","damage_taken":0,"relics_obtained":["Divine Protection"],"max_hp_gain":0,"max_hp_loss":0,"event_name":"WeMeetAgain","floor":5,"gold_loss":0},{"damage_healed":0,"gold_gain":0,"player_choice":"Ignored","damage_taken":0,"max_hp_gain":0,"max_hp_loss":0,"event_name":"SecretPortal","floor":39,"gold_loss":0},{"damage_healed":0,"gold_gain":0,"player_choice":"Fight","damage_taken":0,"max_hp_gain":0,"max_hp_loss":0,"event_name":"Mysterious Sphere","floor":45,"gold_loss":0},{"damage_healed":0,"gold_gain":0,"player_choice":"Upgraded","damage_taken":0,"max_hp_gain":0,"max_hp_loss":0,"event_name":"Upgrade Shrine","floor":46,"gold_loss":0,"cards_upgraded":["Replay:Undeath\u0027s Touch"]}],"is_beta":false,"boss_relics":[{"not_picked":["Runic Cube","Philosopher\u0027s Stone"],"picked":"Ring of Chaos"},{"not_picked":["Pandora\u0027s Box","Snecko Eye"],"picked":"Black Star"}],"items_purged_floors":[2],"is_endless":false,"potions_floor_spawned":[6,8,12,14,16,18,19,21,22,23,25,28,30,31,33,35,36,38,41,44,45,48],"killed_by":"Time Eater","ascension_level":3}}