{"host":"Alvar","time":1612802923,"event":{"mods":["AchievementEnabler","BaseMod","Minty Spire (QoL Compilation)","StSLib"],"gold_per_floor":[117,133,133,58,73,73,103,119,119,119,148,162,162,192,192,265,265,278,0,15,29,49,49,49,49],"floor_reached":24,"language":"ENG","playtime":872,"items_purged":[],"score":486,"play_id":"8039b209-2b62-4e12-8f7c-114f8d198f73","local_time":"20210208234843","is_ascension_mode":true,"campfire_choices":[{"data":"Feed","floor":6.0,"key":"SMITH"},{"data":"Bludgeon","floor":10.0,"key":"SMITH"},{"data":"Strike_R","floor":15.0,"key":"PURGE"},{"data":"Disarm","floor":23.0,"key":"SMITH"}],"circlet_count":0,"master_deck":["AscendersBane","Strike_R","Strike_R","Strike_R","Defend_R","Defend_R","Defend_R","Defend_R","Bash+1","Rampage","Perfected Strike","Feed+1","Bludgeon+1","Inflame","Seeing Red","Flame Barrier","Feed+1","Disarm+1","Clothesline+1","True Grit"],"relics":["Burning Blood","Orichalcum","Ornamental Fan","Peace Pipe","Mango","Molten Egg 2","Velvet Choker","Membership Card","Bag of Preparation"],"acts_visited":["Exordium","TheCity"],"potions_floor_usage":[],"damage_taken":[{"damage":3.0,"enemies":"2 Louse","floor":1.0,"turns":3.0},{"damage":4.0,"enemies":"Small Slimes","floor":2.0,"turns":3.0},{"damage":6.0,"enemies":"Jaw Worm","floor":5.0,"turns":2.0},{"damage":28.0,"enemies":"3 Sentries","floor":7.0,"turns":9.0},{"damage":9.0,"enemies":"Blue Slaver","floor":8.0,"turns":4.0},{"damage":24.0,"enemies":"Gremlin Nob","floor":11.0,"turns":4.0},{"damage":17.0,"enemies":"Exordium Thugs","floor":12.0,"turns":6.0},{"damage":22.0,"enemies":"3 Sentries","floor":14.0,"turns":8.0},{"damage":29.0,"enemies":"The Guardian","floor":16.0,"turns":10.0},{"damage":5.0,"enemies":"Spheric Guardian","floor":18.0,"turns":3.0},{"damage":7.0,"enemies":"2 Thieves","floor":20.0,"turns":5.0},{"damage":21.0,"enemies":"Snake Plant","floor":21.0,"turns":3.0},{"damage":20.0,"enemies":"Centurion and Healer","floor":22.0,"turns":8.0},{"damage":83,"enemies":"Slavers","floor":24,"turns":4}],"seed_played":"-8866866977825134775","potions_obtained":[{"floor":8.0,"key":"Dexterity Potion"},{"floor":12.0,"key":"ColorlessPotion"},{"floor":16.0,"key":"SpeedPotion"},{"floor":18.0,"key":"SkillPotion"},{"floor":22.0,"key":"DuplicationPotion"}],"is_trial":false,"path_per_floor":["M","M","?","?","M","R","E","M","T","R","E","M","?","E","R","B",null,"M","$","M","M","M","R","E"],"character_chosen":"IRONCLAD","items_purchased":["Membership Card","Bag of Preparation","Disarm"],"campfire_rested":0,"item_purchase_floors":[19,19,19],"current_hp_per_floor":[71,73,73,73,73,73,55,56,56,56,56,49,49,37,37,14,85,86,86,89,74,68,68,0,0],"gold":49,"neow_bonus":"RANDOM_COMMON_RELIC","is_daily":false,"chose_seed":false,"campfire_upgraded":3,"win_rate":0.0,"timestamp":1612802923,"path_taken":["M","M","?","?","M","R","E","M","T","R","E","M","?","E","R","BOSS","M","$","M","M","M","R","E"],"items_purchased_type":["Relic","Relic","Card"],"build_version":"2020-12-18","purchased_purges":0,"victory":false,"max_hp_per_floor":[75,75,75,75,75,75,79,83,83,83,101,105,105,109,109,109,109,109,109,113,113,121,121,125,125],"card_choices":[{"not_picked":["Twin Strike","Heavy Blade"],"picked":"Rampage","floor":1.0},{"not_picked":["Heavy Blade","Sentinel"],"picked":"Perfected Strike","floor":2.0},{"not_picked":["Seeing Red","Iron Wave"],"picked":"Feed","floor":5.0},{"not_picked":["Clothesline","Anger"],"picked":"Bludgeon","floor":7.0},{"not_picked":["Sword Boomerang","Dark Embrace","Clash"],"picked":"SKIP","floor":8.0},{"not_picked":["Wild Strike","Fire Breathing"],"picked":"Inflame","floor":11.0},{"not_picked":["Anger","Rupture"],"picked":"Seeing Red","floor":12.0},{"not_picked":["Battle Trance","Armaments"],"picked":"Flame Barrier","floor":14.0},{"not_picked":["Double Tap","Bludgeon+1"],"picked":"Feed+1","floor":16.0},{"not_picked":["Second Wind","Clash+1","Dropkick+1"],"picked":"SKIP","floor":18.0},{"not_picked":["Body Slam+1","Anger+1"],"picked":"Clothesline+1","floor":20.0},{"not_picked":["Reckless Charge+1","Dual Wield"],"picked":"True Grit","floor":21.0},{"not_picked":["Wild Strike+1","Warcry","Anger+1"],"picked":"SKIP","floor":22.0}],"player_experience":806006,"relics_obtained":[{"floor":7.0,"key":"Ornamental Fan"},{"floor":9.0,"key":"Peace Pipe"},{"floor":11.0,"key":"Mango"},{"floor":14.0,"key":"Molten Egg 2"}],"event_choices":[{"damage_healed":0.0,"max_hp_gain":0.0,"max_hp_loss":0.0,"gold_gain":0.0,"event_name":"Living Wall","player_choice":"Grow","floor":3.0,"gold_loss":0.0,"damage_taken":0.0,"cards_upgraded":["Bash"]},{"cards_removed":["Strike_R"],"damage_healed":0.0,"max_hp_gain":0.0,"max_hp_loss":0.0,"gold_gain":0.0,"event_name":"The Cleric","player_choice":"Card Removal","floor":4.0,"gold_loss":75.0,"damage_taken":0.0},{"damage_healed":0.0,"max_hp_gain":0.0,"max_hp_loss":0.0,"gold_gain":0.0,"event_name":"Liars Game","player_choice":"Ignored","floor":13.0,"gold_loss":0.0,"damage_taken":0.0}],"is_beta":true,"boss_relics":[{"not_picked":["Black Star","Runic Pyramid"],"picked":"Velvet Choker"}],"items_purged_floors":[],"is_endless":false,"potions_floor_spawned":[8,12,16,18,22],"killed_by":"Slavers","ascension_level":20}}