{"host":"a1eatafr7pisesky","time":1612786516,"event":{"mods":["AchievementEnabler","BaseMod","Colored Map","Keyboard Shortcuts","Minty Spire (QoL Compilation)","Say the Spire","StSLib","SuperFastMode","everything is the same but u backflip on backflip"],"gold_per_floor":[114,45,68,83,83,118,118,137,137,137,162,181,208,224,224,295,295,305,320,107,126,45,75,75,75,75,88,88,98,133,58,58,131,131,144,1143,1143,1193,1206,1233,854,834,887,887,898,898,432,460,460,460,460,460,21,52,52],"floor_reached":56,"language":"KOR","playtime":1264,"items_purged":["Scrape+1","Normality","Normality","Defend_B"],"score":2101,"play_id":"cf3ccaa9-0926-4db0-8ad9-439f65ffe489","local_time":"20210208211516","is_ascension_mode":true,"campfire_choices":[{"data":"Defragment","floor":7.0,"key":"SMITH"},{"data":"Defragment","floor":10.0,"key":"SMITH"},{"data":"Dualcast","floor":15.0,"key":"SMITH"},{"data":"Recycle","floor":32.0,"key":"SMITH"},{"data":"Seek","floor":44.0,"key":"SMITH"},{"floor":49.0,"key":"RECALL"},{"data":"Master of Strategy","floor":52,"key":"SMITH"}],"circlet_count":0,"master_deck":["AscendersBane","Defend_B","Defend_B+1","Zap","Dualcast+1","Defragment+1","Defragment+1","Ball Lightning","Turbo","Cold Snap","Doom and Gloom","Loop+1","Biased Cognition+1","Static Discharge+1","Echo Form+1","Creative AI+1","Glacier","Electrodynamics+1","Coolheaded","Storm+1","Recycle+1","Heatsinks+1","Chill","Seek+1","Compile Driver+1","Defragment+1","Defragment+1","Self Repair+1","Stack+1","Master of Strategy+1","Parasite","Cold Snap"],"relics":["Cracked Core","NeowsBlessing","Bag of Marbles","Orichalcum","Bird Faced Urn","Frozen Egg 2","Pear","Astrolabe","Lizard Tail","The Courier","Cables","Boot","Runic Dome","Ice Cream","Blue Candle","OrangePellets","Lantern","Nunchaku","War Paint","Mummified Hand","DataDisk","Bag of Preparation"],"acts_visited":["Exordium","TheCity","TheBeyond","TheEnding"],"potions_floor_usage":[50,55],"damage_taken":[{"damage":0.0,"enemies":"Cultist","floor":1.0,"turns":1.0},{"damage":0.0,"enemies":"Jaw Worm","floor":4.0,"turns":1.0},{"damage":0.0,"enemies":"3 Sentries","floor":6.0,"turns":1.0},{"damage":0.0,"enemies":"Small Slimes","floor":8.0,"turns":3.0},{"damage":8.0,"enemies":"Gremlin Nob","floor":11.0,"turns":4.0},{"damage":8.0,"enemies":"Red Slaver","floor":12.0,"turns":3.0},{"damage":16.0,"enemies":"3 Sentries","floor":13.0,"turns":5.0},{"damage":0.0,"enemies":"Large Slime","floor":14.0,"turns":3.0},{"damage":32.0,"enemies":"Hexaghost","floor":16.0,"turns":4.0},{"damage":6.0,"enemies":"Spheric Guardian","floor":18.0,"turns":3.0},{"damage":6.0,"enemies":"Chosen","floor":19.0,"turns":3.0},{"damage":20.0,"enemies":"Shelled Parasite and Fungi","floor":21.0,"turns":3.0},{"damage":19.0,"enemies":"Book of Stabbing","floor":23.0,"turns":3.0},{"damage":5.0,"enemies":"Snecko","floor":27.0,"turns":3.0},{"damage":12.0,"enemies":"Chosen and Byrds","floor":29.0,"turns":2.0},{"damage":7.0,"enemies":"Slavers","floor":30.0,"turns":2.0},{"damage":1.0,"enemies":"Automaton","floor":33.0,"turns":6.0},{"damage":3.0,"enemies":"3 Shapes","floor":35.0,"turns":2.0},{"damage":17.0,"enemies":"2 Orb Walkers","floor":38.0,"turns":3.0},{"damage":23.0,"enemies":"Orb Walker","floor":39.0,"turns":3.0},{"damage":14.0,"enemies":"Giant Head","floor":40.0,"turns":5.0},{"damage":21.0,"enemies":"Writhing Mass","floor":45.0,"turns":3.0},{"damage":31.0,"enemies":"Nemesis","floor":48.0,"turns":5.0},{"damage":65,"enemies":"Awakened One","floor":50,"turns":7},{"damage":0,"enemies":"Shield and Spear","floor":54,"turns":2},{"damage":63,"enemies":"The Heart","floor":55,"turns":5}],"seed_played":"1052980127365710544","potions_obtained":[{"floor":1.0,"key":"PowerPotion"},{"floor":4.0,"key":"SkillPotion"},{"floor":16.0,"key":"FocusPotion"},{"floor":29.0,"key":"DuplicationPotion"},{"floor":39.0,"key":"DuplicationPotion"}],"is_trial":false,"path_per_floor":["M","$","T","M","?","E","R","M","T","R","E","M","E","M","R","B",null,"M","M","$","M","$","E","T","?","T","M","?","M","E","?","R","B",null,"M","?","?","?","M","E","$","?","T","R","M","?","$","E","R","B",null,"R","$","E","B",null],"character_chosen":"DEFECT","items_purchased":["Defragment","Electrodynamics+1","Storm+1","Defragment+1","Self Repair+1","Stack","Master of Strategy","OrangePellets","Lantern","Nunchaku","Mummified Hand","DataDisk"],"campfire_rested":0,"item_purchase_floors":[2,20,22,41,41,41,41,47,47,47,53,53],"current_hp_per_floor":[64,64,64,64,64,64,64,64,64,64,60,56,56,60,60,36,70,76,78,78,67,67,58,58,58,58,65,65,65,66,66,66,81,81,81,81,81,70,59,73,73,73,73,73,70,60,60,79,79,65,77,77,77,81,56],"gold":52,"neow_bonus":"THREE_ENEMY_KILL","is_daily":false,"chose_seed":false,"campfire_upgraded":6,"win_rate":0.0,"timestamp":1612786516,"path_taken":["M","$","?","M","?","E","R","M","T","R","E","M","E","?","R","BOSS","M","?","$","M","$","E","?","?","T","M","?","?","E","?","R","BOSS","M","?","?","?","M","E","$","?","T","R","?","?","$","E","R","BOSS","R","$","E","BOSS"],"items_purchased_type":["Card","Card","Card","Card","Card","Card","Card","Relic","Relic","Relic","Relic","Relic"],"build_version":"2020-12-22","purchased_purges":4,"victory":true,"max_hp_per_floor":[71,71,71,71,71,71,71,71,71,71,71,71,81,81,81,81,81,81,81,81,81,81,81,81,81,81,81,81,81,81,81,81,81,81,81,81,81,81,81,81,81,81,81,81,81,81,81,81,81,81,81,81,81,81,81],"card_choices":[{"not_picked":["Hello World","Melter"],"picked":"Defragment","floor":1.0},{"not_picked":["Turbo","Static Discharge"],"picked":"Ball Lightning","floor":4.0},{"not_picked":["Gash","Lockon"],"picked":"Turbo","floor":6.0},{"not_picked":["Steam","Aggregate"],"picked":"Cold Snap","floor":8.0},{"not_picked":["Sunder","Leap"],"picked":"Doom and Gloom","floor":11.0},{"not_picked":["Coolheaded","Streamline"],"picked":"Loop+1","floor":12.0},{"not_picked":["Sunder","Doom and Gloom"],"picked":"Biased Cognition+1","floor":13.0},{"not_picked":["Leap","Streamline"],"picked":"Static Discharge+1","floor":14.0},{"not_picked":["Machine Learning+1","Creative AI+1"],"picked":"Echo Form+1","floor":16.0},{"not_picked":["Stack","Scrape","Conserve Battery"],"picked":"SKIP","floor":18.0},{"not_picked":["Beam Cell","Reprogram"],"picked":"Glacier","floor":19.0},{"not_picked":["Barrage+1","Static Discharge+1"],"picked":"Coolheaded","floor":21.0},{"not_picked":["Scrape","Reinforced Body"],"picked":"Recycle","floor":23.0},{"not_picked":["Go for the Eyes","Leap+1"],"picked":"Heatsinks+1","floor":27.0},{"not_picked":["Heatsinks+1","Rainbow"],"picked":"Chill","floor":29.0},{"not_picked":["Conserve Battery+1","Compile Driver","Sunder"],"picked":"SKIP","floor":30.0},{"not_picked":["Echo Form+1","Fission"],"picked":"Seek","floor":33.0},{"not_picked":["Beam Cell","Coolheaded"],"picked":"Compile Driver+1","floor":35.0},{"not_picked":["Sweeping Beam","Beam Cell"],"picked":"Defragment+1","floor":39.0},{"not_picked":["Electrodynamics+1","Glacier","Beam Cell"],"picked":"SKIP","floor":40.0},{"not_picked":["Gash+1","Chill","Turbo"],"picked":"SKIP","floor":45.0},{"not_picked":["Storm+1","Stack","Glacier"],"picked":"SKIP","floor":48.0},{"not_picked":["Rebound+1","Gash"],"picked":"Cold Snap","floor":54}],"player_experience":423831,"relics_obtained":[{"floor":3.0,"key":"Bag of Marbles"},{"floor":6.0,"key":"Orichalcum"},{"floor":9.0,"key":"Bird Faced Urn"},{"floor":11.0,"key":"Frozen Egg 2"},{"floor":13.0,"key":"Pear"},{"floor":23.0,"key":"Lizard Tail"},{"floor":24.0,"key":"The Courier"},{"floor":26.0,"key":"Cables"},{"floor":30.0,"key":"Boot"},{"floor":38.0,"key":"Ice Cream"},{"floor":40.0,"key":"Blue Candle"},{"floor":48.0,"key":"War Paint"},{"floor":54,"key":"Bag of Preparation"}],"event_choices":[{"cards_removed":["Strike_B"],"damage_healed":0.0,"max_hp_gain":0.0,"max_hp_loss":0.0,"gold_gain":0.0,"event_name":"Purifier","player_choice":"Purged","floor":5.0,"gold_loss":0.0,"damage_taken":0.0},{"damage_healed":0.0,"max_hp_gain":0.0,"max_hp_loss":0.0,"gold_gain":0.0,"event_name":"Vampires","player_choice":"Ignored","floor":25.0,"gold_loss":0.0,"damage_taken":0.0},{"damage_healed":0.0,"max_hp_gain":0.0,"max_hp_loss":0.0,"gold_gain":0.0,"event_name":"Lab","player_choice":"Got Potions","floor":28.0,"gold_loss":0.0,"damage_taken":0.0},{"cards_removed":["Strike_B"],"damage_healed":0.0,"max_hp_gain":0.0,"max_hp_loss":0.0,"gold_gain":0.0,"event_name":"Beggar","player_choice":"Gave Gold","floor":31.0,"gold_loss":75.0,"damage_taken":0.0},{"damage_healed":0.0,"max_hp_gain":0.0,"max_hp_loss":0.0,"gold_gain":999.0,"event_name":"MindBloom","player_choice":"Gold","floor":36.0,"gold_loss":0.0,"damage_taken":0.0,"cards_obtained":["Normality","Normality"]},{"cards_removed":["Steam Power"],"damage_healed":0.0,"max_hp_gain":0.0,"max_hp_loss":0.0,"gold_gain":0.0,"event_name":"Falling","player_choice":"Removed Skill","floor":37.0,"gold_loss":0.0,"damage_taken":0.0},{"damage_healed":0.0,"max_hp_gain":0.0,"max_hp_loss":0.0,"gold_gain":0.0,"event_name":"Mysterious Sphere","player_choice":"Fight","floor":38.0,"gold_loss":0.0,"damage_taken":0.0},{"damage_healed":0.0,"max_hp_gain":0.0,"max_hp_loss":0.0,"gold_gain":0.0,"event_name":"The Woman in Blue","player_choice":"Bought 1 Potion","floor":42.0,"gold_loss":0.0,"damage_taken":0.0},{"damage_healed":0.0,"max_hp_gain":0.0,"max_hp_loss":0.0,"gold_gain":0.0,"event_name":"SensoryStone","player_choice":"Memory 3","floor":46.0,"gold_loss":0.0,"damage_taken":10.0}],"is_beta":false,"boss_relics":[{"not_picked":["Ectoplasm","Runic Pyramid"],"picked":"Astrolabe"},{"not_picked":["Calling Bell","Velvet Choker"],"picked":"Runic Dome"}],"items_purged_floors":[20,41,47,53],"is_endless":false,"potions_floor_spawned":[1,4,12,16,18,21,27,29,39,45],"ascension_level":15}}