{"host":"0t49mrxx90xkfqmj","time":1612787005,"event":{"mods":["AchievementEnabler","BaseMod","Colored Map","Colored Powertips","Minty Spire (QoL Compilation)","Quick Restart","Relic Stats","Synergy Search"],"gold_per_floor":[119,134,134,153,168,198,211,211,211,231,261,137,172,186,186,282,282,299,311,58,75,94,126,139,139,139],"floor_reached":25,"language":"ENG","playtime":2472,"items_purged":["Strike_R"],"score":336,"play_id":"6f4ccb50-e042-4d3e-8b7a-afa23122d6af","local_time":"20210208142325","is_ascension_mode":true,"campfire_choices":[{"data":"Metallicize","floor":8,"key":"SMITH"},{"floor":15,"key":"REST"}],"circlet_count":0,"master_deck":["Strike_R","Strike_R","Strike_R","Strike_R","Defend_R","Defend_R","Defend_R","Defend_R","Bash","Pain","Juggernaut","Metallicize+1","Entrench","Armaments","Iron Wave","Iron Wave","Feed","Iron Wave","Shrug It Off","Iron Wave","Spot Weakness"],"relics":["Burning Blood","WarpedTongs","Strawberry","Bottled Tornado","Shuriken","Pantograph","SacredBark","Happy Flower","Vajra"],"acts_visited":["Exordium","TheCity"],"potions_floor_usage":[5,13,13,16,24],"damage_taken":[{"damage":5,"enemies":"Small Slimes","floor":1,"turns":3},{"damage":1,"enemies":"Cultist","floor":2,"turns":3},{"damage":3,"enemies":"Jaw Worm","floor":4,"turns":3},{"damage":19,"enemies":"Large Slime","floor":5,"turns":8},{"damage":43,"enemies":"3 Sentries","floor":6,"turns":13},{"damage":2,"enemies":"2 Fungi Beasts","floor":7,"turns":4},{"damage":8,"enemies":"Looter","floor":10,"turns":3},{"damage":24,"enemies":"Gremlin Nob","floor":11,"turns":5},{"damage":19,"enemies":"3 Sentries","floor":13,"turns":7},{"damage":13,"enemies":"3 Louse","floor":14,"turns":6},{"damage":32,"enemies":"The Guardian","floor":16,"turns":11},{"damage":40,"enemies":"2 Thieves","floor":18,"turns":5},{"damage":13,"enemies":"Shell Parasite","floor":19,"turns":7},{"damage":18,"enemies":"Cultist and Chosen","floor":21,"turns":7},{"damage":13,"enemies":"Shelled Parasite and Fungi","floor":22,"turns":6},{"damage":22,"enemies":"Book of Stabbing","floor":23,"turns":6},{"damage":11,"enemies":"3 Cultists","floor":24,"turns":5},{"damage":37,"enemies":"Slavers","floor":25,"turns":2}],"seed_played":"-7722069832305007509","potions_obtained":[{"floor":1,"key":"Swift Potion"},{"floor":2,"key":"Block Potion"},{"floor":11,"key":"SkillPotion"},{"floor":13,"key":"AttackPotion"},{"floor":18,"key":"ElixirPotion"},{"floor":21,"key":"SteroidPotion"},{"floor":23,"key":"Fire Potion"}],"is_trial":false,"path_per_floor":["M","M","?","M","M","E","M","R","T","M","E","$","E","M","R","B",null,"M","M","$","M","M","E","M","E"],"character_chosen":"IRONCLAD","items_purchased":["Armaments","Happy Flower","Shrug It Off","Iron Wave"],"campfire_rested":1,"item_purchase_floors":[12,20,20,20],"current_hp_per_floor":[88,88,88,88,75,45,49,49,49,47,29,29,16,9,37,36,95,61,58,58,50,46,34,33,0,0],"gold":139,"neow_bonus":"TEN_PERCENT_HP_BONUS","is_daily":false,"chose_seed":false,"campfire_upgraded":1,"win_rate":0.0,"timestamp":1612787005,"path_taken":["M","M","?","M","?","E","M","R","T","M","E","$","E","M","R","BOSS","M","?","$","M","M","E","M","E"],"items_purchased_type":["Card","Relic","Card","Card"],"build_version":"2020-12-22","purchased_purges":1,"victory":false,"max_hp_per_floor":[88,88,88,88,88,95,95,95,95,95,95,95,95,95,95,95,95,95,99,99,103,106,110,114,114,114],"relic_stats":{"Happy Flower":[8],"counters":[18,104],"Shuriken":[8],"Pantograph":25,"obtain_stats":[{"Happy Flower":20,"Shuriken":11,"Strawberry":6,"Pantograph":13,"SacredBark":17,"Vajra":23,"Bottled Tornado":9,"Burning Blood":0,"WarpedTongs":3},{"Happy Flower":13,"Shuriken":8,"Strawberry":5,"Pantograph":9,"SacredBark":11,"Vajra":16,"Bottled Tornado":6,"Burning Blood":0,"WarpedTongs":2},{"Happy Flower":78,"Shuriken":42,"Strawberry":30,"Pantograph":49,"SacredBark":66,"Vajra":97,"Bottled Tornado":34,"Burning Blood":0,"WarpedTongs":6}],"Burning Blood":93,"WarpedTongs":[95]},"card_choices":[{"not_picked":["Reckless Charge","Warcry","Dual Wield"],"picked":"SKIP","floor":1},{"not_picked":["Clothesline","Havoc","Wild Strike"],"picked":"SKIP","floor":2},{"not_picked":["Sentinel","Combust","Feel No Pain"],"picked":"SKIP","floor":4},{"not_picked":["True Grit","Pommel Strike","Uppercut"],"picked":"SKIP","floor":5},{"not_picked":["Twin Strike","Anger"],"picked":"Juggernaut","floor":6},{"not_picked":["Rampage","Disarm"],"picked":"Metallicize","floor":7},{"not_picked":["Combust","Flex"],"picked":"Entrench","floor":10},{"not_picked":["Bloodletting","Dark Embrace","Havoc"],"picked":"SKIP","floor":11},{"not_picked":["Havoc","Dark Embrace"],"picked":"Iron Wave","floor":13},{"not_picked":["Headbutt","Anger"],"picked":"Iron Wave","floor":14},{"not_picked":["Immolate","Reaper"],"picked":"Feed","floor":16},{"not_picked":["Ghostly Armor","Anger"],"picked":"Iron Wave","floor":18},{"not_picked":["Clash","Perfected Strike","Heavy Blade+1"],"picked":"SKIP","floor":19},{"not_picked":["Pommel Strike","Perfected Strike","Searing Blow"],"picked":"SKIP","floor":21},{"not_picked":["Flame Barrier","Heavy Blade"],"picked":"Spot Weakness","floor":22},{"not_picked":["Cleave","Warcry+1","Hemokinesis"],"picked":"SKIP","floor":23},{"not_picked":["Seeing Red","Offering","Heavy Blade"],"picked":"SKIP","floor":24}],"player_experience":220378,"relics_obtained":[{"floor":6,"key":"Strawberry"},{"floor":9,"key":"Bottled Tornado"},{"floor":11,"key":"Shuriken"},{"floor":13,"key":"Pantograph"},{"floor":23,"key":"Vajra"}],"event_choices":[{"damage_healed":0,"gold_gain":0,"player_choice":"Rummage","damage_taken":0,"relics_obtained":["WarpedTongs"],"max_hp_gain":0,"max_hp_loss":0,"event_name":"Accursed Blacksmith","floor":3,"gold_loss":0,"cards_obtained":["Pain"]}],"is_beta":false,"boss_relics":[{"not_picked":["Runic Dome","Busted Crown"],"picked":"SacredBark"}],"items_purged_floors":[12],"is_endless":false,"potions_floor_spawned":[1,2,11,13,18,21,23],"killed_by":"Slavers","ascension_level":1}}