{"host":"92wx9z21c4p52du4","time":1612764072,"event":{"mods":["Act Like it!","Arknights","Bard","BaseMod","Infinite Spire","Lobotomy","Minty Spire (QoL Compilation)","Reliquary","Robot Space Explorer","StSLib","SuperFastMode","The Blue Laboratory","The Disciple","The Hierophant","The Jungle","The Runesmith","TheSurvivalist"],"gold_per_floor":[112,112,140,168,186,186,222,62,62,138,209,328,27,105,105,105,105],"floor_reached":16,"language":"ENG","playtime":750,"items_purged":["hierophant:Strike_Hierophant"],"score":112,"play_id":"f107c557-9545-49ec-ade8-1759c3c0fb03","local_time":"20210208000112","is_ascension_mode":false,"campfire_choices":[{"data":"hierophant:DisplayOfPower","floor":6,"key":"SMITH"},{"data":"hierophant:ChurchCoffers","floor":15,"key":"SMITH"}],"circlet_count":0,"master_deck":["hierophant:Strike_Hierophant","hierophant:Strike_Hierophant","hierophant:Strike_Hierophant","hierophant:Punish","hierophant:Defend_Hierophant","hierophant:Defend_Hierophant","hierophant:Defend_Hierophant","hierophant:Defend_Hierophant","hierophant:ChurchCoffers+1","hierophant:Doubloon","hierophant:CoinFling","hierophant:DisplayOfPower+1","hierophant:Doubloon","hierophant:Generosity","hierophant:MirrorShield","hierophant:ThreeLashes","hierophant:BulkyChest","hierophant:Bribe","hierophant:HammerAndAnvil","hierophant:Alms","hierophant:Community","hierophant:Racketeering"],"relics":["hierophant:PropheticMaskRelic","Vajra","CultistMask","Mango","Mummified Hand","reliquary:FeatherDuster","Blood Vial","Bronze Scales"],"acts_visited":["Exordium"],"potions_floor_usage":[5,7,11],"damage_taken":[{"damage":0,"enemies":"2 Louse","floor":1,"turns":2},{"damage":1,"enemies":"Cultist","floor":3,"turns":3},{"damage":8,"enemies":"Jaw Worm","floor":4,"turns":3},{"damage":0,"enemies":"Exordium Thugs","floor":5,"turns":5},{"damage":8,"enemies":"Gremlin Nob","floor":7,"turns":3},{"damage":0,"enemies":"Exordium Wildlife","floor":10,"turns":2},{"damage":13,"enemies":"Lagavulin","floor":11,"turns":5},{"damage":17,"enemies":"3 Sentries","floor":12,"turns":8},{"damage":12,"enemies":"Gremlin Gang","floor":14,"turns":5},{"damage":35,"enemies":"Slime Boss","floor":16,"turns":3}],"seed_played":"-9104847395305828149","potions_obtained":[{"floor":1,"key":"blueLaboratory:FrostheartPotion"},{"floor":5,"key":"SteroidPotion"},{"floor":7,"key":"AttackPotion"}],"is_trial":false,"path_per_floor":["M","?","M","M","M","R","E","$","T","M","E","?","$","M","R","B"],"character_chosen":"HIEROPHANT","items_purchased":["hierophant:BulkyChest","Bronze Scales","hierophant:Community"],"campfire_rested":0,"item_purchase_floors":[8,13,13],"current_hp_per_floor":[75,75,74,66,66,66,72,72,72,72,59,42,42,32,32,0,0],"gold":105,"neow_bonus":"RANDOM_COMMON_RELIC","is_daily":false,"chose_seed":false,"campfire_upgraded":2,"win_rate":0.0,"timestamp":1612764072,"path_taken":["M","?","M","M","M","R","E","$","T","?","E","?","$","M","R","BOSS"],"items_purchased_type":["Card","Relic","Card"],"build_version":"2020-12-22","purchased_purges":1,"victory":false,"max_hp_per_floor":[75,75,75,75,75,75,89,89,89,89,89,89,89,89,89,89,89],"card_choices":[{"not_picked":["hierophant:HammerAndAnvil","hierophant:ArchangelShield"],"picked":"hierophant:CoinFling","floor":1},{"not_picked":["hierophant:PassingBell","hierophant:Purify"],"picked":"hierophant:DisplayOfPower","floor":3},{"not_picked":["hierophant:DisplayOfPower","hierophant:Encroach"],"picked":"hierophant:Generosity","floor":4},{"not_picked":["hierophant:HolyVerse","hierophant:Mercenaries"],"picked":"hierophant:MirrorShield","floor":5},{"not_picked":["hierophant:Doubloon","hierophant:Exaltation"],"picked":"hierophant:ThreeLashes","floor":7},{"not_picked":["hierophant:MorningPrayer","hierophant:Embezzle"],"picked":"hierophant:Bribe","floor":10},{"not_picked":["hierophant:FieryStrike","hierophant:Smite"],"picked":"hierophant:HammerAndAnvil","floor":11},{"not_picked":["hierophant:Encroach","hierophant:Patience"],"picked":"hierophant:Alms","floor":12},{"not_picked":["hierophant:TollTheBells","hierophant:MirrorShield"],"picked":"hierophant:Racketeering","floor":14}],"player_experience":230377,"relics_obtained":[{"floor":7,"key":"Mango"},{"floor":9,"key":"Mummified Hand"},{"floor":11,"key":"reliquary:FeatherDuster"},{"floor":12,"key":"Blood Vial"}],"event_choices":[{"damage_healed":0,"gold_gain":0,"player_choice":"Trade","damage_taken":0,"relics_obtained":["CultistMask"],"max_hp_gain":0,"max_hp_loss":0,"event_name":"FaceTrader","floor":2,"gold_loss":0},{"damage_healed":0,"gold_gain":0,"player_choice":"Searched \u00272\u0027 times","damage_taken":0,"max_hp_gain":0,"max_hp_loss":0,"event_name":"Dead Adventurer","floor":12,"gold_loss":0}],"is_beta":false,"boss_relics":[],"items_purged_floors":[13],"is_endless":false,"potions_floor_spawned":[1,5,7],"killed_by":"Slime Boss","ascension_level":0}}