{"host":"x730sfaw5rd1mxd8","time":1612748485,"event":{"mods":["BaseMod","BetterRewards","Colored Powertips","Highlight Path","Minty Spire (QoL Compilation)","Relic Sorter","Relic Stats","Replay The Spire","StSLib"],"gold_per_floor":[118,135,153,171,187,212,212,241,286,107,141,152,252,263,263,359,359,371,371,383,396,396,427,427,459,459,477,477,487,522,522,522,618,618,629,649,649,649,649,649],"floor_reached":39,"language":"ENG","playtime":2531,"items_purged":["Strike_P","Strike_P","Strike_P","Strike_P"],"score":965,"play_id":"05eee384-3cc4-45cb-a335-51396e3cdd1c","local_time":"20210207204125","is_ascension_mode":true,"campfire_choices":[{"data":"Apotheosis","floor":7,"key":"SMITH"},{"data":"Devotion","floor":15,"key":"SMITH"},{"floor":24,"key":"REST"},{"data":"DevaForm","floor":32,"key":"SMITH"}],"circlet_count":0,"master_deck":["Defend_P+1","Defend_P+1","Defend_P+1","Defend_P+1","Eruption","Vigilance","CutThroughFate","Wireheading","EmptyFist","ClearTheMind","Apotheosis+1","Tantrum","Consecrate","Halt","Adaptation","Protect","Halt","CarveReality","Wallop","WaveOfTheHand","Devotion+1","DevaForm+1","FlurryOfBlows+1","CrushJoints+1","FlyingSleeves+1","MasterReality","Establishment","Protect+1","Alpha+1","Pray+1"],"relics":["PureWater","Pen Nib","FossilizedHelix","Vajra","MealTicket","Membership Card","Orichalcum","Dream Catcher","Omamori","Damaru","Replay:Bottled Steam","ChewingGum","Bag of Marbles","Smiling Mask","Toxic Egg 2","ReplayTheSpireMod:DimensionalGlitch"],"acts_visited":["Exordium","TheCity","TheBeyond"],"potions_floor_usage":[22,29,33,33],"damage_taken":[{"damage":0,"enemies":"Cultist","floor":1,"turns":2},{"damage":0,"enemies":"2 Louse","floor":2,"turns":2},{"damage":0,"enemies":"Jaw Worm","floor":3,"turns":3},{"damage":0,"enemies":"2 Fungi Beasts","floor":4,"turns":2},{"damage":0,"enemies":"Large Slime","floor":5,"turns":4},{"damage":0,"enemies":"Lagavulin","floor":6,"turns":4},{"damage":0,"enemies":"Replay:BlueRogue","floor":8,"turns":3},{"damage":0,"enemies":"3 Sentries","floor":11,"turns":5},{"damage":0,"enemies":"Exordium Thugs","floor":12,"turns":3},{"damage":0,"enemies":"3 Louse","floor":14,"turns":1},{"damage":21,"enemies":"Hexaghost","floor":16,"turns":7},{"damage":0,"enemies":"Spheric Guardian","floor":18,"turns":3},{"damage":12,"enemies":"Shell Parasite","floor":20,"turns":5},{"damage":11,"enemies":"Centurion and Healer","floor":21,"turns":6},{"damage":8,"enemies":"Snake Plant","floor":22,"turns":3},{"damage":0,"enemies":"Gremlin Leader","floor":23,"turns":6},{"damage":12,"enemies":"Slavers","floor":25,"turns":3},{"damage":0,"enemies":"Snecko","floor":27,"turns":3},{"damage":0,"enemies":"Centurion and Healer","floor":29,"turns":5},{"damage":1,"enemies":"Book of Stabbing","floor":30,"turns":4},{"damage":20,"enemies":"Automaton","floor":33,"turns":6},{"damage":66,"enemies":"3 Darklings","floor":35,"turns":6},{"damage":2,"enemies":"Orb Walker","floor":36,"turns":3},{"damage":33,"enemies":"Writhing Mass","floor":39,"turns":5}],"seed_played":"7656711441913120175","potions_obtained":[{"floor":1,"key":"PowerPotion"},{"floor":5,"key":"LiquidMemories"},{"floor":11,"key":"Energy Potion"},{"floor":18,"key":"SmokeBomb"},{"floor":23,"key":"Fire Potion"},{"floor":27,"key":"PowerPotion"},{"floor":29,"key":"FairyPotion"},{"floor":33,"key":"Milkshake"},{"floor":38,"key":"PowerPotion"},{"floor":38,"key":"BlessingOfTheForge"}],"is_trial":false,"path_per_floor":["M","M","M","M","M","E","R","E","T","$","E","M","?","M","R","B",null,"M","?","M","M","M","E","R","E","T","M","?","M","E","?","R","B",null,"M","M","?","?","M"],"character_chosen":"WATCHER","items_purchased":["FossilizedHelix","Vajra","CutThroughFate","Wireheading","Vengeance","EmptyFist","ClearTheMind","MealTicket","Membership Card","Apotheosis","Tantrum","Consecrate","Halt","Adaptation","Orichalcum","Crescendo","Damaru"],"campfire_rested":1,"item_purchase_floors":[0,0,0,0,0,0,0,0,0,0,0,0,0,0,0,10,10],"current_hp_per_floor":[65,65,65,65,65,65,65,65,65,72,72,72,72,72,72,51,67,67,67,55,44,36,36,57,45,45,45,45,45,44,44,44,24,60,11,9,9,9,0,0],"gold":649,"neow_bonus":"","is_daily":false,"chose_seed":false,"campfire_upgraded":3,"win_rate":0.0,"timestamp":1612748485,"path_taken":["M","M","M","M","M","E","R","E","T","$","E","M","?","M","R","BOSS","M","?","M","M","M","E","R","E","T","M","?","M","E","?","R","BOSS","M","M","?","?","?"],"items_purchased_type":["Relic","Relic","Card","Card","Card","Card","Card","Relic","Relic","Card","Card","Card","Card","Card","Relic","Card","Relic"],"build_version":"2020-12-22","purchased_purges":4,"victory":false,"max_hp_per_floor":[72,72,72,72,72,72,72,72,72,72,72,72,72,72,72,72,72,72,72,72,72,72,72,72,72,72,72,72,72,72,72,72,72,72,72,72,72,72,72,72],"relic_stats":{"Dream Catcher":1,"counters":[405,1657],"MealTicket":7,"Pen Nib":[30],"Orichalcum":[138],"Smiling Mask":113,"obtain_stats":[{"Golden Egg":0,"Replay:Accelerometer":40,"Vampiric Spirits":0,"Whetstone":55,"Ginger":46,"Boot":55,"Sling":55,"Old Coin":37,"Blood Vial":20,"Replay:Wanted Poster":17,"Replay:Bronze Core":17,"MealTicket":27,"Fusion Hammer":36,"Kunai":10,"Replay:Wax Seal":12,"Electric Blood":17,"Replay:Bottled Steam":43,"Pear":46,"Blue Candle":30,"Tingsha":0,"Eternal Feather":49,"Pen Nib":23,"Paper Crane":8,"Cables":54,"SlaversCollar":17,"Snecko Scales":34,"Bird Faced Urn":12,"Snecko Eye":17,"Mark of Pain":0,"StrikeDummy":6,"Abe\u0027s Treasure":17,"Regal Pillow":0,"Lantern":40,"Singing Bowl":10,"Magic Flower":11,"Painkiller Herb":19,"Blue Doll":23,"Bag of Preparation":55,"Replay:Multitool":44,"Cursed Key":34,"Smiling Mask":23,"Burning Blood":0,"Pet Ghost":23,"Replay:Rubber Ducky":55,"Matryoshka":0,"Shovel":41,"Replay:Bottled Eggs":40,"InkBottle":27,"Potion Belt":7,"Lee\u0027s Waffle":0,"The Specimen":25,"Golden Idol":11,"Basket Of Snakes":39,"Damaru":13,"Thread and Needle":47,"The Courier":14,"PreservedInsect":22,"Geode":40,"Omamori":31,"Frozen Egg 2":0,"MawBank":31,"GoldenEye":54,"Replay:Arrowhead":0,"Busted Crown":17,"Ornamental Fan":55,"Ring of Misfortune":2,"Orrery":0,"Turnip":46,"Art of War":40,"Garlic":13,"Bottled Lightning":53,"ReplayTheSpireMod:Ring of Challenge":38,"ReplayTheSpireMod:Lightbulb":0,"Toy Ornithopter":48,"Ice Cream":14,"Calipers":0,"Gremlin Horn":9,"Nilry\u0027s Codex":23,"CeramicFish":8,"Vajra":28,"Sozu":0,"Centennial Puzzle":9,"Lizard Tail":45,"HornCleat":0,"DollysMirror":0,"Strawberry":28,"Prayer Wheel":0,"Philosopher\u0027s Stone":34,"Iron Hammer":27,"Toxic Egg 2":0,"Byrd Skull":11,"Happy Flower":55,"Astrolabe":34,"Replay:Grab Bag":34,"Oddly Smooth Stone":26,"Ring of Chaos":47,"War Paint":23,"Question Card":0,"Du-Vu Doll":53,"OrangePellets":0,"Bottled Flame":15,"Replay:Baseball":0,"ReplayTheSpireMod:Shallot":26,"Shuriken":43,"Bronze Scales":12,"Simple Rune":55,"Onion Ring":8,"Mirror":0,"ReplayTheSpireMod:DimensionalGlitch":34,"Pocketwatch":0,"Meat on the Bone":38,"Darkstone Periapt":5,"ReplayFunnel":55,"Mango":6,"Snake Skull":29,"Incense Burner":45,"Juzu Bracelet":48,"CloakClasp":43,"PrismaticShard":53,"Dream Catcher":43,"Nunchaku":24,"Replay:Bandana":10,"TheAbacus":53,"Mummified Hand":5,"Pantograph":23,"Gambling Chip":24,"Tiny Chest":6,"Replay:Drink Me":17,"Red Skull":6,"Gremlin Food":44,"ReplayTheSpireMod:Ninjato":6,"Replay:Towering Pillar of Hats":10,"Quantum Egg":46,"Guide Book":0,"Replay:WaspNest":0,"Orichalcum":56,"Medical Kit":42,"Mercury Hourglass":0,"Peace Pipe":39,"Anchor":11,"CaptainsWheel":43,"Pondfish Scales":55,"DataDisk":0,"HolyWater":34,"ChewingGum":34,"Snack Pack":8,"Bag of Marbles":40,"Membership Card":0,"PureWater":0,"FossilizedHelix":48},{"Golden Egg":184,"Replay:Accelerometer":207,"Vampiric Spirits":61,"Whetstone":91,"Ginger":376,"Boot":91,"Sling":91,"Old Coin":308,"Blood Vial":26,"Replay:Wanted Poster":361,"Replay:Bronze Core":134,"MealTicket":58,"Fusion Hammer":80,"Kunai":357,"Replay:Wax Seal":191,"Electric Blood":51,"Replay:Bottled Steam":119,"Pear":122,"Blue Candle":30,"Tingsha":93,"Eternal Feather":316,"Pen Nib":366,"Paper Crane":66,"Cables":153,"SlaversCollar":24,"Snecko Scales":115,"Bird Faced Urn":22,"Snecko Eye":222,"Mark of Pain":0,"StrikeDummy":98,"Abe\u0027s Treasure":265,"Regal Pillow":93,"Lantern":176,"Singing Bowl":21,"Magic Flower":49,"Painkiller Herb":72,"Blue Doll":196,"Bag of Preparation":91,"Replay:Multitool":120,"Cursed Key":31,"Smiling Mask":227,"Burning Blood":0,"Pet Ghost":56,"Replay:Rubber Ducky":91,"Matryoshka":61,"Shovel":348,"Replay:Bottled Eggs":347,"InkBottle":141,"Potion Belt":218,"Lee\u0027s Waffle":319,"The Specimen":76,"Golden Idol":5,"Basket Of Snakes":82,"Damaru":221,"Thread and Needle":180,"The Courier":7,"PreservedInsect":11,"Geode":146,"Omamori":202,"Frozen Egg 2":14,"MawBank":79,"GoldenEye":183,"Replay:Arrowhead":286,"Busted Crown":8,"Ornamental Fan":91,"Ring of Misfortune":257,"Orrery":353,"Turnip":38,"Art of War":36,"Garlic":250,"Bottled Lightning":182,"ReplayTheSpireMod:Ring of Challenge":81,"ReplayTheSpireMod:Lightbulb":319,"Toy Ornithopter":241,"Ice Cream":23,"Calipers":256,"Gremlin Horn":20,"Nilry\u0027s Codex":75,"CeramicFish":157,"Vajra":77,"Sozu":154,"Centennial Puzzle":5,"Lizard Tail":281,"HornCleat":286,"DollysMirror":286,"Strawberry":13,"Prayer Wheel":93,"Philosopher\u0027s Stone":232,"Iron Hammer":167,"Toxic Egg 2":286,"Byrd Skull":66,"Happy Flower":91,"Astrolabe":172,"Replay:Grab Bag":232,"Oddly Smooth Stone":57,"Ring of Chaos":122,"War Paint":139,"Question Card":244,"Du-Vu Doll":284,"OrangePellets":93,"Bottled Flame":70,"Replay:Baseball":93,"ReplayTheSpireMod:Shallot":269,"Shuriken":177,"Bronze Scales":6,"Simple Rune":91,"Onion Ring":292,"Mirror":244,"ReplayTheSpireMod:DimensionalGlitch":402,"Pocketwatch":41,"Meat on the Bone":117,"Darkstone Periapt":18,"ReplayFunnel":91,"Mango":19,"Snake Skull":78,"Incense Burner":87,"Juzu Bracelet":181,"CloakClasp":208,"PrismaticShard":379,"Dream Catcher":37,"Nunchaku":75,"Replay:Bandana":100,"TheAbacus":211,"Mummified Hand":290,"Pantograph":12,"Gambling Chip":27,"Tiny Chest":188,"Replay:Drink Me":161,"Red Skull":47,"Gremlin Food":87,"ReplayTheSpireMod:Ninjato":156,"Replay:Towering Pillar of Hats":66,"Quantum Egg":87,"Guide Book":93,"Replay:WaspNest":61,"Orichalcum":92,"Medical Kit":119,"Mercury Hourglass":61,"Peace Pipe":146,"Anchor":66,"CaptainsWheel":86,"Pondfish Scales":91,"DataDisk":126,"HolyWater":275,"ChewingGum":232,"Snack Pack":48,"Bag of Marbles":278,"Membership Card":61,"PureWater":0,"FossilizedHelix":151},{"Golden Egg":733,"Replay:Accelerometer":814,"Vampiric Spirits":244,"Whetstone":364,"Ginger":1537,"Boot":364,"Sling":364,"Old Coin":1307,"Blood Vial":107,"Replay:Wanted Poster":1477,"Replay:Bronze Core":537,"MealTicket":230,"Fusion Hammer":315,"Kunai":1468,"Replay:Wax Seal":750,"Electric Blood":208,"Replay:Bottled Steam":471,"Pear":484,"Blue Candle":123,"Tingsha":376,"Eternal Feather":1340,"Pen Nib":1493,"Paper Crane":257,"Cables":637,"SlaversCollar":100,"Snecko Scales":459,"Bird Faced Urn":86,"Snecko Eye":881,"Mark of Pain":0,"StrikeDummy":392,"Abe\u0027s Treasure":1067,"Regal Pillow":376,"Lantern":706,"Singing Bowl":82,"Magic Flower":200,"Painkiller Herb":279,"Blue Doll":766,"Bag of Preparation":364,"Replay:Multitool":475,"Cursed Key":130,"Smiling Mask":896,"Burning Blood":0,"Pet Ghost":224,"Replay:Rubber Ducky":364,"Matryoshka":244,"Shovel":1438,"Replay:Bottled Eggs":1434,"InkBottle":568,"Potion Belt":860,"Lee\u0027s Waffle":1357,"The Specimen":292,"Golden Idol":17,"Basket Of Snakes":325,"Damaru":872,"Thread and Needle":718,"The Courier":25,"PreservedInsect":40,"Geode":594,"Omamori":790,"Frozen Egg 2":51,"MawBank":304,"GoldenEye":727,"Replay:Arrowhead":1198,"Busted Crown":30,"Ornamental Fan":364,"Ring of Misfortune":1014,"Orrery":1454,"Turnip":156,"Art of War":146,"Garlic":986,"Bottled Lightning":724,"ReplayTheSpireMod:Ring of Challenge":318,"ReplayTheSpireMod:Lightbulb":1357,"Toy Ornithopter":957,"Ice Cream":93,"Calipers":1011,"Gremlin Horn":78,"Nilry\u0027s Codex":288,"CeramicFish":657,"Vajra":296,"Sozu":646,"Centennial Puzzle":17,"Lizard Tail":1164,"HornCleat":1198,"DollysMirror":1198,"Strawberry":48,"Prayer Wheel":376,"Philosopher\u0027s Stone":919,"Iron Hammer":681,"Toxic Egg 2":1198,"Byrd Skull":257,"Happy Flower":364,"Astrolabe":695,"Replay:Grab Bag":919,"Oddly Smooth Stone":226,"Ring of Chaos":484,"War Paint":559,"Question Card":970,"Du-Vu Doll":1182,"OrangePellets":376,"Bottled Flame":268,"Replay:Baseball":376,"ReplayTheSpireMod:Shallot":1091,"Shuriken":710,"Bronze Scales":20,"Simple Rune":364,"Onion Ring":1223,"Mirror":970,"ReplayTheSpireMod:DimensionalGlitch":1643,"Pocketwatch":170,"Meat on the Bone":463,"Darkstone Periapt":65,"ReplayFunnel":364,"Mango":73,"Snake Skull":300,"Incense Burner":344,"Juzu Bracelet":721,"CloakClasp":818,"PrismaticShard":1553,"Dream Catcher":151,"Nunchaku":288,"Replay:Bandana":399,"TheAbacus":834,"Mummified Hand":1211,"Pantograph":44,"Gambling Chip":111,"Tiny Chest":741,"Replay:Drink Me":667,"Red Skull":189,"Gremlin Food":344,"ReplayTheSpireMod:Ninjato":655,"Replay:Towering Pillar of Hats":257,"Quantum Egg":344,"Guide Book":376,"Replay:WaspNest":244,"Orichalcum":369,"Medical Kit":471,"Mercury Hourglass":244,"Peace Pipe":594,"Anchor":257,"CaptainsWheel":341,"Pondfish Scales":364,"DataDisk":505,"HolyWater":1128,"ChewingGum":919,"Snack Pack":196,"Bag of Marbles":1150,"Membership Card":244,"PureWater":0,"FossilizedHelix":621}]},"card_choices":[{"not_picked":["CrushJoints","Fasting2"],"picked":"Protect","floor":1},{"not_picked":["Conclude","Replay:ManipulateFuture"],"picked":"Halt","floor":2},{"not_picked":["ThirdEye","Conclude"],"picked":"CarveReality","floor":3},{"not_picked":["Worship","Meditate"],"picked":"Wallop","floor":4},{"not_picked":["Nirvana","ClearTheMind","SandsOfTime"],"picked":"SKIP","floor":5},{"not_picked":["Consecrate","Study","Replay:AtTheReady"],"picked":"SKIP","floor":6},{"not_picked":["FollowUp","DeceiveReality","Adaptation"],"picked":"SKIP","floor":8},{"not_picked":["Nirvana","CutThroughFate","Replay:DivineShield"],"picked":"SKIP","floor":11},{"not_picked":["SashWhip","Replay:BluntJabs"],"picked":"WaveOfTheHand","floor":12},{"not_picked":["Replay:ManipulateFuture","ClearTheMind"],"picked":"Devotion","floor":14},{"not_picked":["Brilliance","Judgement"],"picked":"DevaForm","floor":16},{"not_picked":["ClearTheMind","Sanctity"],"picked":"FlurryOfBlows+1","floor":18},{"not_picked":["SashWhip+1","Worship","JustLucky+1"],"picked":"SKIP","floor":20},{"not_picked":["Replay:AtTheReady","Prostrate","Pray"],"picked":"SKIP","floor":21},{"not_picked":["ThirdEye","Evaluate+1"],"picked":"CrushJoints+1","floor":23},{"not_picked":["Prostrate","Replay:BluntJabs+1","SignatureMove"],"picked":"SKIP","floor":25},{"not_picked":["Replay:AtTheReady+1","Worship+1"],"picked":"FlyingSleeves+1","floor":27},{"not_picked":["Replay:ManipulateFuture+1","Tantrum","Vengeance+1"],"picked":"SKIP","floor":29},{"not_picked":["Study","Replay:Cycle+1"],"picked":"Protect+1","floor":30},{"not_picked":["LessonLearned","Judgement+1"],"picked":"Alpha+1","floor":33},{"not_picked":["EmptyFist+1","CutThroughFate","Adaptation+1"],"picked":"SKIP","floor":35},{"not_picked":["EmptyBody+1","CrushJoints+1"],"picked":"Pray+1","floor":36}],"player_experience":4112132,"relics_obtained":[{"floor":6,"key":"Dream Catcher"},{"floor":8,"key":"Omamori"},{"floor":11,"key":"Replay:Bottled Steam"},{"floor":23,"key":"Bag of Marbles"},{"floor":25,"key":"Smiling Mask"},{"floor":26,"key":"Toxic Egg 2"},{"floor":30,"key":"Pen Nib"}],"event_choices":[{"damage_healed":0,"gold_gain":100,"player_choice":"Gold","damage_taken":0,"max_hp_gain":0,"max_hp_loss":0,"event_name":"Wheel of Change","floor":13,"gold_loss":0},{"damage_healed":0,"gold_gain":0,"player_choice":"Simplicity","damage_taken":0,"max_hp_gain":0,"max_hp_loss":0,"event_name":"Back to Basics","floor":19,"gold_loss":0,"cards_upgraded":["Defend_P","Defend_P","Defend_P","Defend_P"]},{"damage_healed":0,"gold_gain":0,"cards_transformed":["Vengeance","Crescendo"],"player_choice":"Became Test Subject","damage_taken":0,"max_hp_gain":0,"max_hp_loss":0,"event_name":"Drug Dealer","floor":28,"gold_loss":0,"cards_obtained":["MasterReality","Establishment"]},{"damage_healed":0,"gold_gain":0,"player_choice":"Smashed Altar","damage_taken":0,"max_hp_gain":0,"max_hp_loss":0,"event_name":"Forgotten Altar","floor":31,"gold_loss":0,"cards_obtained":["Decay"]},{"damage_healed":0,"gold_gain":0,"player_choice":"Ignored","damage_taken":0,"max_hp_gain":0,"max_hp_loss":0,"event_name":"Tomb of Lord Red Mask","floor":37,"gold_loss":0},{"damage_healed":0,"gold_gain":0,"player_choice":"Got Potions","damage_taken":0,"max_hp_gain":0,"max_hp_loss":0,"event_name":"Lab","floor":38,"gold_loss":0}],"is_beta":false,"boss_relics":[{"not_picked":["Busted Crown","HolyWater"],"picked":"ChewingGum"},{"not_picked":["Empty Cage","Philosopher\u0027s Stone"],"picked":"ReplayTheSpireMod:DimensionalGlitch"}],"items_purged_floors":[0,0,0,10],"is_endless":false,"potions_floor_spawned":[1,5,11,12,18,22,23,27,29,33],"killed_by":"Writhing Mass","ascension_level":7}}