{"host":"wshey5htrz8rni6u","time":1612779348,"event":{"mods":["2.2 Compatiblity","BaseMod","Best Route Mod","Block Reminder","Colored Map","Colored Powertips","Current Relic Mod","Curses Come First","Dark Map","Key Reminder","Minty Spire (QoL Compilation)","Potion Indicator Mod","Quick Restart","Random Character Button","Relic Sorter","Relic Stats","StSLib","SuperFastMode","Twitch Utils","Unceasing Turn Reminder","Weighted Paths","everything is the same but u backflip on backflip"],"gold_per_floor":[118,136,156,81,81,114,114,127,153,153,22,43,81,101,101,231,231,247,227,127,142,175,218,218,257,280,280,300,425,425,439,439,569,569,583,176,190,211,7,7,42,42,68,104,104,142,162,181,181,181,181,181,10,41,41,41],"floor_reached":55,"language":"ENG","playtime":3838,"items_purged":["Strike_R","Strike_R","Pain","Strike_R","Strike_R+1"],"score":895,"play_id":"3fb37167-1b37-49f7-a31f-bfbdfda0aa70","local_time":"20210208021548","is_ascension_mode":true,"campfire_choices":[{"data":"Disarm","floor":7,"key":"SMITH"},{"data":"Armaments","floor":15,"key":"SMITH"},{"floor":24,"key":"REST"},{"data":"Berserk","floor":27,"key":"SMITH"},{"floor":32,"key":"REST"},{"floor":40,"key":"RECALL"},{"floor":42,"key":"REST"},{"floor":45,"key":"REST"},{"data":"Battle Trance","floor":49,"key":"SMITH"},{"data":"Strike_R","floor":52,"key":"PURGE"}],"circlet_count":0,"master_deck":["Defend_R","Defend_R","Defend_R","Defend_R","Bash","Hemokinesis","Disarm+1","Shrug It Off","Metallicize","Thunderclap+1","Blood for Blood","Armaments+1","Shrug It Off","Disarm","Fire Breathing","Rage","Berserk+1","Iron Wave","Bludgeon","Dropkick","True Grit+1","Flame Barrier+1","Shockwave","Iron Wave","True Grit","Reaper","Corruption+1","Battle Trance+1","Fire Breathing+1","Rage","Iron Wave","Armaments+1","Metallicize+1","Shockwave","Sever Soul","Metallicize+1","Rampage","Intimidate+1","Dark Shackles","Feel No Pain+1"],"relics":["Burning Blood","Mark of Pain","Vajra","WarpedTongs","Mercury Hourglass","Centennial Puzzle","Orichalcum","Happy Flower","Oddly Smooth Stone","Red Skull","Lantern","NeowsBlessing","Golden Idol","Bag of Preparation","GremlinMask","Whetstone","Black Star","Red Mask","Frozen Egg 2","Bag of Marbles","Peace Pipe","Bottled Lightning","Membership Card","Sling","Omamori","Anchor","Regal Pillow","Du-Vu Doll","Juzu Bracelet"],"acts_visited":["Exordium","TheCity","TheBeyond","TheEnding"],"potions_floor_usage":[6,12,13,16,22,23,23,23,33,41,50,55,55,55],"damage_taken":[{"damage":0,"enemies":"Cultist","floor":1,"turns":1},{"damage":0,"enemies":"Jaw Worm","floor":2,"turns":1},{"damage":0,"enemies":"2 Louse","floor":3,"turns":2},{"damage":14,"enemies":"Gremlin Nob","floor":6,"turns":4},{"damage":4,"enemies":"Exordium Thugs","floor":8,"turns":5},{"damage":11,"enemies":"Gremlin Gang","floor":12,"turns":7},{"damage":5,"enemies":"3 Sentries","floor":13,"turns":9},{"damage":3,"enemies":"2 Fungi Beasts","floor":14,"turns":4},{"damage":33,"enemies":"The Guardian","floor":16,"turns":10},{"damage":4,"enemies":"Chosen","floor":18,"turns":6},{"damage":23,"enemies":"2 Thieves","floor":19,"turns":5},{"damage":12,"enemies":"Snecko","floor":21,"turns":5},{"damage":25,"enemies":"Masked Bandits","floor":22,"turns":8},{"damage":21,"enemies":"Gremlin Leader","floor":23,"turns":8},{"damage":9,"enemies":"Book of Stabbing","floor":25,"turns":8},{"damage":2,"enemies":"Cultist and Chosen","floor":28,"turns":6},{"damage":2,"enemies":"Colosseum Slavers","floor":29,"turns":4},{"damage":21,"enemies":"Colosseum Nobs","floor":29,"turns":6},{"damage":5,"enemies":"Shelled Parasite and Fungi","floor":31,"turns":11},{"damage":34,"enemies":"Collector","floor":33,"turns":10},{"damage":7,"enemies":"3 Darklings","floor":35,"turns":6},{"damage":5,"enemies":"3 Shapes","floor":37,"turns":5},{"damage":11,"enemies":"Transient","floor":38,"turns":5},{"damage":60,"enemies":"Reptomancer","floor":41,"turns":7},{"damage":25,"enemies":"Nemesis","floor":44,"turns":9},{"damage":30,"enemies":"Giant Head","floor":46,"turns":10},{"damage":4,"enemies":"3 Darklings","floor":47,"turns":7},{"damage":3,"enemies":"4 Shapes","floor":48,"turns":3},{"damage":47,"enemies":"Donu and Deca","floor":50,"turns":10},{"damage":26,"enemies":"Shield and Spear","floor":54,"turns":8},{"damage":103,"enemies":"The Heart","floor":55,"turns":11}],"seed_played":"2863217939383882329","potions_obtained":[{"floor":1,"key":"EntropicBrew"},{"floor":14,"key":"CultistPotion"},{"floor":16,"key":"SkillPotion"},{"floor":21,"key":"FearPotion"},{"floor":22,"key":"FearPotion"},{"floor":29,"key":"Dexterity Potion"},{"floor":37,"key":"DistilledChaos"},{"floor":44,"key":"PowerPotion"},{"floor":46,"key":"LiquidBronze"},{"floor":48,"key":"Strength Potion"}],"is_trial":false,"path_per_floor":["M","M","M","$","?","E","R","M","T","?","$","M","E","M","R","B",null,"M","M","$","M","?","E","R","E","T","R","M","?","?","M","R","B",null,"M","$","M","M","$","R","E","R","T","E","R","E","M","M","R","B",null,"R","$","E","B"],"character_chosen":"IRONCLAD","items_purchased":["Blood for Blood","Armaments","Shrug It Off","Membership Card","Fire Breathing+1","Rage","CultistPotion","Vajra","Metallicize+1","Shockwave","Sling","DuplicationPotion","Dark Shackles"],"campfire_rested":4,"item_purchase_floors":[11,11,11,36,36,36,36,36,39,39,39,53,53],"current_hp_per_floor":[80,80,80,80,74,66,66,68,68,68,68,63,64,67,67,40,74,74,57,57,51,32,17,39,36,36,36,40,29,29,30,52,42,74,73,73,74,69,69,69,20,42,42,33,70,56,74,74,74,50,74,74,74,72,0,0],"gold":41,"neow_bonus":"THREE_ENEMY_KILL","is_daily":false,"chose_seed":false,"campfire_upgraded":4,"win_rate":0.0,"timestamp":1612779348,"path_taken":["M","?","M","$","?","E","R","M","T","?","$","?","E","M","R","BOSS","M","M","$","?","?","E","R","E","T","R","M","?","?","?","R","BOSS","M","$","M","M","$","R","E","R","T","E","R","E","M","M","R","BOSS","R","$","E","BOSS"],"items_purchased_type":["Card","Card","Card","Relic","Card","Card","Potion","Relic","Card","Card","Relic","Potion","Card"],"build_version":"2020-12-13","purchased_purges":5,"victory":false,"max_hp_per_floor":[80,80,80,80,74,74,74,74,74,74,74,74,74,74,74,74,74,74,74,74,74,74,74,74,74,74,74,74,74,74,74,74,74,74,74,74,74,74,74,74,74,74,74,74,74,74,74,74,74,74,74,74,74,74,74,74],"relic_stats":{"Regal Pillow":15,"Happy Flower":[42],"counters":[31,200],"Golden Idol":217,"Bag of Preparation":[54],"Juzu Bracelet":0,"Whetstone":["Strike_R","Thunderclap"],"Orichalcum":[156],"Burning Blood":146,"WarpedTongs":[100],"Mercury Hourglass":[190],"Peace Pipe":1,"Centennial Puzzle":[45],"Black Star":6,"obtain_stats":[{"Regal Pillow":43,"Lantern":54,"Vajra":36,"GremlinMask":10,"Bag of Preparation":6,"Juzu Bracelet":46,"Whetstone":13,"Sling":39,"Burning Blood":0,"Centennial Puzzle":26,"Red Mask":22,"Red Skull":54,"NeowsBlessing":0,"Happy Flower":23,"Golden Idol":5,"Oddly Smooth Stone":46,"Omamori":41,"Frozen Egg 2":23,"Orichalcum":25,"WarpedTongs":30,"Mercury Hourglass":44,"keyreminder:keyreminder":9,"Peace Pipe":29,"Du-Vu Doll":44,"Anchor":41,"Mark of Pain":34,"Black Star":17,"Bag of Marbles":25,"Bottled Lightning":29,"Membership Card":36},{"Regal Pillow":24,"Lantern":30,"Vajra":21,"GremlinMask":5,"Bag of Preparation":4,"Juzu Bracelet":26,"Whetstone":7,"Sling":23,"Burning Blood":0,"Centennial Puzzle":15,"Red Mask":13,"Red Skull":30,"NeowsBlessing":0,"Happy Flower":14,"Golden Idol":3,"Oddly Smooth Stone":26,"Omamori":24,"Frozen Egg 2":14,"Orichalcum":15,"WarpedTongs":18,"Mercury Hourglass":25,"keyreminder:keyreminder":5,"Peace Pipe":18,"Du-Vu Doll":25,"Anchor":24,"Mark of Pain":20,"Black Star":9,"Bag of Marbles":15,"Bottled Lightning":18,"Membership Card":21},{"Regal Pillow":143,"Lantern":189,"Vajra":126,"GremlinMask":13,"Bag of Preparation":8,"Juzu Bracelet":162,"Whetstone":29,"Sling":136,"Burning Blood":0,"Centennial Puzzle":83,"Red Mask":67,"Red Skull":189,"NeowsBlessing":0,"Happy Flower":75,"Golden Idol":4,"Oddly Smooth Stone":162,"Omamori":143,"Frozen Egg 2":75,"Orichalcum":83,"WarpedTongs":99,"Mercury Hourglass":152,"keyreminder:keyreminder":13,"Peace Pipe":99,"Du-Vu Doll":152,"Anchor":143,"Mark of Pain":120,"Black Star":43,"Bag of Marbles":83,"Bottled Lightning":99,"Membership Card":126}]},"card_choices":[{"not_picked":["Twin Strike","Shrug It Off"],"picked":"Hemokinesis","floor":1},{"not_picked":["Iron Wave","Thunderclap"],"picked":"Disarm","floor":2},{"not_picked":["Burning Pact","Headbutt"],"picked":"Shrug It Off","floor":3},{"not_picked":["Body Slam","Thunderclap"],"picked":"Metallicize","floor":6},{"not_picked":["Second Wind","Clash"],"picked":"Thunderclap","floor":8},{"not_picked":["Pummel","Rage"],"picked":"Disarm","floor":12},{"not_picked":["Perfected Strike","Clash"],"picked":"Fire Breathing","floor":13},{"not_picked":["Clothesline","Blood for Blood"],"picked":"Rage","floor":14},{"not_picked":["Demon Form","Bludgeon"],"picked":"Berserk","floor":16},{"not_picked":["Heavy Blade","Anger"],"picked":"Iron Wave","floor":18},{"not_picked":["Flex","Searing Blow"],"picked":"Bludgeon","floor":19},{"not_picked":["Perfected Strike","Second Wind+1"],"picked":"Dropkick","floor":21},{"not_picked":["Shrug It Off","Combust"],"picked":"True Grit+1","floor":22},{"not_picked":["Thunderclap","Dual Wield"],"picked":"Flame Barrier+1","floor":23},{"not_picked":["Flex","Inflame+1"],"picked":"Shockwave","floor":25},{"not_picked":["Warcry","Twin Strike+1"],"picked":"Iron Wave","floor":28},{"not_picked":["Entrench","Perfected Strike"],"picked":"True Grit","floor":29},{"not_picked":["Clothesline+1","Cleave"],"picked":"Reaper","floor":31},{"not_picked":["Bludgeon","Reaper"],"picked":"Corruption+1","floor":33},{"not_picked":["Iron Wave+1","Perfected Strike+1"],"picked":"Battle Trance","floor":35},{"not_picked":["Clothesline+1","Warcry"],"picked":"Iron Wave","floor":37},{"not_picked":["Sever Soul+1","Anger+1"],"picked":"Armaments+1","floor":38},{"not_picked":["Combust+1","Flex+1"],"picked":"Sever Soul","floor":41},{"not_picked":["Spot Weakness+1","Rampage"],"picked":"Metallicize+1","floor":44},{"not_picked":["Hemokinesis+1","Twin Strike+1"],"picked":"Rampage","floor":46},{"not_picked":["Searing Blow+1","Combust+1","Second Wind"],"picked":"SKIP","floor":47},{"not_picked":["Perfected Strike","Heavy Blade"],"picked":"Intimidate+1","floor":48},{"not_picked":["Dropkick+1","Warcry"],"picked":"Feel No Pain+1","floor":54}],"player_experience":19989,"relics_obtained":[{"floor":6,"key":"Bag of Preparation"},{"floor":13,"key":"Whetstone"},{"floor":22,"key":"Red Mask"},{"floor":23,"key":"Frozen Egg 2"},{"floor":23,"key":"Happy Flower"},{"floor":25,"key":"Orichalcum"},{"floor":25,"key":"Bag of Marbles"},{"floor":26,"key":"Centennial Puzzle"},{"floor":29,"key":"Peace Pipe"},{"floor":29,"key":"Bottled Lightning"},{"floor":41,"key":"Omamori"},{"floor":41,"key":"Anchor"},{"floor":43,"key":"Regal Pillow"},{"floor":44,"key":"Du-Vu Doll"},{"floor":44,"key":"Mercury Hourglass"},{"floor":46,"key":"Juzu Bracelet"},{"floor":46,"key":"Oddly Smooth Stone"},{"floor":54,"key":"Red Skull"},{"floor":54,"key":"Lantern"}],"event_choices":[{"damage_healed":0,"gold_gain":0,"player_choice":"Lose Max HP","damage_taken":0,"relics_obtained":["Golden Idol"],"max_hp_gain":0,"max_hp_loss":6,"event_name":"Golden Idol","floor":5,"gold_loss":0},{"damage_healed":0,"gold_gain":0,"player_choice":"Trade","damage_taken":0,"relics_obtained":["GremlinMask"],"max_hp_gain":0,"max_hp_loss":0,"event_name":"FaceTrader","floor":10,"gold_loss":0},{"damage_healed":0,"gold_gain":0,"player_choice":"Fought Bandits","damage_taken":0,"max_hp_gain":0,"max_hp_loss":0,"event_name":"Masked Bandits","floor":22,"gold_loss":0},{"damage_healed":0,"gold_gain":0,"player_choice":"Fight","damage_taken":0,"max_hp_gain":0,"max_hp_loss":0,"event_name":"Colosseum","floor":29,"gold_loss":0},{"damage_healed":0,"gold_gain":0,"player_choice":"Fought Nobs","damage_taken":0,"max_hp_gain":0,"max_hp_loss":0,"event_name":"Colosseum","floor":29,"gold_loss":0},{"damage_healed":0,"gold_gain":0,"player_choice":"Rummage","damage_taken":0,"relics_obtained":["WarpedTongs"],"max_hp_gain":0,"max_hp_loss":0,"event_name":"Accursed Blacksmith","floor":30,"gold_loss":0,"cards_obtained":["Pain"]}],"is_beta":false,"boss_relics":[{"not_picked":["Calling Bell","Empty Cage"],"picked":"Black Star"},{"not_picked":["Astrolabe","Busted Crown"],"picked":"Mark of Pain"}],"items_purged_floors":[4,20,36,39,53],"is_endless":false,"potions_floor_spawned":[1,8,14,16,21,22,29,29,37,44,46,48],"killed_by":"The Heart","ascension_level":1}}