{"host":"8is2j71l4wmybkoi","time":1612778062,"event":{"mods":["AchievementEnabler","BaseMod","Colored Map","Minty Spire (QoL Compilation)","Rare Cards Sparkle","StSLib","SuperFastMode"],"gold_per_floor":[111,131,147,162,175,175,194,219,242,254,32,32,62,72,72,72,72],"floor_reached":16,"language":"KOR","playtime":608,"items_purged":["Strike_R"],"score":203,"play_id":"8435e97d-bc01-4893-b497-809ebf9d791e","local_time":"20210208185422","is_ascension_mode":true,"campfire_choices":[{"data":"Inflame","floor":6,"key":"SMITH"},{"data":"Pommel Strike","floor":12,"key":"SMITH"},{"data":"Bash","floor":15,"key":"SMITH"}],"circlet_count":0,"master_deck":["AscendersBane","Strike_R","Strike_R","Strike_R","Defend_R","Defend_R","Defend_R","Defend_R","Bash+1","Inflame+1","Pommel Strike+1","Evolve","Flame Barrier","Wild Strike","Power Through","Shrug It Off","Seeing Red","Burning Pact"],"relics":["Burning Blood","Bag of Preparation","Potion Belt","Oddly Smooth Stone","Letter Opener"],"acts_visited":["Exordium"],"potions_floor_usage":[7,10,16,16],"damage_taken":[{"damage":9,"enemies":"Jaw Worm","floor":1,"turns":4},{"damage":3,"enemies":"2 Louse","floor":2,"turns":4},{"damage":5,"enemies":"Small Slimes","floor":3,"turns":4},{"damage":27,"enemies":"Exordium Thugs","floor":4,"turns":8},{"damage":6,"enemies":"Looter","floor":5,"turns":3},{"damage":15,"enemies":"Gremlin Gang","floor":7,"turns":3},{"damage":30,"enemies":"3 Sentries","floor":8,"turns":7},{"damage":7,"enemies":"Exordium Wildlife","floor":10,"turns":5},{"damage":17,"enemies":"Gremlin Nob","floor":13,"turns":4},{"damage":14,"enemies":"Lots of Slimes","floor":14,"turns":5},{"damage":14,"enemies":"Hexaghost","floor":16,"turns":9}],"seed_played":"4088426110585551310","potions_obtained":[{"floor":3,"key":"PowerPotion"},{"floor":4,"key":"ElixirPotion"},{"floor":7,"key":"BloodPotion"},{"floor":14,"key":"BlessingOfTheForge"}],"is_trial":false,"path_per_floor":["M","M","M","M","M","R","M","E","T","M","$","R","E","M","R","B"],"character_chosen":"IRONCLAD","items_purchased":["Oddly Smooth Stone"],"campfire_rested":0,"item_purchase_floors":[11],"current_hp_per_floor":[65,68,69,48,48,48,39,15,15,29,29,29,18,10,10,0,0],"gold":72,"neow_bonus":"REMOVE_CARD","is_daily":false,"chose_seed":false,"campfire_upgraded":3,"win_rate":0.0,"timestamp":1612778062,"path_taken":["M","M","M","M","M","R","M","E","T","M","$","R","E","M","R","BOSS"],"items_purchased_type":["Relic"],"build_version":"2020-12-22","purchased_purges":1,"victory":false,"max_hp_per_floor":[75,75,75,75,75,75,75,75,75,75,75,75,75,75,75,75,75],"card_choices":[{"not_picked":["Havoc","Seeing Red"],"picked":"Inflame","floor":1},{"not_picked":["Dark Embrace","Cleave"],"picked":"Pommel Strike","floor":2},{"not_picked":["Shrug It Off","Bloodletting"],"picked":"Evolve","floor":3},{"not_picked":["Thunderclap","Intimidate"],"picked":"Flame Barrier","floor":4},{"not_picked":["Anger","Warcry"],"picked":"Wild Strike","floor":5},{"not_picked":["Pommel Strike","Dark Embrace"],"picked":"Power Through","floor":7},{"not_picked":["Blood for Blood","Thunderclap","Clothesline"],"picked":"SKIP","floor":8},{"not_picked":["Rupture","Battle Trance"],"picked":"Shrug It Off","floor":10},{"not_picked":["Infernal Blade","Whirlwind"],"picked":"Seeing Red","floor":13},{"not_picked":["Double Tap","True Grit"],"picked":"Burning Pact","floor":14}],"player_experience":1064043,"relics_obtained":[{"floor":8,"key":"Bag of Preparation"},{"floor":9,"key":"Potion Belt"},{"floor":13,"key":"Letter Opener"}],"event_choices":[],"is_beta":false,"boss_relics":[],"items_purged_floors":[11],"is_endless":false,"potions_floor_spawned":[3,4,7,14],"killed_by":"Hexaghost","ascension_level":15}}