{"host":"5h6e4l6hpn0p5lap","time":1612751173,"event":{"mods":["AchievementEnabler","BaseMod","Better Altar","Better Match","Better Sensory Stone","Better Skull","Better Third Choice","Colored Map","Filter the Spire","Minty Spire (QoL Compilation)","StSLib"],"gold_per_floor":[117,127,141,157,3,38,38,38,113,113,140,140,13,27,27,132,132,148,135,148,198,18,18,51,51,51,70,82,98,108,23,23,23,23],"floor_reached":33,"language":"ENG","playtime":1446,"items_purged":["Strike_B","Defend_B"],"score":377,"play_id":"66c575e5-2c01-48f5-a72c-4e38c66ee142","local_time":"20210207212613","is_ascension_mode":true,"campfire_choices":[{"data":"Zap","floor":7,"key":"SMITH"},{"data":"Ball Lightning","floor":10,"key":"SMITH"},{"data":"Cold Snap","floor":15,"key":"SMITH"},{"floor":23,"key":"REST"},{"data":"Rainbow","floor":25,"key":"SMITH"},{"floor":32,"key":"REST"}],"circlet_count":0,"master_deck":["Strike_B","Strike_B","Strike_B","Defend_B","Defend_B","Defend_B","Zap+1","Dualcast","Glacier","Ball Lightning+1","Cold Snap+1","Compile Driver","Reinforced Body","Stack","Tempest","Rainbow+1","Steam Power+1","Stack+1","Biased Cognition","Sweeping Beam+1","Ball Lightning","Consume","Conserve Battery","Loop+1","Core Surge","Turbo","Rebound+1"],"relics":["Cracked Core","Vajra","OrangePellets","Prayer Wheel","Pear","Oddly Smooth Stone","Inserter","Thread and Needle","Bottled Lightning","Bag of Preparation"],"acts_visited":["Exordium","TheCity"],"potions_floor_usage":[11,19,19,29],"damage_taken":[{"damage":3,"enemies":"2 Louse","floor":1,"turns":3},{"damage":1,"enemies":"Cultist","floor":2,"turns":3},{"damage":0,"enemies":"Small Slimes","floor":3,"turns":2},{"damage":7,"enemies":"Red Slaver","floor":4,"turns":3},{"damage":8,"enemies":"Gremlin Nob","floor":6,"turns":4},{"damage":12,"enemies":"Lagavulin","floor":11,"turns":5},{"damage":8,"enemies":"Lots of Slimes","floor":14,"turns":4},{"damage":21,"enemies":"The Guardian","floor":16,"turns":16},{"damage":8,"enemies":"Chosen","floor":18,"turns":4},{"damage":4,"enemies":"2 Thieves","floor":19,"turns":5},{"damage":11,"enemies":"Centurion and Healer","floor":20,"turns":9},{"damage":22,"enemies":"Slavers","floor":24,"turns":6},{"damage":19,"enemies":"Cultist and Chosen","floor":27,"turns":6},{"damage":0,"enemies":"Snecko","floor":28,"turns":5},{"damage":16,"enemies":"Snake Plant","floor":29,"turns":5},{"damage":14,"enemies":"Centurion and Healer","floor":30,"turns":5},{"damage":44,"enemies":"Automaton","floor":33,"turns":6}],"seed_played":"4181859441492869366","potions_obtained":[{"floor":6,"key":"Regen Potion"},{"floor":14,"key":"Explosive Potion"},{"floor":16,"key":"Block Potion"},{"floor":20,"key":"Dexterity Potion"},{"floor":28,"key":"SteroidPotion"}],"is_trial":false,"path_per_floor":["M","M","M","M","$","E","R","?","T","R","E","$","$","M","R","B",null,"M","M","M","?","$","R","E","R","T","M","M","M","M","?","R","B"],"character_chosen":"DEFECT","items_purchased":["OrangePellets","Stack","Consume"],"campfire_rested":2,"item_purchase_floors":[5,13,22],"current_hp_per_floor":[65,64,64,57,57,49,49,49,59,59,61,61,61,53,53,32,72,64,60,49,49,49,74,52,52,52,33,33,17,3,3,28,0,0],"gold":23,"neow_bonus":"RANDOM_COMMON_RELIC","is_daily":false,"chose_seed":false,"campfire_upgraded":4,"win_rate":0.0,"timestamp":1612751173,"path_taken":["M","M","M","M","$","E","R","?","T","R","E","?","$","M","R","BOSS","M","M","M","?","$","R","E","R","T","M","?","M","?","?","R","BOSS"],"items_purchased_type":["Relic","Card","Card"],"build_version":"2020-12-22","purchased_purges":2,"victory":false,"max_hp_per_floor":[75,75,75,75,75,75,75,75,85,85,85,85,85,85,85,85,85,85,85,85,85,85,85,85,85,85,85,85,85,85,85,85,85,85],"card_choices":[{"not_picked":["Go for the Eyes","Steam"],"picked":"Glacier","floor":1},{"not_picked":["Beam Cell","Sweeping Beam"],"picked":"Ball Lightning","floor":2},{"not_picked":["Rebound","Barrage"],"picked":"Cold Snap","floor":3},{"not_picked":["Chaos","Barrage"],"picked":"Compile Driver","floor":4},{"not_picked":["Go for the Eyes","Fission"],"picked":"Reinforced Body","floor":6},{"not_picked":["Blizzard","Streamline","Creative AI"],"picked":"SKIP","floor":11},{"not_picked":["Rip and Tear","Cold Snap"],"picked":"Tempest","floor":14},{"not_picked":["Coolheaded","Beam Cell","Barrage"],"picked":"SKIP","floor":14},{"not_picked":["Reboot","Machine Learning"],"picked":"Rainbow","floor":16},{"not_picked":["Blizzard","Leap"],"picked":"Steam Power+1","floor":18},{"not_picked":["Beam Cell","Leap"],"picked":"Stack+1","floor":18},{"not_picked":["Rebound+1","Hologram"],"picked":"Biased Cognition","floor":19},{"not_picked":["Rebound","Stack","Darkness"],"picked":"SKIP","floor":19},{"not_picked":["Capacitor","Coolheaded+1"],"picked":"Sweeping Beam+1","floor":20},{"not_picked":["Hologram","Chill+1"],"picked":"Ball Lightning","floor":20},{"not_picked":["Sunder","Lockon","Leap"],"picked":"SKIP","floor":24},{"not_picked":["Compile Driver","Tempest+1"],"picked":"Conserve Battery","floor":27},{"not_picked":["Redo","Leap+1","Hologram"],"picked":"SKIP","floor":27},{"not_picked":["Ball Lightning","Cold Snap"],"picked":"Loop+1","floor":28},{"not_picked":["Doom and Gloom","Coolheaded","Compile Driver+1"],"picked":"SKIP","floor":28},{"not_picked":["Beam Cell+1","Conserve Battery"],"picked":"Core Surge","floor":29},{"not_picked":["Reinforced Body","Leap"],"picked":"Turbo","floor":29},{"not_picked":["Darkness","Streamline"],"picked":"Rebound+1","floor":30},{"not_picked":["Redo","Streamline","Go for the Eyes+1"],"picked":"SKIP","floor":30}],"player_experience":1080686,"relics_obtained":[{"floor":6,"key":"Prayer Wheel"},{"floor":9,"key":"Pear"},{"floor":11,"key":"Oddly Smooth Stone"},{"floor":24,"key":"Thread and Needle"},{"floor":26,"key":"Bottled Lightning"}],"event_choices":[{"damage_healed":0,"gold_gain":1,"player_choice":"1","damage_taken":0,"max_hp_gain":0,"max_hp_loss":0,"event_name":"betterStone:BetterStone","floor":8,"gold_loss":0},{"damage_healed":0,"gold_gain":100,"player_choice":"Bet on Murderer","damage_taken":0,"max_hp_gain":0,"max_hp_loss":0,"event_name":"The Joust","floor":21,"gold_loss":50},{"damage_healed":0,"gold_gain":0,"player_choice":"Obtained Relic","damage_taken":0,"relics_obtained":["Bag of Preparation"],"max_hp_gain":0,"max_hp_loss":0,"event_name":"Addict","floor":31,"gold_loss":85}],"is_beta":false,"boss_relics":[{"not_picked":["Nuclear Battery","Calling Bell"],"picked":"Inserter"}],"items_purged_floors":[13,22],"is_endless":false,"potions_floor_spawned":[6,14,16,20,28],"killed_by":"Automaton","ascension_level":7}}