{"host":"t1puqh5lxz8sp6fn","time":1612764345,"event":{"mods":["AchievementEnabler","BaseMod","Colored Powertips","Minty Spire (QoL Compilation)","Rare Cards Sparkle","Relic Stats","StSLib"],"gold_per_floor":[113,113,136,157,175,175,218,218,218,262,262,286,301,21,21,114,177,191,191,191,0,25,56,56,89,89,114,29,45,45,61,61,160,160,184,184,67,82,6,6,6,6,6],"floor_reached":42,"playtime":1440,"items_purged":["Writhe"],"score":758,"play_id":"7a4639b4-4e5a-4b42-a05d-8e96c73e58f6","local_time":"20210208030545","is_ascension_mode":true,"campfire_choices":[{"data":"Cleave","floor":6.0,"key":"SMITH"},{"floor":8.0,"key":"REST"},{"floor":11.0,"key":"REST"},{"data":"Body Slam","floor":15.0,"key":"SMITH"},{"floor":24.0,"key":"REST"},{"floor":32,"key":"REST"},{"floor":40,"key":"REST"}],"circlet_count":0,"master_deck":["AscendersBane","Strike_R","Strike_R","Strike_R","Strike_R","Strike_R+1","Defend_R","Defend_R","Defend_R","Bash","Blind","Blood for Blood","Cleave+1","Body Slam+1","Shrug It Off","Flame Barrier","Flex","Limit Break","Thunderclap","Pummel+1","RitualDagger","Inflame","Pommel Strike+1","Demon Form","Dropkick+1","Impervious","Rage","Bandage Up","Writhe"],"relics":["Black Blood","Golden Idol","Happy Flower","Potion Belt","Bottled Lightning","Matryoshka","Tiny House","FaceOfCleric","Membership Card","Toy Ornithopter","Bottled Tornado","Blue Candle","Shovel","Boot","Bag of Marbles"],"acts_visited":["Exordium","TheCity","TheBeyond"],"potions_floor_usage":[27,29,29,33,33,33,33,42],"damage_taken":[{"damage":5.0,"enemies":"2 Louse","floor":1.0,"turns":4.0},{"damage":9.0,"enemies":"Jaw Worm","floor":3.0,"turns":3.0},{"damage":0.0,"enemies":"Cultist","floor":4.0,"turns":4.0},{"damage":19.0,"enemies":"3 Louse","floor":5.0,"turns":4.0},{"damage":37.0,"enemies":"Lagavulin","floor":7.0,"turns":9.0},{"damage":25.0,"enemies":"Gremlin Nob","floor":10.0,"turns":5.0},{"damage":2.0,"enemies":"2 Fungi Beasts","floor":12.0,"turns":3.0},{"damage":8.0,"enemies":"Looter","floor":13.0,"turns":3.0},{"damage":28.0,"enemies":"Hexaghost","floor":16.0,"turns":10.0},{"damage":4.0,"enemies":"3 Byrds","floor":18.0,"turns":5.0},{"damage":15.0,"enemies":"Spheric Guardian","floor":22.0,"turns":5.0},{"damage":37.0,"enemies":"Slavers","floor":23.0,"turns":5.0},{"damage":24.0,"enemies":"Book of Stabbing","floor":25.0,"turns":4.0},{"damage":12,"enemies":"3 Cultists","floor":27,"turns":5},{"damage":22,"enemies":"Sentry and Sphere","floor":29,"turns":4},{"damage":27,"enemies":"Snecko","floor":31,"turns":4},{"damage":50,"enemies":"Collector","floor":33,"turns":8},{"damage":37,"enemies":"Orb Walker","floor":35,"turns":5},{"damage":39,"enemies":"3 Shapes","floor":38,"turns":4},{"damage":92,"enemies":"Reptomancer","floor":42,"turns":3}],"seed_played":"4992901472706275","potions_obtained":[{"floor":3.0,"key":"Weak Potion"},{"floor":10.0,"key":"LiquidBronze"},{"floor":12.0,"key":"Ancient Potion"},{"floor":16.0,"key":"SteroidPotion"},{"floor":17.0,"key":"DistilledChaos"},{"floor":18.0,"key":"PowerPotion"},{"floor":25.0,"key":"Block Potion"},{"floor":27,"key":"EntropicBrew"},{"floor":31,"key":"Block Potion"},{"floor":38,"key":"ColorlessPotion"}],"is_trial":false,"path_per_floor":["M","?","M","M","M","R","E","R","T","E","R","M","M","$","R","B",null,"M","?","?","$","M","E","R","E","T","M","?","M","?","M","R","B",null,"M","?","$","M","$","R","?","E"],"character_chosen":"IRONCLAD","items_purchased":["Matryoshka","Flex","Membership Card","Inflame","Rage","Bandage Up","Bag of Marbles"],"campfire_rested":5,"item_purchase_floors":[14,14,21,21,37,37,39],"current_hp_per_floor":[69,51,48,54,41,41,10,32,32,13,35,39,37,37,37,15,65,67,61,61,61,53,23,47,35,35,35,35,30,30,10,35,12,68,44,44,44,22,22,48,70,0,0],"gold":6,"neow_bonus":"RANDOM_COLORLESS","is_daily":false,"chose_seed":false,"campfire_upgraded":2,"win_rate":0.0,"timestamp":1612764345,"path_taken":["M","?","M","M","M","R","E","R","T","E","R","M","M","$","R","BOSS","M","?","?","$","M","E","R","E","T","?","?","M","?","M","R","BOSS","M","?","$","M","$","R","?","E"],"items_purchased_type":["Relic","Card","Relic","Card","Card","Card","Relic"],"build_version":"2020-12-13","purchased_purges":1,"victory":false,"max_hp_per_floor":[75,75,75,75,75,75,75,75,75,75,75,75,75,75,75,75,80,80,80,80,80,81,82,82,83,83,84,84,85,85,86,86,87,87,88,88,88,89,89,89,89,89,89],"relic_stats":{"Shovel":0,"Happy Flower":[24],"FaceOfCleric":9,"counters":[20,97],"Golden Idol":131,"Blue Candle":[3],"Black Blood":126,"Boot":[10],"obtain_stats":[{"Potion Belt":9,"Tiny House":17,"Happy Flower":7,"Golden Idol":2,"Blue Candle":26,"Black Blood":34,"Bottled Tornado":25,"Boot":30,"Burning Blood":0,"Matryoshka":14,"Shovel":28,"FaceOfCleric":20,"Bag of Marbles":39,"Bottled Lightning":10,"Membership Card":21,"Toy Ornithopter":23},{"Potion Belt":5,"Tiny House":9,"Happy Flower":5,"Golden Idol":1,"Blue Candle":13,"Black Blood":17,"Bottled Tornado":13,"Boot":15,"Burning Blood":0,"Matryoshka":8,"Shovel":14,"FaceOfCleric":10,"Bag of Marbles":19,"Bottled Lightning":6,"Membership Card":10,"Toy Ornithopter":12},{"Potion Belt":24,"Tiny House":45,"Happy Flower":24,"Golden Idol":4,"Blue Candle":64,"Black Blood":85,"Bottled Tornado":64,"Boot":73,"Burning Blood":0,"Matryoshka":35,"Shovel":69,"FaceOfCleric":50,"Bag of Marbles":94,"Bottled Lightning":29,"Membership Card":50,"Toy Ornithopter":60}],"Toy Ornithopter":45},"card_choices":[{"not_picked":["Good Instincts","Swift Strike"],"picked":"Blind","floor":0.0},{"not_picked":["True Grit","Anger"],"picked":"Blood for Blood","floor":1.0},{"not_picked":["Brutality","Warcry"],"picked":"Cleave","floor":3.0},{"not_picked":["Flex","Thunderclap"],"picked":"Body Slam","floor":4.0},{"not_picked":["Rampage","Cleave"],"picked":"Shrug It Off","floor":5.0},{"not_picked":["Headbutt","Anger","Entrench"],"picked":"SKIP","floor":7.0},{"not_picked":["Combust","Reckless Charge","Cleave"],"picked":"SKIP","floor":10.0},{"not_picked":["Clothesline","Blood for Blood","Havoc"],"picked":"SKIP","floor":12.0},{"not_picked":["Heavy Blade","Rampage"],"picked":"Flame Barrier","floor":13.0},{"not_picked":["Barricade","Fiend Fire"],"picked":"Limit Break","floor":16.0},{"not_picked":["Havoc","Rupture"],"picked":"Thunderclap","floor":17.0},{"not_picked":["Wild Strike","Metallicize+1"],"picked":"Pummel+1","floor":18.0},{"not_picked":["Dark Embrace","Flame Barrier","Evolve+1"],"picked":"SKIP","floor":22.0},{"not_picked":["Whirlwind","Clash"],"picked":"Pommel Strike+1","floor":23.0},{"not_picked":["Combust","Pommel Strike","Iron Wave"],"picked":"SKIP","floor":25.0},{"not_picked":["Power Through","Reckless Charge"],"picked":"Demon Form","floor":27},{"not_picked":["Clash+1","Heavy Blade","Pommel Strike"],"picked":"SKIP","floor":29},{"not_picked":["Body Slam+1","Anger"],"picked":"Dropkick+1","floor":31},{"not_picked":["Feed","Exhume"],"picked":"Impervious","floor":33},{"not_picked":["Reckless Charge","Flex","Burning Pact+1"],"picked":"SKIP","floor":35},{"not_picked":["Fire Breathing","Reckless Charge","Havoc"],"picked":"SKIP","floor":38}],"player_experience":490129,"relics_obtained":[{"floor":7.0,"key":"Happy Flower"},{"floor":9.0,"key":"Potion Belt"},{"floor":10.0,"key":"Bottled Lightning"},{"floor":23.0,"key":"Toy Ornithopter"},{"floor":25.0,"key":"Bottled Tornado"},{"floor":26.0,"key":"Blue Candle"}],"event_choices":[{"damage_healed":0.0,"max_hp_gain":0.0,"max_hp_loss":0.0,"gold_gain":0.0,"event_name":"Golden Idol","player_choice":"Take Damage","floor":2.0,"gold_loss":0.0,"damage_taken":18.0,"relics_obtained":["Golden Idol"]},{"damage_healed":0.0,"max_hp_gain":0.0,"max_hp_loss":0.0,"gold_gain":0.0,"event_name":"Nest","player_choice":"Joined the Cult","floor":19.0,"gold_loss":0.0,"damage_taken":6.0,"cards_obtained":["RitualDagger"]},{"damage_healed":0.0,"max_hp_gain":0.0,"max_hp_loss":0.0,"gold_gain":0.0,"event_name":"FaceTrader","player_choice":"Trade","floor":20.0,"gold_loss":0.0,"damage_taken":0.0,"relics_obtained":["FaceOfCleric"]},{"damage_healed":0,"gold_gain":0,"player_choice":"Obtained Relic","damage_taken":0,"relics_obtained":["Shovel"],"max_hp_gain":0,"max_hp_loss":0,"event_name":"Addict","floor":28,"gold_loss":85},{"damage_healed":0,"gold_gain":0,"player_choice":"Opened","damage_taken":0,"relics_obtained":["Boot"],"max_hp_gain":0,"max_hp_loss":0,"event_name":"The Mausoleum","floor":30,"gold_loss":0,"cards_obtained":["Writhe"]},{"cards_removed":["Defend_R"],"damage_healed":0,"gold_gain":0,"player_choice":"Removed Skill","damage_taken":0,"max_hp_gain":0,"max_hp_loss":0,"event_name":"Falling","floor":36,"gold_loss":0},{"damage_healed":22,"gold_gain":0,"player_choice":"Writhe","damage_taken":0,"max_hp_gain":0,"max_hp_loss":0,"event_name":"Winding Halls","floor":41,"gold_loss":0,"cards_obtained":["Writhe"]}],"is_beta":false,"boss_relics":[{"not_picked":["Cursed Key","Runic Dome"],"picked":"Tiny House"},{"not_picked":["Pandora\u0027s Box","Coffee Dripper"],"picked":"Black Blood"}],"items_purged_floors":[37],"is_endless":false,"potions_floor_spawned":[3,10,12,16,18,25,27,31,38],"killed_by":"Reptomancer","ascension_level":14}}