{"host":"5kirneupyg4uzd3w","time":1612786130,"event":{"mods":["BaseMod","Colored Map","Custom Start","Minty Spire (QoL Compilation)","StSLib","SuperFastMode"],"gold_per_floor":[369,42,42,55,16,48,48,82,129,158,176,176,190,200,200,277,277,291,291,13,42,92,92,8,8,8,8,8,24,36,68,68,145,145,163,188,205,224,224,256,256,282,308,39,58,89,102,114,114,114,114,114],"floor_reached":51,"language":"KOR","playtime":1790,"items_purged":["Perfected Strike","Injury"],"score":1525,"play_id":"3c0a8db6-ea6b-4daa-bd74-e974ade4c2dc","local_time":"20210208210850","is_ascension_mode":true,"campfire_choices":[{"data":"Body Slam","floor":7.0,"key":"SMITH"},{"floor":12.0,"key":"REST"},{"data":"Evolve","floor":15.0,"key":"SMITH"},{"data":"Fire Breathing","floor":23.0,"key":"SMITH"},{"data":"Dark Embrace","floor":25.0,"key":"SMITH"},{"floor":32.0,"key":"REST"},{"data":"Feel No Pain","floor":41.0,"key":"SMITH"},{"floor":49.0,"key":"RECALL"}],"circlet_count":0,"master_deck":["AscendersBane","Bash","Wild Strike","Warcry+1","Metallicize","Power Through+1","Body Slam+1","Double Tap+1","Evolve+1","Disarm+1","Entrench+1","Clothesline","Juggernaut","Spot Weakness+1","Thunderclap","Sever Soul","Bludgeon","Clothesline","Shrug It Off+1","Fire Breathing+1","Dark Embrace+1","Battle Trance+1","Infernal Blade+1","Feed","Shrug It Off+1","Second Wind+1","Feel No Pain+1","Sentinel+1","Shrug It Off+1"],"relics":["Burning Blood","Toxic Egg 2","Nunchaku","Dream Catcher","MealTicket","Happy Flower","Pandora\u0027s Box","Red Mask","Gremlin Horn","Mercury Hourglass","Cursed Key","Girya","Centennial Puzzle","Blue Candle","Toy Ornithopter","Boot"],"acts_visited":["Exordium","TheCity","TheBeyond"],"potions_floor_usage":[],"damage_taken":[{"damage":2.0,"enemies":"2 Louse","floor":1.0,"turns":3.0},{"damage":0.0,"enemies":"Cultist","floor":4.0,"turns":2.0},{"damage":39.0,"enemies":"Gremlin Nob","floor":6.0,"turns":6.0},{"damage":26.0,"enemies":"Lagavulin","floor":8.0,"turns":8.0},{"damage":14.0,"enemies":"3 Sentries","floor":10.0,"turns":9.0},{"damage":0.0,"enemies":"Small Slimes","floor":11.0,"turns":3.0},{"damage":20.0,"enemies":"3 Louse","floor":13.0,"turns":4.0},{"damage":0.0,"enemies":"Blue Slaver","floor":14.0,"turns":6.0},{"damage":23.0,"enemies":"The Guardian","floor":16.0,"turns":12.0},{"damage":32.0,"enemies":"Chosen","floor":18.0,"turns":4.0},{"damage":0.0,"enemies":"Spheric Guardian","floor":19.0,"turns":2.0},{"damage":12.0,"enemies":"Masked Bandits","floor":21.0,"turns":2.0},{"damage":0.0,"enemies":"Chosen and Byrds","floor":29.0,"turns":2.0},{"damage":26.0,"enemies":"Snecko","floor":30.0,"turns":4.0},{"damage":29.0,"enemies":"Gremlin Leader","floor":31.0,"turns":8.0},{"damage":19.0,"enemies":"Champ","floor":33.0,"turns":11.0},{"damage":0.0,"enemies":"Orb Walker","floor":35.0,"turns":2.0},{"damage":4.0,"enemies":"Mind Bloom Boss Battle","floor":36.0,"turns":8.0},{"damage":12.0,"enemies":"3 Shapes","floor":37.0,"turns":4.0},{"damage":37.0,"enemies":"Sphere and 2 Shapes","floor":38.0,"turns":4.0},{"damage":30.0,"enemies":"Nemesis","floor":40.0,"turns":6.0},{"damage":20.0,"enemies":"Giant Head","floor":42.0,"turns":5.0},{"damage":17.0,"enemies":"Maw","floor":45.0,"turns":6.0},{"damage":16.0,"enemies":"Nemesis","floor":46.0,"turns":5.0},{"damage":3.0,"enemies":"4 Shapes","floor":47.0,"turns":3.0},{"damage":11.0,"enemies":"Transient","floor":48.0,"turns":6.0},{"damage":33.0,"enemies":"Time Eater","floor":50.0,"turns":7.0},{"damage":52,"enemies":"Awakened One","floor":51,"turns":4}],"seed_played":"-7453503200894520631","potions_obtained":[{"floor":1.0,"key":"GamblersBrew"},{"floor":6.0,"key":"Block Potion"},{"floor":8.0,"key":"Swift Potion"},{"floor":13.0,"key":"AttackPotion"},{"floor":14.0,"key":"Dexterity Potion"},{"floor":18.0,"key":"SmokeBomb"},{"floor":30.0,"key":"DuplicationPotion"},{"floor":40.0,"key":"DuplicationPotion"},{"floor":42.0,"key":"EntropicBrew"},{"floor":48.0,"key":"BloodPotion"}],"is_trial":false,"path_per_floor":["M","$","?","M","$","E","R","E","T","E","M","R","M","M","R","B",null,"M","M","$","?","?","R","$","R","T","?","$","M","M","E","R","B",null,"M","?","M","M","?","E","R","E","T","$","M","E","M","M","R","B","B"],"character_chosen":"IRONCLAD","items_purchased":["Toxic Egg 2","Warcry+1","Power Through+1","Shrug It Off+1","Fire Breathing","Fruit Juice","Battle Trance+1","Toy Ornithopter"],"campfire_rested":2,"item_purchase_floors":[2,2,5,20,20,20,24,44],"current_hp_per_floor":[68,68,68,68,68,35,35,15,15,7,13,33,19,25,25,8,53,27,33,48,47,47,47,62,62,62,62,73,73,53,30,51,38,64,70,72,66,35,60,36,36,22,22,37,26,16,19,24,24,17,0,0],"gold":114,"neow_bonus":"TWO_FIFTY_GOLD","is_daily":false,"chose_seed":false,"campfire_upgraded":5,"win_rate":0.0,"timestamp":1612786130,"path_taken":["M","$","?","M","?","E","R","E","T","E","M","R","M","M","R","BOSS","M","M","$","?","?","R","$","R","T","?","?","M","?","E","R","BOSS","M","?","M","M","?","E","R","E","T","?","?","E","M","M","R","BOSS","BOSS"],"items_purchased_type":["Relic","Card","Card","Card","Card","Potion","Card","Relic"],"build_version":"2020-12-22","purchased_purges":2,"victory":false,"max_hp_per_floor":[68,68,68,68,68,68,68,68,68,68,68,68,68,68,68,68,68,68,68,68,73,73,73,73,73,73,73,73,73,73,73,73,73,73,73,73,73,73,60,60,60,60,60,60,60,60,60,60,60,63,63,63],"card_choices":[{"not_picked":["Rampage","Havoc"],"picked":"Wild Strike","floor":1.0},{"not_picked":["Clothesline","Intimidate+1"],"picked":"Metallicize","floor":4.0},{"not_picked":["Perfected Strike","True Grit+1"],"picked":"Body Slam","floor":6.0},{"not_picked":["Pommel Strike","Flex+1"],"picked":"Double Tap+1","floor":8.0},{"not_picked":["Metallicize","Flame Barrier+1"],"picked":"Evolve","floor":10.0},{"not_picked":["Havoc+1","Burning Pact+1"],"picked":"Disarm+1","floor":11.0},{"not_picked":["Armaments+1","Bloodletting+1"],"picked":"Entrench+1","floor":12.0},{"not_picked":["Cleave","Flex+1"],"picked":"Clothesline","floor":13.0},{"not_picked":["Thunderclap","Havoc+1","Evolve"],"picked":"SKIP","floor":14.0},{"not_picked":["Brutality","Limit Break+1"],"picked":"Juggernaut","floor":16.0},{"not_picked":["Infernal Blade+1","Havoc+1","Sword Boomerang"],"picked":"SKIP","floor":18.0},{"not_picked":["Wild Strike","Pommel Strike+1"],"picked":"Dark Embrace","floor":21.0},{"not_picked":["Sentinel+1","Shockwave+1","Hemokinesis"],"picked":"SKIP","floor":29.0},{"not_picked":["Perfected Strike","Armaments+1"],"picked":"Shrug It Off+1","floor":30.0},{"not_picked":["Limit Break+1","Perfected Strike"],"picked":"Second Wind+1","floor":31.0},{"not_picked":["Pommel Strike+1","Seeing Red+1"],"picked":"Feel No Pain","floor":32.0},{"not_picked":["Clothesline+1","Pommel Strike","True Grit+1"],"picked":"SKIP","floor":35.0},{"not_picked":["Evolve","Headbutt","Armaments+1"],"picked":"SKIP","floor":37.0},{"not_picked":["Body Slam","Perfected Strike","Dual Wield+1"],"picked":"SKIP","floor":38.0},{"not_picked":["Body Slam","Armaments+1","Clash"],"picked":"SKIP","floor":40.0},{"not_picked":["Dropkick+1","Sword Boomerang"],"picked":"Sentinel+1","floor":42.0},{"not_picked":["Shockwave+1","Thunderclap","Perfected Strike"],"picked":"SKIP","floor":45.0},{"not_picked":["Iron Wave","Feel No Pain","Body Slam"],"picked":"SKIP","floor":46.0},{"not_picked":["Thunderclap","Exhume+1"],"picked":"Shrug It Off+1","floor":47.0},{"not_picked":["Pommel Strike+1","Inflame+1","Entrench+1"],"picked":"SKIP","floor":48.0}],"player_experience":309539,"relics_obtained":[{"floor":6.0,"key":"Nunchaku"},{"floor":8.0,"key":"Dream Catcher"},{"floor":9.0,"key":"MealTicket"},{"floor":10.0,"key":"Happy Flower"},{"floor":21.0,"key":"Red Mask"},{"floor":26.0,"key":"Gremlin Horn"},{"floor":31.0,"key":"Mercury Hourglass"},{"floor":36.0,"key":"Girya"},{"floor":40.0,"key":"Centennial Puzzle"},{"floor":42.0,"key":"Blue Candle"},{"floor":46.0,"key":"Boot"}],"event_choices":[{"cards_removed":["Strike_R"],"damage_healed":0.0,"max_hp_gain":0.0,"max_hp_loss":0.0,"gold_gain":0.0,"event_name":"Bonfire Elementals","player_choice":"Offered Basic","floor":3.0,"gold_loss":0.0,"damage_taken":0.0},{"damage_healed":0.0,"max_hp_gain":0.0,"max_hp_loss":0.0,"gold_gain":0.0,"event_name":"Masked Bandits","player_choice":"Fought Bandits","floor":21.0,"gold_loss":0.0,"damage_taken":0.0},{"damage_healed":0.0,"max_hp_gain":0.0,"max_hp_loss":0.0,"gold_gain":50.0,"event_name":"Nest","player_choice":"Stole From Cult","floor":22.0,"gold_loss":0.0,"damage_taken":0.0},{"damage_healed":0.0,"max_hp_gain":0.0,"max_hp_loss":0.0,"gold_gain":0.0,"cards_transformed":["Perfected Strike","Uppercut"],"event_name":"Drug Dealer","player_choice":"Became Test Subject","floor":27.0,"gold_loss":0.0,"damage_taken":0.0,"cards_obtained":["Infernal Blade","Feed"]},{"damage_healed":0.0,"max_hp_gain":0.0,"max_hp_loss":0.0,"gold_gain":0.0,"event_name":"MindBloom","player_choice":"Fight","floor":36.0,"gold_loss":0.0,"damage_taken":0.0},{"damage_healed":60.0,"max_hp_gain":0.0,"max_hp_loss":13.0,"gold_gain":0.0,"event_name":"The Moai Head","player_choice":"Heal","floor":39.0,"gold_loss":0.0,"damage_taken":0.0}],"is_beta":false,"boss_relics":[{"not_picked":["Mark of Pain","Sozu"],"picked":"Pandora\u0027s Box"},{"not_picked":["Runic Cube","Snecko Eye"],"picked":"Cursed Key"}],"items_purged_floors":[20,44],"is_endless":false,"potions_floor_spawned":[1,6,8,13,14,18,19,30,37,40,42,47,48],"killed_by":"Awakened One","ascension_level":20}}