{"host":"vgnj3owxn2tq7mop","time":1612802532,"event":{"mods":["Act Like it!","BaseMod","Colored Map","Downfall","Hallownest","Minty Spire (QoL Compilation)","StSLib","SuperFastMode","The Bug Knight","The Servant 0.9.4"],"gold_per_floor":[99,113,123,133,133,145,215,215,249,265,285,385,285,297,317,317,317,317],"floor_reached":16,"language":"ZHS","playtime":1048,"items_purged":[],"score":111,"play_id":"6860baa0-e149-4bbf-b364-bec52afe7418","local_time":"20210209004212","is_ascension_mode":true,"campfire_choices":[{"data":"bronze:Virus","floor":1,"key":"SMITH"},{"data":"bronze:Assembly","floor":13,"key":"SMITH"}],"circlet_count":0,"master_deck":["bronze:Strike","bronze:Strike","bronze:Strike","bronze:Defend","bronze:Defend","bronze:Defend","bronze:Defend","bronze:Replicate","bronze:Goto","bronze:Virus+1","bronze:Repulsor","bronze:Iterate","bronze:Spike+1","bronze:Explode","bronze:Repair","bronze:Iterate+1","bronze:ChosenStrike+1","bronze:Assembly+1","bronze:BronzeOrb+1","bronze:CutThrough+1"],"relics":["bronze:BronzeCore","Molten Egg 2","Anchor","downfall:HeartBlessingGreen"],"acts_visited":["Exordium"],"potions_floor_usage":[8,9,9],"damage_taken":[{"damage":6,"enemies":"Jaw Worm","floor":2,"turns":2},{"damage":8,"enemies":"Small Slimes","floor":3,"turns":2},{"damage":1,"enemies":"Cultist","floor":4,"turns":3},{"damage":10,"enemies":"Exordium Thugs","floor":6,"turns":3},{"damage":22,"enemies":"Exordium Thugs","floor":8,"turns":2},{"damage":12,"enemies":"Gremlin Nob","floor":9,"turns":4},{"damage":0,"enemies":"Exordium Wildlife","floor":10,"turns":2},{"damage":0,"enemies":"Red Slaver","floor":11,"turns":2},{"damage":0,"enemies":"2 Fungi Beasts","floor":14,"turns":2},{"damage":0,"enemies":"3 Louse","floor":15,"turns":2},{"damage":44,"enemies":"DF_ARCHETYPE_STREAMLINE","floor":16,"turns":6}],"seed_played":"-7789739460361413413","potions_obtained":[{"floor":2,"key":"bronze:BuildAFunctionPotion"},{"floor":4,"key":"bronze:BuildAFunctionPotion"},{"floor":6,"key":"GamblersBrew"},{"floor":10,"key":"SpeedPotion"}],"is_trial":false,"path_per_floor":["R","M","M","M","?","M","T","?","E","M","M","?","R","M","M","B"],"character_chosen":"THE_AUTOMATON","items_purchased":[],"campfire_rested":0,"item_purchase_floors":[],"current_hp_per_floor":[70,64,56,55,60,50,50,28,23,30,30,30,30,30,37,0,0,0],"gold":317,"neow_bonus":"TRANSFORM_CARD","is_daily":false,"chose_seed":false,"campfire_upgraded":2,"win_rate":0.0,"timestamp":1612802532,"path_taken":["R","M","M","M","?","M","T","?","E","M","M","?","R","M","M","BOSS"],"items_purchased_type":[],"build_version":"2020-12-22","purchased_purges":0,"victory":false,"max_hp_per_floor":[70,70,70,70,75,75,75,75,75,75,75,75,75,75,75,75,75,75],"card_choices":[{"not_picked":["bronze:ClassDefault","bronze:Separator"],"picked":"bronze:Repulsor","floor":2},{"not_picked":["bronze:BugBarrage","bronze:DarkDash","bronze:ItsAFeature"],"picked":"SKIP","floor":3},{"not_picked":["bronze:DelayedGuard","bronze:Overheat"],"picked":"bronze:Iterate","floor":4},{"not_picked":["bronze:BuggyMess","bronze:MaxOutput","bronze:Deprecate"],"picked":"SKIP","floor":6},{"not_picked":[],"picked":"bronze:Spike","floor":8},{"not_picked":[],"picked":"bronze:Explode","floor":8},{"not_picked":["bronze:BronzeArmor","bronze:DelayedGuard"],"picked":"bronze:Repair","floor":8},{"not_picked":["bronze:Return","bronze:Frontload"],"picked":"bronze:Iterate+1","floor":9},{"not_picked":["bronze:Constructor","bronze:Flail+1"],"picked":"bronze:ChosenStrike+1","floor":10},{"not_picked":["bronze:Shell","bronze:Safeguard"],"picked":"bronze:Assembly","floor":11},{"not_picked":["bronze:Deprecate","bronze:Philosophize"],"picked":"bronze:BronzeOrb+1","floor":14},{"not_picked":["bronze:WildBeam+1","bronze:Deprecate"],"picked":"bronze:CutThrough+1","floor":15}],"player_experience":1187246,"relics_obtained":[{"floor":7,"key":"Molten Egg 2"},{"floor":9,"key":"Anchor"}],"event_choices":[{"damage_healed":0,"gold_gain":0,"player_choice":"Donut","damage_taken":0,"max_hp_gain":5,"max_hp_loss":0,"event_name":"Big Fish","floor":5,"gold_loss":0}],"is_beta":false,"boss_relics":[],"items_purged_floors":[],"is_endless":false,"potions_floor_spawned":[2,4,6,10],"killed_by":"DF_ARCHETYPE_STREAMLINE","ascension_level":1}}