{"host":"tkinv8gv6hgcc58b","time":1612828412,"event":{"mods":["AchievementEnabler","BaseMod","BetterRewards","Colored Map","Downfall","Googly Eyes","Hermit","Minty Spire (QoL Compilation)","StSLib","The Cursed","The Disciple"],"gold_per_floor":[119,194,204,204,379,409,409,424,477,492,492,527,527,527,527,527,627,627,647,562,581,581,581,610,610,624,647,684,696,723,735,747,424,424,520,520,540,540,590,638,244,244,272,285,285,285,90,125,134,169,17,17,17,17],"floor_reached":55,"language":"ENG","playtime":3249,"items_purged":["TheCursedMod:Dregs","downfall:Bewildered"],"score":1360,"play_id":"1bf16756-c12a-4593-ab2a-5bcf10a61705","local_time":"20210208185332","is_ascension_mode":true,"campfire_choices":[{"floor":7.0,"key":"REST"},{"floor":11.0,"key":"REST"},{"floor":13.0,"key":"DIG"},{"floor":15.0,"key":"DIG"},{"floor":16.0,"key":"REST"},{"floor":25.0,"key":"REST"},{"floor":31.0,"key":"REST"},{"floor":34.0,"key":"DIG"},{"floor":42.0,"key":"DIG"},{"floor":52,"key":"REST"},{"data":"downfall:Haunted","floor":53,"key":"PURGE"}],"circlet_count":0,"master_deck":["Strike_P","Strike_P+1","Strike_P","Strike_P","Defend_P","Defend_P","Defend_P","Defend_P","Eruption","Vigilance","Crescendo","EmptyFist+1","FearNoEvil","Evaluate","Worship","MentalFortress","Study","Sanctity","Discovery","Alpha","Halt+1","RitualDagger","FearNoEvil+1","TalkToTheHand+1","DevaForm","ClearTheMind+1","DeusExMachina","MentalFortress","Devotion","Decay"],"relics":["PureWater","Shovel","HandDrill","TeardropLocket","Peace Pipe","Omamori","Juzu Bracelet","Centennial Puzzle","HornCleat","Pear","Potion Belt","Cursed Key","Blood Vial","Guardian:PocketSentry","Regal Pillow","MawBank","Boot","Membership Card","Nunchaku","Whetstone","Oddly Smooth Stone","Fusion Hammer","Guardian:GemstoneGun","Gambling Chip","Ice Cream","Bottled Lightning","Strange Spoon","Pantograph","Unceasing Top","White Beast Statue","Mummified Hand","Lee\u0027s Waffle","Vajra","CeramicFish","Bottled Tornado","Sundial","hexamod:BolsterEngine","Anchor"],"acts_visited":["Exordium","TheCity","TheBeyond"],"potions_floor_usage":[43,43,54,54],"damage_taken":[{"damage":0.0,"enemies":"Small Slimes","floor":1.0,"turns":2.0},{"damage":0.0,"enemies":"2 Louse","floor":3.0,"turns":2.0},{"damage":21.0,"enemies":"Lagavulin","floor":6.0,"turns":5.0},{"damage":0.0,"enemies":"Cultist","floor":8.0,"turns":2.0},{"damage":2.0,"enemies":"Blue Slaver","floor":10.0,"turns":4.0},{"damage":16.0,"enemies":"Gremlin Nob","floor":12.0,"turns":4.0},{"damage":42.0,"enemies":"Hexaghost","floor":17.0,"turns":9.0},{"damage":32.0,"enemies":"Chosen","floor":19.0,"turns":5.0},{"damage":1.0,"enemies":"2 Thieves","floor":21.0,"turns":4.0},{"damage":9.0,"enemies":"Gremlin Leader","floor":24.0,"turns":7.0},{"damage":27.0,"enemies":"Centurion and Healer","floor":26.0,"turns":4.0},{"damage":1.0,"enemies":"Chosen and Byrds","floor":30.0,"turns":4.0},{"damage":49.0,"enemies":"Collector","floor":35.0,"turns":9.0},{"damage":7.0,"enemies":"Orb Walker","floor":37.0,"turns":2.0},{"damage":7.0,"enemies":"Mind Bloom Boss Battle","floor":39.0,"turns":4.0},{"damage":11.0,"enemies":"2 Orb Walkers","floor":40.0,"turns":6.0},{"damage":20,"enemies":"Reptomancer","floor":43,"turns":6},{"damage":0,"enemies":"3 Shapes","floor":44,"turns":2},{"damage":0,"enemies":"Giant Head","floor":48,"turns":6},{"damage":31,"enemies":"Nemesis","floor":50,"turns":5},{"damage":34,"enemies":"Donu and Deca","floor":54,"turns":5}],"seed_played":"4159824921853950584","potions_obtained":[{"floor":1.0,"key":"SpeedPotion"},{"floor":3.0,"key":"Guardian:BlockOnCardUsePotion"},{"floor":12.0,"key":"hexamod:SoulburnPotion"},{"floor":17.0,"key":"bronze:BurnAndBuffPotion"},{"floor":21.0,"key":"sneckomod:MuddlingPotion"},{"floor":35.0,"key":"Block Potion"},{"floor":39.0,"key":"bronze:BurnAndBuffPotion"},{"floor":44,"key":"Swift Potion"},{"floor":48,"key":"AttackPotion"},{"floor":50,"key":"DistilledChaos"}],"is_trial":false,"path_per_floor":["M","?","M","?","?","E","R","M","T","M","R","E","R","?","R","R","B",null,"M","?","M","?","?","E","R","M","T","T","?","M","R","?","$","R","B",null,"M","?","?","?","$","R","E","M","T","T","$","E","T","E","$","R","R","B",null],"character_chosen":"WATCHER","items_purchased":["Crescendo","EmptyFist","FearNoEvil","HandDrill","TeardropLocket","Membership Card","Nunchaku","Whetstone","Ice Cream","Bottled Lightning","Strange Spoon","MentalFortress","Lee\u0027s Waffle","Vajra","hexamod:BolsterEngine","Anchor"],"campfire_rested":6,"item_purchase_floors":[0,0,0,0,0,33,33,33,41,41,41,41,47,47,51,51],"current_hp_per_floor":[25,14,14,38,38,17,38,38,38,36,57,41,51,51,51,75,33,70,38,38,39,33,33,26,65,40,40,40,40,41,80,80,80,80,33,70,65,65,60,51,51,51,33,35,35,35,85,85,85,54,54,85,85,51],"gold":17,"neow_bonus":"","is_daily":false,"chose_seed":false,"campfire_upgraded":0,"win_rate":0.0,"timestamp":1612828412,"path_taken":["M","?","M","?","?","E","R","M","T","M","R","E","R","?","R","R","BOSS","M","?","M","?","?","E","R","M","T","T","?","M","R","?","?","R","BOSS","M","?","?","?","$","R","E","M","T","T","?","E","?","E","$","R","R","BOSS"],"items_purchased_type":["Card","Card","Card","Relic","Relic","Relic","Relic","Relic","Relic","Relic","Relic","Card","Relic","Relic","Relic","Relic"],"build_version":"2020-12-22","purchased_purges":2,"victory":true,"max_hp_per_floor":[72,72,72,72,72,72,72,72,72,72,72,72,82,82,82,82,82,82,82,82,82,82,82,82,82,82,82,82,82,82,82,82,82,82,82,82,82,78,78,78,78,78,78,78,78,78,85,85,85,85,85,85,85,85],"card_choices":[{"not_picked":["Crescendo","BowlingBash"],"picked":"Evaluate","floor":1.0},{"not_picked":["EmptyBody","FearNoEvil"],"picked":"Worship","floor":3.0},{"not_picked":["Sanctity","Consecrate"],"picked":"MentalFortress","floor":6.0},{"not_picked":["FlyingSleeves","Evaluate"],"picked":"Study","floor":8.0},{"not_picked":["ClearTheMind","JustLucky"],"picked":"Sanctity","floor":10.0},{"not_picked":["BowlingBash","Fasting2","FlurryOfBlows"],"picked":"SKIP","floor":12.0},{"not_picked":["Vault","Wish"],"picked":"Alpha","floor":17.0},{"not_picked":["ThirdEye","ReachHeaven","JustLucky"],"picked":"SKIP","floor":19.0},{"not_picked":["Sanctity","SandsOfTime"],"picked":"Halt+1","floor":21.0},{"not_picked":["BowlingBash","ThirdEye","JustLucky"],"picked":"SKIP","floor":24.0},{"not_picked":["BowlingBash","Perseverance"],"picked":"FearNoEvil+1","floor":26.0},{"not_picked":["WindmillStrike+1","Wallop"],"picked":"TalkToTheHand+1","floor":30.0},{"not_picked":["SpiritShield","Blasphemy"],"picked":"DevaForm","floor":35.0},{"not_picked":["PathToVictory","FollowUp+1"],"picked":"ClearTheMind+1","floor":37.0},{"not_picked":["Evaluate+1","Consecrate"],"picked":"DeusExMachina","floor":40.0},{"not_picked":["SashWhip","InnerPeace+1"],"picked":"Devotion","floor":43},{"not_picked":["JustLucky","FlyingSleeves","CarveReality"],"picked":"SKIP","floor":44},{"not_picked":["WindmillStrike+1","JustLucky+1","ClearTheMind+1"],"picked":"SKIP","floor":48},{"not_picked":["ClearTheMind","Pray","Protect"],"picked":"SKIP","floor":50}],"player_experience":1129844,"relics_obtained":[{"floor":6.0,"key":"Juzu Bracelet"},{"floor":9.0,"key":"Centennial Puzzle"},{"floor":12.0,"key":"HornCleat"},{"floor":13.0,"key":"Pear"},{"floor":15.0,"key":"Potion Belt"},{"floor":23.0,"key":"Guardian:PocketSentry"},{"floor":24.0,"key":"Regal Pillow"},{"floor":27.0,"key":"MawBank"},{"floor":28.0,"key":"Boot"},{"floor":34.0,"key":"Oddly Smooth Stone"},{"floor":39.0,"key":"Guardian:GemstoneGun"},{"floor":40.0,"key":"Gambling Chip"},{"floor":42.0,"key":"Pantograph"},{"floor":43,"key":"Unceasing Top"},{"floor":45,"key":"White Beast Statue"},{"floor":46,"key":"Mummified Hand"},{"floor":48,"key":"CeramicFish"},{"floor":49,"key":"Bottled Tornado"},{"floor":50,"key":"Sundial"}],"event_choices":[{"damage_healed":0.0,"max_hp_gain":0.0,"max_hp_loss":0.0,"gold_gain":75.0,"event_name":"World of Goop","player_choice":"Gather Gold","floor":2.0,"gold_loss":0.0,"damage_taken":11.0},{"damage_healed":24.0,"max_hp_gain":0.0,"max_hp_loss":0.0,"gold_gain":0.0,"event_name":"Big Fish","player_choice":"Banana","floor":4.0,"gold_loss":0.0,"damage_taken":0.0},{"damage_healed":0.0,"max_hp_gain":0.0,"max_hp_loss":0.0,"gold_gain":175.0,"event_name":"Liars Game","player_choice":"AGREE","floor":5.0,"gold_loss":0.0,"damage_taken":0.0,"cards_obtained":["Doubt"]},{"damage_healed":0.0,"max_hp_gain":0.0,"max_hp_loss":0.0,"gold_gain":0.0,"event_name":"Match and Keep!","player_choice":"1 cards matched","floor":14.0,"gold_loss":0.0,"damage_taken":0.0,"cards_obtained":["Discovery"]},{"damage_healed":0.0,"max_hp_gain":0.0,"max_hp_loss":0.0,"gold_gain":0.0,"event_name":"Addict","player_choice":"Obtained Relic","floor":20.0,"gold_loss":85.0,"damage_taken":0.0,"relics_obtained":["Blood Vial"]},{"damage_healed":0.0,"max_hp_gain":0.0,"max_hp_loss":0.0,"gold_gain":0.0,"event_name":"Nest","player_choice":"Joined the Cult","floor":22.0,"gold_loss":0.0,"damage_taken":6.0,"cards_obtained":["RitualDagger"]},{"damage_healed":0.0,"max_hp_gain":0.0,"max_hp_loss":0.0,"gold_gain":0.0,"event_name":"Wheel of Change","player_choice":"Relic","floor":23.0,"gold_loss":0.0,"damage_taken":0.0},{"damage_healed":0.0,"max_hp_gain":0.0,"max_hp_loss":0.0,"gold_gain":0.0,"event_name":"Beggar","player_choice":"Ignored","floor":29.0,"gold_loss":0.0,"damage_taken":0.0},{"damage_healed":0.0,"max_hp_gain":0.0,"max_hp_loss":0.0,"gold_gain":0.0,"event_name":"Ghosts","player_choice":"Ignored","floor":32.0,"gold_loss":0.0,"damage_taken":0.0},{"damage_healed":0.0,"max_hp_gain":0.0,"max_hp_loss":4.0,"gold_gain":0.0,"event_name":"Winding Halls","player_choice":"Max HP","floor":38.0,"gold_loss":0.0,"damage_taken":0.0},{"damage_healed":0.0,"max_hp_gain":0.0,"max_hp_loss":0.0,"gold_gain":0.0,"event_name":"MindBloom","player_choice":"Fight","floor":39.0,"gold_loss":0.0,"damage_taken":0.0},{"damage_healed":0.0,"max_hp_gain":0.0,"max_hp_loss":0.0,"gold_gain":0.0,"event_name":"Mysterious Sphere","player_choice":"Fight","floor":40.0,"gold_loss":0.0,"damage_taken":0.0}],"is_beta":false,"boss_relics":[{"not_picked":["Snecko Eye","Tiny House"],"picked":"Cursed Key"},{"not_picked":["Astrolabe","Velvet Choker"],"picked":"Fusion Hammer"}],"items_purged_floors":[33,47],"is_endless":false,"potions_floor_spawned":[1,3,12,17,21,26,30,35,39,44,48,50],"ascension_level":6}}