{"host":"bwuzn0ci2ixk9x1a","time":1612828300,"event":{"mods":["BaseMod","Downfall","Hermit","Minty Spire (QoL Compilation)","Replay The Spire","StSLib"],"gold_per_floor":[117,133,133,148,19,19,19,19,88,88,2,2,20,38,38,133,133,153,171,45,60,72,72,72],"floor_reached":23,"language":"ENG","playtime":818,"items_purged":[],"score":183,"play_id":"41f26e21-7b9f-411b-8bd0-1ec2782528b9","local_time":"20210208185140","is_ascension_mode":false,"campfire_choices":[{"data":"Sunder","floor":6,"key":"SMITH"},{"data":"Ball Lightning","floor":12,"key":"SMITH"}],"circlet_count":0,"master_deck":["Strike_B","Strike_B","Strike_B","Defend_B","Defend_B","Zap","Dualcast","Meteor Strike+1","Ball Lightning+1","Redo+1","Heatsinks","Sunder+1","Panic Button","Rip and Tear+1","Redo","Cold Snap+1","Sweeping Beam+1","All For One+1","Streamline+1","FIFO Queue","Gash+1","Barrage+1","White Noise","Defragment"],"relics":["Cracked Core","Molten Egg 2","Empty Cage"],"acts_visited":["Exordium","TheCity"],"potions_floor_usage":[19,21,22,23,23],"damage_taken":[{"damage":2,"enemies":"2 Louse","floor":1,"turns":2},{"damage":1,"enemies":"Cultist","floor":2,"turns":3},{"damage":3,"enemies":"Small Slimes","floor":4,"turns":3},{"damage":0,"enemies":"3 Louse","floor":13,"turns":2},{"damage":3,"enemies":"Lots of Slimes","floor":14,"turns":3},{"damage":6,"enemies":"Slime Boss","floor":16,"turns":6},{"damage":5,"enemies":"Spheric Guardian","floor":18,"turns":3},{"damage":12,"enemies":"Shell Parasite","floor":19,"turns":2},{"damage":15,"enemies":"Snecko","floor":21,"turns":3},{"damage":0,"enemies":"3 Cultists","floor":22,"turns":3},{"damage":42,"enemies":"Book of Stabbing","floor":23,"turns":3}],"seed_played":"-3953389466316097036","potions_obtained":[{"floor":13,"key":"SkillPotion"},{"floor":14,"key":"Strength Potion"},{"floor":18,"key":"Slimebound:ThreeZeroPotion"},{"floor":21,"key":"LifebloodPotion"}],"is_trial":false,"path_per_floor":["M","M","?","M","$","R","?","?","T","?","$","R","M","M","R","B",null,"M","M","$","M","M","E"],"character_chosen":"DEFECT","items_purchased":["Sunder","Panic Button","Rip and Tear+1","Redo","Gash+1","Adrenaline Potion","Barrage+1"],"campfire_rested":0,"item_purchase_floors":[5,5,11,11,20,20,20],"current_hp_per_floor":[73,72,72,69,69,69,69,75,75,72,72,72,72,69,72,66,72,67,55,55,40,40,0,0],"gold":72,"neow_bonus":"ONE_RANDOM_RARE_CARD","is_daily":false,"chose_seed":false,"campfire_upgraded":2,"win_rate":0.0,"timestamp":1612828300,"path_taken":["M","M","?","M","?","R","?","?","T","?","$","R","M","M","R","BOSS","M","?","$","M","M","E"],"items_purchased_type":["Card","Card","Card","Card","Card","Potion","Card"],"build_version":"2020-12-22","purchased_purges":0,"victory":false,"max_hp_per_floor":[75,75,75,75,75,75,75,75,75,72,72,72,72,72,72,72,72,72,72,72,72,72,72,72],"card_choices":[{"not_picked":["Conserve Battery","Doom and Gloom"],"picked":"Ball Lightning","floor":1},{"not_picked":["Conserve Battery","Leap"],"picked":"Redo","floor":2},{"not_picked":["ReplayTheSpireMod:Repulse","ReplayTheSpireMod:Reroute Power"],"picked":"Heatsinks","floor":4},{"not_picked":["Ball Lightning+1","Recycle"],"picked":"Cold Snap+1","floor":13},{"not_picked":["Rip and Tear+1","ReplaySolidLightProjector"],"picked":"Sweeping Beam+1","floor":14},{"not_picked":["Machine Learning","Seek"],"picked":"All For One+1","floor":16},{"not_picked":["ReplayTheSpireMod:Repulse","Genetic Algorithm"],"picked":"Streamline+1","floor":18},{"not_picked":["Conserve Battery+1","Sweeping Beam+1"],"picked":"FIFO Queue","floor":19},{"not_picked":["ReplayTheSpireMod:Reroute Power","Force Field"],"picked":"White Noise","floor":21},{"not_picked":["Turbo","Multi-Cast"],"picked":"Defragment","floor":22}],"player_experience":144698,"relics_obtained":[{"floor":9,"key":"Molten Egg 2"}],"event_choices":[{"cards_removed":["Strike_B"],"damage_healed":0,"gold_gain":0,"player_choice":"Purged","damage_taken":0,"max_hp_gain":0,"max_hp_loss":0,"event_name":"Purifier","floor":3,"gold_loss":0},{"damage_healed":0,"gold_gain":0,"player_choice":"Grow","damage_taken":0,"max_hp_gain":0,"max_hp_loss":0,"event_name":"Living Wall","floor":7,"gold_loss":0,"cards_upgraded":["Redo"]},{"damage_healed":18,"gold_gain":0,"player_choice":"Healed and dodged fight","damage_taken":0,"max_hp_gain":0,"max_hp_loss":0,"event_name":"Mushrooms","floor":8,"gold_loss":0,"cards_obtained":["Parasite"]},{"cards_removed":["Parasite"],"damage_healed":0,"gold_gain":0,"player_choice":"Removed Curses","damage_taken":0,"max_hp_gain":0,"max_hp_loss":0,"event_name":"Fountain of Cleansing","floor":10,"gold_loss":0}],"is_beta":false,"boss_relics":[{"not_picked":["Busted Crown","ReplayTheSpireMod:DimensionalGlitch"],"picked":"Empty Cage"}],"items_purged_floors":[],"is_endless":false,"potions_floor_spawned":[13,14,18,21],"killed_by":"Book of Stabbing","ascension_level":0}}