{"host":"s1b9wbrnwri7g9vh","time":1612755662,"event":{"mods":["Act Like it!","BaseMod","Better Note","Hallownest","Hermit","Minty Spire (QoL Compilation)","Pale of the Ancients","Relic Stats","Replay The Spire","StSLib","The Druid","The Exalted","The Servant 0.9.4"],"gold_per_floor":[116,49,49,74,87,87,107,126,153,153,153],"floor_reached":10,"language":"ENG","playtime":383,"items_purged":[],"score":87,"play_id":"02bc86a5-d982-4d53-a385-c2267792265f","local_time":"20210208034102","is_ascension_mode":true,"campfire_choices":[{"data":"Cloak And Dagger","floor":6,"key":"SMITH"}],"circlet_count":0,"master_deck":["Strike_G","Strike_G","Strike_G","Strike_G","Strike_G","Defend_G","Defend_G","Defend_G","Defend_G","Defend_G","Survivor","Neutralize","Cloak And Dagger+1","Prepared"],"relics":["Ring of the Snake","NeowsBlessing","CeramicFish"],"acts_visited":["Exordium"],"potions_floor_usage":[],"damage_taken":[{"damage":0,"enemies":"2 Louse","floor":1,"turns":1},{"damage":0,"enemies":"Cultist","floor":4,"turns":1},{"damage":0,"enemies":"Small Slimes","floor":5,"turns":1},{"damage":16,"enemies":"Exordium Wildlife","floor":7,"turns":9},{"damage":3,"enemies":"2 Fungi Beasts","floor":8,"turns":5},{"damage":44,"enemies":"3 Sentries","floor":10,"turns":7}],"seed_played":"4400500456007092542","potions_obtained":[{"floor":8,"key":"Weak Potion"}],"is_trial":false,"path_per_floor":["M","?","$","M","M","R","M","M","T","E"],"character_chosen":"THE_SILENT","items_purchased":[],"campfire_rested":0,"item_purchase_floors":[],"current_hp_per_floor":[63,63,63,63,63,63,47,44,44,0,0],"gold":153,"neow_bonus":"THREE_ENEMY_KILL","is_daily":false,"chose_seed":false,"campfire_upgraded":1,"win_rate":0.0,"timestamp":1612755662,"path_taken":["M","?","$","M","?","R","?","M","T","E"],"items_purchased_type":[],"build_version":"2020-12-22","purchased_purges":0,"victory":false,"max_hp_per_floor":[70,70,70,70,70,70,70,70,70,70,70],"relic_stats":{"counters":[6,24],"CeramicFish":9,"obtain_stats":[{"NeowsBlessing":0,"CeramicFish":2,"Ring of the Snake":0},{"NeowsBlessing":0,"CeramicFish":1,"Ring of the Snake":0},{"NeowsBlessing":0,"CeramicFish":1,"Ring of the Snake":0}],"Ring of the Snake":[12]},"card_choices":[{"not_picked":["Prepared","Masterful Stab"],"picked":"Cloak And Dagger","floor":1},{"not_picked":["Finisher","ReplayTheSpireMod:Shiv Toss"],"picked":"Prepared","floor":4},{"not_picked":["Replay:Poison Smokescreen","Choke","Calculated Gamble"],"picked":"SKIP","floor":5},{"not_picked":["Acrobatics","Deadly Poison","Bane"],"picked":"SKIP","floor":7},{"not_picked":["ReplayTheSpireMod:Shiv Toss","Sucker Punch","Blade Dance"],"picked":"SKIP","floor":8}],"player_experience":589584,"relics_obtained":[],"event_choices":[{"damage_healed":0,"gold_gain":0,"player_choice":"Paid Gold","damage_taken":0,"relics_obtained":["CeramicFish"],"max_hp_gain":0,"max_hp_loss":0,"event_name":"WeMeetAgain","floor":2,"gold_loss":67}],"is_beta":false,"boss_relics":[],"items_purged_floors":[],"is_endless":false,"potions_floor_spawned":[8],"killed_by":"3 Sentries","ascension_level":9}}