{"host":"xp5rvh2jwe2ejyfm","time":1612828276,"event":{"mods":["2.2 Compatiblity","Aspiration","BaseMod","Better Altar","Better Match","Better Note","Better Sensory Stone","Better Skull","BetterRewards","Colored Powertips","Conspire","Downfall","GifTheSpireLib","Gremlin Mod","GungeonMod","Hermit","Hubris","Jorbs\u0027s Wanderer Trilogy","Minty Spire (QoL Compilation)","Potionbrewer","Quick Restart","Replay The Spire","Robot Space Explorer","Shade Mod","Somnambulant","StSLib","The Bug Knight","The Clintock","The Construct","The Cursed","The Disciple","The Forsaken","The Hierophant","The Necromancer","The Runesmith","The Servant 0.9.4","The Valiant","The Witch","TheFirefly","thorton"],"gold_per_floor":[112,6,23,38,38,38,71,71,143,143,143,153,170,202,202,298,298,314,325,341,116,116,116,142,142,142,153,153,34,34,60,60,158,158,175,29,39,51,66,66,84,112,112,112,44,44,64,80,80,80,80,80,31,65,65,65],"floor_reached":55,"language":"ENG","playtime":1774,"items_purged":["Injury"],"score":797,"play_id":"da954e85-bc6d-48fb-aa5f-b7c5d26648fa","local_time":"20210208185116","is_ascension_mode":false,"campfire_choices":[{"floor":6,"key":"RECALL"},{"data":"Shade:LichForm","floor":8,"key":"SMITH"},{"data":"Shade:Bonestorm","floor":11,"key":"SMITH"},{"floor":15,"key":"REST"},{"floor":32,"key":"REST"},{"floor":40,"key":"REST"},{"data":"Shade:SensePrey","floor":46,"key":"SMITH"},{"floor":49,"key":"REST"},{"data":"Shade:CommandSoldier","floor":52,"key":"SMITH"}],"circlet_count":0,"master_deck":["Shade:Strike_Shade","Shade:Strike_Shade","Shade:Strike_Shade+1","Shade:Strike_Shade","Shade:Defend_Shade","Shade:Defend_Shade","Shade:Defend_Shade","Shade:Defend_Shade","Shade:AnimateDead","Shade:CarefulCut","Shade:FleshLikeOak+1","Shade:WallOfFlesh","Shade:ClawBack","Shade:Bonestorm+1","Shade:LichForm+1","Shade:Putrefaction+1","Shade:Brains","Shade:WallOfFlesh","Shade:RitualOffering","Shade:GreaterAnimation+1","Shade:FreshBones","Shade:SpectralStrikes+1","Shade:FingerOfDeath","Shade:CommandSoldier+1","Shade:Bonestorm+1","Shade:AuraOfUnlife+1","Shade:SensePrey+1","Shade:OpenGraves+1","Shade:Coordination+1","Shade:CloudOfShrapnel+1","Shade:Trample","Sword Boomerang","Shade:Putrefaction+1","Armaments+1","theForsaken:PlagueCurse","Inflame+1","Flame Barrier+1","Shade:SkeletonHug","Berserk+1"],"relics":["Shade:YorickSkull","NeowsBlessing","DemoMod:BigBoy","Frozen Egg 2","hubris:TenFootPole","thethorton:BottledFunds","aspiration:ArtOfWarUpgrade","TungstenRod","Nunchaku","theForsaken:Gavel","aspiration:IroncladSkillbook","Guide Book","Letter Opener","Bag of Preparation","theForsaken:PlagueMask","hubris:ToyBattleship"],"acts_visited":["Exordium","TheCity","TheBeyond","TheEnding"],"potions_floor_usage":[7,13,16,20,38,41,48,50,50,54],"damage_taken":[{"damage":0,"enemies":"Small Slimes","floor":1,"turns":1},{"damage":0,"enemies":"conspire:RoseBush","floor":3,"turns":1},{"damage":0,"enemies":"Jaw Worm","floor":4,"turns":1},{"damage":0,"enemies":"HollowMod:MossKnight","floor":7,"turns":8},{"damage":21,"enemies":"3 Louse","floor":12,"turns":3},{"damage":14,"enemies":"Exordium Wildlife","floor":13,"turns":5},{"damage":40,"enemies":"Gremlin Nob","floor":14,"turns":6},{"damage":0,"enemies":"Slime Boss","floor":16,"turns":6},{"damage":0,"enemies":"conspire:FuzzyDice","floor":18,"turns":4},{"damage":7,"enemies":"Shell Parasite","floor":19,"turns":5},{"damage":10,"enemies":"Sentry and Sphere","floor":20,"turns":3},{"damage":20,"enemies":"Slavers","floor":24,"turns":5},{"damage":0,"enemies":"Snecko","floor":27,"turns":4},{"damage":11,"enemies":"conspire:Head Lice","floor":31,"turns":4},{"damage":11,"enemies":"Champ","floor":33,"turns":6},{"damage":0,"enemies":"Orb Walker","floor":35,"turns":3},{"damage":0,"enemies":"3 Shapes","floor":37,"turns":2},{"damage":9,"enemies":"Spire Growth","floor":38,"turns":4},{"damage":20,"enemies":"3 Darklings","floor":39,"turns":4},{"damage":12,"enemies":"Jaw Worm Horde","floor":41,"turns":3},{"damage":29,"enemies":"Giant Head","floor":42,"turns":6},{"damage":0,"enemies":"Transient","floor":47,"turns":5},{"damage":0,"enemies":"Sphere and 2 Shapes","floor":48,"turns":3},{"damage":31,"enemies":"Donu and Deca","floor":50,"turns":5},{"damage":57,"enemies":"Shield and Spear","floor":54,"turns":5},{"damage":40,"enemies":"The Heart","floor":55,"turns":2}],"seed_played":"-2722824885316362857","potions_obtained":[{"floor":1,"key":"SkillPotion"},{"floor":12,"key":"conspire:TimeTravelPotion"},{"floor":14,"key":"bronze:BurnAndBuffPotion"},{"floor":19,"key":"champ:CounterPotion"},{"floor":24,"key":"bronze:BurnAndBuffPotion"},{"floor":35,"key":"FearPotion"},{"floor":39,"key":"potionbrewer:CleansingPotion"},{"floor":42,"key":"Strength Potion"},{"floor":47,"key":"Fire Potion"},{"floor":54,"key":"Strength Potion"}],"is_trial":false,"path_per_floor":["M","$","M","M","?","R","E","R","T","?","R","M","M","E","R","B",null,"M","M","M","$","?","R","E","R","T","M","?","$","$","E","R","B",null,"M","$","M","M","M","R","M","E","T","?","$","R","M","M","R","B",null,"R","$","E","B"],"character_chosen":"SHADE","items_purchased":["Shade:WallOfFlesh","Shade:ClawBack","Art of War","Shade:AuraOfUnlife+1","Shade:SensePrey","Guide Book","Inflame+1","potionbrewer:ToxicPotion"],"campfire_rested":4,"item_purchase_floors":[2,2,21,29,29,36,45,53],"current_hp_per_floor":[65,65,65,65,65,65,65,65,65,65,65,44,44,4,23,23,65,65,58,48,48,55,55,35,35,35,35,35,35,35,24,43,32,65,65,65,65,60,44,63,55,30,30,30,30,30,34,38,57,30,65,65,65,12,0,0],"gold":65,"neow_bonus":"THREE_ENEMY_KILL","is_daily":false,"chose_seed":false,"campfire_upgraded":4,"win_rate":0.0,"timestamp":1612828276,"path_taken":["M","$","M","M","?","R","E","R","T","?","R","M","M","E","R","BOSS","M","M","M","$","?","R","E","R","T","M","?","?","$","E","R","BOSS","M","$","M","M","M","R","?","E","T","?","?","R","M","M","R","BOSS","R","$","E","BOSS"],"items_purchased_type":["Card","Card","Relic","Card","Card","Relic","Card","Potion"],"build_version":"2020-12-22","purchased_purges":1,"victory":false,"max_hp_per_floor":[65,65,65,65,65,65,65,65,65,65,65,65,65,65,65,65,65,65,65,65,65,65,65,65,65,65,65,65,65,65,65,65,65,65,65,65,65,65,65,65,65,65,65,65,65,65,65,65,65,65,65,65,65,65,65,65],"card_choices":[{"not_picked":["Shade:DangerousRitual","Shade:FuneraryArmor"],"picked":"Shade:FleshLikeOak","floor":1},{"not_picked":["Shade:CallOfTheGrave","Shade:Doomsay"],"picked":"Shade:Bonestorm","floor":3},{"not_picked":["Shade:CoffinDance","Shade:Brains"],"picked":"Shade:LichForm","floor":4},{"not_picked":["Shade:Doomsay","Shade:Premonition"],"picked":"Shade:Putrefaction","floor":7},{"not_picked":["Shade:FeralStrike","Shade:FingerOfDeath"],"picked":"Shade:Brains","floor":12},{"not_picked":["Shade:BoneShards","Shade:CallOfTheGrave+1"],"picked":"Shade:WallOfFlesh","floor":13},{"not_picked":["Shade:Premonition","Shade:LoseControl"],"picked":"Shade:RitualOffering","floor":14},{"not_picked":["Shade:Tombstone","Shade:UnbarTheGrave"],"picked":"Shade:GreaterAnimation+1","floor":16},{"not_picked":["Shade:Asphyxiate","Shade:PoundOfFlesh"],"picked":"Shade:FreshBones","floor":18},{"not_picked":["Shade:Bonestorm","Shade:SkeletonHug"],"picked":"Shade:SpectralStrikes+1","floor":19},{"not_picked":["Shade:AncientSpear","Shade:SoulToxin"],"picked":"Shade:FingerOfDeath","floor":20},{"not_picked":["Shade:FeralStrike","Shade:ExtraLimbs","Shade:Haruspicy"],"picked":"SKIP","floor":24},{"not_picked":["Shade:Premonition+1","Shade:ClawBack"],"picked":"Shade:CommandSoldier","floor":27},{"not_picked":["Shade:SoulPierce+1","Shade:FuneraryArmor+1"],"picked":"Shade:OpenGraves+1","floor":31},{"not_picked":["Shade:MadHubris","Shade:LastGasp"],"picked":"Shade:Coordination+1","floor":33},{"not_picked":["Clash+1","Shade:CommandSoldier","Massacre"],"picked":"Shade:CloudOfShrapnel+1","floor":35},{"not_picked":["Havoc","Run Through","Dual Wield+1"],"picked":"Shade:Trample","floor":37},{"not_picked":["Clothesline","Shade:CoffinDance+1","conspire:Charge"],"picked":"Sword Boomerang","floor":38},{"not_picked":["Shade:Bonestorm","Sword Boomerang","Shade:Brains+1"],"picked":"Shade:Putrefaction+1","floor":39},{"not_picked":["Fire Breathing+1","Whirlwind","ReplayTheSpireMod:Strike From Hell"],"picked":"Armaments+1","floor":41},{"not_picked":["Shade:Frenzy+1","Armaments","Intimidate","Shade:FleshOffering"],"picked":"SKIP","floor":42},{"not_picked":["Hemokinesis+1","Feel No Pain+1","Heavy Blade+1"],"picked":"Flame Barrier+1","floor":47},{"not_picked":["Sever Soul","ReplayTheSpireMod:LeadingStrike","Wild Strike"],"picked":"Shade:SkeletonHug","floor":48},{"not_picked":["Shade:Bite_Shade+1","Shade:FeralStrike","Havoc"],"picked":"Berserk+1","floor":54}],"player_experience":466928,"relics_obtained":[{"floor":7,"key":"DemoMod:BigBoy"},{"floor":14,"key":"hubris:TenFootPole"},{"floor":24,"key":"TungstenRod"},{"floor":26,"key":"Nunchaku"},{"floor":31,"key":"theForsaken:Gavel"},{"floor":42,"key":"Letter Opener"},{"floor":43,"key":"Bag of Preparation"},{"floor":54,"key":"hubris:ToyBattleship"}],"event_choices":[{"damage_healed":0,"gold_gain":0,"player_choice":"Copied","damage_taken":0,"max_hp_gain":0,"max_hp_loss":0,"event_name":"Duplicator","floor":28,"gold_loss":0,"cards_obtained":["Shade:Bonestorm"]},{"damage_healed":0,"gold_gain":0,"player_choice":"Obtain Plague Curse","damage_taken":0,"max_hp_gain":0,"max_hp_loss":0,"event_name":"Plague Doctor","floor":44,"gold_loss":0,"cards_obtained":["theForsaken:PlagueCurse"]}],"is_beta":false,"boss_relics":[{"not_picked":["Sozu","hubris:GrandSneckoEye"],"picked":"thethorton:BottledFunds"},{"not_picked":["hubris:TerracottaHorce","Coffee Dripper"],"picked":"aspiration:IroncladSkillbook"}],"items_purged_floors":[21],"is_endless":false,"potions_floor_spawned":[1,12,14,19,24,35,39,42,47,54],"killed_by":"The Heart","ascension_level":0}}