{"host":"ga4s3hj9m6nkn6gp","time":1612802598,"event":{"mods":["AchievementEnabler","BaseMod","Bestiary","Colored Powertips","Highlight Path","Minty Spire (QoL Compilation)","Relic Stats","everything is the same but u backflip on backflip"],"gold_per_floor":[211,231,231,246,18,18,18,59,59,59,78,17,17,36,36,125,125,140,140,166,91,110,110,131,167,167,167,167],"floor_reached":27,"language":"ENG","playtime":1783,"items_purged":["Strike_G"],"score":462,"play_id":"93974c5d-9d49-48d8-a4f9-4c61137f7e97","local_time":"20210208174318","is_ascension_mode":true,"campfire_choices":[{"data":"Corpse Explosion","floor":6,"key":"SMITH"},{"data":"Predator","floor":10,"key":"SMITH"},{"floor":13,"key":"REST"},{"data":"Sucker Punch","floor":15,"key":"SMITH"},{"data":"Malaise","floor":23,"key":"SMITH"}],"circlet_count":0,"master_deck":["AscendersBane","Strike_G","Strike_G","Strike_G","Defend_G","Defend_G","Defend_G","Defend_G","Defend_G","Survivor+1","Neutralize","Sucker Punch+1","Predator+1","Finisher","Corpse Explosion+1","Footwork","Bullet Time+1","Malaise+1","PiercingWail+1","Backstab","Acrobatics"],"relics":["Ring of the Snake","Golden Idol","GremlinMask","Blue Candle","Happy Flower","Sozu","War Paint","Pen Nib","Gremlin Horn"],"acts_visited":["Exordium","TheCity"],"potions_floor_usage":[16],"damage_taken":[{"damage":0,"enemies":"Jaw Worm","floor":1,"turns":6},{"damage":1,"enemies":"Small Slimes","floor":2,"turns":4},{"damage":12,"enemies":"Cultist","floor":4,"turns":5},{"damage":29,"enemies":"Lagavulin","floor":8,"turns":6},{"damage":11,"enemies":"Large Slime","floor":11,"turns":8},{"damage":4,"enemies":"Blue Slaver","floor":14,"turns":5},{"damage":7,"enemies":"Hexaghost","floor":16,"turns":9},{"damage":0,"enemies":"3 Byrds","floor":18,"turns":2},{"damage":4,"enemies":"Spheric Guardian","floor":22,"turns":6},{"damage":0,"enemies":"Snecko","floor":24,"turns":7},{"damage":19,"enemies":"Gremlin Leader","floor":25,"turns":9},{"damage":25,"enemies":"Slavers","floor":27,"turns":3}],"seed_played":"-4739558449699591473","potions_obtained":[{"floor":4,"key":"Ancient Potion"},{"floor":8,"key":"LiquidMemories"},{"floor":11,"key":"CultistPotion"},{"floor":16,"key":"AttackPotion"}],"is_trial":false,"path_per_floor":["M","M","?","M","$","R","?","E","T","R","M","?","R","M","R","B",null,"M","?","T","?","M","R","M","E","T","E"],"character_chosen":"THE_SILENT","items_purchased":["Corpse Explosion"],"campfire_rested":1,"item_purchase_floors":[5],"current_hp_per_floor":[59,58,58,46,46,46,46,17,17,17,6,6,24,20,20,13,48,48,48,48,48,44,44,44,25,25,0,0],"gold":167,"neow_bonus":"HUNDRED_GOLD","is_daily":false,"chose_seed":false,"campfire_upgraded":4,"win_rate":0.0,"timestamp":1612802598,"path_taken":["M","M","?","M","$","R","?","E","T","R","?","?","R","M","R","BOSS","M","?","?","?","M","R","M","E","T","E"],"items_purchased_type":["Card"],"build_version":"2020-12-22","purchased_purges":1,"victory":false,"max_hp_per_floor":[66,66,60,60,60,60,60,60,60,60,60,60,60,60,60,60,60,60,60,60,60,60,60,60,60,60,60,60],"relic_stats":{"Sozu":1,"Happy Flower":[16],"Gremlin Horn":[0,0],"counters":[12,70],"Golden Idol":55,"Blue Candle":[0],"Pen Nib":[0],"War Paint":["Bullet Time","Survivor"],"obtain_stats":[{"Sozu":17,"Happy Flower":9,"Gremlin Horn":26,"Golden Idol":3,"Blue Candle":8,"GremlinMask":7,"Pen Nib":25,"War Paint":20,"Ring of the Snake":0},{"Sozu":7,"Happy Flower":4,"Gremlin Horn":11,"Golden Idol":2,"Blue Candle":4,"GremlinMask":3,"Pen Nib":11,"War Paint":8,"Ring of the Snake":0},{"Sozu":43,"Happy Flower":21,"Gremlin Horn":67,"Golden Idol":10,"Blue Candle":21,"GremlinMask":15,"Pen Nib":67,"War Paint":45,"Ring of the Snake":0}],"Ring of the Snake":[24]},"card_choices":[{"not_picked":["Infinite Blades","Reflex"],"picked":"Sucker Punch","floor":1},{"not_picked":["Underhanded Strike","Dagger Spray"],"picked":"Predator","floor":2},{"not_picked":["Underhanded Strike","Blur"],"picked":"Finisher","floor":4},{"not_picked":["Distraction","Infinite Blades"],"picked":"Footwork","floor":8},{"not_picked":["Acrobatics","Cloak And Dagger","Tactician"],"picked":"SKIP","floor":11},{"not_picked":["Bane","Outmaneuver"],"picked":"Bullet Time","floor":14},{"not_picked":["Corpse Explosion","After Image"],"picked":"Malaise","floor":16},{"not_picked":["Riddle With Holes","Cloak And Dagger"],"picked":"PiercingWail+1","floor":18},{"not_picked":["Dodge and Roll","Deflect","PiercingWail"],"picked":"SKIP","floor":22},{"not_picked":["Dodge and Roll","Accuracy+1"],"picked":"Backstab","floor":24},{"not_picked":["Backstab","Slice"],"picked":"Acrobatics","floor":25}],"player_experience":754969,"relics_obtained":[{"floor":8,"key":"Blue Candle"},{"floor":9,"key":"Happy Flower"},{"floor":20,"key":"War Paint"},{"floor":25,"key":"Pen Nib"},{"floor":26,"key":"Gremlin Horn"}],"event_choices":[{"damage_healed":0,"gold_gain":0,"player_choice":"Lose Max HP","damage_taken":0,"relics_obtained":["Golden Idol"],"max_hp_gain":0,"max_hp_loss":6,"event_name":"Golden Idol","floor":3,"gold_loss":0},{"damage_healed":0,"gold_gain":0,"player_choice":"Trade","damage_taken":0,"relics_obtained":["GremlinMask"],"max_hp_gain":0,"max_hp_loss":0,"event_name":"FaceTrader","floor":7,"gold_loss":0},{"damage_healed":0,"gold_gain":0,"player_choice":"Left Gold","damage_taken":0,"max_hp_gain":0,"max_hp_loss":0,"event_name":"World of Goop","floor":12,"gold_loss":61},{"damage_healed":0,"gold_gain":0,"player_choice":"Ignored","damage_taken":0,"max_hp_gain":0,"max_hp_loss":0,"event_name":"The Mausoleum","floor":19,"gold_loss":0},{"cards_removed":["Strike_G"],"damage_healed":0,"gold_gain":0,"player_choice":"Gave Gold","damage_taken":0,"max_hp_gain":0,"max_hp_loss":0,"event_name":"Beggar","floor":21,"gold_loss":75}],"is_beta":false,"boss_relics":[{"not_picked":["Ectoplasm","Empty Cage"],"picked":"Sozu"}],"items_purged_floors":[5],"is_endless":false,"potions_floor_spawned":[4,8,11,16,24],"killed_by":"Slavers","ascension_level":20}}