{"host":"9n6i2vl93jt4o42q","time":1612777991,"event":{"mods":["BaseMod","Minty Spire (QoL Compilation)","Relic Stats"],"gold_per_floor":[113,130,130,130,150,150,19,37,37,37,72,87,87,113,113,184,184,196,223,223,242,262,297,297,315,315,345,345,345,363,20,20,20,20],"floor_reached":33,"language":"ENG","playtime":1949,"items_purged":[],"score":815,"play_id":"ff348ffe-b057-4f8f-b20b-82e8477243a3","local_time":"20210208105311","is_ascension_mode":true,"campfire_choices":[{"data":"Eruption","floor":6.0,"key":"SMITH"},{"data":"Conclude","floor":10.0,"key":"SMITH"},{"data":"EmptyFist","floor":13.0,"key":"SMITH"},{"data":"Nirvana","floor":15.0,"key":"SMITH"},{"floor":24.0,"key":"REST"},{"data":"Judgement","floor":29.0,"key":"SMITH"},{"data":"WaveOfTheHand","floor":32.0,"key":"SMITH"}],"circlet_count":0,"master_deck":["AscendersBane","Strike_P","Strike_P","Defend_P","Defend_P","Defend_P","Eruption+1","Vigilance","JustLucky","CutThroughFate","EmptyBody","Nirvana+1","Conclude+1","CutThroughFate","FearNoEvil","EmptyFist+1","CutThroughFate","Judgement+1","Sanctity+1","Weave+1","Consecrate+1","Weave","Protect","Tantrum","CutThroughFate","WaveOfTheHand+1","Adaptation"],"relics":["PureWater","Ornamental Fan","Darkstone Periapt","Omamori","Smiling Mask","Astrolabe","Red Mask","Pantograph","Orichalcum","Meat on the Bone","Potion Belt","Eternal Feather"],"acts_visited":["Exordium","TheCity"],"potions_floor_usage":[],"damage_taken":[{"damage":3.0,"enemies":"Small Slimes","floor":1.0,"turns":6.0},{"damage":2.0,"enemies":"Jaw Worm","floor":2.0,"turns":6.0},{"damage":8.0,"enemies":"2 Louse","floor":5.0,"turns":2.0},{"damage":1.0,"enemies":"Looter","floor":8.0,"turns":3.0},{"damage":7.0,"enemies":"3 Sentries","floor":11.0,"turns":4.0},{"damage":4.0,"enemies":"Blue Slaver","floor":12.0,"turns":3.0},{"damage":0.0,"enemies":"Gremlin Nob","floor":14.0,"turns":2.0},{"damage":0.0,"enemies":"Slime Boss","floor":16.0,"turns":4.0},{"damage":0.0,"enemies":"Spheric Guardian","floor":18.0,"turns":1.0},{"damage":0.0,"enemies":"Masked Bandits","floor":19.0,"turns":1.0},{"damage":0.0,"enemies":"3 Byrds","floor":21.0,"turns":2.0},{"damage":16.0,"enemies":"Snecko","floor":22.0,"turns":4.0},{"damage":56.0,"enemies":"Gremlin Leader","floor":23.0,"turns":7.0},{"damage":0.0,"enemies":"Sentry and Sphere","floor":25.0,"turns":3.0},{"damage":0.0,"enemies":"Slavers","floor":27.0,"turns":2.0},{"damage":17.0,"enemies":"Snake Plant","floor":30.0,"turns":3.0},{"damage":128,"enemies":"Collector","floor":33,"turns":8}],"seed_played":"-9054496417745223220","potions_obtained":[{"floor":1.0,"key":"LiquidBronze"},{"floor":8.0,"key":"Regen Potion"},{"floor":16.0,"key":"SpeedPotion"}],"is_trial":false,"path_per_floor":["M","M","?","?","M","R","$","M","T","R","E","M","R","E","R","B",null,"M","?","?","M","M","E","R","M","T","E","?","R","M","$","R","B"],"character_chosen":"WATCHER","items_purchased":["Nirvana","Conclude","Eternal Feather","Adaptation"],"campfire_rested":1,"item_purchase_floors":[7,7,31,31],"current_hp_per_floor":[64,62,67,56,48,48,48,47,47,47,40,36,36,36,36,36,68,68,68,68,68,52,11,34,34,34,46,46,46,41,41,56,0,0],"gold":20,"neow_bonus":"TEN_PERCENT_HP_BONUS","is_daily":false,"chose_seed":false,"campfire_upgraded":6,"win_rate":0.0,"timestamp":1612777991,"path_taken":["M","M","?","?","M","R","$","M","T","R","E","M","R","E","R","BOSS","M","?","?","M","M","E","R","M","T","E","?","R","M","$","R","BOSS"],"items_purchased_type":["Card","Card","Relic","Card"],"build_version":"2020-12-22","purchased_purges":0,"victory":false,"max_hp_per_floor":[74,74,79,79,79,79,79,79,79,79,79,79,79,79,79,79,79,79,79,79,79,79,79,79,79,79,79,79,79,79,79,79,79,79],"relic_stats":{"Darkstone Periapt":0,"counters":[17,61],"Ornamental Fan":[156],"Astrolabe":["Sanctity","Weave","Consecrate"],"Pantograph":23,"Eternal Feather":15,"Orichalcum":[0],"Smiling Mask":0,"obtain_stats":[{"Darkstone Periapt":9,"Potion Belt":27,"Ornamental Fan":4,"Astrolabe":17,"Pantograph":20,"Eternal Feather":31,"Omamori":11,"Red Mask":19,"PureWater":0,"Orichalcum":23,"Smiling Mask":14,"Meat on the Bone":26},{"Darkstone Periapt":4,"Potion Belt":15,"Ornamental Fan":2,"Astrolabe":8,"Pantograph":10,"Eternal Feather":16,"Omamori":5,"Red Mask":10,"PureWater":0,"Orichalcum":13,"Smiling Mask":7,"Meat on the Bone":14},{"Darkstone Periapt":17,"Potion Belt":50,"Ornamental Fan":12,"Astrolabe":30,"Pantograph":32,"Eternal Feather":53,"Omamori":21,"Red Mask":32,"PureWater":0,"Orichalcum":45,"Smiling Mask":26,"Meat on the Bone":48}],"Meat on the Bone":24},"card_choices":[{"not_picked":["Indignation","PathToVictory"],"picked":"JustLucky","floor":1.0},{"not_picked":["ThirdEye","SashWhip"],"picked":"CutThroughFate","floor":2.0},{"not_picked":["WreathOfFlame","JustLucky"],"picked":"EmptyBody","floor":5.0},{"not_picked":["Collect","FlyingSleeves"],"picked":"CutThroughFate","floor":8.0},{"not_picked":["Halt","PathToVictory"],"picked":"FearNoEvil","floor":11.0},{"not_picked":["WindmillStrike","SandsOfTime"],"picked":"EmptyFist","floor":12.0},{"not_picked":["Devotion","BattleHymn"],"picked":"CutThroughFate","floor":14.0},{"not_picked":["Establishment","ConjureBlade"],"picked":"Judgement","floor":16.0},{"not_picked":["Collect","FlyingSleeves","Consecrate"],"picked":"SKIP","floor":18.0},{"not_picked":["Consecrate","Study"],"picked":"Weave","floor":19.0},{"not_picked":["FollowUp","SashWhip","EmptyBody"],"picked":"SKIP","floor":21.0},{"not_picked":["ForeignInfluence","WheelKick"],"picked":"Protect","floor":22.0},{"not_picked":["PathToVictory","JustLucky"],"picked":"Tantrum","floor":23.0},{"not_picked":["Perseverance","ForeignInfluence"],"picked":"CutThroughFate","floor":25.0},{"not_picked":["FlyingSleeves","Swivel+1","MasterReality"],"picked":"SKIP","floor":27.0},{"not_picked":["FlurryOfBlows+1","JustLucky"],"picked":"WaveOfTheHand","floor":30.0}],"player_experience":2532540,"relics_obtained":[{"floor":9.0,"key":"Darkstone Periapt"},{"floor":11.0,"key":"Omamori"},{"floor":14.0,"key":"Smiling Mask"},{"floor":19.0,"key":"Red Mask"},{"floor":23.0,"key":"Orichalcum"},{"floor":26.0,"key":"Meat on the Bone"},{"floor":27.0,"key":"Potion Belt"}],"event_choices":[{"damage_healed":0.0,"max_hp_gain":5.0,"max_hp_loss":0.0,"gold_gain":0.0,"event_name":"Big Fish","player_choice":"Donut","floor":3.0,"gold_loss":0.0,"damage_taken":0.0},{"damage_healed":0.0,"max_hp_gain":0.0,"max_hp_loss":0.0,"gold_gain":0.0,"event_name":"Scrap Ooze","player_choice":"Success","floor":4.0,"gold_loss":0.0,"damage_taken":11.0,"relics_obtained":["Ornamental Fan"]},{"damage_healed":0.0,"max_hp_gain":0.0,"max_hp_loss":0.0,"gold_gain":0.0,"event_name":"Masked Bandits","player_choice":"Fought Bandits","floor":19.0,"gold_loss":0.0,"damage_taken":0.0},{"damage_healed":0.0,"max_hp_gain":0.0,"max_hp_loss":0.0,"gold_gain":0.0,"event_name":"Addict","player_choice":"Stole Relic","floor":20.0,"gold_loss":0.0,"damage_taken":0.0,"relics_obtained":["Pantograph"],"cards_obtained":["Shame"]},{"damage_healed":0.0,"max_hp_gain":0.0,"max_hp_loss":0.0,"gold_gain":0.0,"event_name":"Vampires","player_choice":"Ignored","floor":28.0,"gold_loss":0.0,"damage_taken":0.0}],"is_beta":false,"boss_relics":[{"not_picked":["Velvet Choker","SlaversCollar"],"picked":"Astrolabe"}],"items_purged_floors":[],"is_endless":false,"potions_floor_spawned":[1,8,11,16,18,19,22],"killed_by":"Collector","ascension_level":20}}