{"host":"d2y4rmbezebiv8aj","time":1612769452,"event":{"mods":["AchievementEnabler","BaseMod","Bestiary","BetterRewards","Colored Map","Colored Powertips","Custom Start","Highlight Path","Minty Spire (QoL Compilation)","Quick Restart","Rare Cards Sparkle","Relic Sorter","Relic Stats","Shop Mod","Slay-I","StSLib","SuperFastMode"],"gold_per_floor":[114,264,264,276,294,294,355,320,320,14,31,31,56,75,75,148,148,161,161,178,228,238,238,266,23,95,195,223,255,255,282,282,360,360,370,370,382,382,102,102,132,132,210,227,254,72,83,99,99,99],"floor_reached":51,"language":"DEU","playtime":1819,"items_purged":["Writhe","Shame","Writhe"],"score":2035,"play_id":"ae50a377-dab4-49d9-b3ad-890453e3f3f2","local_time":"20210208083052","is_ascension_mode":true,"campfire_choices":[{"floor":6.0,"key":"REST"},{"data":"Apotheosis","floor":12.0,"key":"SMITH"},{"floor":15.0,"key":"REST"},{"floor":23.0,"key":"REST"},{"floor":30.0,"key":"REST"},{"data":"Regret","floor":32.0,"key":"PURGE"},{"data":"Accuracy","floor":40.0,"key":"SMITH"},{"floor":42.0,"key":"REST"},{"floor":49,"key":"REST"}],"circlet_count":0,"master_deck":["AscendersBane","Strike_G","Strike_G","Strike_G","Strike_G","Strike_G","Defend_G","Defend_G","Defend_G","Defend_G","Defend_G","Survivor","Neutralize","Footwork","Apotheosis+1","Blade Dance","Noxious Fumes","Sucker Punch","Acrobatics","Slice","Unload","PiercingWail","Infinite Blades","Backflip","Blade Dance","Slice","Malaise","Finisher","J.A.X.","Backstab","Caltrops","Caltrops","Accuracy+1","Blur","Leg Sweep","PiercingWail","Trip","Sadistic Nature+1","Footwork+1","Writhe","Caltrops+1"],"relics":["Ring of the Snake","Membership Card","Gremlin Horn","Lizard Tail","Calipers","HandDrill","Tingsha","Incense Burner","Mercury Hourglass","Lee\u0027s Waffle","Matryoshka","Regal Pillow","Cursed Key","Sundial","ClockworkSouvenir","Nunchaku","Happy Flower","Darkstone Periapt","Peace Pipe","Ninja Scroll","Ancient Tea Set","Red Mask","Shuriken","Dream Catcher","Black Star","Frozen Egg 2","Tough Bandages","Blood Vial","Pear","Singing Bowl","Pen Nib","Bag of Marbles"],"acts_visited":["Exordium","TheCity","TheBeyond"],"potions_floor_usage":[50,50],"damage_taken":[{"damage":5.0,"enemies":"2 Louse","floor":1.0,"turns":3.0},{"damage":0.0,"enemies":"Cultist","floor":4.0,"turns":4.0},{"damage":0.0,"enemies":"Small Slimes","floor":5.0,"turns":4.0},{"damage":24.0,"enemies":"Gremlin Nob","floor":7.0,"turns":5.0},{"damage":22.0,"enemies":"Exordium Thugs","floor":11.0,"turns":4.0},{"damage":15.0,"enemies":"3 Sentries","floor":13.0,"turns":5.0},{"damage":0.0,"enemies":"3 Louse","floor":14.0,"turns":3.0},{"damage":13.0,"enemies":"Hexaghost","floor":16.0,"turns":6.0},{"damage":13.0,"enemies":"Chosen","floor":18.0,"turns":6.0},{"damage":10.0,"enemies":"3 Byrds","floor":20.0,"turns":4.0},{"damage":0.0,"enemies":"Snake Plant","floor":22.0,"turns":1.0},{"damage":13.0,"enemies":"Gremlin Leader","floor":24.0,"turns":5.0},{"damage":6.0,"enemies":"Colosseum Slavers","floor":27.0,"turns":4.0},{"damage":4.0,"enemies":"Colosseum Nobs","floor":27.0,"turns":3.0},{"damage":6.0,"enemies":"Slavers","floor":28.0,"turns":6.0},{"damage":17.0,"enemies":"Masked Bandits","floor":29.0,"turns":5.0},{"damage":3.0,"enemies":"Automaton","floor":33.0,"turns":5.0},{"damage":27.0,"enemies":"3 Darklings","floor":35.0,"turns":3.0},{"damage":7.0,"enemies":"Orb Walker","floor":37.0,"turns":3.0},{"damage":21.0,"enemies":"Reptomancer","floor":41.0,"turns":5.0},{"damage":9.0,"enemies":"Sphere and 2 Shapes","floor":44.0,"turns":4.0},{"damage":21,"enemies":"Giant Head","floor":45,"turns":5},{"damage":20,"enemies":"Writhing Mass","floor":47,"turns":4},{"damage":11,"enemies":"4 Shapes","floor":48,"turns":3},{"damage":93,"enemies":"Awakened One","floor":50,"turns":10}],"seed_played":"-9073955297927066607","potions_obtained":[{"floor":1.0,"key":"CultistPotion"},{"floor":11.0,"key":"Regen Potion"},{"floor":20.0,"key":"BlessingOfTheForge"},{"floor":28.0,"key":"Dexterity Potion"},{"floor":41.0,"key":"Energy Potion"},{"floor":44.0,"key":"GhostInAJar"}],"is_trial":false,"path_per_floor":["M","?","?","M","M","R","?","?","T","$","M","R","E","M","R","B",null,"M","?","M","?","M","R","E","$","T","?","E","?","R","T","R","B",null,"M","?","M","?","$","R","E","R","T","M","E","$","M","M","R","B",null],"character_chosen":"THE_SILENT","items_purchased":["Membership Card","Footwork","Apotheosis","Blade Dance","Gremlin Horn","Lizard Tail","Noxious Fumes","Calipers","Sucker Punch","HandDrill","Lee\u0027s Waffle","Matryoshka","Infinite Blades","Accuracy","ClockworkSouvenir","Nunchaku","Blur","Frozen Egg 2","Sadistic Nature+1","Bag of Marbles","DistilledChaos"],"campfire_rested":6,"item_purchase_floors":[0,0,0,0,0,0,0,0,0,0,10,10,10,25,25,25,25,39,39,46,46],"current_hp_per_floor":[26,26,26,26,26,45,21,37,37,73,51,51,36,36,72,59,70,57,57,47,47,47,73,60,60,60,62,56,39,73,79,79,76,78,51,73,66,66,66,66,45,85,101,92,75,75,59,52,101,10],"gold":99,"neow_bonus":"","is_daily":false,"chose_seed":false,"campfire_upgraded":2,"win_rate":0.0,"timestamp":1612769452,"path_taken":["M","?","?","?","M","R","?","?","T","$","M","R","E","?","R","BOSS","M","?","M","?","M","R","E","?","T","?","E","?","R","?","R","BOSS","M","?","M","?","$","R","E","R","T","M","E","$","M","M","R","BOSS"],"items_purchased_type":["Relic","Card","Card","Card","Relic","Relic","Card","Relic","Card","Relic","Relic","Relic","Card","Card","Relic","Relic","Card","Relic","Card","Relic","Potion"],"build_version":"2020-12-22","purchased_purges":3,"victory":true,"max_hp_per_floor":[66,66,66,66,66,66,66,66,66,73,73,73,73,73,73,73,73,73,73,73,73,73,73,73,73,73,73,73,73,73,79,79,79,79,79,85,85,85,85,85,85,85,101,101,103,103,105,107,109,109],"relic_stats":{"Darkstone Periapt":18,"Lee\u0027s Waffle":36,"Regal Pillow":63,"Gremlin Horn":[58,58],"Happy Flower":[20],"Singing Bowl":8,"counters":[225,943],"Tingsha":[154],"Pen Nib":[5],"Cursed Key":7,"Mercury Hourglass":[470],"Peace Pipe":1,"Blood Vial":8,"Lizard Tail":0,"Nunchaku":[20],"Dream Catcher":2,"Tough Bandages":[24],"Sundial":[2],"Shuriken":[36],"HandDrill":[32],"Black Star":2,"obtain_stats":[{"Calipers":0,"Gremlin Horn":25,"Vajra":22,"Ginger":36,"Whetstone":13,"Bottled Tornado":13,"Sling":0,"Boot":42,"Blood Vial":31,"Sozu":34,"Centennial Puzzle":11,"Lizard Tail":0,"HornCleat":19,"DollysMirror":37,"Sundial":24,"Strawberry":29,"Philosopher\u0027s Stone":17,"MealTicket":0,"Fusion Hammer":34,"HandDrill":39,"Kunai":21,"Toxic Egg 2":12,"Girya":0,"Pear":29,"Happy Flower":0,"Blue Candle":41,"Oddly Smooth Stone":7,"Eternal Feather":0,"Tingsha":0,"Pen Nib":27,"War Paint":5,"Question Card":40,"WarpedTongs":2,"SlaversCollar":34,"Bottled Flame":43,"Shuriken":0,"Bird Faced Urn":0,"Bronze Scales":43,"Molten Egg 2":26,"Black Star":34,"Unceasing Top":36,"Meat on the Bone":28,"Pocketwatch":46,"Darkstone Periapt":6,"Regal Pillow":4,"Lantern":10,"Singing Bowl":37,"Snake Skull":11,"Juzu Bracelet":24,"Bag of Preparation":29,"Incense Burner":7,"Ancient Tea Set":25,"Cursed Key":34,"ClockworkSouvenir":29,"Nunchaku":23,"Dream Catcher":23,"Tough Bandages":42,"Matryoshka":10,"WristBlade":34,"Mummified Hand":9,"Ninja Scroll":23,"Pantograph":44,"Toolbox":46,"Tiny Chest":7,"Red Mask":30,"InkBottle":26,"Ring of the Snake":0,"Potion Belt":27,"Lee\u0027s Waffle":37,"NeowsBlessing":0,"The Courier":10,"PreservedInsect":22,"Omamori":30,"Frozen Egg 2":26,"Orichalcum":43,"MawBank":10,"Medical Kit":19,"White Beast Statue":40,"Mercury Hourglass":9,"Peace Pipe":27,"Anchor":12,"Turnip":40,"Bag of Marbles":9,"Art of War":26,"Membership Card":0,"Toy Ornithopter":6,"FossilizedHelix":45,"TungstenRod":23},{"Calipers":200,"Gremlin Horn":83,"Vajra":106,"Ginger":42,"Whetstone":130,"Bottled Tornado":27,"Sling":19,"Boot":170,"Blood Vial":63,"Sozu":64,"Centennial Puzzle":26,"Lizard Tail":200,"HornCleat":30,"DollysMirror":65,"Sundial":212,"Strawberry":189,"Philosopher\u0027s Stone":10,"MealTicket":48,"Fusion Hammer":191,"HandDrill":43,"Kunai":13,"Toxic Egg 2":54,"Girya":122,"Pear":61,"Happy Flower":69,"Blue Candle":196,"Oddly Smooth Stone":25,"Eternal Feather":19,"Tingsha":200,"Pen Nib":60,"War Paint":2,"Question Card":116,"WarpedTongs":98,"SlaversCollar":113,"Bottled Flame":44,"Shuriken":69,"Bird Faced Urn":48,"Bronze Scales":117,"Molten Egg 2":59,"Black Star":40,"Unceasing Top":142,"Meat on the Bone":85,"Pocketwatch":94,"Darkstone Periapt":25,"Regal Pillow":72,"Lantern":101,"Singing Bowl":65,"Snake Skull":7,"Juzu Bracelet":135,"Bag of Preparation":164,"Incense Burner":204,"Ancient Tea Set":83,"Cursed Key":140,"ClockworkSouvenir":189,"Nunchaku":107,"Dream Catcher":107,"Tough Bandages":170,"Matryoshka":204,"WristBlade":87,"Mummified Hand":5,"Ninja Scroll":33,"Pantograph":197,"Toolbox":144,"Tiny Chest":100,"Red Mask":62,"InkBottle":15,"Ring of the Snake":0,"Potion Belt":162,"Lee\u0027s Waffle":115,"NeowsBlessing":0,"The Courier":53,"PreservedInsect":59,"Omamori":38,"Frozen Egg 2":83,"Orichalcum":92,"MawBank":128,"Medical Kit":132,"White Beast Statue":144,"Mercury Hourglass":75,"Peace Pipe":214,"Anchor":153,"Turnip":66,"Bag of Marbles":25,"Art of War":34,"Membership Card":147,"Toy Ornithopter":3,"FossilizedHelix":93,"TungstenRod":160},{"Calipers":836,"Gremlin Horn":354,"Vajra":441,"Ginger":171,"Whetstone":536,"Bottled Tornado":106,"Sling":78,"Boot":696,"Blood Vial":270,"Sozu":279,"Centennial Puzzle":102,"Lizard Tail":836,"HornCleat":126,"DollysMirror":282,"Sundial":885,"Strawberry":778,"Philosopher\u0027s Stone":35,"MealTicket":202,"Fusion Hammer":790,"HandDrill":176,"Kunai":47,"Toxic Egg 2":228,"Girya":508,"Pear":263,"Happy Flower":302,"Blue Candle":811,"Oddly Smooth Stone":101,"Eternal Feather":78,"Tingsha":836,"Pen Nib":258,"War Paint":2,"Question Card":479,"WarpedTongs":408,"SlaversCollar":468,"Bottled Flame":182,"Shuriken":302,"Bird Faced Urn":202,"Bronze Scales":482,"Molten Egg 2":257,"Black Star":164,"Unceasing Top":583,"Meat on the Bone":361,"Pocketwatch":390,"Darkstone Periapt":101,"Regal Pillow":312,"Lantern":420,"Singing Bowl":282,"Snake Skull":21,"Juzu Bracelet":558,"Bag of Preparation":674,"Incense Burner":852,"Ancient Tea Set":354,"Cursed Key":578,"ClockworkSouvenir":778,"Nunchaku":443,"Dream Catcher":443,"Tough Bandages":696,"Matryoshka":852,"WristBlade":369,"Mummified Hand":11,"Ninja Scroll":136,"Pantograph":816,"Toolbox":590,"Tiny Chest":416,"Red Mask":264,"InkBottle":56,"Ring of the Snake":0,"Potion Belt":664,"Lee\u0027s Waffle":478,"NeowsBlessing":0,"The Courier":223,"PreservedInsect":257,"Omamori":154,"Frozen Egg 2":354,"Orichalcum":384,"MawBank":530,"Medical Kit":547,"White Beast Statue":590,"Mercury Hourglass":323,"Peace Pipe":891,"Anchor":621,"Turnip":287,"Bag of Marbles":101,"Art of War":138,"Membership Card":605,"Toy Ornithopter":3,"FossilizedHelix":387,"TungstenRod":650}],"Ring of the Snake":[449]},"card_choices":[{"not_picked":["Underhanded Strike","Outmaneuver"],"picked":"Acrobatics","floor":1.0},{"not_picked":["Flechettes","Outmaneuver"],"picked":"Slice","floor":4.0},{"not_picked":["Concentrate","Dodge and Roll"],"picked":"Unload","floor":5.0},{"not_picked":["Crippling Poison","Flying Knee"],"picked":"PiercingWail","floor":7.0},{"not_picked":["Flying Knee","Finisher"],"picked":"Backflip","floor":11.0},{"not_picked":["Masterful Stab","Tactician"],"picked":"Blade Dance","floor":13.0},{"not_picked":["PiercingWail","Flechettes"],"picked":"Slice","floor":14.0},{"not_picked":["Doppelganger","Night Terror"],"picked":"Malaise","floor":16.0},{"not_picked":["Blade Dance","Deadly Poison"],"picked":"Finisher","floor":18.0},{"not_picked":["Cloak And Dagger","Infinite Blades"],"picked":"Backstab","floor":20.0},{"not_picked":["Backflip+1","Terror"],"picked":"Caltrops","floor":22.0},{"not_picked":["Slice","Prepared"],"picked":"Caltrops","floor":24.0},{"not_picked":["Quick Slash","Blade Dance"],"picked":"Leg Sweep","floor":27.0},{"not_picked":["Underhanded Strike","Flechettes","Deflect"],"picked":"SKIP","floor":28.0},{"not_picked":["Crippling Poison","Expertise"],"picked":"PiercingWail","floor":35.0},{"not_picked":["Bane+1","Sucker Punch+1","Eviscerate"],"picked":"SKIP","floor":37.0},{"not_picked":["Purity","Transmutation"],"picked":"Trip","floor":38.0},{"not_picked":["Slice+1","Sucker Punch+1"],"picked":"Footwork+1","floor":41.0},{"not_picked":["Dodge and Roll","Flechettes+1"],"picked":"Caltrops+1","floor":44.0},{"not_picked":["Quick Slash","Escape Plan","Calculated Gamble"],"picked":"Singing Bowl","floor":45},{"not_picked":["Heel Hook","Escape Plan","Flying Knee+1"],"picked":"Singing Bowl","floor":47},{"not_picked":["Outmaneuver","Cloak And Dagger","Sucker Punch"],"picked":"Singing Bowl","floor":48},{"not_picked":["PiercingWail","Blur","Backstab"],"picked":"Singing Bowl","floor":49}],"player_experience":426152,"relics_obtained":[{"floor":7.0,"key":"Incense Burner"},{"floor":9.0,"key":"Mercury Hourglass"},{"floor":13.0,"key":"Regal Pillow"},{"floor":24.0,"key":"Sundial"},{"floor":26.0,"key":"Happy Flower"},{"floor":26.0,"key":"Darkstone Periapt"},{"floor":27.0,"key":"Peace Pipe"},{"floor":27.0,"key":"Ninja Scroll"},{"floor":28.0,"key":"Ancient Tea Set"},{"floor":29.0,"key":"Red Mask"},{"floor":31.0,"key":"Shuriken"},{"floor":31.0,"key":"Dream Catcher"},{"floor":41.0,"key":"Tough Bandages"},{"floor":41.0,"key":"Blood Vial"},{"floor":43.0,"key":"Pear"},{"floor":45,"key":"Singing Bowl"},{"floor":45,"key":"Pen Nib"}],"event_choices":[{"damage_healed":0.0,"max_hp_gain":0.0,"max_hp_loss":0.0,"gold_gain":150.0,"event_name":"Liars Game","player_choice":"AGREE","floor":2.0,"gold_loss":0.0,"damage_taken":0.0,"cards_obtained":["Doubt"]},{"cards_removed":["Doubt"],"damage_healed":0.0,"max_hp_gain":0.0,"max_hp_loss":0.0,"gold_gain":0.0,"event_name":"Purifier","player_choice":"Purged","floor":3.0,"gold_loss":0.0,"damage_taken":0.0},{"damage_healed":0.0,"max_hp_gain":0.0,"max_hp_loss":0.0,"gold_gain":0.0,"event_name":"Dead Adventurer","player_choice":"Searched \u00271\u0027 times","floor":7.0,"gold_loss":0.0,"damage_taken":0.0},{"damage_healed":16.0,"max_hp_gain":0.0,"max_hp_loss":0.0,"gold_gain":0.0,"event_name":"The Cleric","player_choice":"Healed","floor":8.0,"gold_loss":35.0,"damage_taken":0.0},{"damage_healed":0.0,"max_hp_gain":0.0,"max_hp_loss":0.0,"gold_gain":0.0,"event_name":"Drug Dealer","player_choice":"Obtain J.A.X.","floor":19.0,"gold_loss":0.0,"damage_taken":0.0,"cards_obtained":["J.A.X."]},{"damage_healed":0.0,"max_hp_gain":0.0,"max_hp_loss":0.0,"gold_gain":50.0,"event_name":"Nest","player_choice":"Stole From Cult","floor":21.0,"gold_loss":0.0,"damage_taken":0.0},{"damage_healed":0.0,"max_hp_gain":0.0,"max_hp_loss":0.0,"gold_gain":0.0,"event_name":"Colosseum","player_choice":"Fight","floor":27.0,"gold_loss":0.0,"damage_taken":0.0},{"damage_healed":0.0,"max_hp_gain":0.0,"max_hp_loss":0.0,"gold_gain":0.0,"event_name":"Colosseum","player_choice":"Fought Nobs","floor":27.0,"gold_loss":0.0,"damage_taken":0.0},{"damage_healed":0.0,"max_hp_gain":0.0,"max_hp_loss":0.0,"gold_gain":0.0,"event_name":"Masked Bandits","player_choice":"Fought Bandits","floor":29.0,"gold_loss":0.0,"damage_taken":0.0},{"damage_healed":16.0,"max_hp_gain":0.0,"max_hp_loss":0.0,"gold_gain":0.0,"event_name":"Winding Halls","player_choice":"Writhe","floor":36.0,"gold_loss":0.0,"damage_taken":0.0,"cards_obtained":["Writhe"]},{"damage_healed":0.0,"max_hp_gain":0.0,"max_hp_loss":0.0,"gold_gain":0.0,"event_name":"SensoryStone","player_choice":"Memory 1","floor":38.0,"gold_loss":0.0,"damage_taken":0.0}],"is_beta":false,"boss_relics":[{"not_picked":["Tiny House","Sozu"],"picked":"Cursed Key"},{"not_picked":["HoveringKite","Velvet Choker"],"picked":"Black Star"}],"items_purged_floors":[10,39,46],"is_endless":false,"potions_floor_spawned":[1,11,13,20,22,28,29,41,44],"ascension_level":19}}