{"host":"z42sc0n2dozsmk72","time":1612752025,"event":{"mods":["AchievementEnabler","BaseMod","Better Third Choice","Colored Map","Curses Come First","Highlight Path","Minty Spire (QoL Compilation)","Permanent Neow","Quick Restart","Relic Stats","Shop Mod","StSLib","egg","slay the spire mod where everything is the same but ironclad has a cowboy hat"],"gold_per_floor":[114,129,129,129,86,86,48,48,48,48,48,48,67,86,86,211,211,230,274,274,293,112,150,0,19,69,88,88,151,151,170,170,295,295,314,358,446,565,244,282,282,282,282,282,301,320,339,377,377,377],"floor_reached":51,"language":"ENG","playtime":3912,"items_purged":["Establishment","Storm of Steel"],"score":937,"play_id":"3b67203b-9d30-476b-8397-646370707643","local_time":"20210208154024","daily_mods":["Shiny","Green Cards","Terminal"],"is_ascension_mode":false,"campfire_choices":[{"data":"After Image","floor":6.0,"key":"SMITH"},{"floor":8.0,"key":"REST"},{"data":"Venomology","floor":10.0,"key":"SMITH"},{"data":"LessonLearned","floor":12.0,"key":"SMITH"},{"data":"Ragnarok","floor":15.0,"key":"SMITH"},{"floor":28.0,"key":"REST"},{"data":"Wraith Form v2","floor":30.0,"key":"SMITH"},{"data":"Omniscience","floor":32.0,"key":"SMITH"},{"data":"Wish","floor":41,"key":"SMITH"},{"data":"Leg Sweep","floor":44,"key":"SMITH"},{"data":"ConjureBlade","floor":49,"key":"SMITH"}],"circlet_count":0,"master_deck":["Venomology+1","Corpse Explosion","Malaise+1","Phantasmal Killer","Die Die Die+1","Adrenaline","Envenom+1","Doppelganger+1","Burst","Wraith Form v2+1","Tools of the Trade","Night Terror+1","Unload+1","After Image+1","Bullet Time","Glass Knife","Grand Finale","Judgement+1","ConjureBlade+1","MasterReality","Brilliance+1","Devotion","Blasphemy","Ragnarok+1","LessonLearned+1","Scrawl","Vault+1","Alpha","Wish+1","Omniscience+1","SpiritShield","DevaForm+1","DeusExMachina","Cloak And Dagger","Leg Sweep+1","ReachHeaven","Tools of the Trade","Protect","Evaluate","EmptyBody","Omniscience+1","After Image+1","FearNoEvil+1","Deadly Poison","Deadly Poison+1","Backflip+1","Leg Sweep","Predator","WaveOfTheHand+1","ThirdEye+1","Protect+1"],"relics":["PureWater","Ancient Tea Set","Golden Idol","Pen Nib","Black Star","Oddly Smooth Stone","Calipers","Bag of Marbles","DollysMirror","Whetstone","MealTicket","Bottled Flame","Snecko Eye","Thread and Needle","Frozen Eye","Vajra","War Paint","Anchor","Unceasing Top","Nunchaku"],"acts_visited":["Exordium","TheCity","TheBeyond"],"potions_floor_usage":[37,40,48,50,50],"damage_taken":[{"damage":0.0,"enemies":"Small Slimes","floor":1.0,"turns":1.0},{"damage":0.0,"enemies":"2 Louse","floor":2.0,"turns":2.0},{"damage":0.0,"enemies":"Jaw Worm","floor":13.0,"turns":3.0},{"damage":0.0,"enemies":"Gremlin Gang","floor":14.0,"turns":3.0},{"damage":8.0,"enemies":"Hexaghost","floor":16.0,"turns":5.0},{"damage":0.0,"enemies":"Chosen","floor":18.0,"turns":4.0},{"damage":0.0,"enemies":"3 Byrds","floor":19.0,"turns":6.0},{"damage":15.0,"enemies":"Centurion and Healer","floor":21.0,"turns":4.0},{"damage":2.0,"enemies":"Slavers","floor":23.0,"turns":4.0},{"damage":14.0,"enemies":"Snake Plant","floor":25.0,"turns":3.0},{"damage":0.0,"enemies":"Snecko","floor":27.0,"turns":5.0},{"damage":12.0,"enemies":"Gremlin Leader","floor":29.0,"turns":4.0},{"damage":0.0,"enemies":"Shelled Parasite and Fungi","floor":31.0,"turns":3.0},{"damage":0.0,"enemies":"Champ","floor":33.0,"turns":13.0},{"damage":0,"enemies":"3 Darklings","floor":35,"turns":1},{"damage":0,"enemies":"3 Shapes","floor":36,"turns":6},{"damage":0,"enemies":"Mind Bloom Boss Battle","floor":37,"turns":7},{"damage":0,"enemies":"Spire Growth","floor":38,"turns":7},{"damage":0,"enemies":"Nemesis","floor":40,"turns":7},{"damage":0,"enemies":"4 Shapes","floor":45,"turns":1},{"damage":0,"enemies":"Jaw Worm Horde","floor":46,"turns":2},{"damage":0,"enemies":"Sphere and 2 Shapes","floor":47,"turns":1},{"damage":0,"enemies":"Giant Head","floor":48,"turns":3},{"damage":0,"enemies":"Time Eater","floor":50,"turns":7}],"seed_played":"-2425098010432476902","potions_obtained":[{"floor":1.0,"key":"ColorlessPotion"},{"floor":19.0,"key":"Dexterity Potion"},{"floor":25.0,"key":"LiquidMemories"},{"floor":31.0,"key":"PowerPotion"},{"floor":45,"key":"Block Potion"},{"floor":48,"key":"Ancient Potion"}],"is_trial":false,"path_per_floor":["M","M","?","?","?","R","$","R","T","R","?","R","M","M","R","B",null,"M","M","?","M","$","E","$","M","T","M","R","E","R","M","R","B",null,"M","M","?","M","$","E","R","?","T","R","M","M","M","E","R","B",null],"character_chosen":"WATCHER","items_purchased":["Leg Sweep","Evaluate","EmptyBody","DollysMirror","Predator","Frozen Eye"],"campfire_rested":2,"item_purchase_floors":[7,22,22,24,39,39],"current_hp_per_floor":[70,69,51,34,34,34,34,53,53,53,58,58,58,58,58,50,59,58,57,56,41,41,39,39,25,25,25,39,27,27,27,27,27,42,41,40,39,38,37,36,35,34,33,32,31,30,29,28,27,26],"gold":377,"neow_bonus":"","is_daily":true,"chose_seed":false,"campfire_upgraded":9,"win_rate":0.0,"timestamp":1612752024,"path_taken":["M","M","?","?","?","R","$","R","T","R","?","R","M","M","R","BOSS","M","M","?","?","$","E","$","M","T","M","R","E","R","M","R","BOSS","M","M","?","M","$","E","R","?","T","R","M","M","M","E","R","BOSS"],"items_purchased_type":["Card","Card","Card","Relic","Card","Relic"],"build_version":"2020-12-22","purchased_purges":2,"victory":true,"max_hp_per_floor":[70,69,68,67,66,65,64,63,62,61,65,64,63,62,61,60,59,58,57,56,55,54,53,52,51,50,49,48,47,46,45,44,43,42,41,40,39,38,37,36,35,34,33,32,31,30,29,28,27,26],"relic_stats":{"Nunchaku":[1],"counters":[24,102],"Golden Idol":184,"Snecko Eye":[68,78,78,77],"MealTicket":0,"Pen Nib":[13],"Black Star":4,"Whetstone":["Die Die Die","Unload"],"War Paint":["Omniscience","Judgement"],"obtain_stats":[{"Calipers":23,"Golden Idol":4,"Oddly Smooth Stone":20,"Vajra":40,"Thread and Needle":37,"Pen Nib":9,"Whetstone":26,"War Paint":40,"Ancient Tea Set":3,"Frozen Eye":39,"Bottled Flame":29,"Anchor":43,"Nunchaku":48,"DollysMirror":24,"Snecko Eye":34,"MealTicket":29,"Black Star":17,"Bag of Marbles":23,"PureWater":0,"Unceasing Top":48},{"Calipers":9,"Golden Idol":2,"Oddly Smooth Stone":7,"Vajra":19,"Thread and Needle":17,"Pen Nib":2,"Whetstone":10,"War Paint":19,"Ancient Tea Set":2,"Frozen Eye":18,"Bottled Flame":12,"Anchor":19,"Nunchaku":23,"DollysMirror":9,"Snecko Eye":14,"MealTicket":12,"Black Star":5,"Bag of Marbles":9,"PureWater":0,"Unceasing Top":23},{"Calipers":32,"Golden Idol":3,"Oddly Smooth Stone":24,"Vajra":88,"Thread and Needle":74,"Pen Nib":3,"Whetstone":35,"War Paint":88,"Ancient Tea Set":3,"Frozen Eye":81,"Bottled Flame":44,"Anchor":88,"Nunchaku":95,"DollysMirror":32,"Snecko Eye":60,"MealTicket":44,"Black Star":14,"Bag of Marbles":32,"PureWater":0,"Unceasing Top":95}],"Unceasing Top":[0]},"card_choices":[{"not_picked":["Caltrops","FlyingSleeves","Endless Agony"],"picked":"SKIP","floor":1.0},{"not_picked":["LikeWater","PathToVictory"],"picked":"Cloak And Dagger","floor":2.0},{"not_picked":["FollowUp","Distraction"],"picked":"ReachHeaven","floor":13.0},{"not_picked":["Reflex","Halt","Prepared"],"picked":"SKIP","floor":14.0},{"not_picked":["Wraith Form v2","Phantasmal Killer"],"picked":"Tools of the Trade","floor":16.0},{"not_picked":["Outmaneuver","Crippling Poison","Collect"],"picked":"SKIP","floor":18.0},{"not_picked":["Prepared","FollowUp+1"],"picked":"Protect","floor":19.0},{"not_picked":["FlurryOfBlows+1","Dagger Spray","Slice"],"picked":"SKIP","floor":21.0},{"not_picked":["Cloak And Dagger","Flechettes"],"picked":"Omniscience","floor":23.0},{"not_picked":["FlurryOfBlows","CutThroughFate","Acrobatics"],"picked":"SKIP","floor":25.0},{"not_picked":["Protect","ThirdEye"],"picked":"FearNoEvil+1","floor":27.0},{"not_picked":["Consecrate","Setup"],"picked":"Deadly Poison","floor":29.0},{"not_picked":["CutThroughFate","Poisoned Stab"],"picked":"Deadly Poison+1","floor":31.0},{"not_picked":["Halt+1","FlurryOfBlows"],"picked":"Backflip+1","floor":35},{"not_picked":["Flying Knee+1","ClearTheMind","Dagger Throw+1"],"picked":"SKIP","floor":36},{"not_picked":["ClearTheMind","Bane+1"],"picked":"Leg Sweep","floor":38},{"not_picked":["Slice","Dagger Throw+1"],"picked":"WaveOfTheHand+1","floor":40},{"not_picked":["Tantrum+1","Eviscerate"],"picked":"ThirdEye+1","floor":45},{"not_picked":["LikeWater+1","PiercingWail"],"picked":"Protect+1","floor":46},{"not_picked":["Vengeance+1","LikeWater","Bane+1"],"picked":"SKIP","floor":47},{"not_picked":["Cloak And Dagger+1","Consecrate","Underhanded Strike+1"],"picked":"SKIP","floor":48}],"player_experience":911710,"relics_obtained":[{"floor":9.0,"key":"Pen Nib"},{"floor":23.0,"key":"Calipers"},{"floor":23.0,"key":"Bag of Marbles"},{"floor":26.0,"key":"Whetstone"},{"floor":29.0,"key":"MealTicket"},{"floor":29.0,"key":"Bottled Flame"},{"floor":37,"key":"Thread and Needle"},{"floor":40,"key":"Vajra"},{"floor":40,"key":"War Paint"},{"floor":43,"key":"Anchor"},{"floor":48,"key":"Unceasing Top"},{"floor":48,"key":"Nunchaku"}],"event_choices":[{"damage_healed":0.0,"max_hp_gain":0.0,"max_hp_loss":0.0,"gold_gain":0.0,"event_name":"betterThird:BetterScrap","player_choice":"Relic ","floor":3.0,"gold_loss":0.0,"damage_taken":18.0,"cards_obtained":["Distraction"]},{"damage_healed":0.0,"max_hp_gain":0.0,"max_hp_loss":0.0,"gold_gain":0.0,"event_name":"Golden Idol","player_choice":"Take Damage","floor":4.0,"gold_loss":0.0,"damage_taken":17.0,"relics_obtained":["Golden Idol"]},{"damage_healed":0.0,"max_hp_gain":0.0,"max_hp_loss":0.0,"gold_gain":0.0,"event_name":"betterThird:BetterGoop","player_choice":"Left","floor":5.0,"gold_loss":43.0,"damage_taken":0.0},{"damage_healed":0.0,"max_hp_gain":5.0,"max_hp_loss":0.0,"gold_gain":0.0,"event_name":"Big Fish","player_choice":"Donut","floor":11.0,"gold_loss":0.0,"damage_taken":0.0},{"damage_healed":0.0,"max_hp_gain":0.0,"max_hp_loss":0.0,"gold_gain":0.0,"event_name":"WeMeetAgain","player_choice":"Gave Potion","floor":20.0,"gold_loss":0.0,"damage_taken":0.0,"relics_obtained":["Oddly Smooth Stone"]},{"damage_healed":0,"gold_gain":0,"player_choice":"Fight","damage_taken":0,"max_hp_gain":0,"max_hp_loss":0,"event_name":"MindBloom","floor":37,"gold_loss":0},{"cards_removed":["A Thousand Cuts"],"damage_healed":0,"gold_gain":0,"player_choice":"Removed Power","damage_taken":0,"max_hp_gain":0,"max_hp_loss":0,"event_name":"Falling","floor":42,"gold_loss":0}],"is_beta":false,"boss_relics":[{"not_picked":["Cursed Key","Ectoplasm"],"picked":"Black Star"},{"not_picked":["Tiny House","Fusion Hammer"],"picked":"Snecko Eye"}],"items_purged_floors":[22,39],"is_endless":false,"potions_floor_spawned":[1,19,25,27,31,45,48],"ascension_level":0}}