{"host":"sav7uxregyirlf69","time":1612771667,"event":{"mods":["AchievementEnabler","BaseMod","Colored Map","DeckTracker","Keyboard Shortcuts","Minty Spire (QoL Compilation)","READ ME - Guardian Mod","StSLib","SuperFastMode"],"gold_per_floor":[110,124,124,11,11,41,41,57,82,102,102,134,59,59,59,59,59],"floor_reached":16,"language":"KOR","playtime":178,"items_purged":[],"score":266,"play_id":"4c05da20-a6e7-49fe-8343-629d5e5d0684","local_time":"20210208170747","is_ascension_mode":true,"campfire_choices":[{"data":"Noxious Fumes","floor":7.0,"key":"SMITH"},{"data":"Reflex","floor":11.0,"key":"SMITH"},{"data":"Backflip","floor":15,"key":"SMITH"}],"circlet_count":0,"master_deck":["AscendersBane","Strike_G","Strike_G","Strike_G","Defend_G","Defend_G","Defend_G","Defend_G","Defend_G","Survivor","Neutralize+1","Dagger Throw","Storm of Steel","Reflex+1","Poisoned Stab","Noxious Fumes+1","Blade Dance","Backflip+1"],"relics":["Ring of the Snake","NeowsBlessing","Snake Skull","Blood Vial","Toxic Egg 2"],"acts_visited":["Exordium"],"potions_floor_usage":[16],"damage_taken":[{"damage":0.0,"enemies":"Jaw Worm","floor":1.0,"turns":1.0},{"damage":0.0,"enemies":"Cultist","floor":2.0,"turns":1.0},{"damage":0.0,"enemies":"Gremlin Nob","floor":6.0,"turns":1.0},{"damage":0.0,"enemies":"Small Slimes","floor":8.0,"turns":2.0},{"damage":15.0,"enemies":"3 Louse","floor":10.0,"turns":3.0},{"damage":9.0,"enemies":"3 Sentries","floor":12.0,"turns":6.0},{"damage":49,"enemies":"Slime Boss","floor":16,"turns":6}],"seed_played":"194160074698667070","potions_obtained":[{"floor":8.0,"key":"GamblersBrew"},{"floor":10.0,"key":"EssenceOfSteel"}],"is_trial":false,"path_per_floor":["M","M","?","$","$","E","R","M","T","M","R","E","?","?","R","B"],"character_chosen":"THE_SILENT","items_purchased":["Reflex","Poisoned Stab"],"campfire_rested":0,"item_purchase_floors":[4,4],"current_hp_per_floor":[59,59,59,59,59,59,59,59,59,46,46,39,39,39,39,0,0],"gold":59,"neow_bonus":"THREE_ENEMY_KILL","is_daily":false,"chose_seed":false,"campfire_upgraded":3,"win_rate":0.0,"timestamp":1612771667,"path_taken":["M","M","?","?","$","E","R","M","T","M","R","E","?","?","R","BOSS"],"items_purchased_type":["Card","Card"],"build_version":"2020-12-22","purchased_purges":0,"victory":false,"max_hp_per_floor":[66,66,66,66,66,66,66,66,66,66,66,66,66,66,66,66,66],"card_choices":[{"not_picked":["PiercingWail","Poisoned Stab"],"picked":"Dagger Throw","floor":1.0},{"not_picked":["Accuracy","Prepared","PiercingWail"],"picked":"SKIP","floor":2.0},{"not_picked":["Infinite Blades","Caltrops"],"picked":"Noxious Fumes","floor":6.0},{"not_picked":["Malaise","Dagger Spray"],"picked":"Blade Dance","floor":8.0},{"not_picked":["Heel Hook","Poisoned Stab"],"picked":"Backflip","floor":10.0},{"not_picked":["Glass Knife","Blade Dance+1","Underhanded Strike"],"picked":"SKIP","floor":12.0}],"player_experience":1523912,"relics_obtained":[{"floor":6.0,"key":"Snake Skull"},{"floor":9.0,"key":"Blood Vial"},{"floor":12.0,"key":"Toxic Egg 2"}],"event_choices":[{"damage_healed":0.0,"max_hp_gain":0.0,"max_hp_loss":0.0,"gold_gain":0.0,"cards_transformed":["Strike_G"],"event_name":"Transmorgrifier","player_choice":"Transformed","floor":3.0,"gold_loss":0.0,"damage_taken":0.0,"cards_obtained":["Storm of Steel"]},{"cards_removed":["Strike_G"],"damage_healed":0.0,"max_hp_gain":0.0,"max_hp_loss":0.0,"gold_gain":0.0,"event_name":"The Cleric","player_choice":"Card Removal","floor":13.0,"gold_loss":75.0,"damage_taken":0.0},{"damage_healed":0,"gold_gain":0,"player_choice":"Forge","damage_taken":0,"max_hp_gain":0,"max_hp_loss":0,"event_name":"Accursed Blacksmith","floor":14,"gold_loss":0,"cards_upgraded":["Neutralize"]}],"is_beta":false,"boss_relics":[],"items_purged_floors":[],"is_endless":false,"potions_floor_spawned":[8,10,12],"killed_by":"Slime Boss","ascension_level":20}}