{"host":"xbdmg2vm5yvm04q9","time":1612798809,"event":{"mods":["Act Like it!","Aspiration","BaseMod","Colored Map","Colored Powertips","Conspire","Downfall","Gensokyo","Minty Spire (QoL Compilation)","Replay The Spire","StSLib","Td1madao Mod","The Jungle","The Runesmith","The Servant 0.9.4","UnlockEverythingMod","Waifu the Spire","Wide Potions","【功能Mod】聪明的最终Boss"],"gold_per_floor":[15,15,35,35,35,66,77,77,77],"floor_reached":8,"language":"ZHS","playtime":267,"items_purged":[],"score":112,"play_id":"dbe44e9e-54f3-434f-9bd4-ab679802d563","local_time":"20210208234009","is_ascension_mode":true,"campfire_choices":[],"circlet_count":0,"master_deck":["AscendersBane","Strike_B","Strike_B","Strike_B","Strike_B","Defend_B","Defend_B","Defend_B","Defend_B","Zap","Dualcast","Electrodynamics+1","Self Repair","ReplayTheSpireMod:Calculation Training","Injury","Conserve Battery+1","Melter"],"relics":["Cracked Core","Toxic Egg 2","Eternal Feather"],"acts_visited":["Exordium"],"potions_floor_usage":[6,8],"damage_taken":[{"damage":1,"enemies":"Cultist","floor":1,"turns":3},{"damage":2,"enemies":"Small Slimes","floor":3,"turns":3},{"damage":20,"enemies":"Lagavulin","floor":6,"turns":5},{"damage":12,"enemies":"Jaw Worm","floor":7,"turns":4},{"damage":50,"enemies":"Gremlin Nob","floor":8,"turns":4}],"seed_played":"-4785334681389509869","potions_obtained":[{"floor":1,"key":"Block Potion"},{"floor":7,"key":"Languid Potion"}],"is_trial":false,"path_per_floor":["M","?","M","?","$","E","M","E"],"character_chosen":"DEFECT","items_purchased":[],"campfire_rested":0,"item_purchase_floors":[],"current_hp_per_floor":[63,63,68,68,68,55,50,0,0],"gold":77,"neow_bonus":"THREE_RARE_CARDS","is_daily":false,"chose_seed":false,"campfire_upgraded":0,"win_rate":0.0,"timestamp":1612798809,"path_taken":["M","?","M","?","$","E","M","E"],"items_purchased_type":[],"build_version":"2020-12-22","purchased_purges":0,"victory":false,"max_hp_per_floor":[71,71,71,71,71,71,71,71,71],"card_choices":[{"not_picked":["Meteor Strike","ReplayTheSpireMod:Fabricate Wheel"],"picked":"Electrodynamics","floor":0},{"not_picked":["Panic Button","Conserve Battery"],"picked":"Self Repair","floor":1},{"not_picked":["Crystallizer","Compile Driver"],"picked":"ReplayTheSpireMod:Calculation Training","floor":3},{"not_picked":["ReplaySolidLightProjector+1","Turbo+1"],"picked":"Conserve Battery+1","floor":6},{"not_picked":["Streamline","Beam Cell"],"picked":"Melter","floor":7}],"player_experience":85661,"relics_obtained":[{"floor":6,"key":"Eternal Feather"}],"event_choices":[{"damage_healed":0,"gold_gain":0,"player_choice":"Grow","damage_taken":0,"max_hp_gain":0,"max_hp_loss":0,"event_name":"Living Wall","floor":2,"gold_loss":0,"cards_upgraded":["Electrodynamics"]}],"is_beta":false,"boss_relics":[],"items_purged_floors":[],"is_endless":false,"potions_floor_spawned":[1,7],"killed_by":"Gremlin Nob","ascension_level":20}}