{"host":"moonth","time":1612754926,"event":{"mods":["BaseMod","Marisa£®ÏF”Í°°ƒß¿Ì…≥£©","Minty Spire (QoL Compilation)","Replay The Spire","StSLib","The Senshi","The Servant 0.9.4"],"gold_per_floor":[18,18,44,10,10,10,37,56,56,56,56,56,68,80,80,178,178,194,194,119,134,134,134,0,13,13,13,13,31,31,59,59,164,164,177,194,246,246,121,121,121,121,121,121,151,162,212,92,92,92],"floor_reached":51,"language":"ZHS","playtime":2268,"items_purged":["Strike_S+1","Strike_S+1","Defend_S+1","ShatteredReality+1"],"score":1001,"play_id":"a55d0ec7-c988-49f1-a010-0525fca56821","local_time":"20210208112846","is_ascension_mode":true,"campfire_choices":[{"data":"LightFlow","floor":6.0,"key":"SMITH"},{"data":"LightFlow","floor":15.0,"key":"SMITH"},{"floor":32.0,"key":"DIG"},{"floor":40.0,"key":"REST"},{"floor":42.0,"key":"REST"},{"data":"LightFlow","floor":44.0,"key":"SMITH"},{"floor":49,"key":"REST"}],"circlet_count":0,"master_deck":["Defend_S+1","Defend_S+1","Defend_S+1","KidneyShot+1","Exchange","LightFlow+1","DoubleEdge+1","BottledTime+1","Spin+1","LightFlow+1","Initiator+1","AbeCurse","Revamp+1","RealityMarble+1","LightFlow+1","Comet+1","TheWorld"],"relics":["Uniform","ReplayTheSpireMod:Ring of Exchange","ReplayFunnel","Replay:Multitool","Kunai","Abe\u0027s Treasure","Torii","Replay:WaspNest","Red Mask","Bronze Scales","Replay:Bronze Core","CatCart","Happy Flower","The Courier","Gremlin Food","Ginger"],"acts_visited":["Exordium","TheCity","TheBeyond"],"potions_floor_usage":[46,50,50],"damage_taken":[{"damage":9.0,"enemies":"Jaw Worm","floor":1.0,"turns":2.0},{"damage":0.0,"enemies":"Gremlin Nob","floor":7.0,"turns":2.0},{"damage":6.0,"enemies":"2 Louse","floor":8.0,"turns":2.0},{"damage":0.0,"enemies":"Small Slimes","floor":13.0,"turns":1.0},{"damage":0.0,"enemies":"Looter","floor":14.0,"turns":1.0},{"damage":33.0,"enemies":"The Guardian","floor":16.0,"turns":6.0},{"damage":27.0,"enemies":"Shell Parasite","floor":18.0,"turns":3.0},{"damage":3.0,"enemies":"Chosen","floor":21.0,"turns":3.0},{"damage":0.0,"enemies":"Shelled Parasite and Fungi","floor":25.0,"turns":1.0},{"damage":1.0,"enemies":"Sentry and Sphere","floor":29.0,"turns":3.0},{"damage":0.0,"enemies":"Masked Bandits","floor":31.0,"turns":2.0},{"damage":8.0,"enemies":"Pondfish","floor":33.0,"turns":4.0},{"damage":12.0,"enemies":"Orb Walker","floor":35.0,"turns":2.0},{"damage":7.0,"enemies":"3 Darklings","floor":36.0,"turns":3.0},{"damage":32.0,"enemies":"Orin","floor":37.0,"turns":5.0},{"damage":32,"enemies":"Nemesis","floor":45,"turns":3},{"damage":40,"enemies":"4 Shapes","floor":46,"turns":3},{"damage":0,"enemies":"Mind Bloom Boss Battle","floor":47,"turns":3},{"damage":42,"enemies":"Time Eater","floor":50,"turns":4}],"seed_played":"1892692577462389031","potions_obtained":[{"floor":13.0,"key":"ColorlessPotion"},{"floor":14.0,"key":"Swift Potion"},{"floor":18.0,"key":"Strength Potion"},{"floor":25.0,"key":"Cursed Concoction"}],"is_trial":false,"path_per_floor":["M","?","T","$","?","R","E","M","T","$","R","?","M","M","R","B",null,"M","?","$","M","?","R","$","M","T","?","T","M","R","?","R","B",null,"M","M","?","T","$","R","$","R","T","R","E","M","?","$","R","B",null],"character_chosen":"THE_SERVANT","items_purchased":["DoubleEdge+1","Revamp+1"],"campfire_rested":3,"item_purchase_floors":[4,24],"current_hp_per_floor":[56,56,56,56,49,49,49,43,43,43,62,62,62,62,62,29,65,38,38,38,35,35,54,54,54,54,54,54,53,65,65,65,57,65,53,46,14,14,14,33,33,52,52,52,20,18,18,18,37,16],"gold":92,"neow_bonus":"THREE_RARE_CARDS","is_daily":false,"chose_seed":false,"campfire_upgraded":3,"win_rate":0.0,"timestamp":1612754926,"path_taken":["M","?","?","$","?","R","E","M","T","$","R","?","M","?","R","BOSS","M","?","$","M","?","R","$","?","T","?","?","M","R","?","R","BOSS","M","M","?","?","$","R","$","R","T","R","E","M","?","?","R","BOSS"],"items_purchased_type":["Card","Card"],"build_version":"2020-12-18","purchased_purges":4,"victory":true,"max_hp_per_floor":[65,65,65,65,65,65,65,65,65,65,65,65,65,65,65,65,65,65,65,65,65,65,65,65,65,65,65,65,65,65,65,65,65,65,65,65,65,65,65,65,65,65,65,65,65,65,65,65,65,65],"card_choices":[{"not_picked":["Dilation","PendulumOfEternity"],"picked":"LightFlow","floor":0.0},{"not_picked":["Replace","TimeWarp"],"picked":"ShatteredReality","floor":1.0},{"not_picked":["InstantArmor","Potential"],"picked":"BottledTime","floor":7.0},{"not_picked":["FanOfKnives","Rearm","Rewind"],"picked":"SKIP","floor":8.0},{"not_picked":["Foresight","ShatteredReality"],"picked":"Spin","floor":13.0},{"not_picked":["Advance","Rewind"],"picked":"LightFlow","floor":14.0},{"not_picked":["Duplication","MurderousAura"],"picked":"Initiator","floor":16.0},{"not_picked":["Unruled","TimeWarp","Spin"],"picked":"SKIP","floor":18.0},{"not_picked":["Read","GearUp","Ricochet"],"picked":"SKIP","floor":21.0},{"not_picked":["BestPractice","Starlight+1","Rearm"],"picked":"SKIP","floor":25.0},{"not_picked":["DualDimension","Ricochet","ShatteredReality"],"picked":"SKIP","floor":29.0},{"not_picked":["SurpressingFire+1","Spin"],"picked":"RealityMarble+1","floor":31.0},{"not_picked":["ForgedInTime","Dilation"],"picked":"LightFlow","floor":33.0},{"not_picked":["DoubleEdge","DualDimension+1"],"picked":"Comet+1","floor":35.0},{"not_picked":["Replace","Ricochet+1","FastForward"],"picked":"SKIP","floor":36.0},{"not_picked":["Ricochet","FastForward+1","Moonlight+1"],"picked":"SKIP","floor":45},{"not_picked":["Collapse","Rearm","FanOfKnives"],"picked":"SKIP","floor":46},{"not_picked":["Starlight+1","GearUp"],"picked":"TheWorld","floor":47}],"player_experience":529638,"relics_obtained":[{"floor":2.0,"key":"ReplayTheSpireMod:Ring of Exchange"},{"floor":3.0,"key":"ReplayFunnel"},{"floor":7.0,"key":"Replay:Multitool"},{"floor":9.0,"key":"Kunai"},{"floor":26.0,"key":"Torii"},{"floor":28.0,"key":"Replay:WaspNest"},{"floor":31.0,"key":"Red Mask"},{"floor":32.0,"key":"Bronze Scales"},{"floor":37.0,"key":"CatCart"},{"floor":38.0,"key":"Happy Flower"},{"floor":43.0,"key":"The Courier"},{"floor":45,"key":"Gremlin Food"},{"floor":47,"key":"Ginger"}],"event_choices":[{"cards_removed":["Strike_S"],"damage_healed":0.0,"max_hp_gain":0.0,"max_hp_loss":0.0,"gold_gain":0.0,"event_name":"Golden Wing","player_choice":"Card Removal","floor":5.0,"gold_loss":0.0,"damage_taken":7.0},{"cards_removed":["Strike_S"],"damage_healed":0.0,"max_hp_gain":0.0,"max_hp_loss":0.0,"gold_gain":0.0,"event_name":"Living Wall","player_choice":"Forget","floor":12.0,"gold_loss":0.0,"damage_taken":0.0},{"damage_healed":0.0,"max_hp_gain":0.0,"max_hp_loss":0.0,"gold_gain":0.0,"event_name":"Back to Basics","player_choice":"Simplicity","floor":19.0,"gold_loss":0.0,"damage_taken":0.0,"cards_upgraded":["Strike_S","Strike_S","Defend_S","Defend_S","Defend_S","Defend_S"]},{"damage_healed":0.0,"max_hp_gain":0.0,"max_hp_loss":0.0,"gold_gain":0.0,"event_name":"Accursed Blacksmith","player_choice":"Forge","floor":22.0,"gold_loss":0.0,"damage_taken":0.0,"cards_upgraded":["Initiator"]},{"damage_healed":0.0,"max_hp_gain":0.0,"max_hp_loss":0.0,"gold_gain":0.0,"event_name":"Ghosts","player_choice":"Ignored","floor":27.0,"gold_loss":0.0,"damage_taken":0.0},{"damage_healed":0.0,"max_hp_gain":0.0,"max_hp_loss":0.0,"gold_gain":0.0,"event_name":"Masked Bandits","player_choice":"Fought Bandits","floor":31.0,"gold_loss":0.0,"damage_taken":0.0},{"damage_healed":0.0,"max_hp_gain":0.0,"max_hp_loss":0.0,"gold_gain":0.0,"event_name":"OrinTheCat","player_choice":"Fight","floor":37.0,"gold_loss":0.0,"damage_taken":0.0},{"damage_healed":0,"gold_gain":0,"player_choice":"Fight","damage_taken":0,"max_hp_gain":0,"max_hp_loss":0,"event_name":"MindBloom","floor":47,"gold_loss":0}],"is_beta":true,"boss_relics":[{"not_picked":["Toolbox","SlaversCollar"],"picked":"Abe\u0027s Treasure"},{"not_picked":["Astrolabe","Strange Spoon"],"picked":"Replay:Bronze Core"}],"items_purged_floors":[20,24,39,48],"is_endless":false,"potions_floor_spawned":[13,14,18,25,31,45],"ascension_level":2}}