{"host":"8lgo2trwv2o0qyml","time":1612815626,"event":{"mods":["BaseMod","Colored Map","Colored Powertips","DeckTracker","Highlight Path","Hubris","Infinite Spire","Minty Spire (QoL Compilation)","Quick Restart","Random Character Button","Relic Sorter","Replay The Spire","StSLib","SuperFastMode","Synergy Search"],"gold_per_floor":[111,111,131,131,148,148,161,161,161,194,212,212,228,228,228],"floor_reached":14,"playtime":748,"items_purged":[],"score":117,"play_id":"84683264-0db8-470f-8a2d-4edce0ca0544","local_time":"20210208152026","is_ascension_mode":false,"campfire_choices":[{"data":"DevaForm","floor":6,"key":"SMITH"},{"data":"Omniscience","floor":8,"key":"SMITH"},{"data":"ReachHeaven","floor":12,"key":"SMITH"}],"circlet_count":0,"master_deck":["Strike_P","Strike_P","Defend_P","Defend_P","Defend_P","Eruption","Vigilance","EmptyBody","DevaForm+1","Swivel","CutThroughFate","Omniscience+1","WindmillStrike","Consecrate","Protect","ReachHeaven+1","Brilliance"],"relics":["PureWater","Mirror","Singing Bowl"],"acts_visited":["Exordium"],"potions_floor_usage":[10,14,14],"damage_taken":[{"damage":0,"enemies":"2 Louse","floor":1,"turns":4},{"damage":0,"enemies":"Cultist","floor":3,"turns":5},{"damage":7,"enemies":"Jaw Worm","floor":5,"turns":4},{"damage":6,"enemies":"Large Slime","floor":7,"turns":6},{"damage":0,"enemies":"Lagavulin","floor":10,"turns":4},{"damage":7,"enemies":"Blue Slaver","floor":11,"turns":4},{"damage":8,"enemies":"Red Slaver","floor":13,"turns":3},{"damage":33,"enemies":"3 Sentries","floor":14,"turns":5}],"seed_played":"1081040630481320686","potions_obtained":[{"floor":3,"key":"FearPotion"},{"floor":7,"key":"FearPotion"},{"floor":10,"key":"Venom Potion"},{"floor":11,"key":"Adrenaline Potion"}],"is_trial":false,"path_per_floor":["M","?","M","?","M","R","M","R","T","E","M","R","M","E"],"character_chosen":"WATCHER","items_purchased":[],"campfire_rested":0,"item_purchase_floors":[],"current_hp_per_floor":[51,51,51,51,44,44,38,38,38,38,31,31,23,0,0],"gold":228,"neow_bonus":"TRANSFORM_TWO_CARDS","is_daily":false,"chose_seed":false,"campfire_upgraded":3,"win_rate":0.0,"timestamp":1612815626,"path_taken":["M","?","?","?","M","R","M","R","T","E","M","R","M","E"],"items_purchased_type":[],"build_version":"2020-12-22","purchased_purges":0,"victory":false,"max_hp_per_floor":[72,72,72,72,72,72,72,72,72,72,72,72,72,72,72],"card_choices":[{"not_picked":["Replay:Battleflow","CrushJoints"],"picked":"Swivel","floor":1},{"not_picked":["Halt","Crescendo"],"picked":"Omniscience","floor":3},{"not_picked":["Halt","Indignation"],"picked":"WindmillStrike","floor":5},{"not_picked":["Replay:Hum","EmptyFist"],"picked":"Consecrate","floor":7},{"not_picked":["Replay:Battleflow","Replay:BluntJabs"],"picked":"Protect","floor":10},{"not_picked":["CarveReality","Replay:AtTheReady"],"picked":"ReachHeaven","floor":11},{"not_picked":["FlurryOfBlows","WaveOfTheHand"],"picked":"Brilliance","floor":13}],"player_experience":125454,"relics_obtained":[{"floor":9,"key":"Mirror"},{"floor":10,"key":"Singing Bowl"}],"event_choices":[{"damage_healed":0,"gold_gain":0,"cards_transformed":["Defend_P"],"player_choice":"Transformed","damage_taken":0,"max_hp_gain":0,"max_hp_loss":0,"event_name":"Transmorgrifier","floor":2,"gold_loss":0,"cards_obtained":["CutThroughFate"]}],"is_beta":false,"boss_relics":[],"items_purged_floors":[],"is_endless":false,"potions_floor_spawned":[3,7,10,11],"killed_by":"3 Sentries","ascension_level":0}}