{"host":"126yiuos2nq86se7","time":1612757950,"event":{"mods":["AchievementEnabler","Act Like it!","BaseMod","Colored Map","Colored Powertips","Friendly Minions","Highlight Path","Hubris","Minty Spire (QoL Compilation)","Reimu??????","StSLib","SuperFastMode","The Animator"],"gold_per_floor":[119,119,7,21,34,63,63,18,42,2,18,18,18,33,33,138,138,152,26,26,26,26,26,30,42,42,53,53,64,81,81,81,178,178,195,215,233,32,47,63,63,63,63,75,0,0,12,27,27,27],"floor_reached":51,"language":"ENG","playtime":2409,"items_purged":["Strike_Lin:ReiMu","Strike_Lin:ReiMu","Strike_Lin:ReiMu+1"],"score":678,"play_id":"25a3f768-53bd-4ff7-9df0-28c8b7d1db69","local_time":"20210208151910","is_ascension_mode":false,"campfire_choices":[{"floor":7,"key":"REST"},{"data":"FineLineFantasy:ReiMu","floor":12,"key":"SMITH"},{"data":"Revelation:ReiMu","floor":15,"key":"SMITH"},{"data":"OctopathBindingBorder2:ReiMu","floor":23,"key":"SMITH"},{"data":"LovePray:ReiMu","floor":32,"key":"SMITH"},{"data":"UniversalSpiritual:ReiMu","floor":41,"key":"SMITH"},{"data":"Free:ReiMu","floor":46,"key":"SMITH"},{"floor":49,"key":"REST"}],"circlet_count":0,"master_deck":["Defend_Lin:ReiMu+1","Defend_Lin:ReiMu+1","Defend_Lin:ReiMu+1","Defend_Lin:ReiMu+1","NB:ReiMu","Stagnation:ReiMu","Revelation:ReiMu+1","OctopathBindingBorder2:ReiMu+1","WonderfulDomain:ReiMu","LovePray:ReiMu+1","UniversalSpiritual:ReiMu+1","Free:ReiMu+1","MikOfLucky:ReiMu","Authority:ReiMu","Amulet:ReiMu","Conquer:ReiMu","MikOfLucky:ReiMu","WonderfulDomain:ReiMu","PayForSelf:ReiMu","WonderfulDomain:ReiMu+1","CardOfSanctity:ReiMu","MikOfLucky:ReiMu+1","CardOfSanctity:ReiMu","SafetyPray:ReiMu+1","Conquer:ReiMu+1","FoulBorder2:ReiMu"],"relics":["FlyPower:ReiMu","hubris:FunFungus","hubris:TenFootPole","PaintedHorse:ReiMu","hubris:RunicObelisk","Mummified Hand","Bag of Marbles","Cursed Key","Red Mask"],"acts_visited":["Exordium","TheCity","TheBeyond"],"potions_floor_usage":[6,16,33,33,50,50,50],"damage_taken":[{"damage":0,"enemies":"2 Louse","floor":1,"turns":5},{"damage":22,"enemies":"Cultist","floor":4,"turns":8},{"damage":0,"enemies":"Small Slimes","floor":5,"turns":4},{"damage":17,"enemies":"3 Sentries","floor":6,"turns":7},{"damage":2,"enemies":"Looter","floor":8,"turns":5},{"damage":2,"enemies":"Blue Slaver","floor":11,"turns":7},{"damage":2,"enemies":"Exordium Thugs","floor":14,"turns":5},{"damage":3,"enemies":"The Guardian","floor":16,"turns":9},{"damage":5,"enemies":"3 Byrds","floor":18,"turns":6},{"damage":11,"enemies":"2 Thieves","floor":24,"turns":4},{"damage":0,"enemies":"Snake Plant","floor":25,"turns":6},{"damage":35,"enemies":"3 Cultists","floor":27,"turns":5},{"damage":0,"enemies":"Snecko","floor":29,"turns":5},{"damage":0,"enemies":"Snake Plant","floor":30,"turns":5},{"damage":15,"enemies":"hubris:MusketHawk","floor":33,"turns":7},{"damage":7,"enemies":"3 Darklings","floor":35,"turns":5},{"damage":0,"enemies":"3 Shapes","floor":36,"turns":6},{"damage":14,"enemies":"Transient","floor":37,"turns":5},{"damage":9,"enemies":"Sphere and 2 Shapes","floor":39,"turns":6},{"damage":11,"enemies":"Spire Growth","floor":40,"turns":5},{"damage":3,"enemies":"Writhing Mass","floor":44,"turns":5},{"damage":13,"enemies":"4 Shapes","floor":47,"turns":5},{"damage":27,"enemies":"Transient","floor":48,"turns":5},{"damage":21,"enemies":"hubris:GrandSnecko","floor":50,"turns":11}],"seed_played":"2856931834386948566","potions_obtained":[{"floor":1,"key":"DuplicationPotion"},{"floor":14,"key":"ZuzhouPotion:ReiMu"},{"floor":18,"key":"SkillPotion"},{"floor":25,"key":"Fire Potion"},{"floor":29,"key":"SteroidPotion"},{"floor":35,"key":"AttackPotion"},{"floor":39,"key":"PowerPotion"},{"floor":44,"key":"Weak Potion"}],"is_trial":false,"path_per_floor":["M","?","$","M","M","E","R","M","T","?","M","R","$","M","R","B",null,"M","$","?","?","?","R","M","M","T","M","?","M","M","?","R","B",null,"M","M","M","$","M","M","R","?","T","M","?","R","M","M","R","B",null],"character_chosen":"REIMU","items_purchased":["FineLineFantasy:ReiMu","Conquer:ReiMu","CardOfSanctity:ReiMu"],"campfire_rested":2,"item_purchase_floors":[3,19,38],"current_hp_per_floor":[71,71,71,49,49,32,53,51,51,51,50,50,50,51,51,57,71,66,66,66,66,66,66,64,68,68,42,42,47,54,54,54,41,71,68,71,61,61,71,62,62,62,62,63,63,63,54,43,64,48],"gold":27,"neow_bonus":"TEN_PERCENT_HP_BONUS","is_daily":false,"chose_seed":false,"campfire_upgraded":6,"win_rate":0.0,"timestamp":1612757950,"path_taken":["M","?","$","?","M","E","R","M","T","?","M","R","$","M","R","BOSS","M","$","?","?","?","R","?","M","T","M","?","M","?","?","R","BOSS","M","M","M","$","M","M","R","?","T","M","?","R","M","M","R","BOSS"],"items_purchased_type":["Card","Card","Card"],"build_version":"2020-12-22","purchased_purges":3,"victory":true,"max_hp_per_floor":[71,71,71,71,71,71,71,71,71,71,71,71,71,71,71,71,71,71,71,71,71,71,71,71,71,71,71,71,71,71,71,71,71,71,71,71,71,71,71,71,71,71,71,71,71,71,71,71,71,71],"card_choices":[{"not_picked":["SpreadBorder2:ReiMu","Mountainwind:ReiMu"],"picked":"Revelation:ReiMu","floor":1},{"not_picked":["Meditation:ReiMu","Enchanting:ReiMu"],"picked":"OctopathBindingBorder2:ReiMu","floor":4},{"not_picked":["KyokaiOfKami:ReiMu","SafetyPray:ReiMu"],"picked":"WonderfulDomain:ReiMu","floor":5},{"not_picked":["EmergencyTakeOff:ReiMu","SpreadBorder2:ReiMu"],"picked":"LovePray:ReiMu","floor":6},{"not_picked":["SpiritualOutbreak2:ReiMu","AirStrike:ReiMu"],"picked":"UniversalSpiritual:ReiMu","floor":8},{"not_picked":["PayForSelf:ReiMu","SubAcupoint:ReiMu"],"picked":"Free:ReiMu","floor":11},{"not_picked":["DoubleButterfly:ReiMu","ManaGlint:ReiMu"],"picked":"MikOfLucky:ReiMu","floor":14},{"not_picked":["HakureiPhantom:ReiMu","SubcavityFantasy:ReiMu"],"picked":"Authority:ReiMu","floor":16},{"not_picked":["TightArray:ReiMu+1","SubcavityInstant:ReiMu+1"],"picked":"Amulet:ReiMu","floor":18},{"not_picked":["OrbThrow:ReiMu","Meditation:ReiMu"],"picked":"WonderfulDomain:ReiMu","floor":24},{"not_picked":["EmergencyTakeOff:ReiMu+1","MountainWay:ReiMu+1"],"picked":"PayForSelf:ReiMu","floor":25},{"not_picked":["SubAcupoint:ReiMu+1","SpringWay:ReiMu","ShadowOfCrow2:ReiMu"],"picked":"SKIP","floor":27},{"not_picked":["SubcavityInstant:ReiMu+1","SubAcupoint:ReiMu+1","TakeOff:ReiMu+1"],"picked":"SKIP","floor":29},{"not_picked":["CareerPray:ReiMu","Meditation:ReiMu"],"picked":"WonderfulDomain:ReiMu+1","floor":30},{"not_picked":["YinYang:ReiMu","Determination:ReiMu"],"picked":"CardOfSanctity:ReiMu","floor":33},{"not_picked":["RainPray2:ReiMu","OrbThrow:ReiMu+1","CareerPray:ReiMu"],"picked":"SKIP","floor":35},{"not_picked":["TightArray:ReiMu+1","RainPray2:ReiMu"],"picked":"MikOfLucky:ReiMu+1","floor":36},{"not_picked":["Amulet:ReiMu","SubcavityInstant:ReiMu","ShadowOfCrow2:ReiMu"],"picked":"SKIP","floor":37},{"not_picked":["RainPray2:ReiMu","Meditation:ReiMu+1","EmergencyTakeOff:ReiMu"],"picked":"SKIP","floor":39},{"not_picked":["Mountainwind:ReiMu","FineLineFantasy:ReiMu"],"picked":"SafetyPray:ReiMu+1","floor":40},{"not_picked":["TightArray:ReiMu+1","KyokaiOfKami:ReiMu","AirStrike:ReiMu+1"],"picked":"SKIP","floor":44},{"not_picked":["UpKicking:ReiMu","SpreadBorder2:ReiMu+1"],"picked":"Conquer:ReiMu+1","floor":47},{"not_picked":["AirStrike:ReiMu+1","Crusade:ReiMu"],"picked":"FoulBorder2:ReiMu","floor":48}],"player_experience":1599118,"relics_obtained":[{"floor":6,"key":"hubris:FunFungus"},{"floor":9,"key":"hubris:TenFootPole"},{"floor":26,"key":"Bag of Marbles"}],"event_choices":[{"cards_removed":["Strike_Lin:ReiMu"],"damage_healed":0,"gold_gain":0,"player_choice":"Offered Basic","damage_taken":0,"max_hp_gain":0,"max_hp_loss":0,"event_name":"Bonfire Elementals","floor":2,"gold_loss":0},{"damage_healed":0,"gold_gain":0,"player_choice":"Donate","damage_taken":0,"relics_obtained":["PaintedHorse:ReiMu"],"max_hp_gain":0,"max_hp_loss":0,"event_name":"yidonshenshe","floor":10,"gold_loss":40},{"damage_healed":0,"gold_gain":0,"player_choice":"Simplicity","damage_taken":0,"max_hp_gain":0,"max_hp_loss":0,"event_name":"Back to Basics","floor":21,"gold_loss":0,"cards_upgraded":["Strike_Lin:ReiMu","Defend_Lin:ReiMu","Defend_Lin:ReiMu","Defend_Lin:ReiMu","Defend_Lin:ReiMu"]},{"damage_healed":0,"gold_gain":0,"player_choice":"Gave Potion","damage_taken":0,"relics_obtained":["Mummified Hand"],"max_hp_gain":0,"max_hp_loss":0,"event_name":"WeMeetAgain","floor":22,"gold_loss":0},{"damage_healed":0,"gold_gain":0,"player_choice":"0 cards matched","damage_taken":0,"max_hp_gain":0,"max_hp_loss":0,"event_name":"Match and Keep!","floor":28,"gold_loss":0,"cards_obtained":[]},{"damage_healed":0,"gold_gain":0,"player_choice":"Ignored","damage_taken":0,"max_hp_gain":0,"max_hp_loss":0,"event_name":"The Mausoleum","floor":31,"gold_loss":0},{"cards_removed":["FineLineFantasy:ReiMu"],"damage_healed":0,"gold_gain":0,"player_choice":"Removed Power","damage_taken":0,"max_hp_gain":0,"max_hp_loss":0,"event_name":"Falling","floor":42,"gold_loss":0},{"damage_healed":0,"gold_gain":0,"player_choice":"Paid","damage_taken":0,"relics_obtained":["Red Mask"],"max_hp_gain":0,"max_hp_loss":0,"event_name":"Tomb of Lord Red Mask","floor":45,"gold_loss":75}],"is_beta":false,"boss_relics":[{"not_picked":["Snecko Eye","hubris:BlackHole"],"picked":"hubris:RunicObelisk"},{"not_picked":["Runic Dome","hubris:CrackedHourglass"],"picked":"Cursed Key"}],"items_purged_floors":[3,19,38],"is_endless":false,"potions_floor_spawned":[1,14,18,25,29,35,39,44],"ascension_level":0}}