{"host":"qrbkigq52dd42dk0","time":1612822545,"event":{"mods":["AchievementEnabler","BaseMod","Colored Map","Colored Powertips","Minty Spire (QoL Compilation)","Morshu Shopkeeper - ENHANCED","Quick Restart","StSLib","SuperFastMode","The IronCluck","everything is the same but u backflip on backflip"],"gold_per_floor":[113,130,405,281,281,281,308,308,384,384,415,430,450,100,100,197,197,208,208,208,218,218,252,252,2,2,20,20,20,32,59,59,157,157,169,24,24,37,53,53,70,90,166,166,179,214,214,242,242,242,242,242,117,152,152,152],"floor_reached":55,"language":"ENG","playtime":3442,"items_purged":["Regret","Strike_G","Strike_G"],"score":971,"play_id":"75303f51-9d01-4519-aa7f-f969cbb9fdfd","local_time":"20210208231545","is_ascension_mode":true,"campfire_choices":[{"data":"Finisher","floor":6,"key":"SMITH"},{"data":"Blade Dance","floor":8,"key":"SMITH"},{"data":"Prepared","floor":15,"key":"SMITH"},{"data":"Tools of the Trade","floor":24,"key":"SMITH"},{"data":"Apotheosis","floor":29,"key":"SMITH"},{"data":"Footwork","floor":32,"key":"SMITH"},{"floor":40,"key":"RECALL"},{"floor":44,"key":"REST"},{"floor":49,"key":"REST"},{"floor":52,"key":"REST"}],"circlet_count":0,"master_deck":["Strike_G","Strike_G+1","Defend_G","Defend_G","Defend_G","Defend_G","Defend_G","Survivor","Neutralize+1","Slice","Blade Dance+1","Finisher+1","Cloak And Dagger+1","Accuracy","PiercingWail","After Image","Accuracy","Prepared+1","Tools of the Trade+1","Infinite Blades","Tactician+1","After Image","Apotheosis+1","Footwork+1","Prepared","Acrobatics","Blur+1","After Image","Dodge and Roll+1","Blade Dance+1"],"relics":["Ring of the Snake","Happy Flower","StrikeDummy","Letter Opener","Strawberry","WristBlade","MutagenicStrength","HornCleat","Ice Cream","Meat on the Bone","Fusion Hammer","Akabeko","Blood Vial","StoneCalendar","Boot"],"acts_visited":["Exordium","TheCity","TheBeyond","TheEnding"],"potions_floor_usage":[23,55,55,55],"damage_taken":[{"damage":0,"enemies":"Small Slimes","floor":1,"turns":4},{"damage":1,"enemies":"Cultist","floor":2,"turns":3},{"damage":30,"enemies":"3 Sentries","floor":7,"turns":7},{"damage":1,"enemies":"Gremlin Nob","floor":11,"turns":3},{"damage":1,"enemies":"Jaw Worm","floor":12,"turns":2},{"damage":0,"enemies":"Large Slime","floor":13,"turns":2},{"damage":8,"enemies":"Slime Boss","floor":16,"turns":8},{"damage":14,"enemies":"2 Thieves","floor":18,"turns":2},{"damage":6,"enemies":"Shell Parasite","floor":21,"turns":3},{"damage":0,"enemies":"Gremlin Leader","floor":23,"turns":5},{"damage":0,"enemies":"Snecko","floor":27,"turns":3},{"damage":0,"enemies":"Shelled Parasite and Fungi","floor":30,"turns":3},{"damage":15,"enemies":"Book of Stabbing","floor":31,"turns":5},{"damage":0,"enemies":"Champ","floor":33,"turns":9},{"damage":0,"enemies":"3 Darklings","floor":35,"turns":5},{"damage":0,"enemies":"Orb Walker","floor":38,"turns":2},{"damage":0,"enemies":"Maw","floor":39,"turns":7},{"damage":0,"enemies":"Sphere and 2 Shapes","floor":41,"turns":3},{"damage":1,"enemies":"Jaw Worm Horde","floor":42,"turns":4},{"damage":0,"enemies":"Maw","floor":45,"turns":6},{"damage":0,"enemies":"Reptomancer","floor":46,"turns":7},{"damage":1,"enemies":"Nemesis","floor":48,"turns":5},{"damage":25,"enemies":"Awakened One","floor":50,"turns":12},{"damage":46,"enemies":"Shield and Spear","floor":54,"turns":6},{"damage":48,"enemies":"The Heart","floor":55,"turns":5}],"seed_played":"-5139194000969705537","potions_obtained":[{"floor":12,"key":"DistilledChaos"},{"floor":13,"key":"Weak Potion"},{"floor":21,"key":"ColorlessPotion"},{"floor":23,"key":"LiquidMemories"},{"floor":27,"key":"Fire Potion"}],"is_trial":false,"path_per_floor":["M","M","?","$","?","R","E","R","T","?","E","M","M","$","R","B",null,"M","?","?","M","?","E","R","$","T","M","?","R","M","E","R","B",null,"M","$","?","M","M","R","M","M","T","R","M","E","?","E","R","B",null,"R","$","E","B"],"character_chosen":"THE_SILENT","items_purchased":["Cloak And Dagger","Accuracy","Strawberry","Prepared","Apotheosis","Footwork","Akabeko"],"campfire_rested":3,"item_purchase_floors":[4,14,14,14,25,25,36],"current_hp_per_floor":[70,69,69,69,55,55,25,25,25,25,24,23,23,30,30,22,77,63,63,63,57,57,57,57,57,57,57,57,57,57,42,42,42,77,77,77,77,77,77,77,77,76,76,77,77,77,77,76,77,52,77,77,77,43,0,0],"gold":152,"neow_bonus":"THREE_CARDS","is_daily":false,"chose_seed":false,"campfire_upgraded":6,"win_rate":0.0,"timestamp":1612822545,"path_taken":["M","M","?","?","?","R","E","R","T","?","E","?","M","$","R","BOSS","M","?","?","M","?","E","R","$","T","?","?","R","M","E","R","BOSS","M","$","?","M","M","R","M","M","T","R","?","E","?","E","R","BOSS","R","$","E","BOSS"],"items_purchased_type":["Card","Card","Relic","Card","Card","Card","Relic"],"build_version":"2020-12-22","purchased_purges":3,"victory":false,"max_hp_per_floor":[70,70,70,70,70,70,70,70,70,70,70,70,70,77,77,77,77,77,77,77,77,77,77,77,77,77,77,77,77,77,77,77,77,77,77,77,77,77,77,77,77,77,77,77,77,77,77,77,77,77,77,77,77,77,77,77],"card_choices":[{"not_picked":["Deflect","Dodge and Roll"],"picked":"Slice","floor":0},{"not_picked":["Finisher","Choke"],"picked":"Blade Dance","floor":1},{"not_picked":["Riddle With Holes","Sucker Punch"],"picked":"Finisher","floor":2},{"not_picked":["Leg Sweep","Masterful Stab","Dagger Throw"],"picked":"SKIP","floor":7},{"not_picked":["Cloak And Dagger","Bane"],"picked":"Accuracy","floor":11},{"not_picked":["Dash","Finisher"],"picked":"PiercingWail","floor":12},{"not_picked":["Dodge and Roll","Prepared"],"picked":"After Image","floor":13},{"not_picked":["Storm of Steel","Bullet Time"],"picked":"Tools of the Trade","floor":16},{"not_picked":["All Out Attack","Dodge and Roll"],"picked":"Infinite Blades","floor":18},{"not_picked":["Finisher+1","Dodge and Roll"],"picked":"Tactician+1","floor":21},{"not_picked":["Flying Knee+1","Dash","Predator"],"picked":"SKIP","floor":23},{"not_picked":["All Out Attack","Sucker Punch"],"picked":"Prepared","floor":27},{"not_picked":["Backstab","Heel Hook"],"picked":"Acrobatics","floor":30},{"not_picked":["Prepared","Poisoned Stab+1"],"picked":"Blur+1","floor":31},{"not_picked":["Doppelganger","Corpse Explosion"],"picked":"After Image","floor":33},{"not_picked":["Slice+1","Dash"],"picked":"Dodge and Roll+1","floor":35},{"not_picked":["Sucker Punch+1","Slice","Poisoned Stab"],"picked":"SKIP","floor":38},{"not_picked":["Dodge and Roll+1","Deflect+1"],"picked":"Blade Dance+1","floor":39},{"not_picked":["Cloak And Dagger","Dodge and Roll","Deflect+1"],"picked":"SKIP","floor":41},{"not_picked":["Endless Agony+1","Dagger Spray+1","Tools of the Trade"],"picked":"SKIP","floor":42},{"not_picked":["PiercingWail","Cloak And Dagger+1","Dagger Throw+1"],"picked":"SKIP","floor":45},{"not_picked":["Sucker Punch+1","Dagger Throw","Underhanded Strike+1"],"picked":"SKIP","floor":46},{"not_picked":["Cloak And Dagger","Deadly Poison","Underhanded Strike"],"picked":"SKIP","floor":48},{"not_picked":["Noxious Fumes+1","Die Die Die","Poisoned Stab"],"picked":"SKIP","floor":54}],"player_experience":235805,"relics_obtained":[{"floor":7,"key":"Happy Flower"},{"floor":9,"key":"StrikeDummy"},{"floor":11,"key":"Letter Opener"},{"floor":23,"key":"HornCleat"},{"floor":26,"key":"Ice Cream"},{"floor":31,"key":"Meat on the Bone"},{"floor":46,"key":"Blood Vial"},{"floor":48,"key":"StoneCalendar"},{"floor":54,"key":"Boot"}],"event_choices":[{"damage_healed":0,"gold_gain":275,"player_choice":"Desecrate","damage_taken":0,"max_hp_gain":0,"max_hp_loss":0,"event_name":"Golden Shrine","floor":3,"gold_loss":0,"cards_obtained":["Regret"]},{"damage_healed":0,"gold_gain":0,"player_choice":"Entered Light","damage_taken":14,"max_hp_gain":0,"max_hp_loss":0,"event_name":"Shining Light","floor":5,"gold_loss":0,"cards_upgraded":["Strike_G","Cloak And Dagger"]},{"damage_healed":0,"gold_gain":0,"player_choice":"Forge","damage_taken":0,"max_hp_gain":0,"max_hp_loss":0,"event_name":"Accursed Blacksmith","floor":10,"gold_loss":0,"cards_upgraded":["Neutralize"]},{"damage_healed":0,"gold_gain":0,"player_choice":"Inject Mutagens","damage_taken":0,"relics_obtained":["MutagenicStrength"],"max_hp_gain":0,"max_hp_loss":0,"event_name":"Drug Dealer","floor":19,"gold_loss":0},{"damage_healed":0,"gold_gain":0,"player_choice":"Ignored","damage_taken":0,"max_hp_gain":0,"max_hp_loss":0,"event_name":"Vampires","floor":20,"gold_loss":0},{"damage_healed":0,"gold_gain":0,"player_choice":"Copied","damage_taken":0,"max_hp_gain":0,"max_hp_loss":0,"event_name":"Duplicator","floor":22,"gold_loss":0,"cards_obtained":["After Image"]},{"damage_healed":0,"gold_gain":0,"player_choice":"Ignored","damage_taken":0,"max_hp_gain":0,"max_hp_loss":0,"event_name":"Ghosts","floor":28,"gold_loss":0},{"damage_healed":0,"gold_gain":0,"player_choice":"Ignored","damage_taken":0,"max_hp_gain":0,"max_hp_loss":0,"event_name":"SecretPortal","floor":37,"gold_loss":0},{"cards_removed":["Strike_G"],"damage_healed":0,"gold_gain":0,"player_choice":"Removed Attack","damage_taken":0,"max_hp_gain":0,"max_hp_loss":0,"event_name":"Falling","floor":47,"gold_loss":0}],"is_beta":false,"boss_relics":[{"not_picked":["SacredBark","HoveringKite"],"picked":"WristBlade"},{"not_picked":["Empty Cage","Ring of the Serpent"],"picked":"Fusion Hammer"}],"items_purged_floors":[4,14,53],"is_endless":false,"potions_floor_spawned":[12,13,21,23,27,35,38,45,46,54],"killed_by":"The Heart","ascension_level":3}}