{"host":"x8sam8fprezugive","time":1612783273,"event":{"mods":["A Magickal Journey","Bard","BaseMod","Colored Powertips","Downfall","Hero for Fun","Minty Spire (QoL Compilation)","Replay The Spire","StSLib","The Necromancer"],"gold_per_floor":[99,99,199,216,227,227,281,299,299,299,315,334,334,20,33,135,135,135,152,164,164,179,179,179,179,230,230,248,298,298,298,308,405,505,567,579,591,591,635,169,217,217,217,227,252,252,252,277,327,367],"floor_reached":51,"language":"ENG","playtime":2664,"items_purged":[],"score":716,"play_id":"deb7aa54-4041-486a-9ade-de16cfea9a72","local_time":"20210208122113","is_ascension_mode":false,"campfire_choices":[{"data":"bronze:Replicate","floor":1,"key":"SMITH"},{"data":"bronze:WhirlingStrike","floor":6,"key":"SMITH"},{"data":"bronze:WhirlingStrike","floor":9,"key":"SMITH"},{"data":"bronze:Goto","floor":13,"key":"SMITH"},{"data":"bronze:Repair","floor":18,"key":"SMITH"},{"data":"bronze:WhirlingStrike","floor":23,"key":"SMITH"},{"data":"bronze:Invalidate","floor":25,"key":"SMITH"},{"floor":30,"key":"REST"},{"data":"bronze:Defend","floor":43,"key":"SMITH"},{"data":"bronze:Deprecate","floor":46,"key":"SMITH"}],"circlet_count":0,"master_deck":["bronze:Strike+1","bronze:Strike","bronze:Strike","bronze:Strike+1","bronze:Defend+1","bronze:Defend+1","bronze:Defend","bronze:Defend","bronze:Replicate+1","bronze:Goto+1","bronze:Deprecate","bronze:WhirlingStrike+1","bronze:WhirlingStrike+1","bronze:ClassDefault+1","bronze:WhirlingStrike+1","bronze:Repair+1","bronze:Invalidate+1","bronze:HardenedForm+1","bronze:ItsAFeature+1","bronze:Deprecate+1","bronze:Verify+1","bronze:OilSpill+1","bronze:DelayedGuard+1","bronze:Repair+1","bronze:SpaghettiCode+1","bronze:Allocate+1","bronze:Shell+1","bronze:Iterate+1","bronze:ForceShield+1","bronze:WhirlingStrike+1","bronze:DelayedGuard+1","bronze:WhirlingStrike+1","bronze:Shell+1"],"relics":["bronze:BronzeCore","Blue Doll","Frozen Egg 2","Tiny Chest","Toy Ornithopter","Replay:Bronze Core","downfall:KnowingSkull","Toxic Egg 2","Replay:Wanted Poster","Replay:Bottled Steam","Dream Catcher","PreservedInsect","TungstenRod","Whetstone","Replay:Bottled Flurry","Juzu Bracelet"],"acts_visited":["Exordium","TheCity","TheBeyond"],"potions_floor_usage":[22,26,28,28,29,31,33,33,37,40,40,44,50],"damage_taken":[{"damage":1,"enemies":"Cultist","floor":4,"turns":3},{"damage":0,"enemies":"Small Slimes","floor":5,"turns":3},{"damage":0,"enemies":"Jaw Worm","floor":8,"turns":3},{"damage":5,"enemies":"Blue Slaver","floor":11,"turns":3},{"damage":1,"enemies":"2 Fungi Beasts","floor":12,"turns":2},{"damage":5,"enemies":"downfall:FleeingMerchant","floor":14,"turns":4},{"damage":3,"enemies":"Red Slaver","floor":15,"turns":4},{"damage":43,"enemies":"WA_ARCHETYPE_RETAIN","floor":16,"turns":6},{"damage":0,"enemies":"3 Byrds","floor":19,"turns":3},{"damage":1,"enemies":"Spheric Guardian","floor":20,"turns":5},{"damage":8,"enemies":"Centurion and Healer","floor":22,"turns":3},{"damage":9,"enemies":"Snake Plant","floor":26,"turns":5},{"damage":9,"enemies":"3 Cultists","floor":28,"turns":3},{"damage":63,"enemies":"Snecko","floor":29,"turns":8},{"damage":0,"enemies":"Shelled Parasite and Fungi","floor":31,"turns":1},{"damage":21,"enemies":"Sentry and Sphere","floor":32,"turns":5},{"damage":30,"enemies":"IC_MUSHROOM_ARCHETYPE","floor":33,"turns":9},{"damage":24,"enemies":"Orb Walker","floor":36,"turns":5},{"damage":11,"enemies":"3 Darklings","floor":37,"turns":4},{"damage":5,"enemies":"downfall:FleeingMerchant","floor":40,"turns":5},{"damage":31,"enemies":"Jaw Worm Horde","floor":44,"turns":4},{"damage":3,"enemies":"downfall:FleeingMerchant","floor":48,"turns":5},{"damage":2,"enemies":"Maw","floor":49,"turns":8},{"damage":33,"enemies":"DF_ARCHETYPE_ORBS","floor":50,"turns":11}],"seed_played":"-2434116682235272731","potions_obtained":[{"floor":11,"key":"Strength Potion"},{"floor":12,"key":"LiquidMemories"},{"floor":16,"key":"BlessingOfTheForge"},{"floor":19,"key":"Dexterity Potion"},{"floor":26,"key":"AttackPotion"},{"floor":29,"key":"Dexterity Potion"},{"floor":37,"key":"Explosive Potion"},{"floor":39,"key":"Dexterity Potion"},{"floor":49,"key":"LiquidBronze"}],"is_trial":false,"path_per_floor":["R","?","?","M","M","R","T","M","R","?","M","M","R","$","M","B",null,"R","M","M","?","M","R","T","R","M","?","M","M","R","M","M","B",null,"R","M","M","T","?","$","T","?","R","M","T","R","?","$","M","B",null],"character_chosen":"THE_AUTOMATON","items_purchased":["Tiny Chest","Toy Ornithopter","PreservedInsect","TungstenRod"],"campfire_rested":1,"item_purchase_floors":[14,14,40,40],"current_hp_per_floor":[77,77,77,76,76,76,76,76,76,73,68,67,67,62,66,30,77,77,77,76,69,76,76,76,76,73,59,70,22,46,51,40,60,82,82,68,72,72,52,77,77,77,77,71,71,71,71,82,82,69],"gold":367,"neow_bonus":"TEN_PERCENT_HP_BONUS","is_daily":false,"chose_seed":false,"campfire_upgraded":9,"win_rate":0.0,"timestamp":1612783273,"path_taken":["R","?","?","M","M","R","T","M","R","?","M","M","R","?","M","BOSS","R","M","M","?","?","R","T","R","M","?","M","M","R","M","M","BOSS","R","M","M","?","?","?","T","?","R","M","?","R","?","$","M","BOSS"],"items_purchased_type":["Relic","Relic","Relic","Relic"],"build_version":"2020-12-22","purchased_purges":0,"victory":true,"max_hp_per_floor":[77,77,77,77,77,77,77,77,77,77,77,77,77,77,77,77,77,77,77,77,77,77,77,77,77,77,82,82,82,82,82,82,82,82,82,82,82,82,82,82,82,82,82,82,82,82,82,82,82,82],"card_choices":[{"not_picked":["bronze:BuggyMess","bronze:Frontload"],"picked":"bronze:Deprecate","floor":4},{"not_picked":["bronze:FollowUp","bronze:DelayedGuard"],"picked":"bronze:WhirlingStrike","floor":5},{"not_picked":["bronze:Deprecate","bronze:Invalidate"],"picked":"bronze:WhirlingStrike","floor":8},{"not_picked":["bronze:Turbo","bronze:Repair"],"picked":"bronze:ClassDefault+1","floor":11},{"not_picked":["bronze:Overheat","bronze:SpaghettiCode"],"picked":"bronze:WhirlingStrike","floor":12},{"not_picked":["bronze:ChildClass","bronze:BitShift"],"picked":"bronze:Repair","floor":14},{"not_picked":["bronze:Safeguard","bronze:Shield"],"picked":"bronze:Invalidate","floor":15},{"not_picked":["bronze:ShipIt","bronze:FindAndReplace"],"picked":"bronze:HardenedForm+1","floor":16},{"not_picked":["bronze:OilSpill+1","bronze:Branch"],"picked":"bronze:ItsAFeature+1","floor":19},{"not_picked":["bronze:Frontload","bronze:CutThrough","bronze:Turbo"],"picked":"SKIP","floor":20},{"not_picked":["bronze:Shield","bronze:BugBarrage"],"picked":"bronze:Deprecate","floor":22},{"not_picked":["bronze:Overheat+1","bronze:MaxOutput+1"],"picked":"bronze:Verify+1","floor":26},{"not_picked":["bronze:BitShift+1","bronze:DigitalCarnage"],"picked":"bronze:OilSpill","floor":28},{"not_picked":["bronze:Deprecate+1","bronze:BugBarrage"],"picked":"bronze:DelayedGuard+1","floor":29},{"not_picked":["bronze:Iterate+1","bronze:ClassDefault+1"],"picked":"bronze:Repair+1","floor":32},{"not_picked":["bronze:HyperBeam","bronze:Break"],"picked":"bronze:SpaghettiCode+1","floor":33},{"not_picked":["bronze:Branch","bronze:Invalidate+1"],"picked":"bronze:Allocate+1","floor":36},{"not_picked":["bronze:CloningBeam","bronze:Branch+1"],"picked":"bronze:Shell+1","floor":37},{"not_picked":["bronze:BuggyMess+1","bronze:ShipIt"],"picked":"bronze:Iterate+1","floor":39},{"not_picked":["bronze:Fortify","bronze:WildBeam+1"],"picked":"bronze:ForceShield+1","floor":39},{"not_picked":["bronze:NullPointer+1","bronze:DelayedGuard+1"],"picked":"bronze:WhirlingStrike+1","floor":40},{"not_picked":["bronze:Overheat","bronze:DelayedSlice+1"],"picked":"bronze:DelayedGuard+1","floor":44},{"not_picked":["bronze:DelayedGuard+1","bronze:NullPointer"],"picked":"bronze:WhirlingStrike+1","floor":48},{"not_picked":["bronze:ForLoop+1","bronze:Frontload+1"],"picked":"bronze:Shell+1","floor":49}],"player_experience":241168,"relics_obtained":[{"floor":7,"key":"Blue Doll"},{"floor":24,"key":"Toxic Egg 2"},{"floor":38,"key":"Replay:Bottled Steam"},{"floor":39,"key":"Dream Catcher"},{"floor":41,"key":"Whetstone"},{"floor":42,"key":"Replay:Bottled Flurry"},{"floor":45,"key":"Juzu Bracelet"}],"event_choices":[{"damage_healed":0,"gold_gain":0,"player_choice":"Success","damage_taken":3,"relics_obtained":["Frozen Egg 2"],"max_hp_gain":0,"max_hp_loss":0,"event_name":"Scrap Ooze","floor":10,"gold_loss":0}],"is_beta":false,"boss_relics":[{"not_picked":["ChewingGum","bronze:MakeshiftBattery"],"picked":"Replay:Bronze Core"},{"not_picked":["Empty Cage","Philosopher\u0027s Stone"],"picked":"Replay:Wanted Poster"}],"items_purged_floors":[],"is_endless":false,"potions_floor_spawned":[11,12,16,19,22,26,29,31,37,49],"ascension_level":0}}