{"host":"1xo5g347e5o4auts","time":1612800952,"event":{"mods":["BaseMod","Minty Spire (QoL Compilation)","Permanent Neow","StSLib"],"gold_per_floor":[109,126,205,225,245,245,270,270,270,280,312,312,328,355,355,433,433,448,124,124,39,52,83,83,115,141,169,169,186,221,221,221,298,298,313,313,61,61,81,106,106,125,125,125,125,155,173,188,188,188,188,188,188,24,58,58],"floor_reached":57,"language":"ENG","playtime":2245,"items_purged":["Dualcast","Zap"],"score":3216,"play_id":"01e4c3ac-28c2-4968-ad64-2df856563c7e","local_time":"20210208181552","is_ascension_mode":true,"campfire_choices":[{"data":"Fission","floor":6.0,"key":"SMITH"},{"data":"Buffer","floor":8.0,"key":"SMITH"},{"data":"Sunder","floor":12.0,"key":"SMITH"},{"data":"Capacitor","floor":15.0,"key":"SMITH"},{"floor":24.0,"key":"REST"},{"floor":28.0,"key":"REST"},{"data":"Biased Cognition","floor":32.0,"key":"SMITH"},{"data":"Defragment","floor":41.0,"key":"SMITH"},{"data":"Self Repair","floor":44.0,"key":"SMITH"},{"floor":49.0,"key":"RECALL"},{"data":"Seek","floor":53.0,"key":"SMITH"}],"circlet_count":0,"master_deck":["AscendersBane","Core Surge+1","FTL","Genetic Algorithm","Steam Power","Melter","Buffer+1","Fission+1","White Noise","Rebound+1","Steam","Ball Lightning","Ball Lightning","Capacitor+1","Sunder+1","Biased Cognition+1","Defragment+1","Echo Form","Cold Snap+1","Hologram","Echo Form","Seek+1","Self Repair+1","Chill+1","Seek"],"relics":["Pandora\u0027s Box","Anchor","Shuriken","WingedGreaves","Centennial Puzzle","SlaversCollar","ClockworkSouvenir","Sundial","Symbiotic Virus","Whetstone","MealTicket","Tiny Chest","Enchiridion","Runic Dome","Bottled Tornado","Bottled Lightning","Pear","Potion Belt","Frozen Eye","Bag of Preparation"],"acts_visited":["Exordium","TheCity","TheBeyond","TheEnding"],"potions_floor_usage":[56,56,56,56],"damage_taken":[{"damage":0.0,"enemies":"Small Slimes","floor":1.0,"turns":3.0},{"damage":3.0,"enemies":"2 Louse","floor":2.0,"turns":2.0},{"damage":1.0,"enemies":"Cultist","floor":4.0,"turns":3.0},{"damage":16.0,"enemies":"Lots of Slimes","floor":5.0,"turns":4.0},{"damage":0.0,"enemies":"Gremlin Nob","floor":7.0,"turns":3.0},{"damage":0.0,"enemies":"3 Louse","floor":10.0,"turns":2.0},{"damage":0.0,"enemies":"Lagavulin","floor":11.0,"turns":5.0},{"damage":0.0,"enemies":"Exordium Wildlife","floor":13.0,"turns":3.0},{"damage":10.0,"enemies":"3 Sentries","floor":14.0,"turns":4.0},{"damage":13.0,"enemies":"Hexaghost","floor":16.0,"turns":8.0},{"damage":15.0,"enemies":"Chosen","floor":18.0,"turns":5.0},{"damage":0.0,"enemies":"3 Byrds","floor":22.0,"turns":2.0},{"damage":0.0,"enemies":"Gremlin Leader","floor":23.0,"turns":5.0},{"damage":21.0,"enemies":"Book of Stabbing","floor":25.0,"turns":4.0},{"damage":4.0,"enemies":"Slavers","floor":27.0,"turns":3.0},{"damage":0.0,"enemies":"Centurion and Healer","floor":29.0,"turns":5.0},{"damage":0.0,"enemies":"Gremlin Leader","floor":30.0,"turns":4.0},{"damage":0.0,"enemies":"Collector","floor":33.0,"turns":7.0},{"damage":11.0,"enemies":"3 Shapes","floor":35.0,"turns":3.0},{"damage":20.0,"enemies":"3 Darklings","floor":39.0,"turns":4.0},{"damage":0.0,"enemies":"Giant Head","floor":40.0,"turns":6.0},{"damage":11.0,"enemies":"Writhing Mass","floor":42.0,"turns":4.0},{"damage":0.0,"enemies":"Nemesis","floor":46.0,"turns":5.0},{"damage":0.0,"enemies":"Jaw Worm Horde","floor":47.0,"turns":4.0},{"damage":7.0,"enemies":"Maw","floor":48.0,"turns":6.0},{"damage":28.0,"enemies":"Awakened One","floor":50.0,"turns":10.0},{"damage":2.0,"enemies":"Time Eater","floor":51.0,"turns":10.0},{"damage":2.0,"enemies":"Shield and Spear","floor":55.0,"turns":6.0},{"damage":74,"enemies":"The Heart","floor":56,"turns":10}],"seed_played":"-6991267997268907110","potions_obtained":[{"floor":4.0,"key":"FearPotion"},{"floor":5.0,"key":"DistilledChaos"},{"floor":10.0,"key":"Dexterity Potion"},{"floor":29.0,"key":"SkillPotion"},{"floor":36.0,"key":"LiquidMemories"},{"floor":40.0,"key":"Regen Potion"},{"floor":47.0,"key":"PowerPotion"},{"floor":55.0,"key":"FearPotion"}],"is_trial":false,"path_per_floor":["M","M","?","M","M","R","E","R","T","M","E","R","M","E","R","B",null,"M","$","?","?","M","E","R","E","T","E","R","M","E","?","R","B",null,"M","?","$","T","M","E","R","M","T","R","?","E","M","M","R","B","B",null,"R","$","E","B",null],"character_chosen":"DEFECT","items_purchased":["ClockworkSouvenir","Defragment","Seek","Frozen Eye"],"campfire_rested":2,"item_purchase_floors":[19,19,37,54],"current_hp_per_floor":[64,61,61,60,44,44,44,44,44,44,44,44,44,34,34,21,59,44,44,44,44,44,44,65,44,44,40,61,61,61,40,40,40,63,52,52,67,67,47,47,47,36,46,46,46,66,76,77,77,69,77,77,77,77,77,28],"gold":58,"neow_bonus":"BOSS_RELIC","is_daily":false,"chose_seed":false,"campfire_upgraded":8,"win_rate":0.0,"timestamp":1612800952,"path_taken":["M","M","?","M","M","R","E","R","T","M","E","R","M","E","R","BOSS","M","$","?","?","M","E","R","E","T","E","R","M","E","?","R","BOSS","M","?","?","?","M","E","R","M","T","R","?","E","M","M","R","BOSS","BOSS","R","$","E","BOSS"],"items_purchased_type":["Relic","Card","Card","Relic"],"build_version":"2020-12-22","purchased_purges":2,"victory":true,"max_hp_per_floor":[71,71,71,71,71,71,71,71,71,71,71,71,71,71,71,71,71,71,71,71,71,71,71,71,71,71,71,71,71,71,71,71,71,71,71,71,71,71,71,71,71,71,81,81,77,77,77,77,77,77,77,77,77,77,77,77],"card_choices":[{"not_picked":["Chaos","Beam Cell"],"picked":"Rebound","floor":1.0},{"not_picked":["Skim","Compile Driver"],"picked":"Steam","floor":2.0},{"not_picked":["Heatsinks","Leap"],"picked":"Ball Lightning","floor":4.0},{"not_picked":["Compile Driver","Steam"],"picked":"Ball Lightning","floor":5.0},{"not_picked":["Loop","Hello World"],"picked":"Capacitor","floor":7.0},{"not_picked":["Barrage","Fission"],"picked":"Sunder","floor":10.0},{"not_picked":["Meteor Strike","Steam Power","Hologram"],"picked":"SKIP","floor":11.0},{"not_picked":["Redo","Heatsinks","Rebound"],"picked":"SKIP","floor":13.0},{"not_picked":["Hologram","Barrage","Storm"],"picked":"SKIP","floor":14.0},{"not_picked":["Hyperbeam","Multi-Cast"],"picked":"Biased Cognition","floor":16.0},{"not_picked":["Rebound","Barrage","Conserve Battery"],"picked":"SKIP","floor":18.0},{"not_picked":["Hologram","Gash","Reprogram"],"picked":"SKIP","floor":22.0},{"not_picked":["Double Energy","Chaos","Conserve Battery"],"picked":"SKIP","floor":23.0},{"not_picked":["Beam Cell","Chill"],"picked":"Echo Form","floor":25.0},{"not_picked":["Ball Lightning","Reprogram+1"],"picked":"Cold Snap+1","floor":27.0},{"not_picked":["Stack","Steam"],"picked":"Hologram","floor":29.0},{"not_picked":["Gash","Compile Driver","Steam"],"picked":"SKIP","floor":30.0},{"not_picked":["Fission","Multi-Cast"],"picked":"Echo Form","floor":33.0},{"not_picked":["Streamline","Redo","Turbo"],"picked":"SKIP","floor":35.0},{"not_picked":["Fusion+1","Beam Cell+1","Rip and Tear"],"picked":"SKIP","floor":39.0},{"not_picked":["Hyperbeam","Gash+1","Machine Learning"],"picked":"SKIP","floor":40.0},{"not_picked":["Stack","Reprogram"],"picked":"Self Repair","floor":42.0},{"not_picked":["Redo+1","Compile Driver","Recycle"],"picked":"SKIP","floor":46.0},{"not_picked":["Loop","Cold Snap","Reprogram+1"],"picked":"SKIP","floor":47.0},{"not_picked":["Hologram+1","Chill+1","Blizzard"],"picked":"SKIP","floor":48.0},{"not_picked":["Hologram+1","Blizzard"],"picked":"Chill+1","floor":48.0},{"not_picked":["Stack","Steam Power+1"],"picked":"Seek","floor":55.0}],"player_experience":1463923,"relics_obtained":[{"floor":7.0,"key":"Anchor"},{"floor":9.0,"key":"Shuriken"},{"floor":11.0,"key":"WingedGreaves"},{"floor":14.0,"key":"Centennial Puzzle"},{"floor":23.0,"key":"Symbiotic Virus"},{"floor":25.0,"key":"Whetstone"},{"floor":27.0,"key":"MealTicket"},{"floor":30.0,"key":"Tiny Chest"},{"floor":31.0,"key":"Enchiridion"},{"floor":38.0,"key":"Bottled Tornado"},{"floor":40.0,"key":"Bottled Lightning"},{"floor":43.0,"key":"Pear"},{"floor":46.0,"key":"Potion Belt"},{"floor":55.0,"key":"Bag of Preparation"}],"event_choices":[{"damage_healed":0.0,"max_hp_gain":0.0,"max_hp_loss":0.0,"gold_gain":79.0,"event_name":"Golden Wing","player_choice":"Gained Gold","floor":3.0,"gold_loss":0.0,"damage_taken":0.0},{"damage_healed":0.0,"max_hp_gain":0.0,"max_hp_loss":0.0,"gold_gain":0.0,"event_name":"The Mausoleum","player_choice":"Ignored","floor":20.0,"gold_loss":0.0,"damage_taken":0.0},{"damage_healed":0.0,"max_hp_gain":0.0,"max_hp_loss":0.0,"gold_gain":0.0,"event_name":"Addict","player_choice":"Obtained Relic","floor":21.0,"gold_loss":85.0,"damage_taken":0.0,"relics_obtained":["Sundial"]},{"damage_healed":0.0,"max_hp_gain":0.0,"max_hp_loss":0.0,"gold_gain":0.0,"event_name":"Cursed Tome","player_choice":"Obtained Book","floor":31.0,"gold_loss":0.0,"damage_taken":21.0},{"damage_healed":0.0,"max_hp_gain":0.0,"max_hp_loss":0.0,"gold_gain":0.0,"event_name":"Lab","player_choice":"Got Potions","floor":36.0,"gold_loss":0.0,"damage_taken":0.0},{"damage_healed":0.0,"max_hp_gain":0.0,"max_hp_loss":4.0,"gold_gain":0.0,"event_name":"Winding Halls","player_choice":"Max HP","floor":45.0,"gold_loss":0.0,"damage_taken":0.0}],"is_beta":false,"boss_relics":[{"not_picked":["Busted Crown","Coffee Dripper"],"picked":"SlaversCollar"},{"not_picked":["Velvet Choker","Philosopher\u0027s Stone"],"picked":"Runic Dome"}],"items_purged_floors":[19,37],"is_endless":false,"potions_floor_spawned":[4,5,10,11,23,25,29,30,39,40,47,55],"ascension_level":20}}