{"host":"w8xisjf5mgmfjvmt","time":1612775365,"event":{"mods":["BaseMod","BetterRewards","Challenge The Spire","Conspire","Energized Spire","Filter the Spire","Minty Spire (QoL Compilation)","Quarter Circle Forward PUNCH!","Quick Restart","Relic Filter Mod","Relic Stats","Reliquary","Replay The Spire","Shop Mod","Spicy Shops","StSLib","Thieving Mod","¡¾ÒÅÎï¿¨ÅÆ¡¿REMEMod","óô»ðÖ¸ÄÏ"],"gold_per_floor":[20,38,50,50,50,80,80,155,179,218,218,244,270,286,63,137,137,137,62,62,62,62,62,62,62,62,62,62,62,62,62,62,62,62,62,62,0,0,0,0,0,0,0,0,0,0,0,0,0,0,0,0,0,0,0,0],"floor_reached":57,"language":"ZHS","playtime":2599,"items_purged":["Strike_B","Strike_B"],"score":3040,"play_id":"94d5d233-b42c-4025-a2b8-988bf140c837","local_time":"20210208170925","is_ascension_mode":true,"campfire_choices":[{"data":"REME_Flogging","floor":7.0,"key":"SMITH"},{"data":"Double Energy","floor":11.0,"key":"SMITH"},{"data":"Self Repair","floor":23.0,"key":"SMITH"},{"data":"Multi-Cast","floor":25.0,"key":"SMITH"},{"data":"Loop","floor":32.0,"key":"SMITH"},{"data":"Consume","floor":44.0,"key":"SMITH"},{"floor":49.0,"key":"RECALL"},{"data":"Blizzard","floor":53.0,"key":"SMITH"}],"circlet_count":0,"master_deck":["AscendersBane","Strike_B","Defend_B","Defend_B","Defend_B","Defend_B","Zap","Dualcast","REME_Flogging+1","Juggernaut+1","Recycle+1","Glacier+1","Glacier+1","Double Energy+1","Conserve Battery","FIFO Queue+1","BootSequence+1","Self Repair+1","Panic Button","Multi-Cast+1","Turbo","Coolheaded","Loop+1","Fission+1","Cold Snap","Reinforced Body","Hologram+1","Mirror Shield","Consume+1","Echo Form+1","Coolheaded+1","Blizzard+1"],"relics":["Cracked Core","REME_ComplimentaryCards","qcfpunch:Black_Training_Shirt","CeramicFish","Calipers","qcfpunch:Necklace_of_Skulls","Ectoplasm","Akabeko","White Beast Statue","Potion Belt","Prayer Wheel","Lizard Tail","Prayer Wheel","Snecko Eye","Red Mask","qcfpunch:Red_Cyclone_Teachings","Frozen Egg 2","reliquary:Knoch","Garlic","Orichalcum"],"acts_visited":["Exordium","TheCity","TheBeyond","TheEnding"],"potions_floor_usage":[56,56,56],"damage_taken":[{"damage":4.0,"enemies":"Small Slimes","floor":1.0,"turns":3.0},{"damage":2.0,"enemies":"Jaw Worm","floor":2.0,"turns":3.0},{"damage":6.0,"enemies":"2 Louse","floor":3.0,"turns":3.0},{"damage":7.0,"enemies":"Gremlin Nob","floor":6.0,"turns":3.0},{"damage":1.0,"enemies":"Lagavulin","floor":10.0,"turns":5.0},{"damage":0.0,"enemies":"Lots of Slimes","floor":12.0,"turns":4.0},{"damage":4.0,"enemies":"Gremlin Nob","floor":13.0,"turns":3.0},{"damage":7.0,"enemies":"Exordium Thugs","floor":14.0,"turns":3.0},{"damage":15.0,"enemies":"Fading Forest","floor":16.0,"turns":13.0},{"damage":3.0,"enemies":"Chosen","floor":18.0,"turns":5.0},{"damage":0.0,"enemies":"Spheric Guardian","floor":20.0,"turns":3.0},{"damage":9.0,"enemies":"Book of Stabbing","floor":24.0,"turns":5.0},{"damage":0.0,"enemies":"Gremlin Leader","floor":27.0,"turns":4.0},{"damage":0.0,"enemies":"Chosen and Byrds","floor":29.0,"turns":5.0},{"damage":46.0,"enemies":"Book of Stabbing","floor":30.0,"turns":6.0},{"damage":0.0,"enemies":"3 Cultists","floor":31.0,"turns":4.0},{"damage":20.0,"enemies":"Automaton","floor":33.0,"turns":6.0},{"damage":6.0,"enemies":"Orb Walker","floor":35.0,"turns":3.0},{"damage":18.0,"enemies":"3 Darklings","floor":39.0,"turns":5.0},{"damage":0.0,"enemies":"R_Hoarder","floor":40.0,"turns":8.0},{"damage":9.0,"enemies":"Sphere and 2 Shapes","floor":41.0,"turns":5.0},{"damage":0.0,"enemies":"Reptomancer","floor":42.0,"turns":7.0},{"damage":0.0,"enemies":"Maw","floor":45.0,"turns":4.0},{"damage":0.0,"enemies":"Spire Growth","floor":46.0,"turns":4.0},{"damage":0.0,"enemies":"R_Hoarder","floor":47.0,"turns":4.0},{"damage":0.0,"enemies":"Transient","floor":48.0,"turns":6.0},{"damage":8.0,"enemies":"Donu and Deca","floor":50.0,"turns":9.0},{"damage":7.0,"enemies":"conspire:OrnateMirror","floor":51.0,"turns":14.0},{"damage":0.0,"enemies":"Shield and Spear","floor":55.0,"turns":5.0},{"damage":65,"enemies":"The Heart","floor":56,"turns":9}],"seed_played":"-8349356827251622618","potions_obtained":[{"floor":1.0,"key":"DistilledChaos"},{"floor":2.0,"key":"Adrenaline Potion"},{"floor":6.0,"key":"Block Potion"},{"floor":10.0,"key":"Swift Potion"},{"floor":12.0,"key":"SpeedPotion"},{"floor":24.0,"key":"ThievingMod:ThievingPotion"},{"floor":29.0,"key":"PowerPotion"},{"floor":30.0,"key":"SkillPotion"},{"floor":31.0,"key":"Swift Potion"},{"floor":33.0,"key":"Block Potion"},{"floor":35.0,"key":"FocusPotion"},{"floor":39.0,"key":"Dexterity Potion"},{"floor":40.0,"key":"DistilledChaos"},{"floor":41.0,"key":"PowerPotion"},{"floor":42.0,"key":"SkillPotion"},{"floor":46.0,"key":"PowerPotion"},{"floor":55.0,"key":"ColorlessPotion"}],"is_trial":false,"path_per_floor":["M","M","M","$","?","E","R","?","T","E","R","M","E","M","R","B",null,"M","?","M","$","?","R","E","R","T","E","?","M","E","M","R","B",null,"M","?","?","$","M","E","M","E","T","R","M","M","E","M","R","B","B",null,"R","$","E","B",null],"character_chosen":"DEFECT","items_purchased":["BootSequence+1"],"campfire_rested":0,"item_purchase_floors":[15],"current_hp_per_floor":[60,58,52,52,52,45,45,34,34,33,33,33,29,22,22,15,57,54,54,61,61,41,41,42,42,42,52,52,52,16,26,26,16,61,65,65,65,65,57,67,58,68,68,68,76,76,76,76,76,76,76,76,76,76,76,31],"gold":0,"neow_bonus":"RANDOM_COLORLESS_2","is_daily":false,"chose_seed":false,"campfire_upgraded":7,"win_rate":0.0,"timestamp":1612775365,"path_taken":["M","M","M","$","?","E","R","?","T","E","R","M","E","M","R","BOSS","M","?","M","$","?","R","E","R","T","E","?","?","E","M","R","BOSS","M","?","?","?","M","E","M","E","T","R","?","M","E","?","R","BOSS","BOSS","R","$","E","BOSS"],"items_purchased_type":["Card"],"build_version":"2020-12-22","purchased_purges":2,"victory":true,"max_hp_per_floor":[71,71,71,71,71,71,71,71,71,71,71,71,71,71,71,71,71,71,71,71,71,76,76,76,76,76,76,76,76,76,76,76,76,76,76,76,76,76,76,76,76,76,76,76,76,76,76,76,76,76,76,76,76,76,76,76],"relic_stats":{"Lizard Tail":0,"counters":[30,161],"CeramicFish":27,"Snecko Eye":[154,148,145,138],"Prayer Wheel":7,"Ectoplasm":657,"Orichalcum":[6],"obtain_stats":[{"Potion Belt":28,"Calipers":10,"qcfpunch:Black_Training_Shirt":6,"CeramicFish":9,"Frozen Egg 2":42,"Orichalcum":55,"Akabeko":24,"White Beast Statue":27,"Lizard Tail":30,"Snecko Eye":34,"qcfpunch:Necklace_of_Skulls":13,"Prayer Wheel":30,"Ectoplasm":17,"Red Mask":37,"Garlic":47,"reliquary:Knoch":43,"qcfpunch:Red_Cyclone_Teachings":40,"Cracked Core":0,"REME_ComplimentaryCards":0},{"Potion Belt":13,"Calipers":5,"qcfpunch:Black_Training_Shirt":4,"CeramicFish":4,"Frozen Egg 2":22,"Orichalcum":29,"Akabeko":12,"White Beast Statue":13,"Lizard Tail":15,"Snecko Eye":17,"qcfpunch:Necklace_of_Skulls":7,"Prayer Wheel":15,"Ectoplasm":9,"Red Mask":18,"Garlic":25,"reliquary:Knoch":22,"qcfpunch:Red_Cyclone_Teachings":20,"Cracked Core":0,"REME_ComplimentaryCards":0},{"Potion Belt":57,"Calipers":17,"qcfpunch:Black_Training_Shirt":12,"CeramicFish":12,"Frozen Egg 2":106,"Orichalcum":152,"Akabeko":53,"White Beast Statue":57,"Lizard Tail":68,"Snecko Eye":78,"qcfpunch:Necklace_of_Skulls":24,"Prayer Wheel":65,"Ectoplasm":40,"Red Mask":81,"Garlic":118,"reliquary:Knoch":106,"qcfpunch:Red_Cyclone_Teachings":94,"Cracked Core":0,"REME_ComplimentaryCards":0}]},"card_choices":[{"not_picked":["REME_WheelOfFate","REME_AllRoundStrike"],"picked":"REME_Flogging","floor":0.0},{"not_picked":["Compile Driver","Hologram"],"picked":"ReplayTheSpireMod:System Scan","floor":1.0},{"not_picked":["Tempest","Stack"],"picked":"Recycle","floor":2.0},{"not_picked":["Tempest","Capacitor"],"picked":"Glacier","floor":3.0},{"not_picked":["Blizzard","REME_Compress"],"picked":"Double Energy","floor":6.0},{"not_picked":["Go for the Eyes","Aggregate"],"picked":"Conserve Battery","floor":10.0},{"not_picked":["BasicCrystalCard","Scrape"],"picked":"FIFO Queue","floor":12.0},{"not_picked":["Stack","Beam Cell","Redo"],"picked":"SKIP","floor":13.0},{"not_picked":["Streamline","Rebound","Ball Lightning"],"picked":"SKIP","floor":14.0},{"not_picked":["Tempest+1","Static Discharge"],"picked":"Self Repair","floor":18.0},{"not_picked":["Go for the Eyes","Reprogram"],"picked":"Panic Button","floor":20.0},{"not_picked":["Gash","Conserve Battery","Multi-Cast"],"picked":"SKIP","floor":24.0},{"not_picked":["Gash","Conserve Battery"],"picked":"Multi-Cast","floor":24.0},{"not_picked":["Stack","Sweeping Beam"],"picked":"ReplayTheSpireMod:Fabricate Wheel","floor":27.0},{"not_picked":["Sunder","Gash"],"picked":"Turbo","floor":29.0},{"not_picked":["Beam Cell","Rebound+1"],"picked":"Cold Snap","floor":30.0},{"not_picked":["Compile Driver","Ball Lightning"],"picked":"Coolheaded","floor":31.0},{"not_picked":["REME_DataAnalysis","Cold Snap"],"picked":"Loop","floor":31.0},{"not_picked":["Multi-Cast","Thunder Strike"],"picked":"Fission","floor":33.0},{"not_picked":["Rebound","Go for the Eyes+1"],"picked":"Cold Snap","floor":35.0},{"not_picked":["Rebound","REME_SelfUpgrade","Barrage"],"picked":"SKIP","floor":35.0},{"not_picked":["BootSequence","Panic Button+1","Cold Snap"],"picked":"SKIP","floor":35.0},{"not_picked":["Capacitor","Streamline"],"picked":"Reinforced Body","floor":39.0},{"not_picked":["Melter","Stack"],"picked":"Hologram+1","floor":39.0},{"not_picked":["Genetic Algorithm","Tempest","Force Field+1"],"picked":"SKIP","floor":39.0},{"not_picked":["Redo","Panic Button","Cold Snap"],"picked":"Mirror Shield","floor":40.0},{"not_picked":["Rebound","Heatsinks"],"picked":"Consume","floor":41.0},{"not_picked":["Rebound","Genetic Algorithm","Loop"],"picked":"SKIP","floor":41.0},{"not_picked":["Sunder","Redo","Sweeping Beam"],"picked":"SKIP","floor":41.0},{"not_picked":["Force Field","All For One"],"picked":"Echo Form+1","floor":42.0},{"not_picked":["Hologram","Leap"],"picked":"Coolheaded+1","floor":45.0},{"not_picked":["Melter","Ball Lightning","Hologram"],"picked":"SKIP","floor":45.0},{"not_picked":["Steam Power","Coolheaded+1","Consume"],"picked":"SKIP","floor":45.0},{"not_picked":["Go for the Eyes","Cold Snap+1"],"picked":"Blizzard","floor":46.0},{"not_picked":["Sweeping Beam+1","Hologram+1","Lockon+1"],"picked":"SKIP","floor":46.0},{"not_picked":["Leap","Sweeping Beam","Panic Button+1"],"picked":"SKIP","floor":46.0},{"not_picked":["ReplayTheSpireMod:GoodbyeWorld+1","Hologram","Storm+1"],"picked":"SKIP","floor":47.0},{"not_picked":["Barrage","Auto Shields","Hello World+1"],"picked":"SKIP","floor":48.0},{"not_picked":["REME_Compress","Turbo","Streamline+1"],"picked":"SKIP","floor":48.0},{"not_picked":["Redo","Cold Snap","Rainbow"],"picked":"SKIP","floor":48.0},{"not_picked":["Hyperbeam","Coolheaded","BasicCrystalCard"],"picked":"SKIP","floor":55.0}],"player_experience":1313829,"relics_obtained":[{"floor":6.0,"key":"qcfpunch:Black_Training_Shirt"},{"floor":9.0,"key":"CeramicFish"},{"floor":10.0,"key":"Calipers"},{"floor":13.0,"key":"qcfpunch:Necklace_of_Skulls"},{"floor":24.0,"key":"Akabeko"},{"floor":27.0,"key":"White Beast Statue"},{"floor":30.0,"key":"Lizard Tail"},{"floor":40.0,"key":"qcfpunch:Red_Cyclone_Teachings"},{"floor":42.0,"key":"Frozen Egg 2"},{"floor":43.0,"key":"reliquary:Knoch"},{"floor":47.0,"key":"Garlic"},{"floor":55.0,"key":"Orichalcum"}],"event_choices":[{"damage_healed":0.0,"max_hp_gain":0.0,"max_hp_loss":0.0,"gold_gain":75.0,"event_name":"World of Goop","player_choice":"Gather Gold","floor":8.0,"gold_loss":0.0,"damage_taken":11.0},{"cards_removed":["Strike_B"],"damage_healed":0.0,"max_hp_gain":0.0,"max_hp_loss":0.0,"gold_gain":0.0,"event_name":"Beggar","player_choice":"Gave Gold","floor":19.0,"gold_loss":75.0,"damage_taken":0.0},{"damage_healed":0.0,"max_hp_gain":5.0,"max_hp_loss":0.0,"gold_gain":0.0,"event_name":"Forgotten Altar","player_choice":"Shed Blood","floor":22.0,"gold_loss":0.0,"damage_taken":25.0},{"damage_healed":0.0,"max_hp_gain":0.0,"max_hp_loss":0.0,"gold_gain":0.0,"event_name":"WeMeetAgain","player_choice":"Gave Potion","floor":28.0,"gold_loss":0.0,"damage_taken":0.0,"relics_obtained":["Potion Belt"]},{"cards_removed":["Cold Snap"],"damage_healed":0.0,"max_hp_gain":0.0,"max_hp_loss":0.0,"gold_gain":0.0,"event_name":"Falling","player_choice":"Removed Attack","floor":36.0,"gold_loss":0.0,"damage_taken":0.0},{"damage_healed":0.0,"max_hp_gain":0.0,"max_hp_loss":0.0,"gold_gain":0.0,"event_name":"Tomb of Lord Red Mask","player_choice":"Paid","floor":37.0,"gold_loss":62.0,"damage_taken":0.0,"relics_obtained":["Red Mask"]}],"is_beta":false,"boss_relics":[{"not_picked":["conspire:RunicOctahedron","energizedSpire:StickyHand"],"picked":"Ectoplasm"},{"not_picked":["REME_DemonsWealth","qcfpunch:Dark_Gi"],"picked":"Snecko Eye"}],"items_purged_floors":[15,15],"is_endless":false,"potions_floor_spawned":[1,2,6,10,12,24,29,30,31,33,35,39,40,41,42,45,46,47,48,55],"ascension_level":20}}