{"host":"c6u7e77myxvw4d0m","time":1612797014,"event":{"mods":["AchievementEnabler","BaseMod","Bestiary","Colored Map","Colored Powertips","Minty Spire (QoL Compilation)","Rare Cards Sparkle","Relic Stats","everything is the same but u backflip on backflip"],"gold_per_floor":[361,9,21,32,43,43,55,75,99,118,131,146,166,131,131,131,131],"floor_reached":16,"language":"ENG","playtime":878,"items_purged":["Strike_G"],"score":200,"play_id":"473c2e4f-a0d4-4b94-8c70-7796aad2b745","local_time":"20210208171014","is_ascension_mode":true,"campfire_choices":[{"data":"Blade Dance","floor":6,"key":"SMITH"},{"data":"Footwork","floor":15,"key":"SMITH"}],"circlet_count":0,"master_deck":["AscendersBane","Strike_G","Strike_G","Strike_G","Strike_G","Defend_G","Defend_G","Defend_G","Defend_G","Defend_G","Survivor","Neutralize","Underhanded Strike","Tools of the Trade","Quick Slash","Blade Dance+1","Reflex","Accuracy","Choke","Cloak And Dagger","Footwork+1","Terror","Tactician"],"relics":["Ring of the Snake","Oddly Smooth Stone"],"acts_visited":["Exordium"],"potions_floor_usage":[5,10,13],"damage_taken":[{"damage":0,"enemies":"2 Louse","floor":1,"turns":3},{"damage":3,"enemies":"Jaw Worm","floor":3,"turns":4},{"damage":4,"enemies":"Small Slimes","floor":4,"turns":4},{"damage":0,"enemies":"2 Fungi Beasts","floor":5,"turns":3},{"damage":3,"enemies":"Exordium Wildlife","floor":7,"turns":4},{"damage":0,"enemies":"Red Slaver","floor":8,"turns":2},{"damage":5,"enemies":"3 Louse","floor":10,"turns":2},{"damage":0,"enemies":"Lots of Slimes","floor":11,"turns":5},{"damage":2,"enemies":"Blue Slaver","floor":12,"turns":3},{"damage":9,"enemies":"Exordium Wildlife","floor":13,"turns":6},{"damage":36,"enemies":"The Guardian","floor":16,"turns":2}],"seed_played":"2716902480972969429","potions_obtained":[{"floor":4,"key":"AttackPotion"},{"floor":5,"key":"Swift Potion"},{"floor":13,"key":"Dexterity Potion"}],"is_trial":false,"path_per_floor":["M","$","M","M","M","R","M","M","T","M","M","M","M","?","R","B"],"character_chosen":"THE_SILENT","items_purchased":["Tools of the Trade","Quick Slash","AttackPotion"],"campfire_rested":0,"item_purchase_floors":[2,2,2],"current_hp_per_floor":[44,44,41,37,37,37,34,34,34,29,29,27,18,34,34,0,0],"gold":131,"neow_bonus":"TWO_FIFTY_GOLD","is_daily":false,"chose_seed":false,"campfire_upgraded":2,"win_rate":0.0,"timestamp":1612797014,"path_taken":["M","$","M","M","M","R","M","M","T","M","M","M","M","?","R","BOSS"],"items_purchased_type":["Card","Card","Potion"],"build_version":"2020-12-22","purchased_purges":1,"victory":false,"max_hp_per_floor":[66,66,66,66,66,66,66,66,66,66,66,66,66,66,66,66,66],"relic_stats":{"counters":[11,38],"obtain_stats":[{"Oddly Smooth Stone":9,"Ring of the Snake":0},{"Oddly Smooth Stone":6,"Ring of the Snake":0},{"Oddly Smooth Stone":20,"Ring of the Snake":0}],"Ring of the Snake":[22]},"card_choices":[{"not_picked":["Calculated Gamble","Riddle With Holes"],"picked":"Underhanded Strike","floor":1},{"not_picked":["Calculated Gamble","Setup"],"picked":"Blade Dance","floor":3},{"not_picked":["Dagger Throw","Calculated Gamble"],"picked":"Reflex","floor":4},{"not_picked":["Endless Agony","Dodge and Roll"],"picked":"Accuracy","floor":5},{"not_picked":["Bane","Well Laid Plans"],"picked":"Choke","floor":7},{"not_picked":["Underhanded Strike","Concentrate","Outmaneuver"],"picked":"SKIP","floor":8},{"not_picked":["Masterful Stab","Sucker Punch"],"picked":"Cloak And Dagger","floor":10},{"not_picked":["Calculated Gamble","Reflex"],"picked":"Footwork","floor":11},{"not_picked":["Choke","Deflect"],"picked":"Terror","floor":12},{"not_picked":["Caltrops","Bouncing Flask"],"picked":"Tactician","floor":13}],"player_experience":729070,"relics_obtained":[{"floor":9,"key":"Oddly Smooth Stone"}],"event_choices":[{"damage_healed":16,"gold_gain":0,"player_choice":"Healed","damage_taken":0,"max_hp_gain":0,"max_hp_loss":0,"event_name":"The Cleric","floor":14,"gold_loss":35}],"is_beta":false,"boss_relics":[],"items_purged_floors":[2],"is_endless":false,"potions_floor_spawned":[4,5,7,8,13],"killed_by":"The Guardian","ascension_level":20}}