{"host":"s1b9wbrnwri7g9vh","time":1612755262,"event":{"mods":["Act Like it!","BaseMod","Better Note","Hallownest","Hermit","Minty Spire (QoL Compilation)","Pale of the Ancients","Relic Stats","Replay The Spire","StSLib","The Druid","The Exalted","The Servant 0.9.4"],"gold_per_floor":[118,118,44,59,256,284,294,294,294],"floor_reached":8,"language":"ENG","playtime":512,"items_purged":[],"score":81,"play_id":"07f1baf3-21ab-4b50-aaf8-143b36be01d9","local_time":"20210208033422","is_ascension_mode":true,"campfire_choices":[],"circlet_count":0,"master_deck":["Strike_G","Strike_G","Strike_G","Strike_G","Strike_G","Defend_G","Defend_G+1","Defend_G","Defend_G","Defend_G","Survivor","Neutralize","Prepared","Neutralize","Enlightenment","Infinite Blades","Noxious Fumes","Backflip","Prepared"],"relics":["Ring of the Snake","Durian"],"acts_visited":["Exordium"],"potions_floor_usage":[8,8],"damage_taken":[{"damage":0,"enemies":"2 Louse","floor":1,"turns":2},{"damage":0,"enemies":"Cultist","floor":4,"turns":4},{"damage":22,"enemies":"3 Sentries","floor":6,"turns":9},{"damage":4,"enemies":"Jaw Worm","floor":7,"turns":5},{"damage":31,"enemies":"Gremlin Nob","floor":8,"turns":4}],"seed_played":"-1943627460269619337","potions_obtained":[{"floor":1,"key":"Explosive Potion"},{"floor":6,"key":"Poison Potion"}],"is_trial":false,"path_per_floor":["M","?","$","M","?","E","M","E"],"character_chosen":"THE_SILENT","items_purchased":["Infinite Blades"],"campfire_rested":0,"item_purchase_floors":[3],"current_hp_per_floor":[63,63,63,63,46,29,25,0,0],"gold":294,"neow_bonus":"UPGRADE_CARD","is_daily":false,"chose_seed":false,"campfire_upgraded":0,"win_rate":0.0,"timestamp":1612755262,"path_taken":["M","?","?","M","?","E","M","E"],"items_purchased_type":["Card"],"build_version":"2020-12-22","purchased_purges":0,"victory":false,"max_hp_per_floor":[70,70,70,70,70,75,75,75,75],"relic_stats":{"counters":[5,24],"obtain_stats":[{"Durian":6,"Ring of the Snake":0},{"Durian":3,"Ring of the Snake":0},{"Durian":15,"Ring of the Snake":0}],"Ring of the Snake":[10]},"card_choices":[{"not_picked":["ReplayTheSpireMod:Speed Training","Catalyst"],"picked":"Prepared","floor":1},{"not_picked":["Terror","Deadly Poison"],"picked":"Noxious Fumes","floor":4},{"not_picked":["Acrobatics","Bane"],"picked":"Backflip","floor":5},{"not_picked":["Replay:Poison Smokescreen","Slice","Grand Finale"],"picked":"SKIP","floor":6},{"not_picked":["Draining Mist","Acrobatics"],"picked":"Prepared","floor":7}],"player_experience":589072,"relics_obtained":[{"floor":6,"key":"Durian"}],"event_choices":[{"damage_healed":0,"gold_gain":0,"player_choice":"2 cards matched","damage_taken":0,"max_hp_gain":0,"max_hp_loss":0,"event_name":"Match and Keep!","floor":2,"gold_loss":0,"cards_obtained":["Neutralize","Enlightenment"]}],"is_beta":false,"boss_relics":[],"items_purged_floors":[],"is_endless":false,"potions_floor_spawned":[1,6],"killed_by":"Gremlin Nob","ascension_level":9}}