{"host":"yrtk68ixj64vhhh3","time":1612783122,"event":{"mods":["2.2 Compatiblity","AchievementEnabler","Aspiration","BaseMod","Better Altar","Better Match","Better Note","Better Silent Start","Better Skull","Better Third Choice","Colored Map","Colored Powertips","Conspire","Dio Mod","Downfall","Energized Spire","Hubris","Infinite Spire","Minty Spire (QoL Compilation)","Prisma Mod","RNG Fix","Random Character Button","Random Character Mod","Reliquary","StSLib","Steal the Spire","Td1madao Mod","The Animator","The Bug Knight","The Mystic","The Poker Player","The Wild Card","TheBandit","TheHero"],"gold_per_floor":[116,116,129,146,71,100,124,136,171,183,214,241,253,281,293,409,421,444,456,468,452,158,158,176,176,176,176,476,476,493,236,236,236,236],"floor_reached":33,"language":"ENG","playtime":2589,"items_purged":[],"score":247,"play_id":"ed441e07-e05d-4625-8312-7a1fc70421fb","local_time":"20210209001842","is_ascension_mode":false,"campfire_choices":[{"floor":8,"key":"REST"},{"floor":15,"key":"REST"},{"floor":23,"key":"RECALL"},{"floor":25,"key":"REST"},{"data":"HollowMod:CrystalDash","floor":27,"key":"SMITH"},{"data":"HollowMod:FocusHealStart","floor":29,"key":"SMITH"},{"floor":32,"key":"REST"}],"circlet_count":0,"master_deck":["HollowMod:NailStrikeStart","HollowMod:NailStrikeStart","HollowMod:NailStrikeStart","HollowMod:NailStrikeStart","HollowMod:QuickDashStart","HollowMod:QuickDashStart","HollowMod:QuickDashStart","HollowMod:QuickDashStart","HollowMod:FocusHealStart+1","HollowMod:PogoStrike","HollowMod:VengefulSpirit","HollowMod:HowlingWraiths","HollowMod:GoodIntentions","HollowMod:QuirrelsAssistance","HollowMod:CrystalDash+1","HollowMod:CloakDash","HollowMod:SoulVessel","Injury","HollowMod:SoulStrike","HollowMod:MidwifesHunger","HollowMod:SoulShaman+1","HollowMod:SoulVessel+1","HollowMod:RecoilStrike","HollowMod:ShapeofUnn+1","HollowMod:BlackTendrils","HollowMod:DesolateDive","infinitespire:Collect","HollowMod:NewJinnsSoul","HollowMod:theNailsmith","Madness","HollowMod:InfectedAttack"],"relics":["HollowMod:VesselMask","MawBank","Boot","Frozen Egg 2","Snecko Eye","Strange Spoon","Pantograph","Old Coin"],"acts_visited":["Exordium","TheCity"],"potions_floor_usage":[16,16,16,33,33],"damage_taken":[{"damage":2,"enemies":"Small Slimes","floor":1,"turns":3},{"damage":1,"enemies":"Jaw Worm","floor":3,"turns":3},{"damage":1,"enemies":"Cultist","floor":4,"turns":3},{"damage":55,"enemies":"Gremlin Nob","floor":6,"turns":6},{"damage":0,"enemies":"3 Louse","floor":7,"turns":4},{"damage":7,"enemies":"Large Slime","floor":11,"turns":4},{"damage":16,"enemies":"Lots of Slimes","floor":12,"turns":5},{"damage":8,"enemies":"2 Fungi Beasts","floor":14,"turns":5},{"damage":20,"enemies":"Slime Boss","floor":16,"turns":12},{"damage":19,"enemies":"Chosen","floor":18,"turns":7},{"damage":11,"enemies":"2 Thieves","floor":21,"turns":5},{"damage":20,"enemies":"Sentry and Sphere","floor":24,"turns":6},{"damage":45,"enemies":"Snecko","floor":30,"turns":8},{"damage":71,"enemies":"conspire:MysteriousRune","floor":33,"turns":7}],"seed_played":"-6178963068443648199","potions_obtained":[{"floor":6,"key":"BlessingOfTheForge"},{"floor":7,"key":"DuplicationPotion"},{"floor":11,"key":"SmokeBomb"},{"floor":14,"key":"bronze:BurnAndBuffPotion"},{"floor":18,"key":"SpeedPotion"},{"floor":30,"key":"Explosive Potion"}],"is_trial":false,"path_per_floor":["M","?","M","M","?","E","M","R","T","?","M","M","?","M","R","B",null,"M","?","?","M","$","R","M","R","T","R","AVR","R","M","$","R","B"],"character_chosen":"THE_BUGKNIGHT","items_purchased":["HollowMod:ShapeofUnn+1","HollowMod:BlackTendrils","Strange Spoon","HollowMod:theNailsmith","Madness","HollowMod:InfectedAttack"],"campfire_rested":4,"item_purchase_floors":[22,22,22,31,31,31],"current_hp_per_floor":[82,82,81,80,85,36,36,62,62,62,55,45,45,37,63,55,87,68,68,73,68,68,68,48,74,74,74,74,74,37,37,63,0,0],"gold":236,"neow_bonus":"TEN_PERCENT_HP_BONUS","is_daily":false,"chose_seed":false,"campfire_upgraded":2,"win_rate":0.0,"timestamp":1612783122,"path_taken":["M","?","M","M","?","E","M","R","T","?","M","?","?","M","R","BOSS","M","?","?","M","$","R","M","R","T","R","AVR","R","M","$","R","BOSS"],"items_purchased_type":["Card","Card","Relic","Card","Card","Card"],"build_version":"2020-12-22","purchased_purges":0,"victory":false,"max_hp_per_floor":[82,82,82,82,87,87,87,87,87,87,87,87,87,87,87,87,87,87,87,87,87,87,87,87,87,87,87,87,87,87,87,87,87,87],"card_choices":[{"not_picked":["HollowMod:GrimmsGift","HollowMod:NewLittleFool"],"picked":"HollowMod:VengefulSpirit","floor":1},{"not_picked":["HollowMod:DungDefenderAura","HollowMod:SiblingsSouls"],"picked":"HollowMod:HowlingWraiths","floor":3},{"not_picked":["HollowMod:AbyssShriek","HollowMod:LifebloodCocoon"],"picked":"HollowMod:GoodIntentions","floor":4},{"not_picked":["HollowMod:HowlingWraiths","HollowMod:MawleksShell"],"picked":"HollowMod:QuirrelsAssistance","floor":6},{"not_picked":["HollowMod:InfectedCysts","HollowMod:SharpenedNail"],"picked":"HollowMod:CrystalDash","floor":7},{"not_picked":["HollowMod:LifebloodCore","HollowMod:DungDefenderAura"],"picked":"HollowMod:CloakDash","floor":11},{"not_picked":["HollowMod:SiblingsShadow","HollowMod:NewLittleFool"],"picked":"HollowMod:SoulVessel","floor":12},{"not_picked":["HollowMod:TaintedHusks","HollowMod:HowlingWraiths"],"picked":"HollowMod:SoulStrike","floor":14},{"not_picked":["HollowMod:ZotesMagnificence","HollowMod:theNailsmith"],"picked":"HollowMod:MidwifesHunger","floor":16},{"not_picked":["HollowMod:InfectedAttack","HollowMod:FallenFury"],"picked":"HollowMod:SoulShaman+1","floor":18},{"not_picked":["HollowMod:DoubleDash","HollowMod:InfectedAttack"],"picked":"HollowMod:RecoilStrike","floor":21},{"not_picked":["HollowMod:InfectedCysts","HollowMod:WraithStrike+1"],"picked":"HollowMod:DesolateDive","floor":24},{"not_picked":["HollowMod:ShadowDash","HollowMod:DescendingDark"],"picked":"HollowMod:NewJinnsSoul","floor":30}],"player_experience":787963,"relics_obtained":[{"floor":6,"key":"MawBank"},{"floor":9,"key":"Boot"},{"floor":26,"key":"Pantograph"}],"event_choices":[{"damage_healed":0,"gold_gain":0,"player_choice":"Disagree","damage_taken":0,"max_hp_gain":0,"max_hp_loss":0,"event_name":"conspire:LoneGhost","floor":10,"gold_loss":0},{"damage_healed":0,"gold_gain":0,"player_choice":"Copied","damage_taken":0,"max_hp_gain":0,"max_hp_loss":0,"event_name":"Duplicator","floor":19,"gold_loss":0,"cards_obtained":["HollowMod:SoulVessel"]},{"damage_healed":5,"gold_gain":0,"player_choice":"LEAVE ","damage_taken":0,"relics_obtained":[],"max_hp_gain":0,"max_hp_loss":0,"event_name":"betterSkull:BetterSkull","floor":20,"gold_loss":0,"cards_upgraded":[]}],"is_beta":false,"boss_relics":[{"not_picked":["aspiration:RitualDagger","Runic Pyramid"],"picked":"Snecko Eye"}],"items_purged_floors":[],"is_endless":false,"potions_floor_spawned":[6,7,11,14,18,30],"killed_by":"conspire:MysteriousRune","ascension_level":0}}