{"host":"6he3f0ic6yesrium","time":1612757522,"event":{"mods":["BaseMod","Better Altar","Better Match","Better Note","Better Sensory Stone","Better Skull","Better Third Choice","Colored Map","Conspire","Duelist Mod","Hermit","Hubris","Marisa????????","Mimic Mod","Minty Spire (QoL Compilation)","Replay The Spire","Shade Mod","Somnambulant","Spire Arcade","Spire Birthday Party","StSLib","The Alterego","The Disciple","The Forsaken","The Hierophant","The Mystic","The Necromancer","The Runesmith","The Servant 0.9.4","The Valiant","TheVacant"],"gold_per_floor":[136,150,166,186,191,221,237,263,334,334,353,353,353,378,378,473,473,486,736,417,429,441,467,64,64,64,79,79,79,79],"floor_reached":29,"language":"ENG","playtime":1876,"items_purged":["theDuelist:CurseDarkness","Amnesia"],"score":334,"play_id":"ae2bef38-d2b7-4268-b8b6-6a7e8cff7fb6","local_time":"20210207231202","is_ascension_mode":true,"campfire_choices":[{"floor":10.0,"key":"REST"},{"floor":12.0,"key":"REST"},{"data":"theDuelist:TutanMask","floor":15.0,"key":"SMITH"},{"data":"Panache","floor":25.0,"key":"SMITH"},{"data":"theDuelist:FeatherShot","floor":28.0,"key":"SMITH"}],"circlet_count":0,"master_deck":["theDuelist:ZombieCorpse","theDuelist:ZombieCorpse","theDuelist:ZombieCorpse","theDuelist:ZombieCorpse","theDuelist:ArmoredZombie","theDuelist:ArmoredZombie","theDuelist:ClownZombie","theDuelist:ShallowGrave","theDuelist:TutanMask+1","theDuelist:Relinkuriboh","Pot Of Greed","Pot Of Greed","theDuelist:FeatherShot+1","theDuelist:ToonDefense+1","theDuelist:ToonAncientGear+1","theDuelist:SwordsConcealing+1","theDuelist:DuelistAscender","Panache+1"],"relics":["theDuelist:MillenniumPuzzle","theDuelist:CardPoolRelic","theDuelist:CardPoolBasicRelic","theDuelist:BoosterPackPoolRelic","theDuelist:CardPoolAddRelic","theDuelist:CardPoolMinusRelic","theDuelist:CardPoolSaveRelic","theDuelist:CardPoolOptionsRelic","theDuelist:PointPass","Grinning Jar","Replay:Wax Seal","Iron Hammer","ReplayTheSpireMod:TigerMarble","Astrolabe","Strawberry","Runesmith:Nanobots","Replay:Bottled Snecko","Frozen Eye"],"acts_visited":["Exordium","TheCity"],"potions_floor_usage":[29],"damage_taken":[{"damage":3.0,"enemies":"Cultist","floor":1.0,"turns":5.0},{"damage":9.0,"enemies":"conspire:RoseBush","floor":2.0,"turns":1.0},{"damage":0.0,"enemies":"Small Slimes","floor":3.0,"turns":3.0},{"damage":3.0,"enemies":"Red Slaver","floor":4.0,"turns":2.0},{"damage":7.0,"enemies":"Lagavulin","floor":6.0,"turns":5.0},{"damage":0.0,"enemies":"Exordium Wildlife","floor":7.0,"turns":3.0},{"damage":24.0,"enemies":"Gremlin Nob","floor":8.0,"turns":4.0},{"damage":0.0,"enemies":"Looter","floor":11.0,"turns":1.0},{"damage":10.0,"enemies":"Replay:BlueRogue","floor":14.0,"turns":4.0},{"damage":52.0,"enemies":"Fading Forest","floor":16.0,"turns":11.0},{"damage":12.0,"enemies":"Chosen","floor":18.0,"turns":2.0},{"damage":0.0,"enemies":"Shell Parasite","floor":21.0,"turns":1.0},{"damage":20.0,"enemies":"Snake Plant","floor":22.0,"turns":2.0},{"damage":0.0,"enemies":"theDuelist:KaibaA2","floor":23.0,"turns":4.0},{"damage":32.0,"enemies":"Shelled Parasite and Fungi","floor":27.0,"turns":6.0},{"damage":66,"floor":29,"turns":4}],"seed_played":"-6872938674544200562","potions_obtained":[{"floor":2.0,"key":"Reflective Coating"},{"floor":3.0,"key":"EssenceOfDarkness"},{"floor":6.0,"key":"theDuelist:BottledKuriboh"},{"floor":7.0,"key":"theDuelist:SoulPotion"},{"floor":16.0,"key":"theDuelist:SolderPotionB"},{"floor":18.0,"key":"LiquidBronze"},{"floor":21.0,"key":"Swift Potion"},{"floor":22.0,"key":"theDuelist:FlamingBottle"},{"floor":23.0,"key":"LiquidBronze"}],"is_trial":false,"path_per_floor":["M","M","M","M","$","E","M","E","T","R","M","R","?","E","R","B",null,"M","?","$","M","M","E","$","R","T","M","R","?"],"character_chosen":"THE_DUELIST","items_purchased":["theDuelist:PointPass","PowerPotion","Grinning Jar","Strawberry","Strength Potion","PowerPotion","theDuelist:SealedPackB","Panache","theDuelist:CoolBottle"],"campfire_rested":2,"item_purchase_floors":[5,5,5,20,20,20,24,24,24],"current_hp_per_floor":[77,68,68,65,65,58,58,34,34,58,58,80,80,70,70,26,80,68,72,79,79,59,59,59,59,59,27,27,0,0],"gold":79,"neow_bonus":"UPGRADE_CARD","is_daily":false,"chose_seed":false,"campfire_upgraded":3,"win_rate":0.0,"timestamp":1612757522,"path_taken":["M","M","?","M","$","E","M","E","T","R","M","R","?","E","R","BOSS","M","?","$","M","?","E","$","R","T","M","R","?"],"items_purchased_type":["Relic","Potion","Relic","Relic","Potion","Potion","Potion","Card","Potion"],"build_version":"2020-12-22","purchased_purges":2,"victory":false,"max_hp_per_floor":[80,80,80,80,80,80,80,80,80,80,80,80,80,80,80,80,80,78,84,91,91,91,91,91,91,91,91,91,91,91],"card_choices":[{"not_picked":["theDuelist:PMCaptor","theDuelist:HardSellinZombie","theDuelist:Wiseman","theDuelist:ImperialTomb"],"picked":"theDuelist:Relinkuriboh","floor":1.0},{"not_picked":["theDuelist:HeartUnderdog","theDuelist:FossilKnight","theDuelist:FossilSkullConvoy","theDuelist:ShiranuiSamuraisaga"],"picked":"theDuelist:ShiranuiSkillsagaSupremacy","floor":2.0},{"not_picked":["theDuelist:Relinkuriboh","theDuelist:CallHaunted","theDuelist:ShiranuiSpiritmaster","theDuelist:FossilDragon"],"picked":"theDuelist:CorrodingShark","floor":3.0},{"not_picked":["theDuelist:ShiranuiShogunsaga","theDuelist:ShiranuiSkillsagaSupremacy","theDuelist:ShiranuiSquire","theDuelist:ShiranuiSwordsaga"],"picked":"theDuelist:ShiranuiSpectralswordShade","floor":4.0},{"not_picked":["theDuelist:ToonBarrelDragon","theDuelist:FlyingSaucer","theDuelist:ToonAncientGear","theDuelist:ToonMermaid","theDuelist:ToonWorld"],"picked":"SKIP","floor":6.0},{"not_picked":["theDuelist:RebornZombie","theDuelist:ReturnToDoomed","theDuelist:BigEye","theDuelist:Wiseman","theDuelist:MonsterEgg"],"picked":"SKIP","floor":7.0},{"not_picked":["theDuelist:ToonMaskedSorcerer","theDuelist:ToonDarkMagicianGirl","theDuelist:GhostrickDoll","theDuelist:GhostrickFairy","theDuelist:GhostrickYukiOnna"],"picked":"SKIP","floor":8.0},{"not_picked":["theDuelist:ToonWorld","theDuelist:ToonKingdom","theDuelist:ToonCannonSoldier","theDuelist:TrapHole"],"picked":"SKIP","floor":11.0},{"not_picked":["theDuelist:Relinkuriboh","theDuelist:RebornZombie","theDuelist:ShiranuiSwordmaster","theDuelist:SkullFlame","theDuelist:FossilDragon"],"picked":"SKIP","floor":14.0},{"not_picked":["theDuelist:FossilKnight","theDuelist:GatesDarkWorld","theDuelist:ShiranuiSkillsagaSupremacy","theDuelist:SupersonicSkullFlame"],"picked":"theDuelist:FeatherShot","floor":16.0},{"not_picked":["theDuelist:ToonMermaid+1","theDuelist:ToonAncientGear","theDuelist:FlyingSaucer+1","theDuelist:ToonBarrelDragon+1","theDuelist:TributeDoomed+1"],"picked":"SKIP","floor":18.0},{"not_picked":["theDuelist:ToonMermaid+1","theDuelist:FlyingSaucer","theDuelist:ToonBarrelDragon","theDuelist:MangaRyuRan","theDuelist:ToonRollback+1"],"picked":"SKIP","floor":21.0},{"not_picked":["theDuelist:ToonGeminiElf+1","theDuelist:ToonDarkMagicianGirl+1","theDuelist:GhostrickDoll","theDuelist:GhostrickFairy","theDuelist:GhostrickNekomusume"],"picked":"SKIP","floor":22.0},{"not_picked":["theDuelist:ToonMermaid+1","theDuelist:SpellShatteringArrow","theDuelist:CheerfulCoffin","theDuelist:FlyingSaucer","theDuelist:ToonMagic+1"],"picked":"SKIP","floor":23.0},{"not_picked":["theDuelist:ToonBarrelDragon","theDuelist:FlyingSaucer","theDuelist:RedEyesToon","theDuelist:CheerfulCoffin+1","theDuelist:ToonDarkMagicianGirl"],"picked":"SKIP","floor":27.0}],"player_experience":380405,"relics_obtained":[{"floor":6.0,"key":"Replay:Wax Seal"},{"floor":8.0,"key":"Iron Hammer"},{"floor":14.0,"key":"ReplayTheSpireMod:TigerMarble"},{"floor":23.0,"key":"Runesmith:Nanobots"},{"floor":26.0,"key":"Replay:Bottled Snecko"}],"event_choices":[{"damage_healed":80.0,"max_hp_gain":0.0,"max_hp_loss":80.0,"gold_gain":0.0,"event_name":"betterThird:BetterShining","player_choice":"Embrace Burn","floor":13.0,"gold_loss":0.0,"damage_taken":0.0},{"power_reward":1.0,"total_magic_score":25.0,"gold_gain":250.0,"greed_reward":1.0,"duelist":true,"damage_taken":8.0,"relics_obtained":[],"points":3.0,"max_hp_gain":12.0,"max_hp_loss":6.0,"spent_points":{"magic":0.0,"greed":1.0,"war":0.0,"power":1.0,"hunger":1.0},"event_name":"Nameless Tomb","hunger_reward":1.0,"floor":19.0,"gold_loss":0.0,"cards_obtained":["theDuelist:SwordsConcealing","theDuelist:DuelistAscender","Amnesia"]},{"damage_healed":0,"gold_gain":0,"player_choice":"Fight","duelist":true,"damage_taken":0,"max_hp_gain":0,"max_hp_loss":0,"event_name":"Battle City","floor":29,"gold_loss":0}],"is_beta":false,"boss_relics":[{"not_picked":["hubris:RunicObelisk","Honey Jar"],"picked":"Astrolabe"}],"items_purged_floors":[20,24],"is_endless":false,"potions_floor_spawned":[2,3,6,7,16,18,21,22,23],"ascension_level":3}}