{"host":"0qlrtuw7bw78ucw4","time":1612790534,"event":{"mods":["BaseMod","Downfall","Minty Spire (QoL Compilation)","StSLib"],"gold_per_floor":[99,99,99,24,24,24,51,84,84,69,89,118,118,130,140,212,212,212,212,312,330,67,80,152,152,152,167,167,182,230,259,279,356,356,356,368,381,381,398,398,398,413,413,413,443,143,157,157,175,175,175,175],"floor_reached":50,"language":"ENG","playtime":3477,"items_purged":["Slimebound:Defend_Slimebound","Slimebound:RejuvenatingLick","Slimebound:ViciousTackle"],"score":995,"play_id":"6f47309f-fc39-4f6e-bc29-2041cda62089","local_time":"20210209002214","is_ascension_mode":true,"campfire_choices":[{"data":"Slimebound:CorrosiveSpit","floor":1,"key":"SMITH"},{"data":"Slimebound:SamplingLick","floor":13,"key":"SMITH"},{"data":"Slimebound:SlimeSlap","floor":18,"key":"SMITH"},{"data":"Slimebound:Split","floor":25,"key":"SMITH"},{"data":"Slimebound:GoopSpray","floor":28,"key":"SMITH"},{"data":"Slimebound:SelfFormingGoo","floor":35,"key":"SMITH"},{"floor":40,"key":"RECALL"},{"data":"Slimebound:MassRepurpose","floor":46,"key":"SMITH"}],"circlet_count":0,"master_deck":["AscendersBane","Slimebound:Split+1","Slimebound:CorrosiveSpit+1","Slimebound:Recollect","Slimebound:SplitSpecialist+1","Slimebound:GoopSpray+1","Slimebound:DuplicatedForm","Slimebound:LivingWall","Slimebound:SamplingLick+1","Slimebound:SlimeSlap+1","Slimebound:MassRepurpose+1","Slimebound:RainOfGoop","Slimebound:Equalize","Slimebound:LevelUp+1","Slimebound:LevelUp","Slimebound:SpikyOuterGoop","Slimebound:SelfFormingGoo+1","Slimebound:Repurpose+1","Slimebound:GoopSpray+1","Slimebound:Recycling","expansioncontent:YouAreMine","expansioncontent:Chronoboost","Slimebound:Grow"],"relics":["Slimebound:AbsorbEndCombat","downfall:HeartsMalice","Dream Catcher","CaptainsWheel","Strawberry","Pandora\u0027s Box","Slimebound:SlimedTailRelic","Darkstone Periapt","hexamod:BolsterEngine","Letter Opener","ClockworkSouvenir","Happy Flower","Empty Cage","Meat on the Bone","Singing Bowl","downfall:HeartBlessingRed","downfall:HeartBlessingGreen","downfall:HeartBlessingBlue"],"acts_visited":["Exordium","TheCity","TheBeyond"],"potions_floor_usage":[12,31,49,50],"damage_taken":[{"damage":0,"enemies":"Small Slimes","floor":2,"turns":1},{"damage":0,"enemies":"2 Louse","floor":3,"turns":1},{"damage":0,"enemies":"downfall:FleeingMerchant","floor":4,"turns":1},{"damage":5,"enemies":"Lagavulin","floor":8,"turns":8},{"damage":23,"enemies":"downfall:FleeingMerchant","floor":10,"turns":4},{"damage":22,"enemies":"Jaw Worm","floor":11,"turns":4},{"damage":17,"enemies":"Gremlin Nob","floor":12,"turns":4},{"damage":0,"enemies":"Exordium Wildlife","floor":14,"turns":2},{"damage":18,"enemies":"Blue Slaver","floor":15,"turns":4},{"damage":15,"enemies":"DF_ARCHETYPE_STREAMLINE","floor":16,"turns":11},{"damage":0,"enemies":"Chosen","floor":19,"turns":1},{"damage":42,"enemies":"WA_ARCHETYPE_RETAIN","floor":20,"turns":5},{"damage":18,"enemies":"Sentry and Sphere","floor":21,"turns":6},{"damage":15,"enemies":"downfall:FleeingMerchant","floor":22,"turns":4},{"damage":28,"enemies":"3 Cultists","floor":23,"turns":6},{"damage":11,"enemies":"Cultist and Chosen","floor":27,"turns":5},{"damage":4,"enemies":"Centurion and Healer","floor":29,"turns":6},{"damage":19,"enemies":"downfall:FleeingMerchant","floor":30,"turns":4},{"damage":27,"enemies":"Slavers","floor":31,"turns":6},{"damage":14,"enemies":"Shelled Parasite and Fungi","floor":32,"turns":4},{"damage":40,"enemies":"SI_MIRROR_ARCHETYPE","floor":33,"turns":9},{"damage":12,"enemies":"Orb Walker","floor":36,"turns":3},{"damage":0,"enemies":"3 Shapes","floor":37,"turns":6},{"damage":22,"enemies":"3 Shapes","floor":38,"turns":6},{"damage":0,"enemies":"Writhing Mass","floor":39,"turns":6},{"damage":21,"enemies":"Sphere and 2 Shapes","floor":42,"turns":5},{"damage":14,"enemies":"Giant Head","floor":45,"turns":9},{"damage":16,"enemies":"3 Darklings","floor":47,"turns":5},{"damage":55,"enemies":"Transient","floor":49,"turns":5},{"damage":46,"enemies":"IC_BLOCK_ARCHETYPE","floor":50,"turns":4}],"seed_played":"2870847651008313407","potions_obtained":[{"floor":11,"key":"AttackPotion"},{"floor":12,"key":"Slimebound:SlimyTonguePotion"},{"floor":14,"key":"Slimebound:SlimedPotion"},{"floor":15,"key":"AttackPotion"},{"floor":31,"key":"FearPotion"},{"floor":49,"key":"DistilledChaos"}],"is_trial":false,"path_per_floor":["R","M","M","$","?","?","T","E","?","$","M","E","R","M","M","B",null,"R","M","?","M","$","M","T","R","?","M","R","M","$","E","M","B",null,"R","M","M","?","M","R","T","M","?","T","E","R","M","?","M","B"],"character_chosen":"SLIMEBOUND","items_purchased":["hexamod:BolsterEngine","ClockworkSouvenir"],"campfire_rested":0,"item_purchase_floors":[22,30],"current_hp_per_floor":[59,59,59,59,59,64,64,67,67,61,58,67,67,71,72,77,77,77,77,63,72,77,57,57,57,57,60,60,72,77,58,60,47,70,70,66,66,60,70,70,70,60,50,50,46,56,50,50,27,0,0,0],"gold":175,"neow_bonus":"THREE_ENEMY_KILL","is_daily":false,"chose_seed":false,"campfire_upgraded":7,"win_rate":0.0,"timestamp":1612790534,"path_taken":["R","M","M","$","?","?","T","E","?","?","M","E","R","M","M","BOSS","R","M","?","M","$","M","T","R","?","M","R","M","$","E","M","BOSS","R","M","M","?","M","R","T","M","?","?","E","R","M","?","M","BOSS"],"items_purchased_type":["Relic","Relic"],"build_version":"2020-12-22","purchased_purges":3,"victory":false,"max_hp_per_floor":[65,65,65,65,65,70,70,70,70,70,70,77,77,77,77,77,77,77,77,77,77,77,77,77,77,77,77,77,77,77,77,77,77,77,77,77,77,77,77,77,77,77,77,77,79,89,91,91,93,93,93,93],"card_choices":[{"not_picked":["Slimebound:Nibble","Slimebound:LeechingTouch"],"picked":"Slimebound:Recollect","floor":2},{"not_picked":["Slimebound:LivingWall","Slimebound:SlimeBarrage"],"picked":"Slimebound:SplitSpecialist","floor":3},{"not_picked":["Slimebound:GoopTackle","Slimebound:ItLooksTasty"],"picked":"Slimebound:GoopSpray","floor":4},{"not_picked":["Slimebound:MassFeed","Slimebound:ServeAndProtect"],"picked":"Slimebound:DuplicatedForm","floor":8},{"not_picked":["Slimebound:FinishingTackle","Slimebound:Equalize"],"picked":"Slimebound:LivingWall","floor":10},{"not_picked":["Slimebound:FinishingTackle","Slimebound:GoopTackle","Slimebound:LeechEnergy"],"picked":"SKIP","floor":11},{"not_picked":["Slimebound:GoopSpray","Slimebound:SlimeBrawl"],"picked":"Slimebound:SamplingLick","floor":12},{"not_picked":["Slimebound:MegaLick","Slimebound:ItLooksTasty","Slimebound:HauntingLick"],"picked":"SKIP","floor":14},{"not_picked":["Slimebound:SamplingLick","Slimebound:LivingWall","Slimebound:ProtectTheBoss"],"picked":"SKIP","floor":15},{"not_picked":["Slimebound:FirmFortitude","Slimebound:MinionMaster"],"picked":"Slimebound:SlimeSlap","floor":16},{"not_picked":["Slimebound:Prepare","Slimebound:SplitMire","Slimebound:SamplingLick"],"picked":"SKIP","floor":19},{"not_picked":["Slimebound:ComboTackle","Slimebound:ItLooksTasty","Slimebound:TagTeam"],"picked":"SKIP","floor":21},{"not_picked":["Slimebound:SplitMire+1","Slimebound:GrowthPunch+1","Slimebound:RollThrough"],"picked":"SKIP","floor":22},{"not_picked":["Slimebound:RainOfGoop","Slimebound:RejuvenatingLick"],"picked":"Slimebound:LevelUp+1","floor":23},{"not_picked":["Slimebound:PressTheAttack","Slimebound:ItLooksTasty"],"picked":"Slimebound:LevelUp","floor":27},{"not_picked":["Slimebound:Gluttony","Slimebound:SplitLeeching","Slimebound:ComboTackle+1"],"picked":"SKIP","floor":29},{"not_picked":["Slimebound:GoopSpray","Slimebound:SlimeSpikes+1","Slimebound:GoopTackle"],"picked":"SKIP","floor":30},{"not_picked":["Slimebound:FlameTackle","Slimebound:ComboTackle","Slimebound:SplitMire"],"picked":"SKIP","floor":31},{"not_picked":["Slimebound:LivingWall","Slimebound:BestDefense"],"picked":"Slimebound:SpikyOuterGoop","floor":32},{"not_picked":["Slimebound:Darklings","Slimebound:DuplicatedForm"],"picked":"Slimebound:SelfFormingGoo","floor":33},{"not_picked":["Slimebound:LivingWall","Slimebound:SplitLeeching"],"picked":"Slimebound:Repurpose+1","floor":36},{"not_picked":["Slimebound:LeechingTouch","Slimebound:Prepare","Slimebound:PressTheAttack"],"picked":"SKIP","floor":37},{"not_picked":["Slimebound:SplitAcid","Slimebound:SplitSpecialist+1"],"picked":"Slimebound:GoopSpray+1","floor":38},{"not_picked":["Slimebound:SamplingLick","Slimebound:Schlurp"],"picked":"Slimebound:Recycling","floor":39},{"not_picked":["Slimebound:Replication","Slimebound:SlimeTap","Slimebound:SplitMire+1"],"picked":"SKIP","floor":42},{"not_picked":["expansioncontent:Hexaburn","expansioncontent:LastStand"],"picked":"expansioncontent:YouAreMine","floor":43},{"not_picked":["expansioncontent:GuardianWhirl","expansioncontent:YouAreMine"],"picked":"expansioncontent:Chronoboost","floor":43},{"not_picked":["Slimebound:PressTheAttack","Slimebound:ItLooksTasty","Slimebound:RainOfGoop"],"picked":"Singing Bowl","floor":45},{"not_picked":["Slimebound:SplitSpecialist","Slimebound:SplitMire","Slimebound:GoopTackle"],"picked":"Singing Bowl","floor":47},{"not_picked":["Slimebound:Gluttony","Slimebound:ComboTackle+1","Slimebound:SlimeBrawl"],"picked":"Singing Bowl","floor":49}],"player_experience":954123,"relics_obtained":[{"floor":7,"key":"Dream Catcher"},{"floor":8,"key":"CaptainsWheel"},{"floor":12,"key":"Strawberry"},{"floor":20,"key":"Slimebound:SlimedTailRelic"},{"floor":20,"key":"Darkstone Periapt"},{"floor":24,"key":"Letter Opener"},{"floor":31,"key":"Happy Flower"},{"floor":44,"key":"Meat on the Bone"},{"floor":45,"key":"Singing Bowl"}],"event_choices":[{"damage_healed":0,"gold_gain":0,"player_choice":"Donut","damage_taken":0,"max_hp_gain":5,"max_hp_loss":0,"event_name":"Big Fish","floor":6,"gold_loss":0},{"damage_healed":0,"gold_gain":0,"player_choice":"Ignored","damage_taken":0,"max_hp_gain":0,"max_hp_loss":0,"event_name":"Vampires","floor":26,"gold_loss":0}],"is_beta":false,"boss_relics":[{"not_picked":["Calling Bell","Tiny House"],"picked":"Pandora\u0027s Box"},{"not_picked":["Fusion Hammer","Astrolabe"],"picked":"Empty Cage"}],"items_purged_floors":[4,22,30],"is_endless":false,"potions_floor_spawned":[11,12,14,15,20,21,29,31,32,33,36,38,49],"killed_by":"IC_BLOCK_ARCHETYPE","ascension_level":13}}