{"host":"rygl6lff02urotq6","time":1612824659,"event":{"mods":["AchievementEnabler","BaseMod","Bestiary","Better Altar","Better Match","Better Note","Better Sensory Stone","Better Skull","Better Third Choice","BetterRewards","Colored Map","Colored Powertips","Curses Come First","DeckTracker","Minty Spire (QoL Compilation)","Quick Restart","Spicy Shops","StSLib","SuperFastMode","The Bug Knight","Transform Curses"],"gold_per_floor":[117,117,26,44,63,94,110,110,162,162,195,165,35,53,53,53,53],"floor_reached":16,"language":"ENG","playtime":716,"items_purged":[],"score":110,"play_id":"2ff7dd5c-cce6-4ae3-a27d-a2301f012491","local_time":"20210208175059","is_ascension_mode":false,"campfire_choices":[{"floor":8,"key":"REST"},{"floor":10,"key":"RECALL"},{"floor":15,"key":"REST"}],"circlet_count":0,"master_deck":["HollowMod:NailStrikeStart","HollowMod:NailStrikeStart","HollowMod:NailStrikeStart","HollowMod:NailStrikeStart","HollowMod:QuickDashStart","HollowMod:QuickDashStart","HollowMod:QuickDashStart","HollowMod:QuickDashStart","HollowMod:FocusHealStart","HollowMod:PogoStrike","HollowMod:HeavyBlow","Apotheosis","HollowMod:CrystalDash","HollowMod:InfectedCysts","HollowMod:InfectedAttack","HollowMod:MawleksShell","HollowMod:AbyssShriek","HollowMod:DesolateDive","HollowMod:MothsMistake","HollowMod:BrokenVessel","HollowMod:GoodIntentions","HollowMod:GrimmsGift"],"relics":["HollowMod:VesselMask","NeowsBlessing","Letter Opener","Strawberry"],"acts_visited":["Exordium"],"potions_floor_usage":[12,16,16,16],"damage_taken":[{"damage":0,"enemies":"Jaw Worm","floor":1,"turns":1},{"damage":0,"enemies":"Small Slimes","floor":4,"turns":1},{"damage":0,"enemies":"Cultist","floor":5,"turns":1},{"damage":38,"enemies":"HollowMod:MossKnight","floor":6,"turns":14},{"damage":14,"enemies":"Looter","floor":7,"turns":4},{"damage":47,"enemies":"Lagavulin","floor":11,"turns":6},{"damage":21,"enemies":"Blue Slaver","floor":14,"turns":4},{"damage":50,"enemies":"HollowMod:FalseKnight","floor":16,"turns":6}],"seed_played":"425525802525475268","potions_obtained":[{"floor":1,"key":"SneckoOil"},{"floor":7,"key":"ColorlessPotion"},{"floor":12,"key":"DistilledChaos"},{"floor":12,"key":"Fruit Juice"},{"floor":14,"key":"ColorlessPotion"}],"is_trial":false,"path_per_floor":["M","?","$","M","M","E","M","R","T","R","E","?","$","M","R","B"],"character_chosen":"THE_BUGKNIGHT","items_purchased":["HollowMod:CrystalDash","HollowMod:InfectedCysts","HollowMod:BrokenVessel","HollowMod:GoodIntentions"],"campfire_rested":2,"item_purchase_floors":[3,3,13,13],"current_hp_per_floor":[75,75,75,75,75,47,33,55,55,55,21,26,26,5,31,0,0],"gold":53,"neow_bonus":"THREE_ENEMY_KILL","is_daily":false,"chose_seed":false,"campfire_upgraded":0,"win_rate":0.0,"timestamp":1612824659,"path_taken":["M","?","$","M","M","E","M","R","T","R","E","?","$","M","R","BOSS"],"items_purchased_type":["Card","Card","Card","Card"],"build_version":"2020-12-22","purchased_purges":0,"victory":false,"max_hp_per_floor":[75,75,75,75,75,75,75,75,75,75,82,87,87,87,87,87,87],"card_choices":[{"not_picked":["HollowMod:SiblingsShadow","HollowMod:CloakDash"],"picked":"HollowMod:HeavyBlow","floor":1},{"not_picked":["Deep Breath","Transmutation"],"picked":"Apotheosis","floor":2},{"not_picked":["HollowMod:LifebloodCocoon","HollowMod:BlackTendrils"],"picked":"HollowMod:InfectedAttack","floor":4},{"not_picked":["HollowMod:DescendingDark","HollowMod:HeavyBlow"],"picked":"HollowMod:MawleksShell","floor":5},{"not_picked":["HollowMod:SoulEater","HollowMod:SoulSplash"],"picked":"HollowMod:AbyssShriek","floor":6},{"not_picked":["HollowMod:ShadowDash","HollowMod:SiblingsShadow"],"picked":"HollowMod:DesolateDive","floor":7},{"not_picked":["HollowMod:Grubsong","HollowMod:HuntersJournal"],"picked":"HollowMod:MothsMistake","floor":11},{"not_picked":["HollowMod:GoodIntentions","HollowMod:SiblingsSouls"],"picked":"HollowMod:GrimmsGift","floor":14}],"player_experience":317542,"relics_obtained":[{"floor":6,"key":"Letter Opener"},{"floor":11,"key":"Strawberry"}],"event_choices":[{"damage_healed":0,"gold_gain":1,"player_choice":"1","damage_taken":0,"max_hp_gain":0,"max_hp_loss":0,"event_name":"betterStone:BetterStone","floor":2,"gold_loss":0},{"damage_healed":0,"gold_gain":0,"player_choice":"Bought 2 Potions","damage_taken":0,"max_hp_gain":0,"max_hp_loss":0,"event_name":"The Woman in Blue","floor":12,"gold_loss":0}],"is_beta":false,"boss_relics":[],"items_purged_floors":[],"is_endless":false,"potions_floor_spawned":[1,7,14],"killed_by":"HollowMod:FalseKnight","ascension_level":0}}