{"host":"8is2j71l4wmybkoi","time":1612783450,"event":{"mods":["AchievementEnabler","BaseMod","Colored Map","Minty Spire (QoL Compilation)","Rare Cards Sparkle","StSLib","SuperFastMode"],"gold_per_floor":[113,127,127,127,142,168,168,202,202,216,216,216,236,79,79,150,150,166,91,91,6,21,21,21],"floor_reached":23,"language":"KOR","playtime":1111,"items_purged":["Strike_R"],"score":348,"play_id":"2bb4db95-9c35-426a-910b-cfbf4acf17c9","local_time":"20210208202410","is_ascension_mode":true,"campfire_choices":[{"data":"Body Slam","floor":7.0,"key":"SMITH"},{"data":"Whirlwind","floor":12.0,"key":"SMITH"},{"data":"Pommel Strike","floor":15,"key":"SMITH"}],"circlet_count":0,"master_deck":["AscendersBane","Defend_R","Defend_R","Defend_R","Bash","Pommel Strike+1","Power Through","Shrug It Off","Spot Weakness","Body Slam+1","Whirlwind+1","Hemokinesis","Burning Pact","Berserk","Bludgeon+1","Headbutt+1","Juggernaut+1"],"relics":["Burning Blood","InkBottle","CaptainsWheel","Eternal Feather","Champion Belt","Astrolabe","Paper Frog"],"acts_visited":["Exordium","TheCity"],"potions_floor_usage":[18,23],"damage_taken":[{"damage":6.0,"enemies":"Cultist","floor":1.0,"turns":3.0},{"damage":12.0,"enemies":"Jaw Worm","floor":2.0,"turns":4.0},{"damage":1.0,"enemies":"2 Louse","floor":5.0,"turns":3.0},{"damage":16.0,"enemies":"Gremlin Nob","floor":6.0,"turns":4.0},{"damage":22.0,"enemies":"3 Sentries","floor":8.0,"turns":9.0},{"damage":8.0,"enemies":"2 Fungi Beasts","floor":10.0,"turns":3.0},{"damage":0.0,"enemies":"Large Slime","floor":13.0,"turns":4.0},{"damage":25,"enemies":"Slime Boss","floor":16,"turns":10},{"damage":8,"enemies":"Shell Parasite","floor":18,"turns":4},{"damage":21,"enemies":"3 Byrds","floor":22,"turns":6},{"damage":80,"enemies":"Book of Stabbing","floor":23,"turns":6}],"seed_played":"-8165275221127504941","potions_obtained":[{"floor":1.0,"key":"ElixirPotion"},{"floor":2.0,"key":"AttackPotion"},{"floor":13.0,"key":"LiquidMemories"},{"floor":22,"key":"Regen Potion"}],"is_trial":false,"path_per_floor":["M","M","?","?","M","E","R","E","T","M","?","R","M","$","R","B",null,"M","?","?","?","M","E"],"character_chosen":"IRONCLAD","items_purchased":["Burning Pact"],"campfire_rested":0,"item_purchase_floors":[14],"current_hp_per_floor":[68,62,67,56,61,51,51,35,35,33,33,42,48,48,57,38,70,68,68,68,68,53,0,0],"gold":21,"neow_bonus":"THREE_CARDS","is_daily":false,"chose_seed":false,"campfire_upgraded":3,"win_rate":0.0,"timestamp":1612783450,"path_taken":["M","M","?","?","M","E","R","E","T","M","?","R","M","$","R","BOSS","M","?","?","?","M","E"],"items_purchased_type":["Card"],"build_version":"2020-12-22","purchased_purges":1,"victory":false,"max_hp_per_floor":[75,75,80,80,80,80,80,80,80,80,80,80,80,80,80,80,80,80,80,80,80,80,80,80],"card_choices":[{"not_picked":["Thunderclap","Clothesline"],"picked":"Pommel Strike","floor":0.0},{"not_picked":["Dark Embrace","Warcry"],"picked":"Power Through","floor":1.0},{"not_picked":["Pommel Strike","Warcry"],"picked":"Shrug It Off","floor":2.0},{"not_picked":["Shrug It Off","Armaments"],"picked":"Spot Weakness","floor":5.0},{"not_picked":["Sever Soul","Flex"],"picked":"Body Slam","floor":6.0},{"not_picked":["Carnage","Thunderclap"],"picked":"Whirlwind","floor":8.0},{"not_picked":["Corruption","Perfected Strike","Heavy Blade"],"picked":"SKIP","floor":10.0},{"not_picked":["Corruption","Perfected Strike","Heavy Blade"],"picked":"SKIP","floor":10.0},{"not_picked":["Clash","True Grit"],"picked":"Hemokinesis","floor":13.0},{"not_picked":["Juggernaut","Exhume"],"picked":"Berserk","floor":16},{"not_picked":["Perfected Strike","Searing Blow+1","Heavy Blade"],"picked":"SKIP","floor":18},{"not_picked":["Clothesline","Flame Barrier","Sword Boomerang"],"picked":"SKIP","floor":22}],"player_experience":1068790,"relics_obtained":[{"floor":6.0,"key":"CaptainsWheel"},{"floor":8.0,"key":"Eternal Feather"},{"floor":9.0,"key":"Champion Belt"}],"event_choices":[{"damage_healed":0.0,"max_hp_gain":5.0,"max_hp_loss":0.0,"gold_gain":0.0,"event_name":"Big Fish","player_choice":"Donut","floor":3.0,"gold_loss":0.0,"damage_taken":0.0},{"damage_healed":0.0,"max_hp_gain":0.0,"max_hp_loss":0.0,"gold_gain":0.0,"event_name":"Scrap Ooze","player_choice":"Success","floor":4.0,"gold_loss":0.0,"damage_taken":11.0,"relics_obtained":["InkBottle"]},{"damage_healed":0.0,"max_hp_gain":0.0,"max_hp_loss":0.0,"gold_gain":0.0,"event_name":"Liars Game","player_choice":"Ignored","floor":11.0,"gold_loss":0.0,"damage_taken":0.0},{"cards_removed":["Strike_R"],"damage_healed":0,"gold_gain":0,"player_choice":"Gave Gold","damage_taken":0,"max_hp_gain":0,"max_hp_loss":0,"event_name":"Beggar","floor":19,"gold_loss":75},{"cards_removed":["Defend_R"],"damage_healed":0,"gold_gain":0,"player_choice":"Elegance","damage_taken":0,"max_hp_gain":0,"max_hp_loss":0,"event_name":"Back to Basics","floor":20,"gold_loss":0},{"damage_healed":0,"gold_gain":0,"player_choice":"Obtained Relic","damage_taken":0,"relics_obtained":["Paper Frog"],"max_hp_gain":0,"max_hp_loss":0,"event_name":"Addict","floor":21,"gold_loss":85}],"is_beta":false,"boss_relics":[{"not_picked":["SacredBark","Cursed Key"],"picked":"Astrolabe"}],"items_purged_floors":[14],"is_endless":false,"potions_floor_spawned":[1,2,13,22],"killed_by":"Book of Stabbing","ascension_level":15}}