{"host":"ftw8honmdnhsve3j","time":1612808843,"event":{"mods":["BaseMod","Colored Powertips","Minty Spire (QoL Compilation)","StSLib","The Bug Knight","The Wild Card"],"gold_per_floor":[118,118,118,20,36,36,66,66,90,68,88,160,173,191,191,294,294,309,309,329,29,43,77,77,103,128,146,101,112,112,63,63,63,63],"floor_reached":33,"language":"ENG","playtime":1398,"items_purged":["Regret"],"score":290,"play_id":"7aa6f906-d019-4d0a-83b8-31b66408c1c8","local_time":"20210208192723","daily_mods":["Heirloom","Flight"],"is_ascension_mode":false,"campfire_choices":[{"data":"HollowMod:VengefulVoid","floor":6,"key":"SMITH"},{"data":"HollowMod:FocusHealStart","floor":15,"key":"SMITH"},{"data":"HollowMod:LordofShades","floor":24,"key":"SMITH"},{"data":"HollowMod:HornetsHelp","floor":30,"key":"SMITH"},{"floor":32,"key":"REST"}],"circlet_count":0,"master_deck":["HollowMod:NailStrikeStart","HollowMod:NailStrikeStart","HollowMod:NailStrikeStart","HollowMod:NailStrikeStart","HollowMod:QuickDashStart","HollowMod:QuickDashStart","HollowMod:QuickDashStart","HollowMod:QuickDashStart","HollowMod:FocusHealStart+1","HollowMod:PogoStrike","HollowMod:VengefulVoid+1","HollowMod:VengefulVoid+1","HollowMod:AbyssShriek","HollowMod:HornetsHelp+1","HollowMod:DescendingDark","HollowMod:MonarchWings+1","HollowMod:LordofShades+1","HollowMod:VengefulVoid","HollowMod:NewLastStag+1","HollowMod:CloakDash+1","HollowMod:DescendingDark","HollowMod:ShadowDash+1"],"relics":["HollowMod:VesselMask","Pocketwatch","Strawberry","Mercury Hourglass","Tiny Chest","Orichalcum","Toxic Egg 2","Runic Dome","MealTicket","Bronze Scales","Blood Vial"],"acts_visited":["Exordium","TheCity"],"potions_floor_usage":[7,20,33],"damage_taken":[{"damage":0,"enemies":"Jaw Worm","floor":1,"turns":6},{"damage":0,"enemies":"Cultist","floor":5,"turns":2},{"damage":0,"enemies":"Gremlin Nob","floor":7,"turns":2},{"damage":0,"enemies":"2 Louse","floor":11,"turns":2},{"damage":6,"enemies":"Exordium Thugs","floor":13,"turns":2},{"damage":7,"enemies":"Looter","floor":14,"turns":2},{"damage":11,"enemies":"Slime Boss","floor":16,"turns":6},{"damage":0,"enemies":"3 Byrds","floor":18,"turns":3},{"damage":9,"enemies":"2 Thieves","floor":20,"turns":2},{"damage":9,"enemies":"3 Cultists","floor":22,"turns":4},{"damage":45,"enemies":"Slavers","floor":23,"turns":4},{"damage":18,"enemies":"Shelled Parasite and Fungi","floor":27,"turns":5},{"damage":17,"enemies":"Cultist and Chosen","floor":29,"turns":5},{"damage":83,"enemies":"Champ","floor":33,"turns":7}],"seed_played":"-6654739221304032493","potions_obtained":[{"floor":5,"key":"Fire Potion"},{"floor":7,"key":"EntropicBrew"},{"floor":13,"key":"BlessingOfTheForge"},{"floor":14,"key":"Block Potion"},{"floor":22,"key":"ColorlessPotion"}],"is_trial":true,"path_per_floor":["M","?","T","$","M","R","E","?","T","$","M","T","M","M","R","B",null,"M","$","M","?","M","E","R","T","T","M","$","M","R","$","R","B"],"character_chosen":"THE_BUGKNIGHT","items_purchased":["HollowMod:VengefulVoid","HollowMod:DescendingDark","HollowMod:DescendingDark","HollowMod:ShadowDash+1"],"campfire_rested":1,"item_purchase_floors":[4,10,28,31],"current_hp_per_floor":[75,82,82,82,82,82,82,82,82,82,82,82,76,69,69,64,82,82,82,73,73,70,31,31,31,31,15,30,21,21,36,60,0,0],"gold":63,"neow_bonus":"","is_daily":false,"chose_seed":false,"campfire_upgraded":4,"win_rate":0.0,"timestamp":1612808843,"path_taken":["M","?","?","$","?","R","E","?","T","?","?","?","M","M","R","BOSS","M","$","M","?","M","E","R","?","T","M","$","M","R","?","R","BOSS"],"items_purchased_type":["Card","Card","Card","Card"],"build_version":"2020-12-22","purchased_purges":1,"victory":false,"max_hp_per_floor":[75,82,82,82,82,82,82,82,82,82,82,82,82,82,82,82,82,82,82,82,82,82,82,82,82,82,82,82,82,82,82,82,82,82],"card_choices":[{"not_picked":["HollowMod:ShadowDash","HollowMod:SharpenedNail"],"picked":"HollowMod:VengefulVoid","floor":1},{"not_picked":["HollowMod:SharpenedNail","HollowMod:HeavyBlow"],"picked":"HollowMod:AbyssShriek","floor":5},{"not_picked":["HollowMod:DoubleDash","HollowMod:WraithStrike"],"picked":"HollowMod:HornetsHelp","floor":7},{"not_picked":["HollowMod:AbyssShriek","HollowMod:DungDefenderAura","HollowMod:VengefulSpirit"],"picked":"SKIP","floor":11},{"not_picked":["HollowMod:VengefulSpirit","HollowMod:SiblingsShadow+1","HollowMod:NewLittleFool"],"picked":"SKIP","floor":13},{"not_picked":["HollowMod:NewGlowingWomb","HollowMod:GoodIntentions+1"],"picked":"HollowMod:MonarchWings+1","floor":14},{"not_picked":["HollowMod:Weaversong","HollowMod:LifebloodCore+1"],"picked":"HollowMod:LordofShades","floor":16},{"not_picked":["HollowMod:LifebloodCocoon+1","HollowMod:InfectedAttack","HollowMod:CloakDash+1"],"picked":"SKIP","floor":18},{"not_picked":["HollowMod:SiblingsShadow+1","HollowMod:InfectedAttack"],"picked":"HollowMod:VengefulVoid","floor":20},{"not_picked":["HollowMod:CycloneSlash","HollowMod:NewJinnsSoul+1","HollowMod:TaintedHusks+1"],"picked":"SKIP","floor":22},{"not_picked":["HollowMod:InfectedCysts","HollowMod:ZotesMagnificence","HollowMod:GrimmsGift+1"],"picked":"SKIP","floor":23},{"not_picked":["HollowMod:HowlingWraiths","HollowMod:RecoilStrike"],"picked":"HollowMod:CloakDash+1","floor":27},{"not_picked":["HollowMod:SiblingsSouls+1","HollowMod:SoulStrike","HollowMod:CycloneSlash+1"],"picked":"SKIP","floor":29}],"player_experience":571196,"relics_obtained":[{"floor":3,"key":"Mercury Hourglass"},{"floor":7,"key":"Tiny Chest"},{"floor":9,"key":"Orichalcum"},{"floor":12,"key":"Toxic Egg 2"},{"floor":23,"key":"MealTicket"},{"floor":25,"key":"Bronze Scales"},{"floor":26,"key":"Blood Vial"}],"event_choices":[{"damage_healed":0,"gold_gain":0,"player_choice":"Box","damage_taken":0,"relics_obtained":["Strawberry"],"max_hp_gain":0,"max_hp_loss":0,"event_name":"Big Fish","floor":2,"gold_loss":0,"cards_obtained":["Regret"]},{"damage_healed":0,"gold_gain":0,"player_choice":"Upgraded","damage_taken":0,"max_hp_gain":0,"max_hp_loss":0,"event_name":"Upgrade Shrine","floor":8,"gold_loss":0,"cards_upgraded":["HollowMod:VengefulVoid"]}],"is_beta":false,"boss_relics":[{"not_picked":["Pandora\u0027s Box","HollowMod:KingsSoulRelic"],"picked":"Runic Dome"}],"items_purged_floors":[4],"is_endless":true,"potions_floor_spawned":[5,7,13,14,18,22,27],"killed_by":"Champ","ascension_level":0}}