{"host":"344lv32hnei0mdhu","time":1612753950,"event":{"mods":["Act Like it!","BaseMod","Better Match","Better Sensory Stone","Better Skull","Better Third Choice","Better Vampires","Colored Powertips","Highlight Path","Minty Spire (QoL Compilation)","Quick Restart","Random Character Button","Rare Cards Sparkle","StSLib"],"gold_per_floor":[110,110,129,129,52,86,86,101,124,140,155,171,171,203,203,203,203],"floor_reached":16,"language":"ENG","playtime":451,"items_purged":[],"score":212,"play_id":"215adf3d-d0a8-4a63-8b52-396836f18221","local_time":"20210207211230","is_ascension_mode":true,"campfire_choices":[{"data":"Sunder","floor":7,"key":"SMITH"},{"floor":15,"key":"REST"}],"circlet_count":0,"master_deck":["AscendersBane","Strike_B","Strike_B","Strike_B","Strike_B","Defend_B","Defend_B","Defend_B","Defend_B","Zap","Dualcast","Conserve Battery","Beam Cell","Static Discharge","Sunder+1","Capacitor","Buffer","Steam"],"relics":["Cracked Core","NeowsBlessing","Blood Vial","StrikeDummy"],"acts_visited":["Exordium"],"potions_floor_usage":[12,12],"damage_taken":[{"damage":0,"enemies":"Small Slimes","floor":1,"turns":1},{"damage":0,"enemies":"Cultist","floor":3,"turns":1},{"damage":0,"enemies":"Gremlin Nob","floor":6,"turns":1},{"damage":2,"enemies":"Jaw Worm","floor":8,"turns":3},{"damage":0,"enemies":"2 Fungi Beasts","floor":10,"turns":2},{"damage":0,"enemies":"Large Slime","floor":11,"turns":4},{"damage":0,"enemies":"Exordium Thugs","floor":12,"turns":3},{"damage":38,"enemies":"3 Sentries","floor":14,"turns":10},{"damage":28,"enemies":"Slime Boss","floor":16,"turns":8}],"seed_played":"8303849736293923503","potions_obtained":[{"floor":3,"key":"DistilledChaos"},{"floor":10,"key":"Dexterity Potion"},{"floor":11,"key":"Fire Potion"}],"is_trial":false,"path_per_floor":["M","?","M","?","$","E","R","M","T","M","M","M","$","E","R","B"],"character_chosen":"DEFECT","items_purchased":["Static Discharge"],"campfire_rested":1,"item_purchase_floors":[5],"current_hp_per_floor":[68,72,72,77,77,77,77,77,77,79,80,80,80,42,66,40,40],"gold":203,"neow_bonus":"THREE_ENEMY_KILL","is_daily":false,"chose_seed":false,"campfire_upgraded":1,"win_rate":0.0,"timestamp":1612753950,"path_taken":["M","?","?","?","$","E","R","M","T","M","M","M","$","E","R","BOSS"],"items_purchased_type":["Card"],"build_version":"2020-12-22","purchased_purges":0,"victory":false,"max_hp_per_floor":[75,75,75,80,80,80,80,80,80,80,80,80,80,80,80,80,80],"card_choices":[{"not_picked":["Go for the Eyes","Skim"],"picked":"Conserve Battery","floor":1},{"not_picked":["Leap","Turbo"],"picked":"Beam Cell","floor":3},{"not_picked":["Barrage","Rebound"],"picked":"Sunder","floor":6},{"not_picked":["Leap","Chill"],"picked":"Capacitor","floor":8},{"not_picked":["Gash","Melter"],"picked":"Buffer","floor":10},{"not_picked":["Beam Cell","Rebound"],"picked":"Steam","floor":11},{"not_picked":["Redo","Steam","Ball Lightning"],"picked":"SKIP","floor":12},{"not_picked":["Gash","Machine Learning","Steam"],"picked":"SKIP","floor":14}],"player_experience":416460,"relics_obtained":[{"floor":6,"key":"Blood Vial"},{"floor":14,"key":"StrikeDummy"}],"event_choices":[{"damage_healed":4,"gold_gain":0,"player_choice":"LEAVE ","damage_taken":0,"relics_obtained":[],"max_hp_gain":0,"max_hp_loss":0,"event_name":"betterSkull:BetterSkull","floor":2,"gold_loss":0,"cards_upgraded":[]},{"damage_healed":0,"gold_gain":0,"player_choice":"Donut","damage_taken":0,"max_hp_gain":5,"max_hp_loss":0,"event_name":"Big Fish","floor":4,"gold_loss":0}],"is_beta":false,"boss_relics":[],"items_purged_floors":[],"is_endless":false,"potions_floor_spawned":[3,10,11],"killed_by":"Slime Boss","ascension_level":11}}