{"host":"rolltorest","time":1612827655,"event":{"mods":["BaseMod","Minty Spire (QoL Compilation)","Relic Stats","Slay the Relics Exporter","StSLib"],"gold_per_floor":[112,128,128,138,148,179,179,211,262,131,131,159,174,208,208,208,208],"floor_reached":16,"language":"ENG","playtime":428,"items_purged":["Strike_R"],"score":260,"play_id":"2957f9cd-e56a-432a-87d8-4c810aef6b4b","local_time":"20210208154055","is_ascension_mode":true,"campfire_choices":[{"floor":7,"key":"REST"},{"floor":11,"key":"REST"},{"data":"Perfected Strike","floor":15,"key":"SMITH"}],"circlet_count":0,"master_deck":["AscendersBane","Strike_R","Strike_R","Strike_R","Strike_R","Defend_R","Defend_R","Defend_R","Defend_R","Bash","Disarm","Perfected Strike+1","Uppercut","Inflame","Clothesline","Metallicize","Spot Weakness","Shockwave"],"relics":["Burning Blood","NeowsBlessing","Juzu Bracelet","Mummified Hand","Anchor","Smiling Mask","Pear"],"acts_visited":["Exordium"],"potions_floor_usage":[6,8,12,12],"damage_taken":[{"damage":0,"enemies":"Small Slimes","floor":1,"turns":1},{"damage":0,"enemies":"Cultist","floor":2,"turns":1},{"damage":0,"enemies":"Jaw Worm","floor":4,"turns":1},{"damage":23,"enemies":"Exordium Thugs","floor":5,"turns":5},{"damage":40,"enemies":"3 Sentries","floor":6,"turns":8},{"damage":39,"enemies":"Lagavulin","floor":8,"turns":10},{"damage":1,"enemies":"Gremlin Nob","floor":12,"turns":4},{"damage":4,"enemies":"3 Louse","floor":13,"turns":5},{"damage":22,"enemies":"Lagavulin","floor":14,"turns":7},{"damage":28,"enemies":"Slime Boss","floor":16,"turns":8}],"seed_played":"4846352328482655198","potions_obtained":[{"floor":1,"key":"FearPotion"},{"floor":4,"key":"Energy Potion"},{"floor":8,"key":"Fire Potion"}],"is_trial":false,"path_per_floor":["M","M","?","M","M","E","R","E","T","$","R","E","M","E","R","B"],"character_chosen":"IRONCLAD","items_purchased":["PowerPotion"],"campfire_rested":2,"item_purchase_floors":[10],"current_hp_per_floor":[74,75,75,75,58,24,46,13,13,13,35,40,42,36,36,8,8],"gold":208,"neow_bonus":"THREE_ENEMY_KILL","is_daily":false,"chose_seed":false,"campfire_upgraded":1,"win_rate":0.0,"timestamp":1612827655,"path_taken":["M","M","?","M","M","E","R","E","T","?","R","E","M","E","R","BOSS"],"items_purchased_type":["Potion"],"build_version":"2020-12-18","purchased_purges":1,"victory":false,"max_hp_per_floor":[75,75,75,75,75,75,75,75,75,75,75,75,75,85,85,85,85],"relic_stats":{"counters":[10,50],"Mummified Hand":[7],"Juzu Bracelet":0,"Smiling Mask":0,"obtain_stats":[{"Anchor":9,"Pear":14,"NeowsBlessing":0,"Mummified Hand":8,"Juzu Bracelet":6,"Smiling Mask":12,"Burning Blood":0},{"Anchor":6,"Pear":9,"NeowsBlessing":0,"Mummified Hand":6,"Juzu Bracelet":5,"Smiling Mask":7,"Burning Blood":0},{"Anchor":26,"Pear":42,"NeowsBlessing":0,"Mummified Hand":26,"Juzu Bracelet":16,"Smiling Mask":30,"Burning Blood":0}],"Burning Blood":43},"card_choices":[{"not_picked":["Seeing Red","Pummel"],"picked":"Disarm","floor":1},{"not_picked":["Flex","True Grit"],"picked":"Perfected Strike","floor":2},{"not_picked":["Flex","Battle Trance"],"picked":"Uppercut","floor":4},{"not_picked":["Warcry","Havoc"],"picked":"Inflame","floor":5},{"not_picked":["Power Through","Bludgeon"],"picked":"Clothesline","floor":6},{"not_picked":["Perfected Strike","Flex"],"picked":"Metallicize","floor":8},{"not_picked":["Seeing Red","Wild Strike"],"picked":"Spot Weakness","floor":12},{"not_picked":["Twin Strike","Intimidate","Armaments"],"picked":"SKIP","floor":13},{"not_picked":["Dual Wield","Warcry"],"picked":"Shockwave","floor":14}],"player_experience":1923479,"relics_obtained":[{"floor":6,"key":"Juzu Bracelet"},{"floor":8,"key":"Mummified Hand"},{"floor":9,"key":"Anchor"},{"floor":12,"key":"Smiling Mask"},{"floor":14,"key":"Pear"}],"event_choices":[{"damage_healed":0,"gold_gain":0,"player_choice":"Full Heal","damage_taken":0,"max_hp_gain":0,"max_hp_loss":0,"event_name":"Wheel of Change","floor":3,"gold_loss":0}],"is_beta":true,"boss_relics":[],"items_purged_floors":[10],"is_endless":false,"potions_floor_spawned":[1,4,5,8],"killed_by":"Slime Boss","ascension_level":20}}