{"host":"94llj6gteolxpmtb","time":1612745906,"event":{"mods":["BaseMod","Better Match","Better Note","BetterRewards","Colored Powertips","Googly Eyes","Minty Spire (QoL Compilation)","Quick Restart","StSLib"],"gold_per_floor":[115,115,126,138,63,90,90,118,144,144,161,179,179,198,198,303,303,317,333,333,333,14,49,49,66,90,107,134,148,163,262,262,364,364,380,239,289,301,301,301,329,346,346,378,378,10,30,43,43,43],"floor_reached":51,"language":"ENG","playtime":4717,"items_purged":["Defend_G","Strike_G","Strike_G","Defend_G"],"score":984,"play_id":"9971b9b5-1780-4b3c-b2cf-b693d64840f6","local_time":"20210207175826","is_ascension_mode":false,"campfire_choices":[{"floor":7,"key":"REST"},{"floor":10,"key":"REST"},{"floor":15,"key":"REST"},{"data":"Storm of Steel","floor":32,"key":"SMITH"},{"floor":40,"key":"REST"},{"data":"Night Terror","floor":49,"key":"SMITH"}],"circlet_count":0,"master_deck":["Strike_G","Strike_G+1","Strike_G","Defend_G","Defend_G","Survivor+1","Neutralize","Blade Dance+1","Caltrops+1","Dagger Throw+1","After Image+1","Noxious Fumes+1","Well Laid Plans+1","Infinite Blades+1","Storm of Steel+1","Backstab","Cloak And Dagger+1","Blade Dance+1","Night Terror+1","Noxious Fumes+1","Blade Dance","Sadistic Nature+1","Infinite Blades+1","Finesse+1","Parasite"],"relics":["Ring of the Snake","Frozen Egg 2","Centennial Puzzle","Whetstone","Blood Vial","Bird Faced Urn","Sozu","Membership Card","War Paint","PreservedInsect","GremlinMask","Toy Ornithopter","Thread and Needle","Busted Crown","Juzu Bracelet","Lizard Tail","Mummified Hand","Toxic Egg 2","Ninja Scroll","Snake Skull","DollysMirror"],"acts_visited":["Exordium","TheCity","TheBeyond"],"potions_floor_usage":[16,16,16,28],"damage_taken":[{"damage":6,"enemies":"Jaw Worm","floor":1,"turns":4},{"damage":6,"enemies":"Cultist","floor":3,"turns":3},{"damage":0,"enemies":"2 Louse","floor":4,"turns":2},{"damage":38,"enemies":"Lagavulin","floor":6,"turns":7},{"damage":19,"enemies":"Gremlin Nob","floor":8,"turns":5},{"damage":9,"enemies":"Lots of Slimes","floor":11,"turns":2},{"damage":17,"enemies":"3 Louse","floor":12,"turns":3},{"damage":0,"enemies":"Large Slime","floor":14,"turns":4},{"damage":0,"enemies":"Slime Boss","floor":16,"turns":6},{"damage":1,"enemies":"Chosen","floor":18,"turns":4},{"damage":7,"enemies":"3 Byrds","floor":19,"turns":4},{"damage":18,"enemies":"Book of Stabbing","floor":23,"turns":4},{"damage":5,"enemies":"Centurion and Healer","floor":25,"turns":6},{"damage":1,"enemies":"Shelled Parasite and Fungi","floor":27,"turns":4},{"damage":22,"enemies":"Slavers","floor":28,"turns":3},{"damage":2,"enemies":"Chosen and Byrds","floor":29,"turns":4},{"damage":7,"enemies":"Centurion and Healer","floor":30,"turns":5},{"damage":35,"enemies":"Champ","floor":33,"turns":12},{"damage":50,"enemies":"3 Shapes","floor":35,"turns":5},{"damage":0,"enemies":"Mind Bloom Boss Battle","floor":37,"turns":6},{"damage":3,"enemies":"Orb Walker","floor":38,"turns":4},{"damage":3,"enemies":"Giant Head","floor":41,"turns":7},{"damage":37,"enemies":"Jaw Worm Horde","floor":42,"turns":4},{"damage":22,"enemies":"Nemesis","floor":44,"turns":7},{"damage":0,"enemies":"Writhing Mass","floor":47,"turns":6},{"damage":3,"enemies":"4 Shapes","floor":48,"turns":3},{"damage":59,"enemies":"Donu and Deca","floor":50,"turns":10}],"seed_played":"-4156070634520303612","potions_obtained":[{"floor":6,"key":"Fire Potion"},{"floor":8,"key":"DistilledChaos"},{"floor":11,"key":"Poison Potion"},{"floor":16,"key":"SteroidPotion"}],"is_trial":false,"path_per_floor":["M","?","M","M","$","E","R","E","T","R","M","M","T","M","R","B",null,"M","M","?","?","$","E","?","M","T","M","E","M","M","?","R","B",null,"M","$","?","M","?","R","E","M","T","E","?","$","M","M","R","B",null],"character_chosen":"THE_SILENT","items_purchased":["Blade Dance","Frozen Egg 2","Membership Card","War Paint","Juzu Bracelet","Snake Skull","Sadistic Nature+1","DollysMirror","Finesse+1"],"campfire_rested":4,"item_purchase_floors":[0,0,22,22,36,46,46,46,46],"current_hp_per_floor":[64,64,58,58,58,20,41,22,22,43,36,21,21,33,54,66,70,69,69,69,56,56,50,50,57,57,64,55,61,64,64,64,40,75,29,29,41,50,50,71,68,38,38,30,23,23,39,46,46,5],"gold":43,"neow_bonus":"","is_daily":false,"chose_seed":false,"campfire_upgraded":2,"win_rate":0.0,"timestamp":1612745906,"path_taken":["M","?","M","M","$","E","R","E","T","R","?","M","?","?","R","BOSS","M","M","?","?","$","E","?","?","T","M","E","M","M","?","R","BOSS","M","$","?","M","?","R","E","M","T","E","?","$","M","M","R","BOSS"],"items_purchased_type":["Card","Relic","Relic","Relic","Relic","Relic","Card","Relic","Card"],"build_version":"2020-12-22","purchased_purges":4,"victory":true,"max_hp_per_floor":[70,70,70,70,70,70,70,70,70,70,70,70,70,70,70,70,70,70,70,70,75,75,75,75,75,75,75,75,75,75,75,75,75,75,75,75,75,75,71,71,71,71,71,71,71,71,71,71,71,71],"card_choices":[{"not_picked":["Backflip","Skewer"],"picked":"Caltrops+1","floor":1},{"not_picked":["Leg Sweep","Poisoned Stab"],"picked":"Dagger Throw","floor":3},{"not_picked":["All Out Attack","Dagger Spray","Heel Hook"],"picked":"SKIP","floor":4},{"not_picked":["Flechettes","Finisher"],"picked":"After Image+1","floor":6},{"not_picked":["Crippling Poison","Blade Dance"],"picked":"Noxious Fumes+1","floor":8},{"not_picked":["Deadly Poison","Dodge and Roll"],"picked":"Well Laid Plans+1","floor":11},{"not_picked":["Caltrops+1","Skewer"],"picked":"Infinite Blades+1","floor":12},{"not_picked":["Outmaneuver","Prepared","Acrobatics"],"picked":"SKIP","floor":14},{"not_picked":["Malaise","Burst"],"picked":"Storm of Steel","floor":16},{"not_picked":["Deadly Poison","Bouncing Flask"],"picked":"Backstab","floor":18},{"not_picked":["Dagger Spray","Quick Slash","Prepared"],"picked":"SKIP","floor":19},{"not_picked":["Dagger Throw","Skewer+1"],"picked":"Cloak And Dagger+1","floor":23},{"not_picked":["Acrobatics","Dodge and Roll"],"picked":"Blade Dance+1","floor":25},{"not_picked":["Dodge and Roll","Prepared"],"picked":"Night Terror","floor":27},{"not_picked":["Outmaneuver","Deadly Poison","Predator"],"picked":"SKIP","floor":28},{"not_picked":["Outmaneuver+1","Dodge and Roll"],"picked":"Noxious Fumes+1","floor":29},{"not_picked":["Crippling Poison","Dagger Throw"],"picked":"Blade Dance","floor":30},{"not_picked":["Choke"],"picked":"SKIP","floor":35},{"not_picked":["Deflect+1"],"picked":"SKIP","floor":38},{"not_picked":["Die Die Die"],"picked":"SKIP","floor":41},{"not_picked":["Dodge and Roll+1"],"picked":"SKIP","floor":42},{"not_picked":["Terror+1"],"picked":"SKIP","floor":44},{"not_picked":["Bouncing Flask+1"],"picked":"SKIP","floor":47},{"not_picked":["Reflex+1"],"picked":"SKIP","floor":48}],"player_experience":46653,"relics_obtained":[{"floor":6,"key":"Centennial Puzzle"},{"floor":8,"key":"Whetstone"},{"floor":9,"key":"Blood Vial"},{"floor":13,"key":"Bird Faced Urn"},{"floor":23,"key":"PreservedInsect"},{"floor":26,"key":"Toy Ornithopter"},{"floor":28,"key":"Thread and Needle"},{"floor":37,"key":"Lizard Tail"},{"floor":41,"key":"Mummified Hand"},{"floor":43,"key":"Toxic Egg 2"},{"floor":44,"key":"Ninja Scroll"}],"event_choices":[{"cards_removed":["Defend_G"],"damage_healed":0,"gold_gain":0,"player_choice":"Purged","damage_taken":0,"max_hp_gain":0,"max_hp_loss":0,"event_name":"Purifier","floor":2,"gold_loss":0},{"cards_removed":["Strike_G"],"damage_healed":0,"gold_gain":0,"player_choice":"Give","damage_taken":0,"max_hp_gain":0,"max_hp_loss":0,"event_name":"betterNote:BetterNote","floor":20,"gold_loss":0,"cards_obtained":["Strike_G"]},{"damage_healed":0,"gold_gain":0,"player_choice":"Shed Blood","damage_taken":18,"max_hp_gain":5,"max_hp_loss":0,"event_name":"Forgotten Altar","floor":21,"gold_loss":0},{"damage_healed":0,"gold_gain":0,"player_choice":"Trade","damage_taken":0,"relics_obtained":["GremlinMask"],"max_hp_gain":0,"max_hp_loss":0,"event_name":"FaceTrader","floor":24,"gold_loss":0},{"damage_healed":0,"gold_gain":99,"player_choice":"Stole From Cult","damage_taken":0,"max_hp_gain":0,"max_hp_loss":0,"event_name":"Nest","floor":31,"gold_loss":0},{"damage_healed":0,"gold_gain":0,"player_choice":"Fight","damage_taken":0,"max_hp_gain":0,"max_hp_loss":0,"event_name":"MindBloom","floor":37,"gold_loss":0},{"damage_healed":0,"gold_gain":0,"player_choice":"Max HP","damage_taken":0,"max_hp_gain":0,"max_hp_loss":4,"event_name":"Winding Halls","floor":39,"gold_loss":0},{"damage_healed":0,"gold_gain":0,"player_choice":"Damaged","damage_taken":7,"max_hp_gain":0,"max_hp_loss":0,"event_name":"Wheel of Change","floor":45,"gold_loss":0}],"is_beta":false,"boss_relics":[{"not_picked":["Tiny House","SlaversCollar"],"picked":"Sozu"},{"not_picked":["Coffee Dripper","SacredBark"],"picked":"Busted Crown"}],"items_purged_floors":[5,22,36,46],"is_endless":false,"potions_floor_spawned":[6,8,11,12,16,18,27,28,29,33,35,37,47,48],"ascension_level":0}}