{"host":"bg0cyinkrjnqf173","time":1612820018,"event":{"mods":["2.2 Compatiblity","Aspiration","BaseMod","Beaked The Cultist","Better Third Choice","BetterRewards","Colored Map","Conspire","Curses Come First","Defuse TimeMaze Blight","Displayed Cursed Tome","Googly Eyes","Halation","Hubris","Infinite Spire","Jedi Mod","Minty Spire (QoL Compilation)","Permanent Neow","Quick Restart","Rare Cards Sparkle","Relic Sorter","Replay The Spire","Shop Mod","Spicy Shops","Spikes Relics","StSLib","The Bladedancer","The Construct","The Valiant","Uncapped"],"gold_per_floor":[115,115,127,145,145,165,177,211,235,90,132,132,132,159,159,167,167],"floor_reached":16,"language":"ENG","playtime":667,"items_purged":[],"score":112,"play_id":"05b6b5bb-c2f1-4e69-81d2-6bf892d653e0","local_time":"20210208163338","is_ascension_mode":false,"campfire_choices":[{"floor":12.0,"key":"REST"},{"floor":15.0,"key":"REST"}],"circlet_count":0,"master_deck":["Strike_P","Strike_P","Strike_P","Strike_P","Defend_P","Defend_P","Defend_P","Defend_P","Eruption+1","Vigilance","DeusExMachina","Conclude","Consecrate","Prostrate","Replay:ManipulateFuture","Halt","ClearTheMind","FlurryOfBlows","Adaptation"],"relics":["PureWater","halation:BlackBeret","jedi:arcanewood","Replay:Bandana","conspire:BottledYoYo","FaceOfCleric"],"acts_visited":["Exordium"],"potions_floor_usage":[16,16],"damage_taken":[{"damage":0.0,"enemies":"2 Louse","floor":1.0,"turns":1.0},{"damage":0.0,"enemies":"infinitespire:Voidling","floor":3.0,"turns":2.0},{"damage":6.0,"enemies":"Jaw Worm","floor":4.0,"turns":2.0},{"damage":1.0,"enemies":"Red Slaver","floor":6.0,"turns":3.0},{"damage":0.0,"enemies":"Exordium Wildlife","floor":7.0,"turns":3.0},{"damage":21.0,"enemies":"Gremlin Nob","floor":8.0,"turns":4.0},{"damage":37.0,"enemies":"Replay:BlueRogue","floor":11.0,"turns":4.0},{"damage":17.0,"enemies":"Large Slime","floor":14.0,"turns":6.0},{"damage":34,"enemies":"The Guardian","floor":16,"turns":10}],"seed_played":"946976889909590131","potions_obtained":[{"floor":4.0,"key":"AttackPotion"},{"floor":6.0,"key":"AttackPotion"},{"floor":7.0,"key":"Strength Potion"},{"floor":8.0,"key":"LiquidMemories"},{"floor":14.0,"key":"SneckoOil"}],"is_trial":false,"path_per_floor":["M","?","M","M","$","M","M","E","T","$","E","R","?","M","R","B"],"character_chosen":"WATCHER","items_purchased":["Replay:Bandana"],"campfire_rested":2,"item_purchase_floors":[10],"current_hp_per_floor":[72,72,72,66,66,65,65,44,44,44,7,28,28,12,33,0,0],"gold":167,"neow_bonus":"ONE_RANDOM_RARE_CARD","is_daily":false,"chose_seed":false,"campfire_upgraded":0,"win_rate":0.0,"timestamp":1612820018,"path_taken":["M","?","?","M","$","M","M","E","T","$","E","R","?","M","R","BOSS"],"items_purchased_type":["Relic"],"build_version":"2020-12-22","purchased_purges":0,"victory":false,"max_hp_per_floor":[72,72,72,72,72,72,72,72,72,72,72,72,72,73,73,73,73],"card_choices":[{"not_picked":["PathToVictory","BattleHymn"],"picked":"Conclude","floor":1.0},{"not_picked":["ClearTheMind","JustLucky"],"picked":"Consecrate","floor":3.0},{"not_picked":["CrushJoints","Study"],"picked":"Prostrate","floor":4.0},{"not_picked":["CarveReality","PathToVictory"],"picked":"Replay:ManipulateFuture","floor":6.0},{"not_picked":["Replay:Vibes","JustLucky"],"picked":"Halt","floor":7.0},{"not_picked":["Weave","Replay:ManipulateFuture"],"picked":"ClearTheMind","floor":8.0},{"not_picked":["CrushJoints","EmptyMind"],"picked":"FlurryOfBlows","floor":11.0},{"not_picked":["DeusExMachina","Replay:Anticipation"],"picked":"Adaptation","floor":14.0}],"player_experience":841634,"relics_obtained":[{"floor":8.0,"key":"halation:BlackBeret"},{"floor":9.0,"key":"jedi:arcanewood"},{"floor":11.0,"key":"conspire:BottledYoYo"}],"event_choices":[{"damage_healed":0.0,"max_hp_gain":0.0,"max_hp_loss":0.0,"gold_gain":0.0,"event_name":"Upgrade Shrine","player_choice":"Upgraded","floor":2.0,"gold_loss":0.0,"damage_taken":0.0,"cards_upgraded":["Eruption"]},{"damage_healed":0.0,"max_hp_gain":0.0,"max_hp_loss":0.0,"gold_gain":0.0,"event_name":"FaceTrader","player_choice":"Trade","floor":13.0,"gold_loss":0.0,"damage_taken":0.0,"relics_obtained":["FaceOfCleric"]}],"is_beta":false,"boss_relics":[],"items_purged_floors":[],"is_endless":false,"potions_floor_spawned":[4,6,7,8,14],"killed_by":"The Guardian","ascension_level":0}}