{"host":"t1puqh5lxz8sp6fn","time":1612753490,"event":{"mods":["AchievementEnabler","BaseMod","Colored Powertips","Minty Spire (QoL Compilation)","Rare Cards Sparkle","Relic Stats","StSLib"],"gold_per_floor":[117,134,134,409,425,425,136,162,214,248,266,291,138,196,196,273,273,284,284,301,321,4,36,36,36,36,36,64,264,298,311,311,388,388,399,5,5,5,32,32,66,66,66,80,94,125,57,74,74,74,74,74,35,64,64,64],"floor_reached":55,"playtime":2468,"items_purged":["Regret"],"score":1433,"play_id":"9c078380-2026-4f83-bd26-24122f4bf542","local_time":"20210208000450","is_ascension_mode":true,"campfire_choices":[{"data":"Sweeping Beam","floor":6.0,"key":"SMITH"},{"data":"Defragment","floor":15,"key":"SMITH"},{"data":"Loop","floor":25,"key":"SMITH"},{"data":"Self Repair","floor":27,"key":"SMITH"},{"data":"Hologram","floor":32,"key":"SMITH"},{"floor":40,"key":"RECALL"},{"data":"Fission","floor":42,"key":"SMITH"},{"data":"Blind","floor":49,"key":"SMITH"},{"data":"Undo","floor":52,"key":"SMITH"}],"circlet_count":0,"master_deck":["AscendersBane","Strike_B+1","Strike_B+1","Strike_B+1","Defend_B+1","Defend_B+1","Defend_B+1","Defend_B+1","Zap","Dualcast","Reinforced Body+1","Sweeping Beam+1","Cold Snap","FTL","Trip+1","Defragment+1","BootSequence","Echo Form","Ball Lightning","Leap","Reboot","Undo+1","Self Repair+1","Loop+1","Reboot","Hologram+1","Compile Driver","Machine Learning","CurseOfTheBell","Defragment+1","Blind+1","Fission+1","Meteor Strike","Double Energy","BootSequence+1"],"relics":["Cracked Core","NeowsBlessing","PreservedInsect","Strawberry","Boot","Anchor","War Paint","Potion Belt","Nuclear Battery","Cables","Bottled Flame","Pantograph","Bronze Scales","HornCleat","Calling Bell","Bag of Preparation","Question Card","Ginger","Turnip","Pear","Toy Ornithopter","Oddly Smooth Stone","Gremlin Horn"],"acts_visited":["Exordium","TheCity","TheBeyond","TheEnding"],"potions_floor_usage":[12,16,33,41,50,55,55,55,55],"damage_taken":[{"damage":0.0,"enemies":"2 Louse","floor":1.0,"turns":1.0},{"damage":0.0,"enemies":"Jaw Worm","floor":2.0,"turns":1.0},{"damage":0.0,"enemies":"Cultist","floor":5.0,"turns":1.0},{"damage":19.0,"enemies":"3 Sentries","floor":8.0,"turns":5.0},{"damage":17,"enemies":"Lagavulin","floor":10,"turns":5},{"damage":1,"enemies":"Exordium Thugs","floor":11,"turns":3},{"damage":8,"enemies":"3 Sentries","floor":12,"turns":4},{"damage":4,"enemies":"Lagavulin Event","floor":14,"turns":5},{"damage":20,"enemies":"Hexaghost","floor":16,"turns":8},{"damage":0,"enemies":"Chosen","floor":18,"turns":4},{"damage":0,"enemies":"3 Byrds","floor":20,"turns":4},{"damage":6,"enemies":"Cultist and Chosen","floor":21,"turns":6},{"damage":8,"enemies":"Book of Stabbing","floor":23,"turns":5},{"damage":20,"enemies":"Gremlin Leader","floor":28,"turns":4},{"damage":19,"enemies":"Book of Stabbing","floor":30,"turns":4},{"damage":10,"enemies":"Snake Plant","floor":31,"turns":3},{"damage":0,"enemies":"Automaton","floor":33,"turns":8},{"damage":0,"enemies":"3 Shapes","floor":35,"turns":4},{"damage":22,"enemies":"Reptomancer","floor":41,"turns":7},{"damage":6,"enemies":"3 Darklings","floor":44,"turns":5},{"damage":32,"enemies":"Spire Growth","floor":45,"turns":5},{"damage":19,"enemies":"Nemesis","floor":46,"turns":7},{"damage":33,"enemies":"4 Shapes","floor":48,"turns":6},{"damage":98,"enemies":"Time Eater","floor":50,"turns":15},{"damage":70,"enemies":"Shield and Spear","floor":54,"turns":11},{"damage":71,"enemies":"The Heart","floor":55,"turns":6}],"seed_played":"-2029734599778964896","potions_obtained":[{"floor":1.0,"key":"Explosive Potion"},{"floor":2.0,"key":"Strength Potion"},{"floor":10,"key":"SmokeBomb"},{"floor":11,"key":"LiquidMemories"},{"floor":21,"key":"Swift Potion"},{"floor":23,"key":"Energy Potion"},{"floor":30,"key":"DistilledChaos"},{"floor":41,"key":"SkillPotion"},{"floor":45,"key":"Regen Potion"},{"floor":46,"key":"LiquidBronze"},{"floor":54,"key":"Ancient Potion"}],"is_trial":false,"path_per_floor":["M","M","?","?","M","R","$","E","T","E","M","E","$","?","R","B",null,"M","?","M","M","$","E","?","R","T","R","E","?","E","M","R","B",null,"M","$","$","?","T","R","E","R","T","M","M","E","$","M","R","B",null,"R","$","E","B"],"character_chosen":"DEFECT","items_purchased":["FTL","Trip","Defragment","War Paint","Cables","Loop","Blind","Turnip","Meteor Strike","Double Energy"],"campfire_rested":0,"item_purchase_floors":[7,7,7,13,22,22,36,36,47,53],"current_hp_per_floor":[64,64,69,69,69,69,69,50,57,40,39,31,31,27,27,7,64,64,64,64,58,58,57,57,57,57,57,47,47,48,48,48,83,83,83,83,83,83,83,83,91,91,91,93,81,72,72,59,59,26,76,76,76,26,0,0],"gold":64,"neow_bonus":"THREE_ENEMY_KILL","is_daily":false,"chose_seed":false,"campfire_upgraded":8,"win_rate":0.0,"timestamp":1612753490,"path_taken":["M","M","?","?","?","R","$","E","T","E","M","E","?","?","R","BOSS","M","?","M","M","$","E","?","R","T","R","E","?","E","M","R","BOSS","M","?","$","?","?","R","E","R","T","M","M","E","?","M","R","BOSS","R","$","E","BOSS"],"items_purchased_type":["Card","Card","Card","Relic","Relic","Card","Card","Relic","Card","Card"],"build_version":"2020-12-13","purchased_purges":1,"victory":false,"max_hp_per_floor":[71,71,76,76,76,76,76,76,83,83,83,83,83,83,83,83,83,83,83,83,83,83,83,83,83,83,83,83,83,83,83,83,83,83,83,83,83,83,83,83,93,93,93,93,93,93,93,93,93,93,93,93,93,93,93,93],"relic_stats":{"Gremlin Horn":[0,0],"counters":[26,136],"PreservedInsect":414,"Bag of Preparation":[18],"Ginger":[6],"War Paint":["Reinforced Body","Trip"],"Boot":[40],"Question Card":7,"Cables":[76,55,12,0,9],"Pantograph":75,"Bronze Scales":[301],"Turnip":[2],"obtain_stats":[{"Potion Belt":14,"Pear":41,"NeowsBlessing":0,"Gremlin Horn":54,"Oddly Smooth Stone":46,"PreservedInsect":8,"Bag of Preparation":34,"Ginger":34,"War Paint":13,"Boot":10,"Question Card":34,"Nuclear Battery":17,"Cables":22,"Calling Bell":34,"Anchor":12,"Bottled Flame":23,"HornCleat":30,"Strawberry":9,"Pantograph":26,"Bronze Scales":28,"Turnip":36,"Cracked Core":0,"Toy Ornithopter":43},{"Potion Belt":7,"Pear":19,"NeowsBlessing":0,"Gremlin Horn":25,"Oddly Smooth Stone":22,"PreservedInsect":4,"Bag of Preparation":17,"Ginger":17,"War Paint":7,"Boot":5,"Question Card":17,"Nuclear Battery":9,"Cables":12,"Calling Bell":17,"Anchor":7,"Bottled Flame":13,"HornCleat":15,"Strawberry":4,"Pantograph":13,"Bronze Scales":14,"Turnip":18,"Cracked Core":0,"Toy Ornithopter":19},{"Potion Belt":20,"Pear":82,"NeowsBlessing":0,"Gremlin Horn":130,"Oddly Smooth Stone":99,"PreservedInsect":8,"Bag of Preparation":71,"Ginger":71,"War Paint":20,"Boot":13,"Question Card":71,"Nuclear Battery":33,"Cables":47,"Calling Bell":71,"Anchor":20,"Bottled Flame":52,"HornCleat":60,"Strawberry":8,"Pantograph":52,"Bronze Scales":56,"Turnip":75,"Cracked Core":0,"Toy Ornithopter":82}],"Toy Ornithopter":25},"card_choices":[{"not_picked":["Storm","Go for the Eyes"],"picked":"Reinforced Body","floor":1.0},{"not_picked":["Compile Driver","Lockon"],"picked":"Sweeping Beam","floor":2.0},{"not_picked":["Undo","Chaos"],"picked":"Cold Snap","floor":5.0},{"not_picked":["Gash","Compile Driver"],"picked":"BootSequence","floor":8.0},{"not_picked":["Streamline","Conserve Battery"],"picked":"Echo Form","floor":10},{"not_picked":["Redo","Static Discharge"],"picked":"Ball Lightning","floor":11},{"not_picked":["Beam Cell","Go for the Eyes"],"picked":"Leap","floor":12},{"not_picked":["Creative AI","Echo Form"],"picked":"Reboot","floor":16},{"not_picked":["Steam","Gash+1"],"picked":"Undo","floor":18},{"not_picked":["Turbo","Cold Snap","Compile Driver"],"picked":"SKIP","floor":20},{"not_picked":["Streamline","Conserve Battery"],"picked":"Self Repair","floor":21},{"not_picked":["Reinforced Body","Creative AI"],"picked":"Reboot","floor":23},{"not_picked":["Stack","Force Field","Go for the Eyes"],"picked":"SKIP","floor":28},{"not_picked":["Cold Snap+1","Turbo"],"picked":"Hologram","floor":30},{"not_picked":["Streamline","Aggregate"],"picked":"Compile Driver","floor":31},{"not_picked":["Biased Cognition","All For One"],"picked":"Machine Learning","floor":33},{"not_picked":["Barrage","Hello World","Coolheaded+1"],"picked":"Defragment+1","floor":35},{"not_picked":["Coolheaded","Lockon","Stack+1"],"picked":"Fission","floor":41},{"not_picked":["Turbo+1","Genetic Algorithm","Fusion","Rebound"],"picked":"SKIP","floor":44},{"not_picked":["Reinforced Body","Steam Power","Cold Snap","Gash"],"picked":"SKIP","floor":45},{"not_picked":["Rebound","Sweeping Beam+1","Rip and Tear","Skim+1"],"picked":"SKIP","floor":46},{"not_picked":["Conserve Battery","Darkness","Barrage+1","Skim"],"picked":"SKIP","floor":48},{"not_picked":["Conserve Battery","Gash","Chill"],"picked":"BootSequence+1","floor":54}],"player_experience":484287,"relics_obtained":[{"floor":8.0,"key":"PreservedInsect"},{"floor":9.0,"key":"Strawberry"},{"floor":10,"key":"Boot"},{"floor":12,"key":"Anchor"},{"floor":23,"key":"Bottled Flame"},{"floor":26,"key":"Pantograph"},{"floor":28,"key":"Bronze Scales"},{"floor":30,"key":"HornCleat"},{"floor":34,"key":"Bag of Preparation"},{"floor":34,"key":"Question Card"},{"floor":34,"key":"Ginger"},{"floor":41,"key":"Pear"},{"floor":43,"key":"Toy Ornithopter"},{"floor":46,"key":"Oddly Smooth Stone"},{"floor":54,"key":"Gremlin Horn"}],"event_choices":[{"damage_healed":0.0,"max_hp_gain":5.0,"max_hp_loss":0.0,"gold_gain":0.0,"event_name":"Big Fish","player_choice":"Donut","floor":3.0,"gold_loss":0.0,"damage_taken":0.0},{"damage_healed":0.0,"max_hp_gain":0.0,"max_hp_loss":0.0,"gold_gain":275.0,"event_name":"Golden Shrine","player_choice":"Desecrate","floor":4.0,"gold_loss":0.0,"damage_taken":0.0,"cards_obtained":["Regret"]},{"damage_healed":0,"gold_gain":0,"player_choice":"Searched \u00273\u0027 times","damage_taken":0,"relics_obtained":["Potion Belt"],"max_hp_gain":0,"max_hp_loss":0,"event_name":"Dead Adventurer","floor":14,"gold_loss":0},{"damage_healed":0,"gold_gain":0,"player_choice":"Simplicity","damage_taken":0,"max_hp_gain":0,"max_hp_loss":0,"event_name":"Back to Basics","floor":19,"gold_loss":0,"cards_upgraded":["Strike_B","Strike_B","Strike_B","Strike_B","Defend_B","Defend_B","Defend_B","Defend_B"]},{"damage_healed":0,"gold_gain":0,"player_choice":"Ignored","damage_taken":0,"max_hp_gain":0,"max_hp_loss":0,"event_name":"Ghosts","floor":24,"gold_loss":0},{"damage_healed":0,"gold_gain":250,"player_choice":"Bet on Owner","damage_taken":0,"max_hp_gain":0,"max_hp_loss":0,"event_name":"The Joust","floor":29,"gold_loss":50},{"cards_removed":["Strike_B"],"damage_healed":0,"gold_gain":0,"player_choice":"Removed Attack","damage_taken":0,"max_hp_gain":0,"max_hp_loss":0,"event_name":"Falling","floor":38,"gold_loss":0}],"is_beta":false,"boss_relics":[{"not_picked":["Fusion Hammer","Pandora\u0027s Box"],"picked":"Nuclear Battery"},{"not_picked":["Sozu","Empty Cage"],"picked":"Calling Bell"}],"items_purged_floors":[7],"is_endless":false,"potions_floor_spawned":[1,2,10,11,21,23,30,41,45,46,54],"killed_by":"The Heart","ascension_level":14}}