{"host":"x3xr1fzypq6qqz5s","time":1612784669,"event":{"mods":["BaseMod","Better Vampires","Colored Powertips","DeckTracker","Highlight Path","Minty Spire (QoL Compilation)","Quick Restart","Rare Cards Sparkle","Relic Stats"],"gold_per_floor":[110,48,59,79,95,95,105,105,130,147,166,177,32,45,45,143,143,155,155,70,24,42,42,71,158,170,194,217,259,271,79,79,175,175,191,191,191],"floor_reached":38,"language":"ZHS","playtime":8291,"items_purged":["Strike_R","Strike_R"],"score":644,"play_id":"f47311f8-5246-47a9-b029-3af7c238cd48","local_time":"20210208194429","is_ascension_mode":true,"campfire_choices":[{"data":"Seeing Red","floor":6.0,"key":"SMITH"},{"data":"Cleave","floor":8.0,"key":"SMITH"},{"data":"Heavy Blade","floor":15.0,"key":"SMITH"},{"data":"Barricade","floor":23,"key":"SMITH"},{"data":"Armaments","floor":30,"key":"SMITH"},{"data":"Spot Weakness","floor":32,"key":"SMITH"}],"circlet_count":0,"master_deck":["Defend_R","Defend_R+1","Defend_R+1","Bash","Seeing Red+1","Cleave+1","Offering","Spot Weakness+1","Intimidate","Shrug It Off","Heavy Blade+1","Shrug It Off","Barricade+1","Feel No Pain+1","Reckless Charge+1","Body Slam+1","Armaments+1","Entrench+1","Inflame","Combust","Warcry","Ghostly Armor+1"],"relics":["Black Blood","Strawberry","Astrolabe","War Paint","MawBank","Self Forming Clay","The Courier"],"acts_visited":["Exordium","TheCity","TheBeyond"],"potions_floor_usage":[27,33,37],"damage_taken":[{"damage":1.0,"enemies":"Cultist","floor":1.0,"turns":4.0},{"damage":9.0,"enemies":"Jaw Worm","floor":3.0,"turns":5.0},{"damage":5.0,"enemies":"2 Louse","floor":4.0,"turns":3.0},{"damage":7.0,"enemies":"Red Slaver","floor":5.0,"turns":6.0},{"damage":13.0,"enemies":"Blue Slaver","floor":7.0,"turns":2.0},{"damage":6.0,"enemies":"Exordium Wildlife","floor":10.0,"turns":3.0},{"damage":7.0,"enemies":"2 Fungi Beasts","floor":11.0,"turns":3.0},{"damage":12.0,"enemies":"Looter","floor":12.0,"turns":3.0},{"damage":6.0,"enemies":"Large Slime","floor":14.0,"turns":3.0},{"damage":23.0,"enemies":"Hexaghost","floor":16.0,"turns":9.0},{"damage":6.0,"enemies":"Chosen","floor":18.0,"turns":5.0},{"damage":9.0,"enemies":"Shell Parasite","floor":19.0,"turns":3.0},{"damage":12,"enemies":"Centurion and Healer","floor":22,"turns":6},{"damage":23,"enemies":"Book of Stabbing","floor":24,"turns":5},{"damage":40,"enemies":"Chosen and Byrds","floor":27,"turns":10},{"damage":6,"enemies":"Cultist and Chosen","floor":28,"turns":5},{"damage":8,"enemies":"Gremlin Leader","floor":29,"turns":7},{"damage":19,"enemies":"Automaton","floor":33,"turns":9},{"damage":26,"enemies":"3 Darklings","floor":35,"turns":6},{"damage":40,"enemies":"Donu and Deca","floor":37,"turns":15}],"seed_played":"2620019087098010608","potions_obtained":[{"floor":3.0,"key":"DuplicationPotion"},{"floor":7.0,"key":"EssenceOfSteel"},{"floor":10.0,"key":"Swift Potion"},{"floor":11.0,"key":"BlessingOfTheForge"},{"floor":16.0,"key":"SmokeBomb"},{"floor":24,"key":"BloodPotion"}],"is_trial":false,"path_per_floor":["M","?","M","M","M","R","M","R","T","M","M","M","$","M","R","B",null,"M","M","?","$","M","R","E","?","T","M","M","E","R","$","R","B",null,"M","?","B",null],"character_chosen":"IRONCLAD","items_purchased":["Shrug It Off","Heavy Blade","Armaments","Inflame","Combust","Warcry"],"campfire_rested":0,"item_purchase_floors":[13,13,21,31,31,31],"current_hp_per_floor":[80,87,84,85,84,84,77,77,77,77,76,70,70,70,70,53,87,87,84,84,84,78,78,61,53,53,36,36,34,34,34,34,21,87,73,73,45],"gold":191,"neow_bonus":"REMOVE_CARD","is_daily":false,"chose_seed":false,"campfire_upgraded":6,"win_rate":0.0,"timestamp":1612784669,"path_taken":["M","?","M","M","M","R","M","R","T","M","M","M","$","?","R","BOSS","M","M","?","$","M","R","E","?","T","M","?","E","R","$","R","BOSS","M","?","BOSS"],"items_purchased_type":["Card","Card","Card","Card","Card","Card"],"build_version":"2020-12-22","purchased_purges":2,"victory":true,"max_hp_per_floor":[80,87,87,87,87,87,87,87,87,87,87,87,87,87,87,87,87,87,87,87,87,87,87,87,87,87,87,87,87,87,87,87,87,87,87,87,87],"relic_stats":{"counters":[20,112],"Self Forming Clay":[129],"Astrolabe":["Feel No Pain","Reckless Charge","Body Slam"],"Black Blood":127,"War Paint":["Defend_R","Defend_R"],"MawBank":84,"obtain_stats":[{"Self Forming Clay":26,"Strawberry":2,"Astrolabe":17,"Black Blood":34,"The Courier":29,"War Paint":20,"MawBank":24,"Burning Blood":0},{"Self Forming Clay":14,"Strawberry":1,"Astrolabe":10,"Black Blood":18,"The Courier":17,"War Paint":12,"MawBank":14,"Burning Blood":0},{"Self Forming Clay":60,"Strawberry":4,"Astrolabe":41,"Black Blood":91,"The Courier":82,"War Paint":49,"MawBank":60,"Burning Blood":0}]},"card_choices":[{"not_picked":["Havoc","Pommel Strike","Shockwave"],"picked":"SKIP","floor":1.0},{"not_picked":["Iron Wave","Anger","Flex"],"picked":"SKIP","floor":3.0},{"not_picked":["Fire Breathing","Clash"],"picked":"Seeing Red","floor":4.0},{"not_picked":["Wild Strike","Disarm"],"picked":"Cleave","floor":5.0},{"not_picked":["Anger","Thunderclap"],"picked":"Offering","floor":7.0},{"not_picked":["Intimidate","Flex"],"picked":"Spot Weakness","floor":10.0},{"not_picked":["Perfected Strike","Dual Wield"],"picked":"Intimidate","floor":11.0},{"not_picked":["Disarm","Pommel Strike","Intimidate"],"picked":"SKIP","floor":12.0},{"not_picked":["Heavy Blade","Clash"],"picked":"Shrug It Off","floor":14.0},{"not_picked":["Brutality","Bludgeon"],"picked":"Barricade","floor":16.0},{"not_picked":["Body Slam","Infernal Blade","Sword Boomerang+1"],"picked":"SKIP","floor":18.0},{"not_picked":["True Grit","Flex","Clash"],"picked":"SKIP","floor":22},{"not_picked":["Rage+1","Bludgeon"],"picked":"Entrench+1","floor":24},{"not_picked":["Sword Boomerang","Twin Strike","Iron Wave"],"picked":"SKIP","floor":27},{"not_picked":["Warcry","Thunderclap","Anger"],"picked":"SKIP","floor":28},{"not_picked":["Clothesline","Heavy Blade","Perfected Strike+1"],"picked":"SKIP","floor":29},{"not_picked":["Searing Blow","Bloodletting"],"picked":"Ghostly Armor+1","floor":35}],"player_experience":668703,"relics_obtained":[{"floor":24,"key":"MawBank"},{"floor":26,"key":"Self Forming Clay"},{"floor":29,"key":"The Courier"}],"event_choices":[{"damage_healed":0.0,"max_hp_gain":0.0,"max_hp_loss":0.0,"gold_gain":0.0,"event_name":"WeMeetAgain","player_choice":"Paid Gold","floor":2.0,"gold_loss":62.0,"damage_taken":0.0,"relics_obtained":["Strawberry"]},{"damage_healed":0.0,"max_hp_gain":0.0,"max_hp_loss":0.0,"gold_gain":0.0,"event_name":"Addict","player_choice":"Obtained Relic","floor":20.0,"gold_loss":85.0,"damage_taken":0.0,"relics_obtained":["War Paint"]},{"damage_healed":0,"gold_gain":75,"player_choice":"Touch","damage_taken":8,"max_hp_gain":0,"max_hp_loss":0,"event_name":"FaceTrader","floor":25,"gold_loss":0},{"damage_healed":0,"gold_gain":0,"player_choice":"Took Portal","damage_taken":0,"max_hp_gain":0,"max_hp_loss":0,"event_name":"SecretPortal","floor":36,"gold_loss":0}],"is_beta":false,"boss_relics":[{"not_picked":["Tiny House","SlaversCollar"],"picked":"Astrolabe"},{"not_picked":["SacredBark","Cursed Key"],"picked":"Black Blood"}],"items_purged_floors":[13,31],"is_endless":false,"potions_floor_spawned":[3,7,10,11,12,16,18,19,24],"ascension_level":2}}