{"host":"1sn8m3l2btf1jbx1","time":1612764720,"event":{"mods":["AchievementEnabler","BaseMod","Colored Map","Colored Powertips","Highlight Path","Minty Spire (QoL Compilation)","Quick Restart","Rare Cards Sparkle","StSLib"],"gold_per_floor":[115,34,109,34,44,44,75,75,75,90,90,90],"floor_reached":11,"language":"ZHS","playtime":308,"items_purged":["Strike_R"],"score":99,"play_id":"f608b68b-cf57-4c6c-9eab-53b8b773b8cc","local_time":"20210208141200","is_ascension_mode":true,"campfire_choices":[{"data":"Limit Break","floor":6,"key":"SMITH"},{"data":"Sword Boomerang","floor":8,"key":"SMITH"}],"circlet_count":0,"master_deck":["Strike_R","Strike_R","Strike_R","Strike_R","Defend_R","Defend_R","Defend_R","Defend_R","Bash","Fiend Fire","Sword Boomerang+1","Spot Weakness","Limit Break+1","Heavy Blade","Heavy Blade+1"],"relics":["Burning Blood","Mango","Molten Egg 2"],"acts_visited":["Exordium"],"potions_floor_usage":[],"damage_taken":[{"damage":10,"enemies":"Small Slimes","floor":1,"turns":4},{"damage":8,"enemies":"2 Louse","floor":5,"turns":3},{"damage":49,"enemies":"Lagavulin","floor":7,"turns":7},{"damage":7,"enemies":"Jaw Worm","floor":10,"turns":2},{"damage":25,"enemies":"3 Sentries","floor":11,"turns":4}],"seed_played":"-1010628203753337688","potions_obtained":[{"floor":5,"key":"Dexterity Potion"},{"floor":7,"key":"Swift Potion"}],"is_trial":false,"path_per_floor":["M","$","?","$","M","R","E","R","T","M","E"],"character_chosen":"IRONCLAD","items_purchased":["Spot Weakness"],"campfire_rested":0,"item_purchase_floors":[2],"current_hp_per_floor":[68,68,57,57,55,55,26,26,26,25,0,0],"gold":90,"neow_bonus":"ONE_RANDOM_RARE_CARD","is_daily":false,"chose_seed":false,"campfire_upgraded":2,"win_rate":0.0,"timestamp":1612764720,"path_taken":["M","$","?","$","M","R","E","R","T","M","E"],"items_purchased_type":["Card"],"build_version":"2020-12-22","purchased_purges":1,"victory":false,"max_hp_per_floor":[80,80,80,80,80,80,94,94,94,94,94,94],"card_choices":[{"not_picked":["Wild Strike","Twin Strike"],"picked":"Sword Boomerang","floor":1},{"not_picked":["Twin Strike","Iron Wave"],"picked":"Limit Break","floor":5},{"not_picked":["Whirlwind","Shockwave"],"picked":"Heavy Blade","floor":7},{"not_picked":["Havoc","Anger+1"],"picked":"Heavy Blade+1","floor":10}],"player_experience":299397,"relics_obtained":[{"floor":7,"key":"Mango"},{"floor":9,"key":"Molten Egg 2"}],"event_choices":[{"damage_healed":0,"gold_gain":75,"player_choice":"Gather Gold","damage_taken":11,"max_hp_gain":0,"max_hp_loss":0,"event_name":"World of Goop","floor":3,"gold_loss":0}],"is_beta":false,"boss_relics":[],"items_purged_floors":[4],"is_endless":false,"potions_floor_spawned":[5,7],"killed_by":"3 Sentries","ascension_level":8}}