{"host":"krw8blyxua7at9ak","time":1612793738,"event":{"mods":["BaseMod","Highlight Path","Minty Spire (QoL Compilation)","ojb\u0027s Info Mod"],"gold_per_floor":[114,134,134,134,148,184,22,22,22,40,40,76,101,136,136,229,229,242,242,242,267,157,157,192,192,192,232,251,251,292,308,308,407,407,426,441,716,35,58,93,113,153,153,169,189,189,0,35,35,35,35,35,35,10,41,41,41],"floor_reached":56,"language":"ENG","playtime":2961,"items_purged":["Terror"],"score":2255,"play_id":"c36d892c-a006-4f79-b468-8a2ee323765e","local_time":"20210208151538","is_ascension_mode":true,"campfire_choices":[{"data":"Dagger Spray","floor":8.0,"key":"SMITH"},{"data":"Envenom","floor":15.0,"key":"SMITH"},{"data":"Wraith Form v2","floor":23.0,"key":"SMITH"},{"data":"Night Terror","floor":25,"key":"SMITH"},{"floor":32,"key":"REST"},{"data":"Well Laid Plans","floor":46,"key":"SMITH"},{"floor":49,"key":"RECALL"},{"data":"Tools of the Trade","floor":53,"key":"SMITH"}],"circlet_count":0,"master_deck":["AscendersBane","Survivor","Neutralize","Poisoned Stab","Riddle With Holes","Blade Dance","Dagger Spray+1","Poisoned Stab","Envenom+1","Corpse Explosion","Wraith Form v2+1","All Out Attack","A Thousand Cuts","Endless Agony","Terror","Heel Hook","Heel Hook","Night Terror+1","Accuracy","Cloak And Dagger","Cloak And Dagger+1","Blade Dance","Calculated Gamble+1","Tools of the Trade+1","Escape Plan","Master of Strategy","Well Laid Plans+1","Backstab+1","Noxious Fumes","Sucker Punch+1","Well Laid Plans+1","PiercingWail","Bullet Time"],"relics":["Ring of the Snake","NeowsBlessing","Golden Idol","Snake Skull","Omamori","Happy Flower","Matryoshka","Lantern","Peace Pipe","Pandora\u0027s Box","Bronze Scales","Nilry\u0027s Codex","FossilizedHelix","Toy Ornithopter","Mummified Hand","Centennial Puzzle","Smiling Mask","Sozu","Bag of Marbles","Gremlin Horn","Bag of Preparation","Molten Egg 2","Dream Catcher","Red Mask","Pantograph"],"acts_visited":["Exordium","TheCity","TheBeyond","TheEnding"],"potions_floor_usage":[24,33,56],"damage_taken":[{"damage":0.0,"enemies":"Small Slimes","floor":1.0,"turns":1.0},{"damage":0.0,"enemies":"Jaw Worm","floor":2.0,"turns":1.0},{"damage":0.0,"enemies":"Cultist","floor":5.0,"turns":1.0},{"damage":37.0,"enemies":"Lagavulin","floor":6.0,"turns":9.0},{"damage":0.0,"enemies":"Exordium Wildlife","floor":10.0,"turns":5.0},{"damage":0.0,"enemies":"Gremlin Nob","floor":12.0,"turns":2.0},{"damage":0.0,"enemies":"2 Fungi Beasts","floor":13.0,"turns":2.0},{"damage":12.0,"enemies":"3 Sentries","floor":14.0,"turns":6.0},{"damage":3.0,"enemies":"Hexaghost","floor":16.0,"turns":6.0},{"damage":1.0,"enemies":"Spheric Guardian","floor":18.0,"turns":5.0},{"damage":2.0,"enemies":"2 Thieves","floor":21.0,"turns":2.0},{"damage":7,"enemies":"Gremlin Leader","floor":24,"turns":8},{"damage":4,"enemies":"Book of Stabbing","floor":27,"turns":3},{"damage":10,"enemies":"Shelled Parasite and Fungi","floor":28,"turns":3},{"damage":0,"enemies":"Gremlin Leader","floor":30,"turns":3},{"damage":0,"enemies":"Cultist and Chosen","floor":31,"turns":4},{"damage":3,"enemies":"Automaton","floor":33,"turns":8},{"damage":0,"enemies":"3 Shapes","floor":35,"turns":4},{"damage":0,"enemies":"Orb Walker","floor":36,"turns":3},{"damage":0,"enemies":"3 Darklings","floor":39,"turns":2},{"damage":1,"enemies":"Reptomancer","floor":40,"turns":3},{"damage":0,"enemies":"4 Shapes","floor":41,"turns":3},{"damage":5,"enemies":"Nemesis","floor":42,"turns":3},{"damage":3,"enemies":"Writhing Mass","floor":44,"turns":4},{"damage":0,"enemies":"Sphere and 2 Shapes","floor":45,"turns":3},{"damage":0,"enemies":"Reptomancer","floor":48,"turns":3},{"damage":10,"enemies":"Awakened One","floor":50,"turns":9},{"damage":16,"enemies":"Donu and Deca","floor":51,"turns":6},{"damage":12,"enemies":"Shield and Spear","floor":55,"turns":4},{"damage":97,"enemies":"The Heart","floor":56,"turns":3}],"seed_played":"-4113701490620746598","potions_obtained":[{"floor":5.0,"key":"EssenceOfSteel"},{"floor":6.0,"key":"PowerPotion"},{"floor":12.0,"key":"Block Potion"},{"floor":13.0,"key":"FearPotion"},{"floor":18.0,"key":"DuplicationPotion"},{"floor":21.0,"key":"EssenceOfSteel"},{"floor":28,"key":"DuplicationPotion"},{"floor":33,"key":"AttackPotion"}],"is_trial":false,"path_per_floor":["M","M","?","T","M","E","$","R","T","M","$","E","M","E","R","B",null,"M","?","?","M","?","R","E","R","T","E","M","?","E","M","R","B",null,"M","M","?","$","M","E","M","E","T","M","M","R","?","E","R","B","B",null,"R","$","E","B"],"character_chosen":"THE_SILENT","items_purchased":["Happy Flower","Bag of Marbles","Gremlin Horn","Master of Strategy","PiercingWail"],"campfire_rested":1,"item_purchase_floors":[7,38,38,38,54],"current_hp_per_floor":[59,59,59,59,59,22,22,22,22,22,22,22,22,10,10,7,47,46,46,25,23,23,23,16,16,16,12,2,2,2,2,20,22,51,51,51,51,51,51,50,50,45,45,42,42,42,42,42,42,50,44,56,56,56,44,0,0],"gold":41,"neow_bonus":"THREE_ENEMY_KILL","is_daily":false,"chose_seed":false,"campfire_upgraded":6,"win_rate":0.0,"timestamp":1612793738,"path_taken":["M","M","?","?","M","E","$","R","T","?","?","E","M","E","R","BOSS","M","?","?","M","?","R","E","R","T","E","?","?","E","M","R","BOSS","M","M","?","$","M","E","?","E","T","M","M","R","?","E","R","BOSS","BOSS","R","$","E","BOSS"],"items_purchased_type":["Relic","Relic","Relic","Card","Card"],"build_version":"2020-12-22","purchased_purges":1,"victory":false,"max_hp_per_floor":[66,66,60,60,60,60,60,60,60,60,60,60,60,60,60,60,60,60,60,60,60,60,60,60,60,60,60,60,60,60,60,60,60,60,60,60,60,60,60,60,60,60,60,60,60,60,60,60,60,60,60,60,60,60,60,60,60],"card_choices":[{"not_picked":["Deadly Poison","Infinite Blades"],"picked":"Poisoned Stab","floor":1.0},{"not_picked":["Concentrate","Deadly Poison"],"picked":"Riddle With Holes","floor":2.0},{"not_picked":["Dodge and Roll","Quick Slash"],"picked":"Blade Dance","floor":5.0},{"not_picked":["Finisher","Dagger Throw"],"picked":"Dagger Spray","floor":6.0},{"not_picked":["Dagger Throw","Dagger Spray"],"picked":"Poisoned Stab","floor":10.0},{"not_picked":["Dagger Throw","Flechettes"],"picked":"Envenom","floor":12.0},{"not_picked":["Deadly Poison","Choke","Outmaneuver"],"picked":"SKIP","floor":13.0},{"not_picked":["Deadly Poison","Dagger Spray"],"picked":"Corpse Explosion","floor":14.0},{"not_picked":["Tools of the Trade","Adrenaline"],"picked":"Wraith Form v2","floor":16.0},{"not_picked":["Masterful Stab","Quick Slash"],"picked":"Cloak And Dagger","floor":18.0},{"not_picked":["Dagger Spray","Calculated Gamble"],"picked":"Cloak And Dagger","floor":21.0},{"not_picked":["Deflect","Storm of Steel","Acrobatics"],"picked":"SKIP","floor":24},{"not_picked":["Bane","Deflect","Accuracy"],"picked":"SKIP","floor":27},{"not_picked":["Prepared","Acrobatics"],"picked":"Blade Dance","floor":28},{"not_picked":["Finisher","Reflex","Envenom"],"picked":"SKIP","floor":30},{"not_picked":["Endless Agony","Poisoned Stab"],"picked":"Calculated Gamble+1","floor":31},{"not_picked":["Venomology","Night Terror"],"picked":"Tools of the Trade","floor":33},{"not_picked":["Underhanded Strike","Concentrate","Calculated Gamble"],"picked":"SKIP","floor":35},{"not_picked":["Footwork+1","Deflect+1"],"picked":"Escape Plan","floor":36},{"not_picked":["Cloak And Dagger","Blade Dance"],"picked":"Well Laid Plans","floor":39},{"not_picked":["Caltrops","Masterful Stab"],"picked":"Backstab+1","floor":40},{"not_picked":["Flying Knee","Skewer"],"picked":"Noxious Fumes","floor":41},{"not_picked":["Eviscerate+1","Outmaneuver"],"picked":"Sucker Punch+1","floor":42},{"not_picked":["Cloak And Dagger","Underhanded Strike+1","Sucker Punch+1"],"picked":"SKIP","floor":44},{"not_picked":["Deadly Poison+1","Glass Knife+1","PiercingWail"],"picked":"SKIP","floor":45},{"not_picked":["Sucker Punch+1","Choke+1"],"picked":"Well Laid Plans+1","floor":48},{"not_picked":["Predator+1","Dagger Throw+1"],"picked":"Bullet Time","floor":55}],"player_experience":388412,"relics_obtained":[{"floor":4.0,"key":"Snake Skull"},{"floor":6.0,"key":"Omamori"},{"floor":9.0,"key":"Matryoshka"},{"floor":12.0,"key":"Lantern"},{"floor":14.0,"key":"Peace Pipe"},{"floor":20.0,"key":"Nilry\u0027s Codex"},{"floor":24,"key":"FossilizedHelix"},{"floor":26,"key":"Toy Ornithopter"},{"floor":26,"key":"Mummified Hand"},{"floor":27,"key":"Centennial Puzzle"},{"floor":30,"key":"Smiling Mask"},{"floor":40,"key":"Bag of Preparation"},{"floor":42,"key":"Molten Egg 2"},{"floor":43,"key":"Dream Catcher"},{"floor":48,"key":"Pantograph"}],"event_choices":[{"damage_healed":0.0,"max_hp_gain":0.0,"max_hp_loss":6.0,"gold_gain":0.0,"event_name":"Golden Idol","player_choice":"Lose Max HP","floor":3.0,"gold_loss":0.0,"damage_taken":0.0,"relics_obtained":["Golden Idol"]},{"damage_healed":0.0,"max_hp_gain":0.0,"max_hp_loss":0.0,"gold_gain":0.0,"event_name":"The Mausoleum","player_choice":"Opened","floor":19.0,"gold_loss":0.0,"damage_taken":0.0,"relics_obtained":["Bronze Scales"],"cards_obtained":["Writhe"]},{"damage_healed":0.0,"max_hp_gain":0.0,"max_hp_loss":0.0,"gold_gain":0.0,"event_name":"Cursed Tome","player_choice":"Obtained Book","floor":20.0,"gold_loss":0.0,"damage_taken":21.0},{"cards_removed":["Envenom"],"damage_healed":0.0,"max_hp_gain":0.0,"max_hp_loss":0.0,"gold_gain":0.0,"event_name":"Designer","player_choice":"Upgrade and Remove","floor":22.0,"gold_loss":110.0,"damage_taken":0.0,"cards_upgraded":["Cloak And Dagger"]},{"damage_healed":0,"gold_gain":0,"player_choice":"Ignored","damage_taken":0,"max_hp_gain":0,"max_hp_loss":0,"event_name":"Vampires","floor":29,"gold_loss":0},{"damage_healed":0,"gold_gain":275,"player_choice":"Desecrate","damage_taken":0,"max_hp_gain":0,"max_hp_loss":0,"event_name":"Golden Shrine","floor":37,"gold_loss":0,"cards_obtained":["Regret"]},{"damage_healed":0,"gold_gain":0,"player_choice":"Paid","damage_taken":0,"relics_obtained":["Red Mask"],"max_hp_gain":0,"max_hp_loss":0,"event_name":"Tomb of Lord Red Mask","floor":47,"gold_loss":189}],"is_beta":false,"boss_relics":[{"not_picked":["HoveringKite","Coffee Dripper"],"picked":"Pandora\u0027s Box"},{"not_picked":["WristBlade","Velvet Choker"],"picked":"Sozu"}],"items_purged_floors":[38],"is_endless":false,"potions_floor_spawned":[5,6,12,13,14,18,21,28,33,40,41,44,48,55],"killed_by":"The Heart","ascension_level":20}}