{"host":"j1lpsl3dsviy43h8","time":1612817318,"event":{"mods":["AchievementEnabler","BaseMod","BetterRewards","Card Forge","Duelist Mod","GifTheSpireLib","Minty Spire (QoL Compilation)","Shop Mod","StSLib","The Wild Card"],"gold_per_floor":[145,67,142,142,156,184,184,202,202,213,231,85,103,303,303,381,381,381,381,138,138,138,138,138,138,138,138,138,138,138],"floor_reached":29,"language":"ENG","playtime":1695,"items_purged":[],"score":694,"play_id":"248ffc0a-8866-417a-bcc4-d5f6897c80a0","local_time":"20210208154838","is_ascension_mode":true,"campfire_choices":[{"floor":7,"key":"REST"},{"floor":15,"key":"REST"},{"floor":24,"key":"REST"}],"circlet_count":0,"master_deck":["AscendersBane","theDuelist:BabyDragon+1","theDuelist:CastleWalls+1","theDuelist:CastleWalls+1","theDuelist:CaveDragon+1","theDuelist:CaveDragon+1","theDuelist:LesserDragon+1","theDuelist:LesserDragon+1","theDuelist:Sparks+1","theDuelist:Sparks+1","theDuelist:YamataDragon+1","theDuelist:StardustDragon+1","theDuelist:RainbowBridge+1","theDuelist:DarkHorus+1","theDuelist:AncientRules+1","theDuelist:TotemDragon+1","theDuelist:ThunderDragon+1","theDuelist:CyberEndDragon+1","theDuelist:BoosterDragon+1","theDuelist:TyrantWing+1","theDuelist:BackgroundDragon+1","theDuelist:LordD+1","theDuelist:StardustDragon+1","theDuelist:GuardragonJusticia+1","theDuelist:DefenseZone+5","theDuelist:InfernityDoomDragon+1","theDuelist:BerserkScales+1","theDuelist:DragonMastery+1","theDuelist:TailSwipe+1","theDuelist:EyeTimaeus+1","theDuelist:Nameless:Magic:YamiForm+1","theDuelist:DoomkaiserDragon"],"relics":["theDuelist:MillenniumPuzzle","theDuelist:CardPoolRelic","theDuelist:CardPoolBasicRelic","theDuelist:BoosterPackPoolRelic","theDuelist:CardPoolAddRelic","theDuelist:CardPoolMinusRelic","theDuelist:CardPoolSaveRelic","theDuelist:CardPoolOptionsRelic","Hammer of Thor","Seething Fire","Anvil of the Gods","theDuelist:ZoneToken","theDuelist:MillenniumToken","Unceasing Top","theDuelist:BoosterBetterBoostersRelic","Ancient Tea Set","theDuelist:MillenniumCoin","Ectoplasm","theDuelist:BlessingAnubis","Nilry\u0027s Codex","Strawberry","MealTicket","Potion Belt","theDuelist:CardRewardRelicE"],"acts_visited":["Exordium","TheCity"],"potions_floor_usage":[16,22,28],"damage_taken":[{"damage":0,"enemies":"Jaw Worm","floor":1,"turns":1},{"damage":0,"enemies":"Small Slimes","floor":5,"turns":3},{"damage":2,"enemies":"Lagavulin","floor":6,"turns":3},{"damage":0,"enemies":"Cultist","floor":8,"turns":1},{"damage":9,"enemies":"2 Fungi Beasts","floor":10,"turns":2},{"damage":12,"enemies":"Lots of Slimes","floor":11,"turns":3},{"damage":0,"enemies":"3 Louse","floor":13,"turns":1},{"damage":34,"enemies":"Hexaghost","floor":16,"turns":6},{"damage":0,"enemies":"Shell Parasite","floor":18,"turns":4},{"damage":0,"enemies":"3 Byrds","floor":19,"turns":5},{"damage":14,"enemies":"Shelled Parasite and Fungi","floor":22,"turns":4},{"damage":8,"enemies":"theDuelist:KaibaA2","floor":23,"turns":5},{"damage":5,"enemies":"Book of Stabbing","floor":25,"turns":6},{"damage":6,"enemies":"Gremlin Leader","floor":28,"turns":5},{"damage":0,"enemies":"Colosseum Slavers","floor":29,"turns":2},{"damage":65,"enemies":"Colosseum Nobs","floor":29,"turns":6}],"seed_played":"-8307419848252834613","potions_obtained":[{"floor":1,"key":"theDuelist:BigTributeBottle"},{"floor":6,"key":"theDuelist:FlamingBottle"},{"floor":13,"key":"theDuelist:FreezingPotion"},{"floor":19,"key":"SteroidPotion"},{"floor":23,"key":"AttackPotion"},{"floor":28,"key":"theDuelist:BigTributeBottle"}],"is_trial":false,"path_per_floor":["M","$","?","?","M","E","R","M","T","M","M","$","M","?","R","B",null,"M","M","$","?","M","E","R","E","T","$","E","?"],"character_chosen":"THE_DUELIST","items_purchased":["theDuelist:StardustDragon","theDuelist:ZoneToken","theDuelist:MillenniumToken","theDuelist:TotemDragon","Ancient Tea Set","theDuelist:BlessingAnubis"],"campfire_rested":3,"item_purchase_floors":[0,0,0,2,12,20],"current_hp_per_floor":[63,63,52,52,52,50,70,70,70,61,49,49,49,49,70,36,62,62,62,62,46,32,31,54,49,49,64,58,0,0],"gold":138,"neow_bonus":"","is_daily":false,"chose_seed":false,"campfire_upgraded":0,"win_rate":0.0,"timestamp":1612817318,"path_taken":["M","$","?","?","M","E","R","M","T","?","M","$","M","?","R","BOSS","M","M","$","?","M","E","R","E","T","$","E","?"],"items_purchased_type":["Card","Relic","Relic","Card","Relic","Relic"],"build_version":"2020-12-22","purchased_purges":0,"victory":false,"max_hp_per_floor":[70,70,70,70,70,70,70,70,70,70,70,70,70,70,70,70,70,70,70,70,70,70,77,77,77,77,77,77,77,77],"card_choices":[{"not_picked":["theDuelist:TwinBarrelDragon","theDuelist:CyberValley","theDuelist:BlackPtera","theDuelist:MadFlameKaiju"],"picked":"theDuelist:DarkHorus","floor":1},{"not_picked":["theDuelist:VolcanicEruption","theDuelist:CloudianGhost"],"picked":"theDuelist:AncientRules","floor":1},{"not_picked":["theDuelist:YamataDragon","theDuelist:Pyrorex","theDuelist:MadSwordBeast","theDuelist:BlackBrutdrago"],"picked":"theDuelist:ThunderDragon","floor":5},{"not_picked":["theDuelist:DragonPiper","theDuelist:CyberDragonVier"],"picked":"theDuelist:CyberEndDragon","floor":5},{"not_picked":["theDuelist:WhiteHornDragon","theDuelist:MiraculousDescent","theDuelist:CyberLaserDragon"],"picked":"theDuelist:BoosterDragon","floor":6},{"not_picked":["theDuelist:TwinHeadedBehemoth","theDuelist:AquaDolphin"],"picked":"theDuelist:TyrantWing","floor":6},{"not_picked":["theDuelist:ViceDragon","theDuelist:BlackBrutdrago","theDuelist:CyberDragonNachster","theDuelist:AquaDolphin"],"picked":"theDuelist:BackgroundDragon","floor":8},{"not_picked":["theDuelist:BlueEyes","theDuelist:Hydrogeddon"],"picked":"theDuelist:LordD","floor":8},{"not_picked":["theDuelist:WingedDragonRa","theDuelist:CyberDragonInfinity","theDuelist:BusterBladerDDS","theDuelist:BSkullDragon"],"picked":"theDuelist:StardustDragon","floor":10},{"not_picked":["theDuelist:Pyrorex","theDuelist:TyrantWing","theDuelist:BerserkerSoul"],"picked":"SKIP","floor":10},{"not_picked":["theDuelist:YamataDragon","theDuelist:DarkstormDragon","theDuelist:BlacklandFireDragon","theDuelist:GaiaDragonChamp"],"picked":"theDuelist:GuardragonJusticia","floor":11},{"not_picked":["theDuelist:GalaxyTyranno","theDuelist:CyberTwinDragon"],"picked":"theDuelist:DefenseZone","floor":11},{"not_picked":["theDuelist:FireDarts","theDuelist:ArmedDragon5"],"picked":"theDuelist:InfernityDoomDragon","floor":13},{"not_picked":["theDuelist:FrostflameDragon","theDuelist:WhiteHornDragon","theDuelist:VoidOgreDragon"],"picked":"SKIP","floor":13},{"not_picked":["theDuelist:WingedDragonRa","theDuelist:SeismicShockwave","theDuelist:OceanDragonLord","theDuelist:LostWorld"],"picked":"theDuelist:BerserkScales","floor":16},{"not_picked":["theDuelist:QueenDragunDjinn","theDuelist:ChimeratechOverdragon"],"picked":"theDuelist:DragonMastery","floor":16},{"not_picked":["theDuelist:TrihornedDragon","theDuelist:FireDarts","theDuelist:DarkstormDragon","theDuelist:ArmedDragon3","theDuelist:BackupSoldier+1"],"picked":"SKIP","floor":18},{"not_picked":["theDuelist:DragonPiper+1","theDuelist:Pyrorex","theDuelist:CyberDragonDrei"],"picked":"SKIP","floor":18},{"not_picked":["theDuelist:BusterBlader","theDuelist:TornadoDragon","theDuelist:BlackStego","theDuelist:AquaDolphin+1","theDuelist:GalaxyTyranno"],"picked":"SKIP","floor":19},{"not_picked":["theDuelist:CyberDragonSieger","theDuelist:AncientDragon","theDuelist:Destroyersaurus"],"picked":"SKIP","floor":19},{"not_picked":["theDuelist:TrihornedDragon","theDuelist:EvilMind","theDuelist:DarkDriceratops","theDuelist:VeilDarkness","theDuelist:BlackBrutdrago"],"picked":"SKIP","floor":22},{"not_picked":["theDuelist:DefenseDraw+1","theDuelist:RedRisingDragon","theDuelist:CloudianGhost"],"picked":"SKIP","floor":22},{"not_picked":["theDuelist:StardustDragon","theDuelist:OceanDragonLord"],"picked":"theDuelist:TailSwipe","floor":23},{"not_picked":["theDuelist:MirageDragon","theDuelist:BlasterDragonInfernos","theDuelist:DefenseZone"],"picked":"SKIP","floor":23},{"not_picked":["theDuelist:TwinHeadedFire","theDuelist:MegafleetDragon","theDuelist:Hydrogeddon","theDuelist:MoltenDestruction+1","theDuelist:BlackStego"],"picked":"SKIP","floor":25},{"not_picked":["theDuelist:ScrapIronScarecrow","theDuelist:ThunderDragon","theDuelist:CyberDragon"],"picked":"SKIP","floor":25},{"not_picked":["theDuelist:RedEyesZombie","theDuelist:WhiteNightDragon","theDuelist:ThunderDragon","theDuelist:CyberDragon"],"picked":"theDuelist:DoomkaiserDragon","floor":28},{"not_picked":["theDuelist:CyberEmergency","theDuelist:LostWorld","theDuelist:CyberDragonSieger"],"picked":"SKIP","floor":28}],"player_experience":346861,"relics_obtained":[{"floor":6,"key":"Unceasing Top"},{"floor":9,"key":"theDuelist:BoosterBetterBoostersRelic"},{"floor":21,"key":"Nilry\u0027s Codex"},{"floor":23,"key":"Strawberry"},{"floor":25,"key":"MealTicket"},{"floor":26,"key":"Potion Belt"},{"floor":28,"key":"theDuelist:CardRewardRelicE"}],"event_choices":[{"damage_healed":0,"gold_gain":75,"player_choice":"Gather Gold","damage_taken":11,"max_hp_gain":0,"max_hp_loss":0,"event_name":"World of Goop","floor":3,"gold_loss":0},{"damage_healed":0,"gold_gain":0,"player_choice":"Ignored","damage_taken":0,"max_hp_gain":0,"max_hp_loss":0,"event_name":"Transmorgrifier","floor":4,"gold_loss":0},{"damage_healed":0,"gold_gain":0,"player_choice":"Took item - Received: Millennium Coin","duelist":true,"damage_taken":0,"max_hp_gain":0,"max_hp_loss":0,"event_name":"Millennium Items","floor":14,"gold_loss":0},{"damage_healed":0,"gold_gain":0,"player_choice":"Obtained Book","damage_taken":16,"max_hp_gain":0,"max_hp_loss":0,"event_name":"Cursed Tome","floor":21,"gold_loss":0},{"damage_healed":0,"gold_gain":0,"player_choice":"Fight","damage_taken":0,"max_hp_gain":0,"max_hp_loss":0,"event_name":"Colosseum","floor":29,"gold_loss":0},{"damage_healed":0,"gold_gain":0,"player_choice":"Fought Nobs","damage_taken":0,"max_hp_gain":0,"max_hp_loss":0,"event_name":"Colosseum","floor":29,"gold_loss":0}],"is_beta":false,"boss_relics":[{"not_picked":["SacredBark","Tiny House"],"picked":"Ectoplasm"}],"items_purged_floors":[],"is_endless":false,"potions_floor_spawned":[1,6,11,13,19,23,25,28],"killed_by":"Colosseum Nobs","ascension_level":14}}