{"host":"fhwr1fuluf6086fh","time":1612808915,"event":{"mods":["2.2 Compatiblity","Act Like it!","BaseMod","Colored Map","Elementarium","Hermit","Marisa????????","Minty Spire (QoL Compilation)","StSLib","The Caster","The Dragon Tamer","The Elementalist","The Hierophant","TheSurvivalist"],"gold_per_floor":[113,130,148,161,7,40,54,54,107,119,151,151,184,196,196,301,301,311,329,329,329,346,346,374,57,57,47,47,77,77,112,112,213,213,233,249,249,249,260,260,274,274,301,301,333,333,345,380,380,380],"floor_reached":51,"language":"ENG","playtime":7151,"items_purged":["Strike_MRS"],"score":1010,"play_id":"1b6eb4b9-5e02-4193-be64-9c31999ac8c6","local_time":"20210208132835","is_ascension_mode":false,"campfire_choices":[{"data":"DarkMatter","floor":15,"key":"SMITH"},{"data":"GrandCross","floor":23,"key":"SMITH"},{"data":"Panache","floor":28,"key":"SMITH"},{"data":"NonDirectionalLaser","floor":30,"key":"SMITH"},{"data":"OortCloud","floor":32,"key":"SMITH"},{"data":"MysteriousBeam","floor":40,"key":"SMITH"},{"data":"BinaryStars","floor":44,"key":"SMITH"},{"data":"ManaRampage","floor":46,"key":"SMITH"},{"data":"BinaryStars","floor":49,"key":"SMITH"}],"circlet_count":0,"master_deck":["Strike_MRS","Strike_MRS+1","Strike_MRS","Defend_MRS","Defend_MRS+1","Defend_MRS","Defend_MRS","MasterSpark","UpSweep","DC","AsteroidBelt","GrandCross+1","DeepEcoloBomb","MysteriousBeam+1","Acceleration","BinaryStars+1","DarkMatter+1","OortCloud+1","OortCloud","MilkyWay","MagicChant","BinaryStars+1","NonDirectionalLaser+1","RefractionSpark+1","Dramatic Entrance","Madness","LuminesStrike+1","IllusionStar","Panache+1","Elementarium:GildedEssence+1","LuminesStrike","BigCrunch","OortCloud+1","6A+1","Discovery","GravityBeat","PowerUp+1","ManaRampage+1","MagicAbsorber","MagicAbsorber+1"],"relics":["MiniHakkero","AmplifyWand","Art of War","Eternal Feather","Anchor","ExperimentalFamiliar","Elementarium:FlickeringLantern","Potion Belt","Pen Nib","Frozen Egg 2","Centennial Puzzle","Regal Pillow","Elementarium:ElementariumTrophy","SlaversCollar","HandmadeGrimoire","Nunchaku","Pocketwatch","BreadOfAWashokuLover"],"acts_visited":["Exordium","Elementarium:Elementarium","TheBeyond"],"potions_floor_usage":[6,13,16,16,33,33,50,50,50],"damage_taken":[{"damage":0,"enemies":"Small Slimes","floor":1,"turns":3},{"damage":0,"enemies":"2 Louse","floor":2,"turns":1},{"damage":0,"enemies":"Jaw Worm","floor":3,"turns":3},{"damage":0,"enemies":"2 Fungi Beasts","floor":4,"turns":2},{"damage":0,"enemies":"Gremlin Nob","floor":6,"turns":2},{"damage":0,"enemies":"3 Louse","floor":7,"turns":2},{"damage":0,"enemies":"Lots of Slimes","floor":10,"turns":3},{"damage":0,"enemies":"3 Sentries","floor":11,"turns":6},{"damage":0,"enemies":"Gremlin Nob","floor":13,"turns":3},{"damage":0,"enemies":"Exordium Thugs","floor":14,"turns":3},{"damage":0,"enemies":"Hexaghost","floor":16,"turns":8},{"damage":1,"enemies":"Elementarium:2_ELEMENTALS","floor":18,"turns":3},{"damage":0,"enemies":"Elementarium:Cyclone","floor":19,"turns":4},{"damage":2,"enemies":"Elementarium:VoidBeast","floor":22,"turns":3},{"damage":4,"enemies":"Elementarium:ElementalPortal","floor":24,"turns":7},{"damage":0,"enemies":"Elementarium:WarGolem","floor":29,"turns":1},{"damage":0,"enemies":"Elementarium:ElementalPortal","floor":31,"turns":5},{"damage":2,"enemies":"Elementarium:GolemEmperor","floor":33,"turns":8},{"damage":19,"enemies":"3 Darklings","floor":35,"turns":3},{"damage":0,"enemies":"Orb Walker","floor":36,"turns":2},{"damage":0,"enemies":"Spire Growth","floor":39,"turns":3},{"damage":2,"enemies":"Sphere and 2 Shapes","floor":41,"turns":2},{"damage":0,"enemies":"Giant Head","floor":45,"turns":4},{"damage":0,"enemies":"Maw","floor":47,"turns":5},{"damage":0,"enemies":"Reptomancer","floor":48,"turns":2},{"damage":12,"enemies":"Time Eater","floor":50,"turns":7}],"seed_played":"1434579578327483228","potions_obtained":[{"floor":1,"key":"FearPotion"},{"floor":6,"key":"DuplicationPotion"},{"floor":7,"key":"LiquidBronze"},{"floor":10,"key":"CultistPotion"},{"floor":13,"key":"SmokeBomb"},{"floor":16,"key":"SkillPotion"},{"floor":18,"key":"Ancient Potion"},{"floor":19,"key":"FearPotion"},{"floor":29,"key":"ColorlessPotion"},{"floor":36,"key":"Energy Potion"},{"floor":39,"key":"BottledSpark"},{"floor":45,"key":"Block Potion"},{"floor":48,"key":"Weak Potion"}],"is_trial":false,"path_per_floor":["M","M","M","M","$","E","M","?","T","M","E","?","E","M","R","B",null,"M","M","?","?","M","R","E","$","T","?","R","E","R","E","R","B",null,"M","M","?","T","M","R","M","?","T","R","E","R","M","E","R","B",null],"character_chosen":"MARISA","items_purchased":["MysteriousBeam","Acceleration","Panache","Pen Nib"],"campfire_rested":0,"item_purchase_floors":[5,5,25,25],"current_hp_per_floor":[82,82,82,82,82,82,82,87,87,87,87,70,70,70,82,82,87,86,86,86,86,84,87,83,83,83,83,87,87,87,87,87,85,87,68,68,68,68,68,87,85,85,85,87,87,87,87,87,87,75],"gold":380,"neow_bonus":"TEN_PERCENT_HP_BONUS","is_daily":false,"chose_seed":false,"campfire_upgraded":9,"win_rate":0.0,"timestamp":1612808915,"path_taken":["M","M","M","M","$","E","M","?","T","M","E","?","E","M","R","BOSS","M","M","?","?","M","R","E","$","T","?","R","E","R","E","R","BOSS","M","M","?","?","M","R","M","?","T","R","E","R","M","E","R","BOSS"],"items_purchased_type":["Card","Card","Card","Relic"],"build_version":"2020-12-22","purchased_purges":1,"victory":true,"max_hp_per_floor":[82,82,82,82,82,82,82,87,87,87,87,87,87,87,87,87,87,87,87,87,87,87,87,87,87,87,87,87,87,87,87,87,87,87,87,87,87,87,87,87,87,87,87,87,87,87,87,87,87,87],"card_choices":[{"not_picked":["EventHorizon","IllusionStar"],"picked":"DC","floor":1},{"not_picked":["Robbery","ShootingEcho"],"picked":"AsteroidBelt","floor":2},{"not_picked":["Occultation","NonDirectionalLaser"],"picked":"GrandCross","floor":3},{"not_picked":["OrrerysSun","UnstableBomb"],"picked":"DeepEcoloBomb","floor":4},{"not_picked":["DC","SporeBomb"],"picked":"BinaryStars","floor":6},{"not_picked":["DoubleSpark","WitchOfGreed"],"picked":"DarkMatter","floor":7},{"not_picked":["AsteroidBelt","MysteriousBeam"],"picked":"OortCloud","floor":10},{"not_picked":["DoubleSpark","SporeBomb"],"picked":"OortCloud","floor":11},{"not_picked":["AsteroidBelt","StarBarrage"],"picked":"MilkyWay","floor":13},{"not_picked":["IllusionStar","LuminesStrike"],"picked":"MagicChant","floor":14},{"not_picked":["ManaRampage","FinalSpark"],"picked":"BinaryStars","floor":16},{"not_picked":["OpenUniverse+1","UnstableBomb"],"picked":"NonDirectionalLaser","floor":18},{"not_picked":["6A","WitchOfGreed+1"],"picked":"RefractionSpark+1","floor":19},{"not_picked":["Enlightenment","Forethought"],"picked":"Dramatic Entrance","floor":20},{"not_picked":["Jack Of All Trades","Forethought"],"picked":"Madness","floor":20},{"not_picked":["WitchOfGreed","OrrerysSun"],"picked":"LuminesStrike+1","floor":22},{"not_picked":["OrrerysSun+1","DarkSpark"],"picked":"IllusionStar","floor":24},{"not_picked":["ShootTheMoon+1","AsteroidBelt","NonDirectionalLaser"],"picked":"SKIP","floor":29},{"not_picked":["ShootingEcho","BlazingStar"],"picked":"LuminesStrike","floor":31},{"not_picked":["BlazingStar","UltimateShortwave"],"picked":"BigCrunch","floor":33},{"not_picked":["Acceleration+1","GasGiant+1"],"picked":"OortCloud+1","floor":35},{"not_picked":["UnstableBomb+1","NonDirectionalLaser"],"picked":"6A+1","floor":36},{"not_picked":["Sadistic Nature+1","PanicButton"],"picked":"Discovery","floor":37},{"not_picked":["SporeBomb","6A+1"],"picked":"GravityBeat","floor":39},{"not_picked":["SporeBomb+1","GravityBeat"],"picked":"PowerUp+1","floor":41},{"not_picked":["LuminesStrike+1","DC+1"],"picked":"ManaRampage","floor":45},{"not_picked":["OneTimeOff+1","NonDirectionalLaser+1"],"picked":"MagicAbsorber","floor":47},{"not_picked":["MysteriousBeam","Robbery"],"picked":"MagicAbsorber+1","floor":48}],"player_experience":1145498,"relics_obtained":[{"floor":6,"key":"AmplifyWand"},{"floor":9,"key":"Art of War"},{"floor":11,"key":"Eternal Feather"},{"floor":13,"key":"Anchor"},{"floor":24,"key":"Potion Belt"},{"floor":26,"key":"Frozen Egg 2"},{"floor":29,"key":"Centennial Puzzle"},{"floor":31,"key":"Regal Pillow"},{"floor":38,"key":"HandmadeGrimoire"},{"floor":43,"key":"Nunchaku"},{"floor":45,"key":"Pocketwatch"},{"floor":48,"key":"BreadOfAWashokuLover"}],"event_choices":[{"damage_healed":0,"gold_gain":0,"player_choice":"Donut","damage_taken":0,"max_hp_gain":5,"max_hp_loss":0,"event_name":"Big Fish","floor":8,"gold_loss":0},{"damage_healed":0,"gold_gain":0,"player_choice":"Entered Light","damage_taken":17,"max_hp_gain":0,"max_hp_loss":0,"event_name":"Shining Light","floor":12,"gold_loss":0,"cards_upgraded":["Defend_MRS","Strike_MRS"]},{"damage_healed":0,"gold_gain":0,"player_choice":"Machinery","damage_taken":0,"max_hp_gain":0,"max_hp_loss":0,"event_name":"Elementarium:IncubationChamber","floor":20,"gold_loss":0},{"damage_healed":0,"gold_gain":0,"player_choice":"Take","damage_taken":0,"relics_obtained":["Elementarium:FlickeringLantern"],"max_hp_gain":0,"max_hp_loss":0,"event_name":"Elementarium:HeartOfTheVoid","floor":21,"gold_loss":0},{"damage_healed":0,"gold_gain":0,"player_choice":"Toss","damage_taken":0,"max_hp_gain":0,"max_hp_loss":0,"event_name":"Elementarium:OnrushingOffering","floor":27,"gold_loss":10,"cards_obtained":["Elementarium:GildedEssence"]},{"damage_healed":0,"gold_gain":0,"player_choice":"Memory 1","damage_taken":0,"max_hp_gain":0,"max_hp_loss":0,"event_name":"SensoryStone","floor":37,"gold_loss":0},{"damage_healed":0,"gold_gain":0,"player_choice":"Ignored","damage_taken":0,"max_hp_gain":0,"max_hp_loss":0,"event_name":"Elementarium:ChestOfTheGoldenMirage","floor":42,"gold_loss":0}],"is_beta":false,"boss_relics":[{"not_picked":["Fusion Hammer","Cursed Key"],"picked":"ExperimentalFamiliar"},{"not_picked":["RampagingMagicTools","SacredBark"],"picked":"SlaversCollar"}],"items_purged_floors":[5],"is_endless":false,"potions_floor_spawned":[1,6,7,10,13,16,18,19,29,36,39,45,48],"ascension_level":0}}