{"host":"815dqs41i1y8uxms","time":1612806642,"event":{"mods":["2.2 Compatiblity","A Penny For Your Troubles","Act Like it!","BaseMod","Dark Map","Elementarium","Fox Events","Jorbs\u0027s Wanderer Trilogy","Minty Spire (QoL Compilation)","Rare Cards Sparkle","Shop Mod","Spire Arcade","StSLib","The Cursed","The Hierophant","The Jungle","The Marked","Wandering Minibosses"],"gold_per_floor":[20,20,20,37,56,56,56,56,56,129,129,150,325,369,369,499,499,518,9,9,9,9,9,29,29,29,29,29,29,50,63,63,183,183,201,220,19,294,314,352,352,352],"floor_reached":41,"language":"ENG","playtime":2328,"items_purged":["Doubt"],"score":467,"play_id":"e3be88ae-3907-4042-9439-bd180cbcb5e4","local_time":"20210208185042","is_ascension_mode":false,"campfire_choices":[{"data":"theMarked:Levitate","floor":6,"key":"SMITH"},{"data":"theMarked:CreepingChasm","floor":8,"key":"SMITH"},{"floor":15,"key":"REST"},{"floor":23,"key":"REST"},{"floor":27,"key":"REST"},{"floor":29,"key":"REST"},{"floor":32,"key":"REST"}],"circlet_count":0,"master_deck":["theMarked:Strike","theMarked:Strike","theMarked:Strike","theMarked:Strike","theMarked:Strike","theMarked:Defend","theMarked:Defend","theMarked:Defend","theMarked:Defend+1","theMarked:SoldierOfQuellstein+1","theMarked:Levitate+1","theMarked:CreepingChasm+1","theMarked:PowerFlow","theMarked:PowerFlow","theMarked:Reabsorb","theMarked:LightningStrikesTwice","theMarked:Seal","theMarked:Abjuration","theMarked:RepellingDischarge+1","theMarked:MuscleMemory","theMarked:Aftermath","theMarked:Panic","theMarked:BanishingStrike+1","theMarked:BanishingStrike+1","theMarked:Levitate","theMarked:Reabsorb","theMarked:Improvise+1","theMarked:BanishingWave","theMarked:MuscleMemory","Regret","theMarked:Overcharge+1","theMarked:OneWithTheBlade"],"relics":["theMarked:ArtifactOfAir","Golden Idol","Thread and Needle","Letter Opener","Lantern","Black Star","Membership Card","MerchantsRug","theMarked:DemonDagger","Shuriken","theJungle:SneckoAutograph","PreservedInsect","theMarked:Eyepatch","Blue Candle","Bronze Scales","HandDrill","Dead Branch","Anchor"],"acts_visited":["Exordium","Exordium","TheBeyond"],"potions_floor_usage":[14,14,16,30,40,40],"damage_taken":[{"damage":0,"enemies":"Small Slimes","floor":1,"turns":3},{"damage":0,"enemies":"2 Louse","floor":4,"turns":3},{"damage":0,"enemies":"Cultist","floor":5,"turns":4},{"damage":0,"enemies":"3 Sentries","floor":10,"turns":4},{"damage":1,"enemies":"Looter","floor":12,"turns":2},{"damage":5,"enemies":"3 Sentries","floor":14,"turns":4},{"damage":34,"enemies":"Hexaghost","floor":16,"turns":6},{"damage":59,"enemies":"theJungle:Flameango_and_Byrd","floor":18,"turns":6},{"damage":6,"enemies":"theJungle:GiantWrat","floor":24,"turns":4},{"damage":10,"enemies":"theJungle:2_Flameangoes","floor":30,"turns":6},{"damage":5,"enemies":"theJungle:JungleHuntersEncounter","floor":31,"turns":5},{"damage":41,"enemies":"theJungle:QueenSpyder","floor":33,"turns":13},{"damage":17,"enemies":"3 Shapes","floor":35,"turns":4},{"damage":1,"enemies":"Orb Walker","floor":36,"turns":2},{"damage":25,"enemies":"Spire Growth","floor":39,"turns":4},{"damage":18,"enemies":"Giant Head","floor":40,"turns":3},{"damage":26,"enemies":"3 Darklings","floor":41,"turns":4}],"seed_played":"-3648309409733858635","potions_obtained":[{"floor":1,"key":"LiquidBronze"},{"floor":4,"key":"theMarked:SummonPotion"},{"floor":11,"key":"DuplicationPotion"},{"floor":24,"key":"SkillPotion"},{"floor":31,"key":"Regen Potion"},{"floor":35,"key":"DistilledChaos"},{"floor":36,"key":"Block Potion"}],"is_trial":false,"path_per_floor":["M","?","?","M","M","R","?","R","T","?","?","M","?","E","R","B",null,"M","$","?","?","$","R","M","?","T","R","?","R","M","M","R","B",null,"M","M","$","?","M","E","M"],"character_chosen":"THE_DEFAULT","items_purchased":["Membership Card","MerchantsRug","theMarked:DemonDagger","Shuriken","theMarked:MuscleMemory","theMarked:Aftermath","Bronze Scales","HandDrill","theMarked:BanishingWave","theMarked:MuscleMemory"],"campfire_rested":5,"item_purchase_floors":[19,19,19,19,19,19,37,37,37,37],"current_hp_per_floor":[70,56,61,61,61,61,61,61,61,61,61,60,60,55,75,41,75,16,16,16,6,6,28,22,22,22,44,44,66,56,51,73,32,75,58,57,57,57,32,26,0,0],"gold":352,"neow_bonus":"THREE_RARE_CARDS","is_daily":false,"chose_seed":false,"campfire_upgraded":2,"win_rate":0.0,"timestamp":1612806642,"path_taken":["M","?","?","M","M","R","?","R","T","?","?","?","?","E","R","BOSS","M","$","?","?","?","R","M","?","T","R","?","R","?","M","R","BOSS","M","M","$","?","?","E","?"],"items_purchased_type":["Relic","Relic","Relic","Relic","Card","Card","Relic","Relic","Card","Card"],"build_version":"2020-12-22","purchased_purges":1,"victory":false,"max_hp_per_floor":[70,70,75,75,75,75,75,75,75,75,75,75,75,75,75,75,75,75,75,75,75,75,75,75,75,75,75,75,75,75,75,75,75,75,75,75,75,75,75,75,75,75],"card_choices":[{"not_picked":["theMarked:Challenge","theMarked:FavorableWinds"],"picked":"theMarked:Levitate","floor":0},{"not_picked":["theMarked:BanishingStrike","theMarked:TakeCover"],"picked":"theMarked:CreepingChasm","floor":1},{"not_picked":["theMarked:Friction","theMarked:CreepingChasm"],"picked":"theMarked:PowerFlow","floor":4},{"not_picked":["theMarked:ResourceFulStrike","theMarked:TakeCover"],"picked":"theMarked:PowerFlow","floor":5},{"not_picked":["theMarked:Memento","theMarked:Parkour"],"picked":"theMarked:Reabsorb","floor":10},{"not_picked":["theMarked:Parkour","theMarked:UnarmedFury"],"picked":"theMarked:LightningStrikesTwice","floor":12},{"not_picked":["theMarked:Memento","theMarked:WastefulAttack"],"picked":"theMarked:Seal","floor":14},{"not_picked":["theMarked:TurnInvisible","theMarked:TakeOffHeels"],"picked":"theMarked:Abjuration","floor":16},{"not_picked":["theMarked:KeepCalmAndFight","theMarked:Friction"],"picked":"theMarked:RepellingDischarge+1","floor":18},{"not_picked":["theMarked:RepellingDischarge","theMarked:Aftermath"],"picked":"theMarked:Panic","floor":24},{"not_picked":["theMarked:RepellingDischarge+1","theMarked:Parkour+1"],"picked":"theMarked:BanishingStrike+1","floor":30},{"not_picked":["theMarked:Parkour","theMarked:ChainLightning"],"picked":"theMarked:BanishingStrike+1","floor":31},{"not_picked":["theMarked:FavorableWinds","theMarked:Snap"],"picked":"theMarked:Levitate","floor":33},{"not_picked":["theMarked:Frustration","theMarked:TakeCover"],"picked":"theMarked:Reabsorb","floor":35},{"not_picked":["theMarked:Memento+1","theMarked:GodGivenPower"],"picked":"theMarked:Improvise+1","floor":36},{"not_picked":["theMarked:TwofoldDefense+1","theMarked:Memento+1"],"picked":"theMarked:Overcharge+1","floor":39},{"not_picked":["theMarked:Pokerface+1","theMarked:TheMission+1"],"picked":"theMarked:OneWithTheBlade","floor":40}],"player_experience":4164155,"relics_obtained":[{"floor":9,"key":"Thread and Needle"},{"floor":10,"key":"Letter Opener"},{"floor":14,"key":"Lantern"},{"floor":26,"key":"PreservedInsect"},{"floor":40,"key":"Dead Branch"},{"floor":40,"key":"Anchor"}],"event_choices":[{"damage_healed":0,"gold_gain":0,"player_choice":"Entered Light","damage_taken":14,"max_hp_gain":0,"max_hp_loss":0,"event_name":"Shining Light","floor":2,"gold_loss":0,"cards_upgraded":["theMarked:SoldierOfQuellstein","theMarked:Defend"]},{"damage_healed":0,"gold_gain":0,"player_choice":"Donut","damage_taken":0,"max_hp_gain":5,"max_hp_loss":0,"event_name":"Big Fish","floor":3,"gold_loss":0},{"damage_healed":0,"gold_gain":0,"player_choice":"Take Wound","damage_taken":0,"relics_obtained":["Golden Idol"],"max_hp_gain":0,"max_hp_loss":0,"event_name":"Golden Idol","floor":7,"gold_loss":0,"cards_obtained":["Injury"]},{"damage_healed":0,"gold_gain":30,"player_choice":"Searched \u00272\u0027 times","damage_taken":0,"max_hp_gain":0,"max_hp_loss":0,"event_name":"Dead Adventurer","floor":10,"gold_loss":0},{"damage_healed":0,"gold_gain":0,"player_choice":"Got Potions","damage_taken":0,"max_hp_gain":0,"max_hp_loss":0,"event_name":"Lab","floor":11,"gold_loss":0},{"damage_healed":0,"gold_gain":175,"player_choice":"AGREE","damage_taken":0,"max_hp_gain":0,"max_hp_loss":0,"event_name":"Liars Game","floor":13,"gold_loss":0,"cards_obtained":["Doubt"]},{"cards_removed":["Shame"],"damage_healed":0,"gold_gain":0,"player_choice":"Purged","damage_taken":0,"max_hp_gain":0,"max_hp_loss":0,"event_name":"Purifier","floor":28,"gold_loss":0},{"damage_healed":0,"gold_gain":275,"player_choice":"Desecrate","damage_taken":0,"max_hp_gain":0,"max_hp_loss":0,"event_name":"Golden Shrine","floor":38,"gold_loss":0,"cards_obtained":["Regret"]}],"is_beta":false,"boss_relics":[{"not_picked":["Coffee Dripper","Runic Dome"],"picked":"Black Star"},{"not_picked":["SacredBark","Velvet Choker"],"picked":"theMarked:Eyepatch"}],"items_purged_floors":[19],"is_endless":false,"potions_floor_spawned":[1,4,12,24,31,35,36],"killed_by":"3 Darklings","ascension_level":0}}