{"host":"pm6tps78s2qrawcb","time":1612816867,"event":{"mods":["BaseMod","BetterRewards","Colored Map","DeckTracker","Downfall","Hubris","Infinite Spire","Mimic Mod","Minty Spire (QoL Compilation)","Reliquary","Shop Mod","StSLib"],"gold_per_floor":[99,110,110,15,31,31,31,31,43,43,55,55,55,230,248,248,248,248],"floor_reached":16,"language":"ENG","playtime":553,"items_purged":[],"score":90,"play_id":"dc3b4d2f-2973-4976-84b3-5f66296fa20c","local_time":"20210208204107","is_ascension_mode":false,"campfire_choices":[{"data":"Barricade","floor":10,"key":"SMITH"},{"data":"Whirlwind","floor":13,"key":"SMITH"}],"circlet_count":0,"master_deck":["sneckomod:Strike","sneckomod:Strike","sneckomod:Strike","sneckomod:Defend","sneckomod:Defend","sneckomod:Defend","sneckomod:TailWhip","sneckomod:SnekBite","sneckomod:Unknown","sneckomod:Unknown","Barricade+1","sneckomod:QuickBite","sneckomod:SnakeSap","sneckomod:UnknownX","Whirlwind+1","sneckomod:QuickBite","sneckomod:Unknown0Cost","Doubt"],"relics":["sneckomod:SneckoSoul","downfall:BrokenWingStatue","Frozen Egg 2","infinitespire:Lucky Rock"],"acts_visited":["Exordium"],"potions_floor_usage":[16,16],"damage_taken":[{"damage":0,"enemies":"Cultist","floor":2,"turns":4},{"damage":0,"enemies":"downfall:FleeingMerchant","floor":4,"turns":4},{"damage":5,"enemies":"Small Slimes","floor":5,"turns":3},{"damage":6,"enemies":"2 Louse","floor":9,"turns":2},{"damage":0,"enemies":"2 Fungi Beasts","floor":11,"turns":2},{"damage":9,"enemies":"Blue Slaver","floor":15,"turns":4},{"damage":87,"enemies":"WA_ARCHETYPE_RETAIN","floor":16,"turns":9}],"seed_played":"2821592723488450846","potions_obtained":[{"floor":9,"key":"sneckomod:DiceRollPotion"},{"floor":15,"key":"Regen Potion"}],"is_trial":false,"path_per_floor":["R","M","?","$","M","?","T","R","M","R","M","?","R","?","M","B"],"character_chosen":"THE_SNECKO","items_purchased":["sneckomod:UnknownX"],"campfire_rested":0,"item_purchase_floors":[4],"current_hp_per_floor":[90,90,90,90,85,85,85,85,79,79,79,79,79,79,70,0,0,0],"gold":248,"neow_bonus":"ONE_RANDOM_RARE_CARD","is_daily":false,"chose_seed":false,"campfire_upgraded":2,"win_rate":0.0,"timestamp":1612816867,"path_taken":["R","M","?","$","M","?","T","R","M","R","?","?","R","?","M","BOSS"],"items_purchased_type":["Card"],"build_version":"2020-12-22","purchased_purges":0,"victory":false,"max_hp_per_floor":[90,90,90,90,90,90,90,90,90,90,90,90,90,90,90,90,90,90],"card_choices":[{"not_picked":["sneckomod:DiceCrush","sneckomod:UnknownCommonAttack"],"picked":"sneckomod:QuickBite","floor":2},{"not_picked":["sneckomod:DefensiveFlair","sneckomod:UnendingSupply"],"picked":"sneckomod:SnakeSap","floor":4},{"not_picked":["sneckomod:RainOfDice","sneckomod:DangerNoodle","sneckomod:MasterEye"],"picked":"SKIP","floor":5},{"not_picked":["sneckomod:SoulRoll","sneckomod:WideSting"],"picked":"sneckomod:QuickBite","floor":9},{"not_picked":["sneckomod:WideSting","sneckomod:IronFang"],"picked":"sneckomod:Unknown0Cost","floor":11},{"not_picked":["sneckomod:ImprovisedGuard","sneckomod:UnknownCommonSkill","sneckomod:QuickMove"],"picked":"SKIP","floor":15}],"player_experience":284834,"relics_obtained":[{"floor":7,"key":"Frozen Egg 2"},{"floor":12,"key":"infinitespire:Lucky Rock"}],"event_choices":[],"is_beta":false,"boss_relics":[],"items_purged_floors":[],"is_endless":false,"potions_floor_spawned":[9,15],"killed_by":"WA_ARCHETYPE_RETAIN","ascension_level":0}}