{"host":"okvf2hy7r209l3k2","time":1612765484,"event":{"mods":["BaseMod","Block Reminder","Colored Map","Colored Powertips","Downfall","Hermit","Highlight Path","Minty Spire (QoL Compilation)","Permanent Neow","StSLib","The Cursed"],"gold_per_floor":[369,263,281,299,311,18,32,47,47,47,2,37,37,55,55,55,55],"floor_reached":16,"language":"ENG","playtime":4450,"items_purged":["hermit:Strike_Hermit"],"score":104,"play_id":"f72e2431-cc7c-4df3-9ba2-f709d97a02e5","local_time":"20210207212444","is_ascension_mode":false,"campfire_choices":[{"data":"hermit:Determination","floor":10,"key":"SMITH"},{"floor":13,"key":"REST"},{"floor":15,"key":"REST"}],"circlet_count":0,"master_deck":["hermit:Strike_Hermit","hermit:Strike_Hermit","hermit:Strike_Hermit","hermit:Defend_Hermit","hermit:Defend_Hermit","hermit:Defend_Hermit","hermit:Defend_Hermit","hermit:Snapshot","hermit:Covet","hermit:Vantage","hermit:Headshot","hermit:ShadowCloak","hermit:HighCaliber","hermit:Determination+1","hermit:ItchyTrigger","hermit:BigShot","hermit:TrackingShot","hermit:Ricochet","hermit:Roulette"],"relics":["hermit:Momento","Akabeko","Sling","Matryoshka","Regal Pillow"],"acts_visited":["Exordium"],"potions_floor_usage":[16,16],"damage_taken":[{"damage":3,"enemies":"Small Slimes","floor":1,"turns":3},{"damage":1,"enemies":"Cultist","floor":3,"turns":3},{"damage":0,"enemies":"2 Louse","floor":4,"turns":1},{"damage":0,"enemies":"Exordium Thugs","floor":5,"turns":4},{"damage":9,"enemies":"Exordium Wildlife","floor":7,"turns":4},{"damage":7,"enemies":"Blue Slaver","floor":8,"turns":4},{"damage":24,"enemies":"Lagavulin","floor":12,"turns":5},{"damage":11,"enemies":"3 Louse","floor":14,"turns":4},{"damage":69,"enemies":"The Guardian","floor":16,"turns":9}],"seed_played":"1343492285648100645","potions_obtained":[{"floor":4,"key":"champ:CounterPotion"},{"floor":5,"key":"Ancient Potion"},{"floor":8,"key":"Energy Potion"}],"is_trial":false,"path_per_floor":["M","?","M","M","M","$","M","M","T","R","$","E","R","M","R","B"],"character_chosen":"HERMIT","items_purchased":["Sling","hermit:Determination","hermit:TrackingShot"],"campfire_rested":2,"item_purchase_floors":[6,6,11],"current_hp_per_floor":[65,65,64,64,64,64,55,48,48,48,48,24,59,48,68,0,0],"gold":55,"neow_bonus":"TWO_FIFTY_GOLD","is_daily":false,"chose_seed":false,"campfire_upgraded":1,"win_rate":0.0,"timestamp":1612765484,"path_taken":["M","?","?","M","M","$","M","M","T","R","$","E","R","M","R","BOSS"],"items_purchased_type":["Relic","Card","Card"],"build_version":"2020-12-22","purchased_purges":1,"victory":false,"max_hp_per_floor":[68,68,68,68,68,68,68,68,68,68,68,68,68,68,68,68,68],"card_choices":[{"not_picked":["hermit:Shortfuse","hermit:FlashPowder"],"picked":"hermit:Vantage","floor":1},{"not_picked":["hermit:Virtue","hermit:TrackingShot"],"picked":"hermit:Headshot","floor":3},{"not_picked":["hermit:Cheat","hermit:SprayPray"],"picked":"hermit:ShadowCloak","floor":4},{"not_picked":["hermit:Quickdraw","hermit:DeadMansHand"],"picked":"hermit:HighCaliber","floor":5},{"not_picked":["hermit:HighCaliber","hermit:FatalDesire"],"picked":"hermit:ItchyTrigger","floor":7},{"not_picked":["hermit:Ricochet","hermit:ItchyTrigger"],"picked":"hermit:BigShot","floor":8},{"not_picked":["hermit:Scavenge","hermit:Dissolve"],"picked":"hermit:Ricochet","floor":12},{"not_picked":["hermit:Showdown","hermit:DeadMansHand"],"picked":"hermit:Roulette","floor":14}],"player_experience":179867,"relics_obtained":[{"floor":9,"key":"Matryoshka"},{"floor":12,"key":"Regal Pillow"}],"event_choices":[{"damage_healed":0,"gold_gain":0,"player_choice":"Paid Gold","damage_taken":0,"relics_obtained":["Akabeko"],"max_hp_gain":0,"max_hp_loss":0,"event_name":"WeMeetAgain","floor":2,"gold_loss":106}],"is_beta":false,"boss_relics":[],"items_purged_floors":[6],"is_endless":false,"potions_floor_spawned":[4,5,8,14],"killed_by":"The Guardian","ascension_level":0}}