{"host":"52lujqhsyicpcskq","time":1612795620,"event":{"mods":["BaseMod","Colored Map","Minty Spire (QoL Compilation)","Permanent Neow","StSLib","SuperFastMode","everything is the same but u backflip on backflip"],"gold_per_floor":[112,130,148,163,181,181,214,225,307,307,267,11,11,29,29,106,106,123,138,153,153,171,198,198,212,212,212,212,212],"floor_reached":28,"language":"KOR","playtime":994,"items_purged":[],"score":526,"play_id":"8aaa0e9b-842f-4e26-9e5f-bec08f4207e0","local_time":"20210208234700","is_ascension_mode":true,"campfire_choices":[{"floor":6,"key":"REST"},{"data":"Dagger Spray","floor":10,"key":"SMITH"},{"data":"Terror","floor":13,"key":"SMITH"},{"data":"Neutralize","floor":15,"key":"SMITH"},{"floor":24,"key":"REST"},{"data":"Night Terror","floor":27,"key":"SMITH"}],"circlet_count":0,"master_deck":["AscendersBane","Strike_G","Strike_G","Defend_G","Defend_G","Defend_G","Defend_G","Survivor","Neutralize+1","Quick Slash","Terror+1","Dagger Spray+1","Deflect","Well Laid Plans","After Image","PiercingWail","Slice","Night Terror+1","Envenom+1","PiercingWail+1","Skewer+1","Crippling Poison","Slice","Footwork","Backflip","Poisoned Stab","Leg Sweep"],"relics":["Ring of the Snake","Happy Flower","Potion Belt","Pear","Pantograph","Astrolabe","Juzu Bracelet","Dead Branch"],"acts_visited":["Exordium","TheCity"],"potions_floor_usage":[7,16,16,16,23,23,23,23],"damage_taken":[{"damage":0,"enemies":"Jaw Worm","floor":1,"turns":5},{"damage":0,"enemies":"Cultist","floor":2,"turns":4},{"damage":0,"enemies":"2 Louse","floor":3,"turns":3},{"damage":19,"enemies":"Large Slime","floor":4,"turns":9},{"damage":5,"enemies":"3 Louse","floor":5,"turns":5},{"damage":13,"enemies":"3 Sentries","floor":7,"turns":6},{"damage":0,"enemies":"Looter","floor":8,"turns":4},{"damage":10,"enemies":"Exordium Thugs","floor":14,"turns":5},{"damage":0,"enemies":"Slime Boss","floor":16,"turns":5},{"damage":23,"enemies":"Spheric Guardian","floor":18,"turns":7},{"damage":10,"enemies":"Chosen","floor":19,"turns":5},{"damage":7,"enemies":"Centurion and Healer","floor":20,"turns":6},{"damage":16,"enemies":"Snake Plant","floor":22,"turns":4},{"damage":0,"enemies":"Gremlin Leader","floor":23,"turns":4},{"damage":14,"enemies":"Snecko","floor":25,"turns":7},{"damage":36,"enemies":"3 Cultists","floor":28,"turns":4}],"seed_played":"5892615713935876987","potions_obtained":[{"floor":1,"key":"Strength Potion"},{"floor":4,"key":"Strength Potion"},{"floor":11,"key":"SteroidPotion"},{"floor":11,"key":"Energy Potion"},{"floor":11,"key":"GhostInAJar"},{"floor":16,"key":"Strength Potion"},{"floor":18,"key":"Strength Potion"},{"floor":22,"key":"Explosive Potion"}],"is_trial":false,"path_per_floor":["M","M","M","M","M","R","E","M","T","R","?","$","R","M","R","B",null,"M","M","M","?","M","E","R","M","T","R","M"],"character_chosen":"THE_SILENT","items_purchased":["Pantograph"],"campfire_rested":2,"item_purchase_floors":[12],"current_hp_per_floor":[63,63,63,44,39,60,47,47,57,57,57,57,57,47,47,72,78,55,45,38,38,22,22,46,32,32,32,0,0],"gold":212,"neow_bonus":"RANDOM_COMMON_RELIC","is_daily":false,"chose_seed":false,"campfire_upgraded":4,"win_rate":0.0,"timestamp":1612795620,"path_taken":["M","M","M","M","M","R","E","M","T","R","?","$","R","M","R","BOSS","M","?","?","?","M","E","R","M","T","R","M"],"items_purchased_type":["Relic"],"build_version":"2020-12-22","purchased_purges":0,"victory":false,"max_hp_per_floor":[70,70,70,70,70,70,70,70,80,80,80,80,80,80,80,80,80,80,80,80,80,80,80,80,80,80,80,80,80],"card_choices":[{"not_picked":["Infinite Blades","Deadly Poison"],"picked":"Quick Slash","floor":1},{"not_picked":["Slice","Prepared"],"picked":"Terror","floor":2},{"not_picked":["Acrobatics","Dodge and Roll"],"picked":"Dagger Spray","floor":3},{"not_picked":["Distraction","Choke"],"picked":"Deflect","floor":4},{"not_picked":["Underhanded Strike","Blade Dance"],"picked":"Well Laid Plans","floor":5},{"not_picked":["Dagger Throw","Infinite Blades"],"picked":"After Image","floor":7},{"not_picked":["Infinite Blades","Flying Knee"],"picked":"PiercingWail","floor":8},{"not_picked":["Predator","Dagger Throw"],"picked":"Slice","floor":14},{"not_picked":["Die Die Die","Storm of Steel"],"picked":"Night Terror","floor":16},{"not_picked":["Leg Sweep","Infinite Blades"],"picked":"Crippling Poison","floor":18},{"not_picked":["Reflex","Deflect"],"picked":"Slice","floor":19},{"not_picked":["Slice","Finisher"],"picked":"Footwork","floor":20},{"not_picked":["Endless Agony","Infinite Blades+1"],"picked":"Backflip","floor":22},{"not_picked":["Choke","Flying Knee"],"picked":"Poisoned Stab","floor":23},{"not_picked":["Underhanded Strike+1","Acrobatics"],"picked":"Leg Sweep","floor":25}],"player_experience":769314,"relics_obtained":[{"floor":7,"key":"Potion Belt"},{"floor":9,"key":"Pear"},{"floor":23,"key":"Juzu Bracelet"},{"floor":26,"key":"Dead Branch"}],"event_choices":[{"damage_healed":0,"gold_gain":0,"player_choice":"Bought 3 Potions","damage_taken":0,"max_hp_gain":0,"max_hp_loss":0,"event_name":"The Woman in Blue","floor":11,"gold_loss":0},{"cards_removed":["Strike_G"],"damage_healed":0,"gold_gain":0,"player_choice":"Elegance","damage_taken":0,"max_hp_gain":0,"max_hp_loss":0,"event_name":"Back to Basics","floor":21,"gold_loss":0}],"is_beta":false,"boss_relics":[{"not_picked":["Fusion Hammer","Velvet Choker"],"picked":"Astrolabe"}],"items_purged_floors":[],"is_endless":false,"potions_floor_spawned":[1,4,5,16,18,22],"killed_by":"3 Cultists","ascension_level":13}}