{"host":"Alvar","time":1612777102,"event":{"mods":["AchievementEnabler","BaseMod","Minty Spire (QoL Compilation)","StSLib"],"gold_per_floor":[110,125,142,85,85,124,124,160,160,169,200,200,233,158,158,241,241,277,314,342,351,351,351,351],"floor_reached":23,"language":"ENG","playtime":699,"items_purged":["Pain"],"score":505,"play_id":"bac5862d-54d4-455b-9810-e25e435097c8","local_time":"20210208163822","is_ascension_mode":true,"campfire_choices":[{"data":"EmptyFist","floor":7.0,"key":"SMITH"},{"data":"ReachHeaven","floor":12.0,"key":"SMITH"},{"floor":15.0,"key":"REST"}],"circlet_count":0,"master_deck":["AscendersBane","Strike_P","Strike_P","Strike_P","Strike_P","Defend_P","Defend_P","Defend_P","Defend_P","Eruption+1","Vigilance","ReachHeaven+1","Protect","EmptyFist+1","FlurryOfBlows","Meditate","Adaptation+1","Conclude","Scrawl","CutThroughFate","SandsOfTime","Adaptation+1","InnerPeace","LikeWater+1","Tantrum","RitualDagger"],"relics":["PureWater","CeramicFish","Pear","Prayer Wheel","Ancient Tea Set","WarpedTongs","Frozen Egg 2","Sozu"],"acts_visited":["Exordium","TheCity"],"potions_floor_usage":[],"damage_taken":[{"damage":0.0,"enemies":"Cultist","floor":1.0,"turns":2.0},{"damage":8.0,"enemies":"2 Louse","floor":2.0,"turns":2.0},{"damage":0.0,"enemies":"Small Slimes","floor":3.0,"turns":2.0},{"damage":8.0,"enemies":"Gremlin Nob","floor":6.0,"turns":3.0},{"damage":7.0,"enemies":"3 Sentries","floor":8.0,"turns":5.0},{"damage":11.0,"enemies":"Lagavulin","floor":11.0,"turns":5.0},{"damage":15.0,"enemies":"Gremlin Gang","floor":13.0,"turns":3.0},{"damage":0.0,"enemies":"Slime Boss","floor":16.0,"turns":5.0},{"damage":17.0,"enemies":"2 Thieves","floor":18.0,"turns":4.0},{"damage":0.0,"enemies":"Spheric Guardian","floor":19.0,"turns":3.0},{"damage":17.0,"enemies":"3 Cultists","floor":20.0,"turns":4.0},{"damage":29,"enemies":"Slavers","floor":23,"turns":1}],"seed_played":"2001818497403814019","potions_obtained":[{"floor":1.0,"key":"SteroidPotion"},{"floor":6.0,"key":"CultistPotion"},{"floor":16.0,"key":"LiquidBronze"}],"is_trial":false,"path_per_floor":["M","M","M","$","?","E","R","E","T","?","E","R","M","$","R","B",null,"M","M","M","?","?","E"],"character_chosen":"WATCHER","items_purchased":["Strength Potion"],"campfire_rested":1,"item_purchase_floors":[4],"current_hp_per_floor":[61,53,53,53,48,50,50,43,43,43,32,32,17,17,40,40,69,52,52,35,29,29,0,0],"gold":351,"neow_bonus":"UPGRADE_CARD","is_daily":false,"chose_seed":false,"campfire_upgraded":2,"win_rate":0.0,"timestamp":1612777102,"path_taken":["M","M","M","?","?","E","R","E","T","?","E","R","?","$","R","BOSS","M","M","?","?","?","E"],"items_purchased_type":["Potion"],"build_version":"2020-12-18","purchased_purges":1,"victory":false,"max_hp_per_floor":[68,68,68,68,68,78,78,78,78,78,78,78,78,78,78,78,78,78,78,78,78,78,78,78],"card_choices":[{"not_picked":["Nirvana","Meditate"],"picked":"ReachHeaven","floor":1.0},{"not_picked":["ForeignInfluence","Halt"],"picked":"Protect","floor":2.0},{"not_picked":["Protect","ClearTheMind"],"picked":"EmptyFist","floor":3.0},{"not_picked":["Indignation","FlyingSleeves"],"picked":"FlurryOfBlows","floor":6.0},{"not_picked":["Swivel","FlurryOfBlows"],"picked":"Meditate","floor":8.0},{"not_picked":["Study+1","WreathOfFlame","BowlingBash"],"picked":"SKIP","floor":11.0},{"not_picked":["DeceiveReality","LessonLearned"],"picked":"Adaptation+1","floor":13.0},{"not_picked":["Perseverance","FlurryOfBlows"],"picked":"Conclude","floor":13.0},{"not_picked":["ConjureBlade","Judgement"],"picked":"Scrawl","floor":16.0},{"not_picked":["ClearTheMind","SashWhip"],"picked":"CutThroughFate","floor":18.0},{"not_picked":["FlyingSleeves","WreathOfFlame"],"picked":"SandsOfTime","floor":18.0},{"not_picked":["EmptyFist+1","FlyingSleeves"],"picked":"Adaptation+1","floor":19.0},{"not_picked":["CrushJoints","JustLucky"],"picked":"InnerPeace","floor":19.0},{"not_picked":["EmptyBody","FlyingSleeves"],"picked":"LikeWater+1","floor":20.0},{"not_picked":["FlyingSleeves+1","Nirvana+1"],"picked":"Tantrum","floor":20.0}],"player_experience":803921,"relics_obtained":[{"floor":6.0,"key":"Pear"},{"floor":8.0,"key":"Prayer Wheel"},{"floor":9.0,"key":"Ancient Tea Set"},{"floor":11.0,"key":"Frozen Egg 2"}],"event_choices":[{"damage_healed":0.0,"max_hp_gain":0.0,"max_hp_loss":0.0,"gold_gain":0.0,"event_name":"Scrap Ooze","player_choice":"Success","floor":5.0,"gold_loss":0.0,"damage_taken":5.0,"relics_obtained":["CeramicFish"]},{"damage_healed":0.0,"max_hp_gain":0.0,"max_hp_loss":0.0,"gold_gain":0.0,"event_name":"Accursed Blacksmith","player_choice":"Rummage","floor":10.0,"gold_loss":0.0,"damage_taken":0.0,"relics_obtained":["WarpedTongs"],"cards_obtained":["Pain"]},{"damage_healed":0.0,"max_hp_gain":0.0,"max_hp_loss":0.0,"gold_gain":0.0,"event_name":"Nest","player_choice":"Joined the Cult","floor":21.0,"gold_loss":0.0,"damage_taken":6.0,"cards_obtained":["RitualDagger"]},{"damage_healed":0.0,"max_hp_gain":0.0,"max_hp_loss":0.0,"gold_gain":0.0,"event_name":"Lab","player_choice":"Got Potions","floor":22.0,"gold_loss":0.0,"damage_taken":0.0}],"is_beta":true,"boss_relics":[{"not_picked":["Cursed Key","SacredBark"],"picked":"Sozu"}],"items_purged_floors":[14],"is_endless":false,"potions_floor_spawned":[1,6,8,16,18],"killed_by":"Slavers","ascension_level":19}}