{"host":"9be782jbh3sa3sl1","time":1612803615,"event":{"mods":["AchievementEnabler","BaseMod","BetterRewards","Hubris","Minty Spire (QoL Compilation)","Robot Space Explorer","Shop Mod","StSLib","The Hierophant","The Marked","The Poker Player"],"gold_per_floor":[114,130,143,3,78,78,105,105,152,4,4,4,21,40,40,141,141,153,170,188,458,39,39,71,86,86,86,100,100,132,150,150,249,249,266,31,43,43,43,43,74,92,92,92,92],"floor_reached":44,"language":"ENG","playtime":6474,"items_purged":[],"score":528,"play_id":"5b72aeb8-2a85-4a86-a837-c0822381de0e","local_time":"20210208120015","is_ascension_mode":false,"campfire_choices":[{"data":"RobotSpaceExplorer:FreezeRay","floor":6.0,"key":"SMITH"},{"data":"RobotSpaceExplorer:ToxicBomb","floor":8.0,"key":"SMITH"},{"data":"RobotSpaceExplorer:BigMissile","floor":15.0,"key":"SMITH"},{"floor":23.0,"key":"REST"},{"floor":27.0,"key":"RECALL"},{"data":"RobotSpaceExplorer:Explosion","floor":29.0,"key":"SMITH"},{"data":"RobotSpaceExplorer:FreezeRay","floor":32.0,"key":"SMITH"},{"floor":40.0,"key":"REST"}],"circlet_count":0,"master_deck":["RobotSpaceExplorer:Strike","RobotSpaceExplorer:Strike","RobotSpaceExplorer:Strike","RobotSpaceExplorer:Defend","RobotSpaceExplorer:Defend","RobotSpaceExplorer:Defend","RobotSpaceExplorer:Defend","RobotSpaceExplorer:Scan","RobotSpaceExplorer:MiniLasers","RobotSpaceExplorer:JunkDive","RobotSpaceExplorer:ToxicBomb+1","RobotSpaceExplorer:GlueShot","RobotSpaceExplorer:FreezeRay+1","RobotSpaceExplorer:LuckyStrike","RobotSpaceExplorer:Pulsar+1","RobotSpaceExplorer:FreezeRay+1","RobotSpaceExplorer:Ammunition","RobotSpaceExplorer:BigMissile+1","RobotSpaceExplorer:Blaster","RobotSpaceExplorer:DoubleFind","RobotSpaceExplorer:PowerCollector+1","RobotSpaceExplorer:Reload","RobotSpaceExplorer:PowerGlove","RobotSpaceExplorer:Explosion+1","RobotSpaceExplorer:TurboDodge","RobotSpaceExplorer:Discharger","RobotSpaceExplorer:Electroshield","RobotSpaceExplorer:Pulsar+1","RobotSpaceExplorer:FreezeRay+1","RobotSpaceExplorer:StunGrenade","RobotSpaceExplorer:Asteroid","RobotSpaceExplorer:ScrapMissile","RobotSpaceExplorer:Comet","RobotSpaceExplorer:GlueShot","RobotSpaceExplorer:DualCore","RobotSpaceExplorer:Ammunition+1","RobotSpaceExplorer:ScrapShield","RobotSpaceExplorer:GearShield+1","Parasite","RobotSpaceExplorer:GlueShot+1"],"relics":["RobotSpaceExplorer:TurboCore","NeowsBlessing","Nunchaku","DollysMirror","Calipers","Regal Pillow","Eternal Feather","hubris:SphereOfDissonance","hubris:Zylophone","hubris:TenFootPole","Ginger","hubris:FunFungus"],"acts_visited":["Exordium","TheCity","TheBeyond"],"potions_floor_usage":[],"damage_taken":[{"damage":0.0,"enemies":"2 Louse","floor":1.0,"turns":1.0},{"damage":0.0,"enemies":"Jaw Worm","floor":2.0,"turns":1.0},{"damage":0.0,"enemies":"Cultist","floor":3.0,"turns":1.0},{"damage":11.0,"enemies":"3 Sentries","floor":7.0,"turns":8.0},{"damage":0.0,"enemies":"Red Slaver","floor":13.0,"turns":3.0},{"damage":4.0,"enemies":"Large Slime","floor":14.0,"turns":3.0},{"damage":15.0,"enemies":"Slime Boss","floor":16.0,"turns":10.0},{"damage":9.0,"enemies":"2 Thieves","floor":18.0,"turns":4.0},{"damage":0.0,"enemies":"3 Byrds","floor":19.0,"turns":3.0},{"damage":2.0,"enemies":"Sentry and Sphere","floor":20.0,"turns":4.0},{"damage":0.0,"enemies":"Gremlin Leader","floor":24.0,"turns":6.0},{"damage":17.0,"enemies":"Snake Plant","floor":25.0,"turns":4.0},{"damage":14.0,"enemies":"Chosen and Byrds","floor":28.0,"turns":6.0},{"damage":16.0,"enemies":"Book of Stabbing","floor":30.0,"turns":5.0},{"damage":9.0,"enemies":"3 Cultists","floor":31.0,"turns":5.0},{"damage":44.0,"enemies":"Champ","floor":33.0,"turns":10.0},{"damage":36.0,"enemies":"3 Darklings","floor":35.0,"turns":6.0},{"damage":10.0,"enemies":"3 Shapes","floor":37.0,"turns":3.0},{"damage":34.0,"enemies":"Nemesis","floor":41.0,"turns":9.0},{"damage":15.0,"enemies":"Writhing Mass","floor":42.0,"turns":4.0},{"damage":26,"enemies":"Jaw Worm Horde","floor":44,"turns":3}],"seed_played":"1489270738615916010","potions_obtained":[{"floor":1.0,"key":"GamblersBrew"},{"floor":2.0,"key":"AttackPotion"},{"floor":16.0,"key":"Explosive Potion"},{"floor":18.0,"key":"GamblersBrew"},{"floor":25.0,"key":"Energy Potion"},{"floor":28.0,"key":"DistilledChaos"},{"floor":30.0,"key":"GamblersBrew"},{"floor":33.0,"key":"Energy Potion"},{"floor":37.0,"key":"Strength Potion"},{"floor":42.0,"key":"FearPotion"}],"is_trial":false,"path_per_floor":["M","M","M","$","?","R","E","R","T","$","?","?","M","M","R","B",null,"M","M","M","?","$","R","E","M","T","R","M","R","E","M","R","B",null,"M","$","M","T","?","R","E","M","T","M"],"character_chosen":"RobotSpaceExplorer","items_purchased":["RobotSpaceExplorer:FreezeRay","RobotSpaceExplorer:LuckyStrike","DollysMirror","RobotSpaceExplorer:PowerGlove","RobotSpaceExplorer:Explosion","Regal Pillow","RobotSpaceExplorer:TurboDodge","RobotSpaceExplorer:Comet","RobotSpaceExplorer:GlueShot","RobotSpaceExplorer:DualCore"],"campfire_rested":2,"item_purchase_floors":[4,4,10,22,22,22,22,36,36,36],"current_hp_per_floor":[75,75,75,75,64,64,53,53,53,53,53,53,53,49,49,34,75,66,66,64,37,37,74,74,57,57,72,58,73,57,48,66,22,75,39,39,29,29,29,75,41,26,26,0,0],"gold":92,"neow_bonus":"THREE_ENEMY_KILL","is_daily":false,"chose_seed":false,"campfire_upgraded":5,"win_rate":0.0,"timestamp":1612803615,"path_taken":["M","M","M","$","?","R","E","R","T","$","?","?","M","M","R","BOSS","M","M","M","?","$","R","E","M","T","R","M","R","E","M","R","BOSS","M","$","M","?","?","R","E","M","T","M"],"items_purchased_type":["Card","Card","Relic","Card","Card","Relic","Card","Card","Card","Card"],"build_version":"2020-12-22","purchased_purges":0,"victory":false,"max_hp_per_floor":[75,75,75,75,75,75,75,75,75,75,75,75,75,75,75,75,75,75,75,75,75,75,75,75,75,75,75,75,75,75,75,75,75,75,75,75,75,75,75,75,75,75,75,75,75],"card_choices":[{"not_picked":["RobotSpaceExplorer:SlimeMissile","RobotSpaceExplorer:FranticSearch"],"picked":"RobotSpaceExplorer:JunkDive","floor":1.0},{"not_picked":["RobotSpaceExplorer:Smokescreen","RobotSpaceExplorer:StunGrenade"],"picked":"RobotSpaceExplorer:ToxicBomb","floor":2.0},{"not_picked":["RobotSpaceExplorer:PlasmaMissile","RobotSpaceExplorer:ShockKick"],"picked":"RobotSpaceExplorer:GlueShot","floor":3.0},{"not_picked":["RobotSpaceExplorer:Wormhole","RobotSpaceExplorer:Multitool"],"picked":"RobotSpaceExplorer:Pulsar","floor":7.0},{"not_picked":["RobotSpaceExplorer:FrostMissile","RobotSpaceExplorer:ToxicBomb"],"picked":"RobotSpaceExplorer:Ammunition","floor":13.0},{"not_picked":["RobotSpaceExplorer:SwiftStep","RobotSpaceExplorer:Counterblock"],"picked":"RobotSpaceExplorer:BigMissile","floor":14.0},{"not_picked":["RobotSpaceExplorer:Exploration","RobotSpaceExplorer:ShockMissile"],"picked":"RobotSpaceExplorer:Blaster","floor":16.0},{"not_picked":["RobotSpaceExplorer:ImprovisedAttack","RobotSpaceExplorer:SlimeMissile+1"],"picked":"RobotSpaceExplorer:DoubleFind","floor":18.0},{"not_picked":["RobotSpaceExplorer:MiniBoosters","RobotSpaceExplorer:StarLightning+1"],"picked":"RobotSpaceExplorer:PowerCollector+1","floor":19.0},{"not_picked":["RobotSpaceExplorer:Discharger","RobotSpaceExplorer:MiniDrones"],"picked":"RobotSpaceExplorer:Reload","floor":20.0},{"not_picked":["RobotSpaceExplorer:ShockKick+1","RobotSpaceExplorer:SwiftStep+1"],"picked":"RobotSpaceExplorer:Discharger","floor":24.0},{"not_picked":["RobotSpaceExplorer:Probe","RobotSpaceExplorer:ScrapMissile"],"picked":"RobotSpaceExplorer:Electroshield","floor":25.0},{"not_picked":["RobotSpaceExplorer:MiniDrones","RobotSpaceExplorer:Autoloader"],"picked":"RobotSpaceExplorer:Pulsar+1","floor":28.0},{"not_picked":["RobotSpaceExplorer:StarDust","RobotSpaceExplorer:GlueShot"],"picked":"RobotSpaceExplorer:FreezeRay","floor":30.0},{"not_picked":["RobotSpaceExplorer:SelfCleaning","RobotSpaceExplorer:FrostMissile+1"],"picked":"RobotSpaceExplorer:StunGrenade","floor":31.0},{"not_picked":["RobotSpaceExplorer:Wormhole","RobotSpaceExplorer:Scanner"],"picked":"RobotSpaceExplorer:Asteroid","floor":33.0},{"not_picked":["RobotSpaceExplorer:MiniDrones","RobotSpaceExplorer:ShovelStrike"],"picked":"RobotSpaceExplorer:ScrapMissile","floor":35.0},{"not_picked":["RobotSpaceExplorer:Pulsar","RobotSpaceExplorer:ShovelStrike"],"picked":"RobotSpaceExplorer:Ammunition+1","floor":37.0},{"not_picked":["RobotSpaceExplorer:Scanner","RobotSpaceExplorer:MiniDrones"],"picked":"RobotSpaceExplorer:GearShield+1","floor":41.0},{"not_picked":["RobotSpaceExplorer:FreezingShield+1","RobotSpaceExplorer:FranticSearch"],"picked":"RobotSpaceExplorer:GlueShot+1","floor":42.0}],"player_experience":357345,"relics_obtained":[{"floor":7.0,"key":"Nunchaku"},{"floor":24.0,"key":"Eternal Feather"},{"floor":26.0,"key":"hubris:SphereOfDissonance"},{"floor":30.0,"key":"hubris:Zylophone"},{"floor":38.0,"key":"hubris:TenFootPole"},{"floor":41.0,"key":"Ginger"},{"floor":43.0,"key":"hubris:FunFungus"}],"event_choices":[{"damage_healed":0.0,"max_hp_gain":0.0,"max_hp_loss":0.0,"gold_gain":75.0,"event_name":"World of Goop","player_choice":"Gather Gold","floor":5.0,"gold_loss":0.0,"damage_taken":11.0},{"damage_healed":0.0,"max_hp_gain":0.0,"max_hp_loss":0.0,"gold_gain":0.0,"event_name":"Dead Adventurer","player_choice":"Searched \u00272\u0027 times","floor":11.0,"gold_loss":0.0,"damage_taken":0.0,"relics_obtained":["Calipers"]},{"damage_healed":0.0,"max_hp_gain":0.0,"max_hp_loss":0.0,"gold_gain":0.0,"event_name":"Upgrade Shrine","player_choice":"Upgraded","floor":12.0,"gold_loss":0.0,"damage_taken":0.0,"cards_upgraded":["RobotSpaceExplorer:Pulsar"]},{"damage_healed":0.0,"max_hp_gain":0.0,"max_hp_loss":0.0,"gold_gain":270.0,"event_name":"Knowing Skull","player_choice":"GOLD GOLD GOLD ","floor":21.0,"potions_obtained":[],"gold_loss":0.0,"damage_taken":27.0,"cards_obtained":[]},{"damage_healed":0.0,"max_hp_gain":0.0,"max_hp_loss":0.0,"gold_gain":0.0,"cards_transformed":["RobotSpaceExplorer:Strike"],"event_name":"Transmorgrifier","player_choice":"Transformed","floor":39.0,"gold_loss":0.0,"damage_taken":0.0,"cards_obtained":["RobotSpaceExplorer:ScrapShield"]}],"is_beta":false,"boss_relics":[{"not_picked":["Snecko Eye","hubris:RunicObelisk","Runic Pyramid"]},{"not_picked":["Fusion Hammer","Velvet Choker"],"picked":"RobotSpaceExplorer:TurboCore"}],"items_purged_floors":[],"is_endless":false,"potions_floor_spawned":[1,2,16,18,25,28,30,33,37,42],"killed_by":"Jaw Worm Horde","ascension_level":0}}