{"host":"7tvb1em0d2fx72q7","time":1612761792,"event":{"mods":["BaseMod","Challenge The Spire","Minty Spire (QoL Compilation)","StSLib","everything is the same but u backflip on backflip"],"gold_per_floor":[30,84,121,41,80,80,130,130,130,130,243,280,390,453,453,555,555,555,555],"floor_reached":18,"language":"ENG","playtime":1608,"items_purged":[],"score":348,"play_id":"12b02e4d-c21a-40bf-a5df-f56df1d24a16","local_time":"20210208002312","is_ascension_mode":true,"campfire_choices":[{"data":"HandOfGreed","floor":6,"key":"SMITH"},{"data":"Pommel Strike","floor":8,"key":"SMITH"},{"data":"True Grit","floor":10,"key":"SMITH"},{"data":"Bash","floor":15,"key":"SMITH"}],"circlet_count":0,"master_deck":["AscendersBane","Bash+1","HandOfGreed+1","Pommel Strike","Cleave","Pommel Strike+1","Headbutt","Shrug It Off","True Grit+1","Power Through","Feel No Pain","Battle Trance","Dropkick","Intimidate","Barricade","Limit Break","Sentinel","Dropkick","Disarm","Burning Pact","Dark Embrace","Body Slam","Feel No Pain","Burning Pact"],"relics":["Burning Blood","Bottled Flame","Ice Cream","Lizard Tail","Pandora\u0027s Box"],"acts_visited":["Exordium","TheCity"],"potions_floor_usage":[13,16,16],"damage_taken":[{"damage":1,"enemies":"Cultist","floor":1,"turns":3},{"damage":5,"enemies":"Small Slimes","floor":2,"turns":3},{"damage":6,"enemies":"2 Louse","floor":3,"turns":4},{"damage":8,"enemies":"2 Fungi Beasts","floor":5,"turns":3},{"damage":31,"enemies":"Gremlin Nob","floor":7,"turns":4},{"damage":14,"enemies":"Lots of Slimes","floor":11,"turns":10},{"damage":9,"enemies":"Exordium Thugs","floor":12,"turns":6},{"damage":7,"enemies":"3 Sentries","floor":13,"turns":7},{"damage":12,"enemies":"Large Slime","floor":14,"turns":12},{"damage":45,"enemies":"Hexaghost","floor":16,"turns":12},{"damage":0,"enemies":"Spheric Guardian","floor":18,"turns":2}],"seed_played":"8970259784130345085","potions_obtained":[{"floor":3,"key":"Energy Potion"},{"floor":11,"key":"SpeedPotion"},{"floor":13,"key":"LiquidBronze"},{"floor":14,"key":"Fruit Juice"}],"is_trial":false,"path_per_floor":["M","M","M","$","M","R","E","R","T","R","M","M","E","M","R","B",null,"M"],"character_chosen":"IRONCLAD","items_purchased":["Headbutt","Shrug It Off"],"campfire_rested":0,"item_purchase_floors":[4,4],"current_hp_per_floor":[73,74,74,74,72,72,47,47,47,47,39,36,35,29,29,36,69,69,69],"gold":555,"neow_bonus":"RANDOM_COLORLESS_2","is_daily":false,"chose_seed":false,"campfire_upgraded":4,"win_rate":0.0,"timestamp":1612761792,"path_taken":["M","M","M","$","M","R","E","R","T","R","M","M","E","M","R","BOSS","M"],"items_purchased_type":["Card","Card"],"build_version":"2020-12-22","purchased_purges":0,"victory":false,"max_hp_per_floor":[75,75,75,75,75,75,75,75,75,75,75,75,75,75,75,80,80,80,80],"card_choices":[{"not_picked":["Metamorphosis","The Bomb"],"picked":"HandOfGreed","floor":0.0},{"not_picked":["Wild Strike","Entrench"],"picked":"Pommel Strike","floor":1},{"not_picked":["Spot Weakness","Hemokinesis"],"picked":"Cleave","floor":2},{"not_picked":["Clash","Body Slam"],"picked":"Pommel Strike","floor":3},{"not_picked":["Clothesline","Perfected Strike"],"picked":"True Grit","floor":5},{"not_picked":["Heavy Blade","Warcry"],"picked":"Power Through","floor":7},{"not_picked":["Heavy Blade","Pommel Strike"],"picked":"Feel No Pain","floor":11},{"not_picked":["Evolve","Havoc"],"picked":"Battle Trance","floor":12},{"not_picked":["Armaments","Seeing Red"],"picked":"Dropkick","floor":13},{"not_picked":["Blood for Blood","Armaments"],"picked":"Intimidate","floor":14},{"not_picked":["Double Tap","Demon Form"],"picked":"Barricade","floor":16}],"player_experience":2036464,"relics_obtained":[{"floor":7,"key":"Bottled Flame"},{"floor":9,"key":"Ice Cream"},{"floor":13,"key":"Lizard Tail"}],"event_choices":[],"is_beta":false,"boss_relics":[{"not_picked":["Cursed Key","Coffee Dripper"],"picked":"Pandora\u0027s Box"}],"items_purged_floors":[],"is_endless":false,"potions_floor_spawned":[3,11,13,14],"killed_by":"Spheric Guardian","ascension_level":20}}