{"host":"kvo7eymyd21g9abd","time":1612818652,"event":{"mods":["AchievementEnabler","BaseMod","Bestiary","Colored Map","Minty Spire (QoL Compilation)","StSLib"],"gold_per_floor":[118,138,152,152,166,195,195,227,227,78,110,128,153,153,153,249,249,266,37,51,150,170,197,197,207,254,269,269,284,309,327,327,428,428,445,193,243,256,266,296,296,296],"floor_reached":41,"language":"ENG","playtime":1841,"items_purged":[],"score":652,"play_id":"aa9bbd29-fec3-4274-9f56-15f000a35765","local_time":"20210208161052","is_ascension_mode":true,"campfire_choices":[{"floor":7,"key":"RECALL"},{"floor":15,"key":"REST"},{"floor":24,"key":"REST"},{"floor":28,"key":"REST"},{"floor":32,"key":"REST"}],"circlet_count":0,"master_deck":["Strike_P","Strike_P","Defend_P","Defend_P","Defend_P","Eruption","Vigilance","Alpha+1","Prostrate+1","ForeignInfluence+1","Evaluate","PathToVictory","DeusExMachina+1","EmptyBody","SashWhip","Wallop","Evaluate+1","Evaluate+1","DeceiveReality+1","MasterReality","EmptyBody+1","Prostrate+1","PathToVictory+1","ThirdEye+1","PathToVictory+1","CutThroughFate","EmptyMind+1","CurseOfTheBell","EmptyMind+1","EmptyMind+1","Sanctity+1"],"relics":["Astrolabe","CloakClasp","Bronze Scales","Lee\u0027s Waffle","Toxic Egg 2","Letter Opener","Fusion Hammer","Toy Ornithopter","Darkstone Periapt","Bag of Marbles","Orichalcum","Calling Bell","Regal Pillow","StrikeDummy","WingedGreaves","Melange","FossilizedHelix","StoneCalendar"],"acts_visited":["Exordium","TheCity","TheBeyond"],"potions_floor_usage":[30,36],"damage_taken":[{"damage":0,"enemies":"Small Slimes","floor":1,"turns":4},{"damage":1,"enemies":"Cultist","floor":2,"turns":3},{"damage":7,"enemies":"2 Louse","floor":3,"turns":3},{"damage":7,"enemies":"Blue Slaver","floor":5,"turns":4},{"damage":6,"enemies":"Lagavulin","floor":6,"turns":5},{"damage":17,"enemies":"Gremlin Nob","floor":8,"turns":4},{"damage":16,"enemies":"Lagavulin","floor":11,"turns":5},{"damage":4,"enemies":"Looter","floor":12,"turns":3},{"damage":33,"enemies":"Gremlin Nob","floor":13,"turns":6},{"damage":21,"enemies":"Slime Boss","floor":16,"turns":5},{"damage":18,"enemies":"2 Thieves","floor":18,"turns":3},{"damage":7,"enemies":"Shell Parasite","floor":20,"turns":5},{"damage":1,"enemies":"Shelled Parasite and Fungi","floor":22,"turns":5},{"damage":39,"enemies":"Gremlin Leader","floor":23,"turns":5},{"damage":2,"enemies":"Snecko","floor":25,"turns":5},{"damage":18,"enemies":"Cultist and Chosen","floor":27,"turns":5},{"damage":19,"enemies":"Shelled Parasite and Fungi","floor":29,"turns":5},{"damage":7,"enemies":"Book of Stabbing","floor":30,"turns":4},{"damage":17,"enemies":"Snake Plant","floor":31,"turns":4},{"damage":0,"enemies":"Champ","floor":33,"turns":8},{"damage":8,"enemies":"Orb Walker","floor":35,"turns":5},{"damage":0,"enemies":"Mind Bloom Boss Battle","floor":37,"turns":5},{"damage":18,"enemies":"3 Darklings","floor":38,"turns":4},{"damage":17,"enemies":"Jaw Worm Horde","floor":39,"turns":4},{"damage":22,"enemies":"Nemesis","floor":40,"turns":7},{"damage":42,"enemies":"Writhing Mass","floor":41,"turns":3}],"seed_played":"-8045861925714444679","potions_obtained":[{"floor":2,"key":"ColorlessPotion"},{"floor":5,"key":"DuplicationPotion"},{"floor":6,"key":"GamblersBrew"},{"floor":13,"key":"StancePotion"},{"floor":30,"key":"PowerPotion"},{"floor":40,"key":"EssenceOfSteel"}],"is_trial":false,"path_per_floor":["M","M","M","?","M","E","R","E","T","$","E","M","E","?","R","B",null,"M","$","M","?","M","E","R","M","T","M","R","M","E","M","R","B",null,"M","$","?","M","M","E","M"],"character_chosen":"WATCHER","items_purchased":["Lee\u0027s Waffle","Toy Ornithopter","Prostrate+1","PathToVictory+1","Fruit Juice","Melange"],"campfire_rested":4,"item_purchase_floors":[10,19,19,19,36,36],"current_hp_per_floor":[72,71,64,64,57,51,51,34,34,79,63,59,26,26,49,28,79,61,61,54,54,53,14,37,35,35,17,40,21,19,2,25,25,85,77,87,87,69,52,30,0,0],"gold":296,"neow_bonus":"BOSS_RELIC","is_daily":false,"chose_seed":false,"campfire_upgraded":0,"win_rate":0.0,"timestamp":1612818652,"path_taken":["M","M","M","?","M","E","R","E","T","?","E","M","E","?","R","BOSS","M","$","M","?","M","E","R","M","T","M","R","M","E","M","R","BOSS","M","$","?","M","M","E","M"],"items_purchased_type":["Relic","Relic","Card","Card","Potion","Relic"],"build_version":"2020-12-22","purchased_purges":0,"victory":false,"max_hp_per_floor":[72,72,72,72,72,72,72,72,72,79,79,79,79,79,79,79,79,79,79,79,79,79,79,79,79,79,79,79,79,79,79,79,79,85,85,90,90,90,90,90,90,90],"card_choices":[{"not_picked":["Weave","PathToVictory"],"picked":"Evaluate","floor":1},{"not_picked":["BowlingBash","JustLucky"],"picked":"PathToVictory","floor":2},{"not_picked":["FollowUp","EmptyMind"],"picked":"DeusExMachina","floor":3},{"not_picked":["SandsOfTime","ClearTheMind"],"picked":"EmptyBody","floor":5},{"not_picked":["BowlingBash","WindmillStrike"],"picked":"SashWhip","floor":6},{"not_picked":["SashWhip","Tantrum"],"picked":"Wallop","floor":8},{"not_picked":["Study","Brilliance"],"picked":"Evaluate+1","floor":11},{"not_picked":["WaveOfTheHand+1","FollowUp"],"picked":"Evaluate+1","floor":12},{"not_picked":["FlurryOfBlows","TalkToTheHand"],"picked":"DeceiveReality+1","floor":13},{"not_picked":["Brilliance","DeusExMachina+1"],"picked":"MasterReality","floor":16},{"not_picked":["Vengeance+1","FlurryOfBlows+1"],"picked":"EmptyBody+1","floor":18},{"not_picked":["Weave","FlyingSleeves"],"picked":"ThirdEye+1","floor":20},{"not_picked":["ClearTheMind+1","EmptyBody+1"],"picked":"PathToVictory+1","floor":22},{"not_picked":["WaveOfTheHand+1","Establishment","Crescendo+1"],"picked":"SKIP","floor":23},{"not_picked":["Halt+1","Indignation+1"],"picked":"CutThroughFate","floor":25},{"not_picked":["FollowUp","PathToVictory+1"],"picked":"EmptyMind+1","floor":27},{"not_picked":["FlyingSleeves","BowlingBash","EmptyFist"],"picked":"SKIP","floor":29},{"not_picked":["JustLucky","MasterReality","SashWhip"],"picked":"SKIP","floor":30},{"not_picked":["ClearTheMind+1","FlurryOfBlows+1","Halt+1"],"picked":"SKIP","floor":31},{"not_picked":["Collect+1","Weave+1"],"picked":"EmptyMind+1","floor":35},{"not_picked":["ForeignInfluence+1","EmptyBody+1"],"picked":"EmptyMind+1","floor":38},{"not_picked":["FollowUp+1","Perseverance+1","Tantrum"],"picked":"SKIP","floor":39},{"not_picked":["FlurryOfBlows+1","InnerPeace+1"],"picked":"Sanctity+1","floor":40}],"player_experience":450548,"relics_obtained":[{"floor":6,"key":"CloakClasp"},{"floor":8,"key":"Bronze Scales"},{"floor":11,"key":"Toxic Egg 2"},{"floor":13,"key":"Letter Opener"},{"floor":23,"key":"Darkstone Periapt"},{"floor":26,"key":"Bag of Marbles"},{"floor":30,"key":"Orichalcum"},{"floor":34,"key":"Regal Pillow"},{"floor":34,"key":"StrikeDummy"},{"floor":34,"key":"WingedGreaves"},{"floor":37,"key":"FossilizedHelix"},{"floor":40,"key":"StoneCalendar"}],"event_choices":[{"damage_healed":0,"gold_gain":0,"player_choice":"Forge","damage_taken":0,"max_hp_gain":0,"max_hp_loss":0,"event_name":"Accursed Blacksmith","floor":4,"gold_loss":0,"cards_upgraded":["DeusExMachina"]},{"damage_healed":0,"gold_gain":0,"player_choice":"Ignored","damage_taken":0,"max_hp_gain":0,"max_hp_loss":0,"event_name":"Golden Wing","floor":14,"gold_loss":0},{"damage_healed":0,"gold_gain":99,"player_choice":"Stole From Cult","damage_taken":0,"max_hp_gain":0,"max_hp_loss":0,"event_name":"Nest","floor":21,"gold_loss":0},{"damage_healed":0,"gold_gain":0,"player_choice":"Fight","damage_taken":0,"max_hp_gain":0,"max_hp_loss":0,"event_name":"MindBloom","floor":37,"gold_loss":0}],"is_beta":false,"boss_relics":[{"not_picked":["Sozu","Runic Dome"],"picked":"Fusion Hammer"},{"not_picked":["Pandora\u0027s Box","SlaversCollar"],"picked":"Calling Bell"}],"items_purged_floors":[],"is_endless":false,"potions_floor_spawned":[2,5,6,11,13,16,22,23,30,33,40],"killed_by":"Writhing Mass","ascension_level":3}}