{"host":"sutwlwo4qckeqch7","time":1612753622,"event":{"mods":["AchievementEnabler","BaseMod","BetterRewards","Colored Map","Marisa????????","Minty Spire (QoL Compilation)","StSLib"],"gold_per_floor":[112,112,112,135,13,13,52,52,52,227,227,227,271,296,296,422,422,410,71,71,86,99,99,99],"floor_reached":23,"language":"ENG","playtime":571,"items_purged":["Strike_G"],"score":227,"play_id":"e0d3af5b-56de-47f9-bf4a-41505b33c943","local_time":"20210207210702","is_ascension_mode":true,"campfire_choices":[{"data":"Deadly Poison","floor":6,"key":"SMITH"},{"floor":8,"key":"REST"},{"floor":15,"key":"REST"}],"circlet_count":0,"master_deck":["Strike_G","Strike_G","Strike_G","Defend_G","Defend_G","Defend_G","Defend_G","Defend_G","Survivor","Neutralize","Bane","Underhanded Strike","Deadly Poison+1","Poisoned Stab","Poisoned Stab","Bullet Time","Cloak And Dagger+1","Deadly Poison","Noxious Fumes","Deflect"],"relics":["Ring of the Snake","Juzu Bracelet","Bloody Idol","Omamori","Singing Bowl","Blue Candle","Runic Pyramid","Mercury Hourglass"],"acts_visited":["Exordium","TheCity"],"potions_floor_usage":[],"damage_taken":[{"damage":2,"enemies":"Jaw Worm","floor":1,"turns":6},{"damage":7,"enemies":"Cultist","floor":4,"turns":4},{"damage":40,"enemies":"3 Sentries","floor":7,"turns":11},{"damage":16,"enemies":"Lagavulin","floor":13,"turns":6},{"damage":0,"enemies":"Small Slimes","floor":14,"turns":2},{"damage":35,"enemies":"The Guardian","floor":16,"turns":10},{"damage":22,"enemies":"2 Thieves","floor":18,"turns":4},{"damage":13,"enemies":"Shell Parasite","floor":21,"turns":4},{"damage":15,"enemies":"Centurion and Healer","floor":22,"turns":6},{"damage":31,"enemies":"Book of Stabbing","floor":23,"turns":4}],"seed_played":"290254608122861872","potions_obtained":[{"floor":4,"key":"SteroidPotion"},{"floor":7,"key":"SneckoOil"},{"floor":16,"key":"BlessingOfTheForge"},{"floor":21,"key":"Strength Potion"}],"is_trial":false,"path_per_floor":["M","?","?","M","$","R","E","R","T","?","?","?","E","M","R","B",null,"M","$","?","M","M","E"],"character_chosen":"THE_SILENT","items_purchased":["Deadly Poison","Mercury Hourglass","Deadly Poison","Noxious Fumes"],"campfire_rested":2,"item_purchase_floors":[5,19,19,19],"current_hp_per_floor":[68,68,65,58,58,58,18,37,37,37,37,58,42,44,64,29,67,45,45,45,37,29,0,0],"gold":99,"neow_bonus":"RANDOM_COMMON_RELIC","is_daily":false,"chose_seed":false,"campfire_upgraded":1,"win_rate":0.0,"timestamp":1612753622,"path_taken":["M","?","?","M","$","R","E","R","T","?","?","?","E","M","R","BOSS","M","$","?","M","M","E"],"items_purchased_type":["Card","Relic","Card","Card"],"build_version":"2020-12-22","purchased_purges":1,"victory":false,"max_hp_per_floor":[70,70,65,65,65,65,65,65,65,65,65,65,65,67,67,67,67,67,67,67,67,69,69,69],"card_choices":[{"not_picked":["Setup","Footwork"],"picked":"Bane","floor":1},{"not_picked":["Backflip","Acrobatics"],"picked":"Underhanded Strike","floor":4},{"not_picked":["Quick Slash","Dodge and Roll"],"picked":"Poisoned Stab","floor":7},{"not_picked":["Flying Knee","Setup"],"picked":"Poisoned Stab","floor":13},{"not_picked":["Eviscerate","Cloak And Dagger","Bane"],"picked":"Singing Bowl","floor":14},{"not_picked":["Storm of Steel","Unload"],"picked":"Bullet Time","floor":16},{"not_picked":["Flying Knee","Dagger Spray"],"picked":"Cloak And Dagger+1","floor":18},{"not_picked":["Footwork","Cloak And Dagger"],"picked":"Deflect","floor":21},{"not_picked":["Blade Dance+1","Calculated Gamble","Skewer"],"picked":"Singing Bowl","floor":22}],"player_experience":180891,"relics_obtained":[{"floor":7,"key":"Omamori"},{"floor":9,"key":"Singing Bowl"},{"floor":13,"key":"Blue Candle"}],"event_choices":[{"cards_removed":["Strike_G"],"damage_healed":0,"gold_gain":0,"player_choice":"Purged","damage_taken":0,"max_hp_gain":0,"max_hp_loss":0,"event_name":"Purifier","floor":2,"gold_loss":0},{"damage_healed":0,"gold_gain":0,"player_choice":"Lose Max HP","damage_taken":0,"relics_obtained":["Golden Idol"],"max_hp_gain":0,"max_hp_loss":5,"event_name":"Golden Idol","floor":3,"gold_loss":0},{"damage_healed":0,"gold_gain":175,"player_choice":"AGREE","damage_taken":0,"max_hp_gain":0,"max_hp_loss":0,"event_name":"Liars Game","floor":10,"gold_loss":0,"cards_obtained":["Doubt"]},{"damage_healed":0,"gold_gain":0,"player_choice":"Ignored","damage_taken":0,"max_hp_gain":0,"max_hp_loss":0,"event_name":"Shining Light","floor":11,"gold_loss":0},{"damage_healed":21,"gold_gain":0,"player_choice":"Banana","damage_taken":0,"max_hp_gain":0,"max_hp_loss":0,"event_name":"Big Fish","floor":12,"gold_loss":0},{"damage_healed":0,"gold_gain":0,"player_choice":"Gave Idol","damage_taken":0,"relics_obtained":["Bloody Idol"],"max_hp_gain":0,"max_hp_loss":0,"event_name":"Forgotten Altar","floor":20,"relics_lost":["Golden Idol"],"gold_loss":0}],"is_beta":false,"boss_relics":[{"not_picked":["Velvet Choker","Pandora\u0027s Box"],"picked":"Runic Pyramid"}],"items_purged_floors":[5],"is_endless":false,"potions_floor_spawned":[4,7,16,21],"killed_by":"Book of Stabbing","ascension_level":3}}