{"host":"ox77rn1xcurm2t5a","time":1612826503,"event":{"mods":["2.2 Compatiblity","AchievementEnabler","Act Like it!","Aspiration","BaseMod","Best Route Mod","Better Match","Better Note","Better Sensory Stone","Block Reminder","Colored Map","Colored Powertips","Conjunction","Conspire","Custom Start","Energized Spire","GifTheSpireLib","Gold Saver","Gremlin Skip","Halation","Highlight Path","Hubris","Infinite Spire","Minty Spire (QoL Compilation)","Pale of the Ancients","Quick Restart","Replay The Spire","Reworked Bosses","ShortenTheSpire","Spire Exporter","StSLib","Stuff the Spire","Wandering Minibosses"],"gold_per_floor":[111,111,36,52,7446,7446,7478,7478,7501,6836,6849,6880,6654,6674,6674,6749,6749,6749,6674,6674,6288,6306,6306,6306],"floor_reached":23,"language":"ENG","playtime":777,"items_purged":["Strike_B","Strike_B","Strike_B","Defend_B"],"score":433,"play_id":"099004ff-19c8-4d58-a650-290a31293654","local_time":"20210209012143","is_ascension_mode":true,"campfire_choices":[{"floor":6,"key":"RECALL"},{"data":"Creative AI","floor":8,"key":"SMITH"},{"data":"ReplayUltimateDefense","floor":15,"key":"SMITH"}],"circlet_count":0,"master_deck":["AscendersBane","Defend_B","Defend_B","Defend_B","Dualcast","Coolheaded","StuffTheSpire:ShieldGenerator","Sweeping Beam","Coolheaded","Creative AI+1","Capacitor","Cold Snap+1","ReplayUltimateDefense+1","Cold Snap","Gash","Replay:Bootleg Shield Generator","Lockon+1"],"relics":["Cracked Core","NeowsBlessing","Cables","InkBottle","Membership Card","halation:QuantumPhysicsTextbook","Whetstone","Gremlin Horn","Garlic","halation:Sosunser","Nloth\u0027s Gift","Molten Egg 2","StuffTheSpire:BottledEssence"],"acts_visited":["Exordium","TheCity"],"potions_floor_usage":[12,12,18,22],"damage_taken":[{"damage":0,"enemies":"Small Slimes","floor":1,"turns":1},{"damage":0,"enemies":"Cultist","floor":4,"turns":1},{"damage":0,"enemies":"3 Sentries","floor":7,"turns":1},{"damage":0,"enemies":"2 Louse","floor":11,"turns":2},{"damage":16,"enemies":"Lagavulin","floor":12,"turns":7},{"damage":1,"enemies":"Looter","floor":14,"turns":4},{"damage":9,"enemies":"Hexaghost","floor":16,"turns":16},{"damage":0,"enemies":"2 Thieves","floor":18,"turns":1},{"damage":41,"enemies":"3 Byrds","floor":22,"turns":8},{"damage":22,"enemies":"Slavers","floor":23,"turns":1}],"seed_played":"8611228815219199374","potions_obtained":[{"floor":7,"key":"PowerPotion"},{"floor":14,"key":"SmokeBomb"}],"is_trial":false,"path_per_floor":["M","?","$","M","$","R","E","R","T","$","M","E","$","M","R","B",null,"M","?","?","$","M","E"],"character_chosen":"DEFECT","items_purchased":["Sweeping Beam","DollysMirror","Cables","Membership Card","halation:QuantumPhysicsTextbook","Capacitor","Cold Snap","Whetstone","DistilledChaos","ReplayUltimateDefense","Garlic","halation:Sosunser","Molten Egg 2","StuffTheSpire:BottledEssence","LifebloodPotion","Replay:Bootleg Shield Generator"],"campfire_rested":0,"item_purchase_floors":[5,5,5,10,10,10,10,10,10,10,13,13,21,21,21,21],"current_hp_per_floor":[64,64,64,64,64,64,64,64,64,64,64,48,48,47,47,38,63,63,63,63,63,22,0,0],"gold":6306,"neow_bonus":"THREE_ENEMY_KILL","is_daily":false,"chose_seed":false,"campfire_upgraded":2,"win_rate":0.0,"timestamp":1612826503,"path_taken":["M","?","?","M","$","R","E","R","T","$","M","E","$","M","R","BOSS","M","?","?","$","?","E"],"items_purchased_type":["Card","Relic","Relic","Relic","Relic","Card","Card","Relic","Potion","Card","Relic","Relic","Relic","Relic","Potion","Card"],"build_version":"2020-12-22","purchased_purges":4,"victory":false,"max_hp_per_floor":[71,71,71,71,71,71,71,71,71,71,71,71,71,71,71,71,71,71,71,71,71,71,71,71],"card_choices":[{"not_picked":["Conserve Battery","StuffTheSpire:LoadUp"],"picked":"Coolheaded","floor":1},{"not_picked":["Rebound","aspiration:Polymerization"],"picked":"StuffTheSpire:ShieldGenerator","floor":4},{"not_picked":["Fission","conspire:Rain"],"picked":"Creative AI","floor":7},{"not_picked":["Redo","StuffTheSpire:Rend","StuffTheSpire:Plugnplay"],"picked":"SKIP","floor":11},{"not_picked":["hubris:PowerSurge","Reinforced Body"],"picked":"Cold Snap","floor":12},{"not_picked":["StuffTheSpire:CleanHardDrive","Capacitor"],"picked":"Gash","floor":14},{"not_picked":["Turbo","StuffTheSpire:LoadUp"],"picked":"Lockon+1","floor":22}],"player_experience":3066555,"relics_obtained":[{"floor":7,"key":"InkBottle"},{"floor":12,"key":"Gremlin Horn"}],"event_choices":[{"cards_removed":["Zap"],"damage_healed":0,"gold_gain":0,"player_choice":"Offered Basic","damage_taken":0,"max_hp_gain":0,"max_hp_loss":0,"event_name":"Bonfire Elementals","floor":2,"gold_loss":0},{"cards_removed":["Strike_B"],"damage_healed":0,"gold_gain":0,"player_choice":"Gave Gold","damage_taken":0,"max_hp_gain":0,"max_hp_loss":0,"event_name":"Beggar","floor":19,"gold_loss":75},{"damage_healed":0,"gold_gain":0,"player_choice":"Traded Relic","damage_taken":0,"relics_obtained":["Nloth\u0027s Gift"],"max_hp_gain":0,"max_hp_loss":0,"event_name":"N\u0027loth","floor":20,"relics_lost":["DollysMirror"],"gold_loss":0}],"is_beta":false,"boss_relics":[{"not_picked":["Honey Jar","aspiration:IroncladSkillbook","conspire:SeveredTorchhead"]}],"items_purged_floors":[3,5,10,21],"is_endless":false,"potions_floor_spawned":[7,11,14],"killed_by":"Slavers","ascension_level":19}}