{"host":"tetq3wi5anb97imq","time":1612823153,"event":{"mods":["BaseMod","Block Reminder","Minty Spire (QoL Compilation)","Quick Restart","StSLib","SuperFastMode"],"gold_per_floor":[111,111,111,111,186,186,214,228,228,253,75,85,35,52,52,123,123,134,134,157,176,205,205,205,205],"floor_reached":24,"language":"ENG","playtime":566,"items_purged":["Strike_G","Strike_G"],"score":454,"play_id":"29a68cef-2b0a-49b5-b4bc-43b5c42461f2","local_time":"20210208202553","is_ascension_mode":true,"campfire_choices":[{"floor":6.0,"key":"DIG"},{"floor":15.0,"key":"DIG"},{"floor":23.0,"key":"DIG"}],"circlet_count":0,"master_deck":["AscendersBane","Strike_G","Strike_G","Defend_G+1","Defend_G","Defend_G","Defend_G","Defend_G","Survivor+1","Neutralize","Riddle With Holes","Dagger Spray","PiercingWail","Backstab","Footwork","All Out Attack","Calculated Gamble","Cloak And Dagger","Unload","PiercingWail","Shame","Masterful Stab+1","Skewer"],"relics":["Ring of the Snake","NeowsBlessing","Shovel","Smiling Mask","Akabeko","Pantograph","Tingsha","War Paint","HoveringKite","Juzu Bracelet","Strawberry","Red Mask","White Beast Statue"],"acts_visited":["Exordium","TheCity"],"potions_floor_usage":[24],"damage_taken":[{"damage":0.0,"enemies":"2 Louse","floor":1.0,"turns":1.0},{"damage":0.0,"enemies":"Gremlin Nob","floor":7.0,"turns":1.0},{"damage":0.0,"enemies":"Small Slimes","floor":8.0,"turns":1.0},{"damage":15.0,"enemies":"Lagavulin","floor":10.0,"turns":5.0},{"damage":0.0,"enemies":"Jaw Worm","floor":12.0,"turns":3.0},{"damage":0.0,"enemies":"Large Slime","floor":14.0,"turns":1.0},{"damage":21.0,"enemies":"The Guardian","floor":16.0,"turns":19.0},{"damage":2.0,"enemies":"2 Thieves","floor":18.0,"turns":4.0},{"damage":0.0,"enemies":"3 Byrds","floor":21.0,"turns":6.0},{"damage":30.0,"enemies":"Masked Bandits","floor":22.0,"turns":6.0},{"damage":32,"enemies":"Gremlin Leader","floor":24,"turns":6}],"seed_played":"4104567920041679547","potions_obtained":[{"floor":1.0,"key":"LiquidMemories"},{"floor":8.0,"key":"Explosive Potion"},{"floor":10.0,"key":"DuplicationPotion"},{"floor":14.0,"key":"Block Potion"},{"floor":22.0,"key":"Block Potion"}],"is_trial":false,"path_per_floor":["M","?","?","?","?","R","E","M","T","E","$","M","$","M","R","B",null,"M","?","T","M","?","R","E"],"character_chosen":"THE_SILENT","items_purchased":["Footwork","All Out Attack"],"campfire_rested":0,"item_purchase_floors":[11,11],"current_hp_per_floor":[59,64,57,31,20,20,20,20,20,5,5,5,5,5,5,9,56,54,54,61,61,31,31,0,0],"gold":205,"neow_bonus":"THREE_ENEMY_KILL","is_daily":false,"chose_seed":false,"campfire_upgraded":0,"win_rate":0.0,"timestamp":1612823153,"path_taken":["M","?","?","?","?","R","E","M","T","E","$","M","?","M","R","BOSS","M","?","?","M","?","R","E"],"items_purchased_type":["Card","Card"],"build_version":"2020-12-22","purchased_purges":2,"victory":false,"max_hp_per_floor":[66,71,71,71,71,71,71,71,71,71,71,71,71,71,71,71,71,71,71,78,78,78,78,78,78],"card_choices":[{"not_picked":["Concentrate","Dodge and Roll"],"picked":"Riddle With Holes","floor":1.0},{"not_picked":["Acrobatics","PiercingWail"],"picked":"Dagger Spray","floor":7.0},{"not_picked":["Outmaneuver","Acrobatics"],"picked":"PiercingWail","floor":8.0},{"not_picked":["Sucker Punch","Underhanded Strike"],"picked":"Backstab","floor":10.0},{"not_picked":["Caltrops","Setup"],"picked":"Calculated Gamble","floor":12.0},{"not_picked":["Riddle With Holes","Dagger Throw"],"picked":"Cloak And Dagger","floor":14.0},{"not_picked":["Corpse Explosion","Bullet Time"],"picked":"Unload","floor":16.0},{"not_picked":["Caltrops","Dagger Spray"],"picked":"PiercingWail","floor":18.0},{"not_picked":["Deadly Poison","Sucker Punch"],"picked":"Masterful Stab+1","floor":21.0},{"not_picked":["Outmaneuver","Sucker Punch"],"picked":"Skewer","floor":22.0}],"player_experience":1654064,"relics_obtained":[{"floor":6.0,"key":"Smiling Mask"},{"floor":7.0,"key":"Akabeko"},{"floor":9.0,"key":"Pantograph"},{"floor":10.0,"key":"Tingsha"},{"floor":15.0,"key":"War Paint"},{"floor":20.0,"key":"Strawberry"},{"floor":22.0,"key":"Red Mask"},{"floor":23.0,"key":"White Beast Statue"}],"event_choices":[{"damage_healed":0.0,"max_hp_gain":5.0,"max_hp_loss":0.0,"gold_gain":0.0,"event_name":"Big Fish","player_choice":"Donut","floor":2.0,"gold_loss":0.0,"damage_taken":0.0},{"cards_removed":["Strike_G"],"damage_healed":0.0,"max_hp_gain":0.0,"max_hp_loss":0.0,"gold_gain":0.0,"event_name":"Golden Wing","player_choice":"Card Removal","floor":3.0,"gold_loss":0.0,"damage_taken":7.0},{"damage_healed":0.0,"max_hp_gain":0.0,"max_hp_loss":0.0,"gold_gain":0.0,"event_name":"Scrap Ooze","player_choice":"Success","floor":4.0,"gold_loss":0.0,"damage_taken":26.0,"relics_obtained":["Shovel"]},{"damage_healed":0.0,"max_hp_gain":0.0,"max_hp_loss":0.0,"gold_gain":75.0,"event_name":"World of Goop","player_choice":"Gather Gold","floor":5.0,"gold_loss":0.0,"damage_taken":11.0},{"damage_healed":0.0,"max_hp_gain":0.0,"max_hp_loss":0.0,"gold_gain":0.0,"event_name":"Addict","player_choice":"Stole Relic","floor":19.0,"gold_loss":0.0,"damage_taken":0.0,"relics_obtained":["Juzu Bracelet"],"cards_obtained":["Shame"]},{"damage_healed":0.0,"max_hp_gain":0.0,"max_hp_loss":0.0,"gold_gain":0.0,"event_name":"Masked Bandits","player_choice":"Fought Bandits","floor":22.0,"gold_loss":0.0,"damage_taken":0.0}],"is_beta":false,"boss_relics":[{"not_picked":["Fusion Hammer","Runic Dome"],"picked":"HoveringKite"}],"items_purged_floors":[11,13],"is_endless":false,"potions_floor_spawned":[1,8,10,14,22],"killed_by":"Gremlin Leader","ascension_level":20}}