{"host":"81vb4cbob60wa1na","time":1612803765,"event":{"mods":["AchievementEnabler","BaseMod","Bestiary","Colored Map","Colored Powertips","Downfall","Highlight Path","Minty Spire (QoL Compilation)","Quick Restart","Rare Cards Sparkle","StSLib"],"gold_per_floor":[119,119,49,49,49,88,88,127,153,177,177,195,158,193,193,324,324,338,181,181,257,6,41,66,66,66,66,66,82,82,105,105,233,233,247,262,262,283,304,304,345,345,372,386,15,15,59,79,79,79],"floor_reached":51,"language":"ENG","playtime":2484,"items_purged":[],"score":860,"play_id":"1d1b6d01-dbfd-479e-b144-10da0e1cd3ef","local_time":"20210208120244","is_ascension_mode":true,"campfire_choices":[{"floor":7.0,"key":"REST"},{"floor":11.0,"key":"REST"},{"floor":15,"key":"REST"},{"data":"Self Repair","floor":25,"key":"SMITH"},{"data":"Loop","floor":28,"key":"SMITH"},{"data":"BootSequence","floor":32,"key":"SMITH"},{"data":"Storm","floor":40,"key":"SMITH"},{"data":"Creative AI","floor":42,"key":"SMITH"},{"data":"Storm","floor":49,"key":"SMITH"}],"circlet_count":0,"master_deck":["Strike_B+1","Strike_B+1","Defend_B+1","Defend_B","Defend_B","Zap+1","Dualcast","Conserve Battery+1","Storm+1","Sweeping Beam","Storm+1","BootSequence+1","Creative AI+1","Self Repair+1","Echo Form","Loop+1","Heatsinks+1","Core Surge","Loop","Thunder Strike","Writhe"],"relics":["Cracked Core","Art of War","Golden Idol","Singing Bowl","Tiny Chest","War Paint","Whetstone","Nuclear Battery","Kunai","Mummified Hand","Happy Flower","Bottled Tornado","Empty Cage","Symbiotic Virus","Unceasing Top","Smiling Mask","InkBottle","Ice Cream"],"acts_visited":["Exordium","TheCity","TheBeyond"],"potions_floor_usage":[16,23,23,31,39,39,39,50,50,50],"damage_taken":[{"damage":2.0,"enemies":"Jaw Worm","floor":1.0,"turns":3.0},{"damage":33.0,"enemies":"Gremlin Nob","floor":6.0,"turns":4.0},{"damage":32.0,"enemies":"Lagavulin","floor":8.0,"turns":8.0},{"damage":0.0,"enemies":"Small Slimes","floor":10.0,"turns":2.0},{"damage":2.0,"enemies":"2 Louse","floor":12.0,"turns":2.0},{"damage":24.0,"enemies":"3 Sentries","floor":14.0,"turns":6.0},{"damage":15,"enemies":"The Guardian","floor":16,"turns":13},{"damage":4,"enemies":"Chosen","floor":18,"turns":4},{"damage":53,"enemies":"Slavers","floor":23,"turns":5},{"damage":10,"enemies":"3 Byrds","floor":24,"turns":4},{"damage":15,"enemies":"Centurion and Healer","floor":29,"turns":4},{"damage":13,"enemies":"Snake Plant","floor":31,"turns":3},{"damage":20,"enemies":"Champ","floor":33,"turns":5},{"damage":22,"enemies":"3 Darklings","floor":35,"turns":3},{"damage":2,"enemies":"3 Shapes","floor":36,"turns":3},{"damage":16,"enemies":"Sphere and 2 Shapes","floor":38,"turns":4},{"damage":17,"enemies":"Transient","floor":39,"turns":5},{"damage":20,"enemies":"Giant Head","floor":41,"turns":6},{"damage":34,"enemies":"4 Shapes","floor":44,"turns":4},{"damage":35,"enemies":"Nemesis","floor":47,"turns":5},{"damage":4,"enemies":"Maw","floor":48,"turns":5},{"damage":18,"enemies":"Time Eater","floor":50,"turns":4}],"seed_played":"-5541538377207606624","potions_obtained":[{"floor":8.0,"key":"Energy Potion"},{"floor":10.0,"key":"Weak Potion"},{"floor":12.0,"key":"SpeedPotion"},{"floor":18,"key":"LiquidMemories"},{"floor":29,"key":"Fruit Juice"},{"floor":33,"key":"DuplicationPotion"},{"floor":36,"key":"AttackPotion"},{"floor":38,"key":"SkillPotion"},{"floor":39,"key":"Strength Potion"},{"floor":44,"key":"SmokeBomb"}],"is_trial":false,"path_per_floor":["M","?","$","?","?","E","R","E","T","M","R","M","$","E","R","B",null,"M","$","?","T","$","E","M","R","T","$","R","M","?","M","R","B",null,"M","M","T","M","M","R","E","R","T","M","$","?","E","M","R","B",null],"character_chosen":"DEFECT","items_purchased":["Storm","Storm","Echo Form","Mummified Hand","InkBottle","EssenceOfSteel","Dexterity Potion"],"campfire_rested":3,"item_purchase_floors":[3,13,19,22,45,45,45],"current_hp_per_floor":[73,55,55,55,60,29,53,23,23,25,50,48,48,24,49,34,86,82,82,82,82,82,38,44,44,44,44,44,49,49,63,63,63,97,95,99,99,99,94,94,86,86,86,64,64,90,77,95,95,87],"gold":79,"neow_bonus":"RANDOM_COMMON_RELIC","is_daily":false,"chose_seed":false,"campfire_upgraded":6,"win_rate":0.0,"timestamp":1612803764,"path_taken":["M","?","$","?","?","E","R","E","T","M","R","?","?","E","R","BOSS","M","$","?","?","$","E","M","R","T","?","R","?","?","M","R","BOSS","M","M","?","M","?","R","E","R","T","M","$","?","E","M","R","BOSS"],"items_purchased_type":["Card","Card","Card","Relic","Relic","Potion","Potion"],"build_version":"2020-12-22","purchased_purges":0,"victory":true,"max_hp_per_floor":[75,75,75,75,80,82,82,84,84,86,86,86,86,86,86,86,86,86,86,86,86,86,88,90,90,90,90,90,90,90,97,97,97,97,97,99,99,99,101,101,103,103,103,105,105,105,107,109,109,109],"card_choices":[{"not_picked":["Steam","Undo"],"picked":"Conserve Battery","floor":1.0},{"not_picked":["Beam Cell","Ball Lightning","Steam"],"picked":"Singing Bowl","floor":6.0},{"not_picked":["Amplify","Redo","Gash"],"picked":"Singing Bowl","floor":8.0},{"not_picked":["Barrage","Gash","Beam Cell"],"picked":"Singing Bowl","floor":10.0},{"not_picked":["Ball Lightning","Turbo"],"picked":"Sweeping Beam","floor":12.0},{"not_picked":["Barrage","Turbo"],"picked":"BootSequence","floor":14.0},{"not_picked":["All For One","Meteor Strike"],"picked":"Creative AI","floor":16},{"not_picked":["Hologram","Double Energy"],"picked":"Self Repair","floor":18},{"not_picked":["Steam Power","Lockon","Leap"],"picked":"Singing Bowl","floor":23},{"not_picked":["Lockon","Turbo","Leap+1"],"picked":"Singing Bowl","floor":24},{"not_picked":["White Noise","Leap"],"picked":"Heatsinks+1","floor":29},{"not_picked":["Hologram","Turbo","FTL"],"picked":"Singing Bowl","floor":31},{"not_picked":["Multi-Cast","Rainbow"],"picked":"Core Surge","floor":33},{"not_picked":["Sweeping Beam","Tempest"],"picked":"Loop","floor":35},{"not_picked":["Compile Driver+1","Chaos","Skim+1"],"picked":"Singing Bowl","floor":36},{"not_picked":["Go for the Eyes","Hologram+1"],"picked":"Thunder Strike","floor":38},{"not_picked":["Tempest","Beam Cell+1","Compile Driver"],"picked":"Singing Bowl","floor":39},{"not_picked":["Streamline+1","Gash+1","Redo"],"picked":"Singing Bowl","floor":41},{"not_picked":["Coolheaded","Ball Lightning+1","Cold Snap+1"],"picked":"Singing Bowl","floor":44},{"not_picked":["Chill+1","Multi-Cast","Compile Driver+1"],"picked":"Singing Bowl","floor":47},{"not_picked":["Gash+1","Undo","Rebound"],"picked":"Singing Bowl","floor":48}],"player_experience":229029,"relics_obtained":[{"floor":6.0,"key":"Singing Bowl"},{"floor":8.0,"key":"Tiny Chest"},{"floor":9.0,"key":"War Paint"},{"floor":14.0,"key":"Whetstone"},{"floor":21,"key":"Kunai"},{"floor":23,"key":"Happy Flower"},{"floor":26,"key":"Bottled Tornado"},{"floor":37,"key":"Symbiotic Virus"},{"floor":41,"key":"Unceasing Top"},{"floor":43,"key":"Smiling Mask"},{"floor":47,"key":"Ice Cream"}],"event_choices":[{"damage_healed":0.0,"max_hp_gain":0.0,"max_hp_loss":0.0,"gold_gain":0.0,"event_name":"Golden Idol","player_choice":"Take Damage","floor":2.0,"gold_loss":0.0,"damage_taken":18.0,"relics_obtained":["Golden Idol"]},{"damage_healed":0.0,"max_hp_gain":0.0,"max_hp_loss":0.0,"gold_gain":0.0,"event_name":"Living Wall","player_choice":"Grow","floor":4.0,"gold_loss":0.0,"damage_taken":0.0,"cards_upgraded":["Zap"]},{"damage_healed":0.0,"max_hp_gain":5.0,"max_hp_loss":0.0,"gold_gain":0.0,"event_name":"Big Fish","player_choice":"Donut","floor":5.0,"gold_loss":0.0,"damage_taken":0.0},{"damage_healed":0,"gold_gain":0,"player_choice":"Read","damage_taken":0,"max_hp_gain":0,"max_hp_loss":0,"event_name":"The Library","floor":20,"gold_loss":0,"cards_obtained":["Loop"]},{"cards_removed":["Strike_B"],"damage_healed":0,"gold_gain":0,"player_choice":"Elegance","damage_taken":0,"max_hp_gain":0,"max_hp_loss":0,"event_name":"Back to Basics","floor":30,"gold_loss":0},{"damage_healed":26,"gold_gain":0,"player_choice":"Writhe","damage_taken":0,"max_hp_gain":0,"max_hp_loss":0,"event_name":"Winding Halls","floor":46,"gold_loss":0,"cards_obtained":["Writhe"]}],"is_beta":false,"boss_relics":[{"not_picked":["FrozenCore","SacredBark"],"picked":"Nuclear Battery"},{"not_picked":["Astrolabe","Sozu"],"picked":"Empty Cage"}],"items_purged_floors":[],"is_endless":false,"potions_floor_spawned":[8,10,12,18,29,33,36,38,39,44,47],"ascension_level":2}}