{"host":"8jfwj5moovfm32bt","time":1612820517,"event":{"mods":["Act Like it!","AlwaysNeverKeys","Aspiration","BaseMod","BetterRewards","CapriCore","Colored Map","Conspire","Defuse TimeMaze Blight","Downfall","Googly Eyes","Hallownest","Hermit","Hubris","Infinite Spire","Marisa????????","Minty Spire (QoL Compilation)","Quick Restart","Replay The Spire","StSLib","The Bug Knight","The Cursed","The Death Knight","The Hierophant","The Immortal","The Kombatant","Waifu the Spire","Wandering Minibosses"],"gold_per_floor":[99,113,113,23,38,69,69,69,82,102,117,146,209,225,238,337,337,337,351,62,62,80,80,161,161,161,161,178,190,190,220,239,342,342,342,354,548,7,7,34,34,34,47,98,98,98,2,18,29,29],"floor_reached":51,"language":"ENG","playtime":3706,"items_purged":["Pain"],"score":797,"play_id":"088be61d-61ea-4699-a4f3-7a74c7a7c1b4","local_time":"20210208134157","is_ascension_mode":false,"campfire_choices":[{"data":"champ:Taunt","floor":1,"key":"SMITH"},{"data":"champ:SwordThrow","floor":8,"key":"SMITH"},{"data":"champ:LastStand","floor":18,"key":"SMITH"},{"floor":23,"key":"REST"},{"floor":26,"key":"REST"},{"floor":30,"key":"REST"},{"data":"champ:UltimateStance","floor":35,"key":"SMITH"},{"floor":42,"key":"REST"},{"data":"Replay:Dark Deal","floor":46,"key":"SMITH"}],"circlet_count":0,"master_deck":["champ:Strike","champ:Strike","champ:Strike","champ:Strike","champ:Defend","champ:Defend","champ:Defend","champ:Defend","champ:Execute","champ:Taunt+1","champ:GutPunch","champ:CrownThrow","champ:Shatter","champ:SwordThrow+1","champ:SetATrap","champ:ShieldSlam","champ:Haymaker+1","champ:StanceDance","champ:DefensiveShout","champ:PerfectedStrike","champ:Improvising","champ:LastStand+1","champ:PreciseThrust","champ:CrownThrow+1","Replay:Dark Deal+1","Finesse","champ:FaceSlap+1","ReplayTheSpireMod:Book of Names","champ:TornadoPunch","champ:BringItOn","champ:GladiatorStyle","champ:BringItOn+1","champ:UltimateStance+1","champ:Lariat","champ:CrownThrow","champ:IgnorePain","Metamorphosis","champ:UltimateStance+1","Finesse","champ:ShieldWall","champ:StanceDance","champ:Duel+1","Replay:SS_hec_1","champ:StrikeOfGenius","champ:CrookedStrike"],"relics":["champ:ChampionCrown","WarpedTongs","DeathKnight:PutricidesVial","Blue Candle","Odd Mushroom","hubris:Metronome","aspiration:PoetsPen","wanderingMiniBosses:Inkheart","Bottled Lightning","Chameleon Ring","Blood Vial","Runic Dome","Strawberry","Pondfish Scales","Mango","Onion Ring","Durian"],"acts_visited":["Exordium","TheCity","TheBeyond"],"potions_floor_usage":[11,16,16,16,38,50,50,50],"damage_taken":[{"damage":13,"enemies":"Small Slimes","floor":2,"turns":4},{"damage":10,"enemies":"downfall:FleeingMerchant","floor":4,"turns":4},{"damage":1,"enemies":"Cultist","floor":5,"turns":3},{"damage":31,"enemies":"HollowMod:MossKnight","floor":6,"turns":7},{"damage":5,"enemies":"2 Louse","floor":9,"turns":6},{"damage":16,"enemies":"Large Slime","floor":10,"turns":3},{"damage":10,"enemies":"Exordium Thugs","floor":11,"turns":5},{"damage":23,"enemies":"The Mushroom Lair","floor":12,"turns":4},{"damage":20,"enemies":"Gremlin Nob","floor":13,"turns":4},{"damage":0,"enemies":"Red Slaver","floor":14,"turns":2},{"damage":0,"enemies":"3 Louse","floor":15,"turns":2},{"damage":36,"enemies":"DF_ARCHETYPE_STREAMLINE","floor":16,"turns":7},{"damage":63,"enemies":"Shell Parasite","floor":19,"turns":7},{"damage":15,"enemies":"downfall:FleeingMerchant","floor":20,"turns":4},{"damage":42,"enemies":"Shelled Parasite and Fungi","floor":22,"turns":5},{"damage":39,"enemies":"Cultist and Chosen","floor":28,"turns":5},{"damage":19,"enemies":"Snake Plant","floor":29,"turns":3},{"damage":22,"enemies":"Replay:Snechameleon","floor":31,"turns":3},{"damage":11,"enemies":"Snecko","floor":32,"turns":3},{"damage":1,"enemies":"IC_MUSHROOM_ARCHETYPE","floor":33,"turns":4},{"damage":33,"enemies":"3 Darklings","floor":36,"turns":3},{"damage":15,"enemies":"downfall:FleeingMerchant","floor":38,"turns":3},{"damage":35,"enemies":"Nemesis","floor":40,"turns":3},{"damage":25,"enemies":"3 Shapes","floor":43,"turns":3},{"damage":59,"enemies":"2 Orb Walkers","floor":44,"turns":4},{"damage":6,"enemies":"Writhing Mass","floor":48,"turns":3},{"damage":0,"enemies":"Maw","floor":49,"turns":4},{"damage":0,"enemies":"SI_POISON_ARCHETYPE","floor":50,"turns":5}],"seed_played":"-7697635367480093473","potions_obtained":[{"floor":6,"key":"Toxic Potion"},{"floor":11,"key":"Milkshake"},{"floor":12,"key":"Dexterity Potion"},{"floor":13,"key":"champ:CounterPotion"},{"floor":14,"key":"bronze:BurnAndBuffPotion"},{"floor":15,"key":"Dexterity Potion"},{"floor":28,"key":"Milkshake"},{"floor":29,"key":"Elixir"},{"floor":33,"key":"Flashbang"},{"floor":40,"key":"Strength Potion"},{"floor":43,"key":"Strength Potion"},{"floor":44,"key":"champ:OpenerPotion"}],"is_trial":false,"path_per_floor":["R","M","?","$","M","E","T","R","M","M","M","?","?","M","M","B",null,"R","M","$","?","M","R","T","?","R","AVR","M","M","R","E","M","B",null,"R","M","?","$","?","E","T","R","M","?","?","R","$","M","M","B",null],"character_chosen":"THE_CHAMP","items_purchased":["Replay:Dark Deal","Finesse","Metamorphosis","Strawberry","champ:UltimateStance","Finesse","Pondfish Scales","Replay:SS_hec_1"],"campfire_rested":4,"item_purchase_floors":[20,20,38,38,38,38,38,47],"current_hp_per_floor":[99,96,96,91,90,84,84,84,84,78,68,60,40,40,40,4,99,99,51,51,51,14,43,43,43,72,72,48,34,63,51,42,58,99,99,76,76,85,77,58,58,94,86,59,109,109,109,109,109,109],"gold":29,"neow_bonus":"TEN_PERCENT_HP_BONUS","is_daily":false,"chose_seed":false,"campfire_upgraded":5,"win_rate":0.0,"timestamp":1612820517,"path_taken":["R","M","?","$","M","E","T","R","?","M","M","?","?","M","M","BOSS","R","M","$","?","?","R","T","?","R","AVR","M","M","R","E","M","BOSS","R","M","?","$","?","E","T","R","?","?","?","R","$","M","M","BOSS"],"items_purchased_type":["Card","Card","Card","Relic","Card","Card","Relic","Card"],"build_version":"2020-12-22","purchased_purges":1,"victory":true,"max_hp_per_floor":[99,99,99,99,99,99,99,99,99,99,99,99,99,99,99,99,99,99,99,99,99,99,99,99,99,99,99,99,99,99,99,99,99,99,99,99,99,106,106,120,120,120,120,125,109,109,109,109,109,109],"card_choices":[{"not_picked":["champ:BerserkersShout","champ:Haymaker"],"picked":"champ:GutPunch","floor":2},{"not_picked":["champ:Parry","champ:SteelEdge"],"picked":"champ:CrownThrow","floor":4},{"not_picked":["champ:EnGarde","champ:FlashCut"],"picked":"champ:Shatter","floor":5},{"not_picked":["champ:FlashCut","champ:Circumvent"],"picked":"champ:SwordThrow","floor":6},{"not_picked":["champ:BladeFlurry","champ:CrownThrow"],"picked":"champ:SetATrap","floor":9},{"not_picked":["champ:PreciseThrust","champ:PerfectedStrike"],"picked":"champ:ShieldSlam","floor":10},{"not_picked":["champ:Shatter","champ:Circumvent"],"picked":"champ:Haymaker","floor":11},{"not_picked":["champ:Circumvent","champ:Encircle"],"picked":"champ:StanceDance","floor":12},{"not_picked":["champ:StanceDance","champ:CrookedStrike"],"picked":"champ:DefensiveShout","floor":13},{"not_picked":["champ:Haymaker","champ:RisingSlash"],"picked":"champ:PerfectedStrike","floor":14},{"not_picked":["champ:DefensiveShout","champ:CrownThrow"],"picked":"champ:Improvising","floor":15},{"not_picked":["champ:IgnorePain","champ:SwordThrow"],"picked":"champ:LastStand","floor":16},{"not_picked":["champ:PerfectedStrike","champ:Circumvent"],"picked":"champ:PreciseThrust","floor":19},{"not_picked":["champ:GutPunch+1","champ:Encircle"],"picked":"champ:CrownThrow+1","floor":20},{"not_picked":["champ:Shatter","champ:GutPunch+1"],"picked":"champ:FaceSlap+1","floor":22},{"not_picked":["champ:PerfectedStrike","champ:CrownThrow+1"],"picked":"champ:TornadoPunch","floor":28},{"not_picked":["champ:BerserkersShout","champ:StanceDance+1"],"picked":"champ:BringItOn","floor":29},{"not_picked":["champ:Shatter","champ:FocusedDefense+1"],"picked":"champ:GladiatorStyle","floor":31},{"not_picked":["champ:MurderStrike","champ:FancyFootwork"],"picked":"champ:BringItOn+1","floor":32},{"not_picked":["champ:ShieldThrow","champ:SteelEdge"],"picked":"champ:UltimateStance","floor":33},{"not_picked":["champ:RapidStrikes+1","champ:BringItOn+1"],"picked":"champ:Lariat","floor":36},{"not_picked":["champ:BringItOn","champ:GutPunch+1"],"picked":"champ:CrownThrow","floor":37},{"not_picked":["champ:TornadoPunch","champ:FocusedBerserking"],"picked":"champ:IgnorePain","floor":38},{"not_picked":["champ:PerfectedStrike+1","champ:PreciseThrust"],"picked":"champ:ShieldWall","floor":40},{"not_picked":["champ:Lariat+1","champ:BladeFlurry+1"],"picked":"champ:StanceDance","floor":43},{"not_picked":["champ:RisingSlash+1","champ:PerfectedStrike+1"],"picked":"champ:Duel+1","floor":44},{"not_picked":["champ:DefensiveShout","champ:TornadoPunch+1"],"picked":"champ:StrikeOfGenius","floor":48},{"not_picked":["champ:FlashCut+1","champ:StanceDance"],"picked":"champ:CrookedStrike","floor":49}],"player_experience":431857,"relics_obtained":[{"floor":6,"key":"DeathKnight:PutricidesVial"},{"floor":7,"key":"Blue Candle"},{"floor":12,"key":"Odd Mushroom"},{"floor":19,"key":"wanderingMiniBosses:Inkheart"},{"floor":24,"key":"Bottled Lightning"},{"floor":31,"key":"Blood Vial"},{"floor":40,"key":"Mango"},{"floor":41,"key":"Onion Ring"},{"floor":44,"key":"Durian"}],"event_choices":[{"damage_healed":0,"gold_gain":0,"player_choice":"Rummage","damage_taken":0,"relics_obtained":["WarpedTongs"],"max_hp_gain":0,"max_hp_loss":0,"event_name":"Accursed Blacksmith","floor":3,"gold_loss":0,"cards_obtained":["Pain"]},{"damage_healed":0,"gold_gain":0,"player_choice":"Fought Mushrooms","damage_taken":0,"max_hp_gain":0,"max_hp_loss":0,"event_name":"Mushrooms","floor":12,"gold_loss":0},{"damage_healed":0,"gold_gain":0,"player_choice":"Ignored","damage_taken":0,"max_hp_gain":0,"max_hp_loss":0,"event_name":"NoteForYourself","floor":21,"gold_loss":0},{"damage_healed":0,"gold_gain":0,"player_choice":"Ignored","damage_taken":0,"max_hp_gain":0,"max_hp_loss":0,"event_name":"Vampires","floor":25,"gold_loss":0},{"damage_healed":0,"gold_gain":0,"player_choice":"Fight","damage_taken":0,"max_hp_gain":0,"max_hp_loss":0,"event_name":"Mysterious Sphere","floor":44,"gold_loss":0}],"is_beta":false,"boss_relics":[{"not_picked":["aspiration:FutureDiary","Replay:Bronze Core"],"picked":"aspiration:PoetsPen"},{"not_picked":["hubris:ScarierMask","Replay:Wanted Poster"],"picked":"Runic Dome"}],"items_purged_floors":[4],"is_endless":false,"potions_floor_spawned":[6,11,12,13,14,15,28,29,33,40,43,44],"ascension_level":0}}