{"host":"15sbyzswzncjigmz","time":1612823704,"event":{"mods":["AchievementEnabler","BaseMod","Bestiary","Block Reminder","Colored Map","Colored Powertips","DeckTracker","Minty Spire (QoL Compilation)","Relic Stats","StSLib","Weighted Paths"],"gold_per_floor":[109,125,138,148,148,148,183,197,197,197,197,217,217,73,73,177,177,188,208,227,227,41,41,41,41,66,79,79,97,112,137,137,232,232,243,243,216,290,290,290,49,68,68,68,68,79,79,79],"floor_reached":47,"language":"ENG","playtime":5704,"items_purged":[],"score":470,"play_id":"b715bf63-613f-4fcb-b99b-45d64b1b31f1","local_time":"20210208163504","is_ascension_mode":false,"campfire_choices":[{"floor":6,"key":"RECALL"},{"floor":11,"key":"REST"},{"data":"WindmillStrike","floor":13,"key":"SMITH"},{"data":"Devotion","floor":15,"key":"SMITH"},{"floor":24,"key":"REST"},{"floor":28,"key":"REST"},{"floor":32,"key":"REST"},{"floor":40,"key":"REST"},{"floor":44,"key":"REST"}],"circlet_count":0,"master_deck":["Strike_P","Strike_P","Strike_P","Strike_P","Defend_P","Defend_P","Defend_P","Eruption","Vigilance","Judgement+1","Halt+1","Devotion+1","Prostrate+1","EmptyFist","Prostrate","WindmillStrike+1","FollowUp","LikeWater","Ragnarok","FollowUp","EmptyMind","ConjureBlade","BattleHymn","WindmillStrike+1","CrushJoints+1","PathToVictory+1","EmptyBody+1","SashWhip","DeusExMachina","JustLucky","Vengeance","Shame","Vengeance+1","Writhe","Pain","SignatureMove+1"],"relics":["PureWater","Matryoshka","Pantograph","The Courier","War Paint","Cursed Key","Toolbox","Enchiridion","Boot","MealTicket","Bag of Marbles","SlaversCollar","Question Card","Pen Nib","Strawberry","Shuriken","WarpedTongs"],"acts_visited":["Exordium","TheCity","TheBeyond"],"potions_floor_usage":[7,29,33,35,46],"damage_taken":[{"damage":0,"enemies":"Cultist","floor":1,"turns":2},{"damage":2,"enemies":"Small Slimes","floor":2,"turns":3},{"damage":0,"enemies":"2 Louse","floor":3,"turns":2},{"damage":1,"enemies":"Exordium Thugs","floor":4,"turns":3},{"damage":25,"enemies":"Lagavulin","floor":7,"turns":7},{"damage":0,"enemies":"2 Fungi Beasts","floor":8,"turns":2},{"damage":0,"enemies":"Looter","floor":12,"turns":1},{"damage":16,"enemies":"Slime Boss","floor":16,"turns":5},{"damage":0,"enemies":"3 Byrds","floor":18,"turns":5},{"damage":0,"enemies":"Spheric Guardian","floor":19,"turns":2},{"damage":24,"enemies":"Shelled Parasite and Fungi","floor":20,"turns":4},{"damage":0,"enemies":"Sentry and Sphere","floor":27,"turns":2},{"damage":6,"enemies":"3 Cultists","floor":29,"turns":3},{"damage":16,"enemies":"Cultist and Chosen","floor":30,"turns":4},{"damage":21,"enemies":"Book of Stabbing","floor":31,"turns":4},{"damage":30,"enemies":"Champ","floor":33,"turns":5},{"damage":57,"enemies":"3 Darklings","floor":35,"turns":4},{"damage":17,"enemies":"3 Shapes","floor":42,"turns":3},{"damage":31,"enemies":"Transient","floor":46,"turns":5},{"damage":60,"enemies":"Reptomancer","floor":47,"turns":5}],"seed_played":"-2533282776594324514","potions_obtained":[{"floor":2,"key":"GamblersBrew"},{"floor":7,"key":"Ambrosia"},{"floor":16,"key":"StancePotion"},{"floor":19,"key":"Explosive Potion"},{"floor":30,"key":"SteroidPotion"},{"floor":35,"key":"Ancient Potion"}],"is_trial":false,"path_per_floor":["M","M","M","M","T","R","E","M","T","?","R","M","R","$","R","B",null,"M","M","M","?","$","?","R","?","T","M","R","M","M","E","R","B",null,"M","?","$","T","?","R","$","M","T","R","?","M","E"],"character_chosen":"WATCHER","items_purchased":["War Paint","LikeWater","Toolbox","BattleHymn","Vengeance","Pen Nib","Strawberry"],"campfire_rested":6,"item_purchase_floors":[14,14,22,22,37,41,41],"current_hp_per_floor":[72,70,70,69,69,69,44,44,44,44,65,65,65,65,65,56,72,72,72,48,48,48,32,53,53,53,53,72,66,50,29,50,42,72,15,15,30,30,30,51,73,56,56,79,79,48,0,0],"gold":79,"neow_bonus":"ONE_RANDOM_RARE_CARD","is_daily":false,"chose_seed":false,"campfire_upgraded":2,"win_rate":0.0,"timestamp":1612823704,"path_taken":["M","M","?","M","?","R","E","?","T","?","R","M","R","$","R","BOSS","M","M","?","?","$","?","R","?","T","M","R","M","M","E","R","BOSS","M","?","$","?","?","R","$","M","T","R","?","?","E"],"items_purchased_type":["Relic","Card","Relic","Card","Card","Relic","Relic"],"build_version":"2020-12-22","purchased_purges":0,"victory":false,"max_hp_per_floor":[72,72,72,72,72,72,72,72,72,72,72,72,72,72,72,72,72,72,72,72,72,72,72,72,72,72,72,72,72,72,72,72,72,72,72,72,72,72,72,72,79,79,79,79,79,79,79,79],"relic_stats":{"counters":[20,71],"Shuriken":[2],"Pantograph":29,"MealTicket":30,"Pen Nib":[2],"War Paint":["Halt","Prostrate"],"Cursed Key":3,"Boot":[1],"Question Card":2,"obtain_stats":[{"Enchiridion":23,"The Courier":9,"Pen Nib":41,"War Paint":14,"Cursed Key":17,"Boot":26,"Question Card":38,"WarpedTongs":45,"SlaversCollar":34,"Matryoshka":7,"Shuriken":43,"Pantograph":9,"Strawberry":41,"Toolbox":22,"MealTicket":26,"Bag of Marbles":31,"PureWater":0},{"Enchiridion":11,"The Courier":6,"Pen Nib":17,"War Paint":7,"Cursed Key":8,"Boot":11,"Question Card":17,"WarpedTongs":18,"SlaversCollar":16,"Matryoshka":5,"Shuriken":18,"Pantograph":6,"Strawberry":17,"Toolbox":11,"MealTicket":11,"Bag of Marbles":15,"PureWater":0},{"Enchiridion":36,"The Courier":19,"Pen Nib":58,"War Paint":20,"Cursed Key":25,"Boot":36,"Question Card":58,"WarpedTongs":61,"SlaversCollar":54,"Matryoshka":17,"Shuriken":61,"Pantograph":19,"Strawberry":58,"Toolbox":36,"MealTicket":36,"Bag of Marbles":49,"PureWater":0}],"WarpedTongs":[10]},"card_choices":[{"not_picked":["ThirdEye","ClearTheMind"],"picked":"Halt","floor":1},{"not_picked":["Protect","EmptyBody"],"picked":"Devotion","floor":2},{"not_picked":["WaveOfTheHand","BowlingBash"],"picked":"Prostrate","floor":3},{"not_picked":["EmptyBody","Consecrate"],"picked":"EmptyFist","floor":4},{"not_picked":["Swivel","ThirdEye"],"picked":"Prostrate","floor":7},{"not_picked":["Omniscience","Protect"],"picked":"WindmillStrike","floor":8},{"not_picked":["Evaluate","FlyingSleeves"],"picked":"FollowUp","floor":12},{"not_picked":["MasterReality","Omniscience"],"picked":"Ragnarok","floor":16},{"not_picked":["CutThroughFate","Halt+1"],"picked":"FollowUp","floor":18},{"not_picked":["FlurryOfBlows","Prostrate"],"picked":"EmptyMind","floor":19},{"not_picked":["Pray","TalkToTheHand"],"picked":"ConjureBlade","floor":20},{"not_picked":["Crescendo+1","EmptyFist+1"],"picked":"CrushJoints+1","floor":27},{"not_picked":["Pray","JustLucky"],"picked":"PathToVictory+1","floor":29},{"not_picked":["Protect+1","FlyingSleeves"],"picked":"EmptyBody+1","floor":30},{"not_picked":["Prostrate","EmptyBody"],"picked":"SashWhip","floor":31},{"not_picked":["Judgement","LessonLearned"],"picked":"DeusExMachina","floor":33},{"not_picked":["EmptyBody","BowlingBash"],"picked":"JustLucky","floor":35},{"not_picked":["Crescendo+1","WreathOfFlame","Study"],"picked":"Vengeance+1","floor":42},{"not_picked":["WheelKick","Crescendo+1","FlyingSleeves"],"picked":"SignatureMove+1","floor":46}],"player_experience":148810,"relics_obtained":[{"floor":7,"key":"Matryoshka"},{"floor":9,"key":"Pantograph"},{"floor":9,"key":"The Courier"},{"floor":23,"key":"Enchiridion"},{"floor":26,"key":"Boot"},{"floor":26,"key":"MealTicket"},{"floor":31,"key":"Bag of Marbles"},{"floor":38,"key":"Question Card"},{"floor":43,"key":"Shuriken"}],"event_choices":[{"damage_healed":0,"gold_gain":0,"player_choice":"Upgraded","damage_taken":0,"max_hp_gain":0,"max_hp_loss":0,"event_name":"Upgrade Shrine","floor":10,"gold_loss":0,"cards_upgraded":["Judgement"]},{"damage_healed":0,"gold_gain":0,"player_choice":"Ignored","damage_taken":0,"max_hp_gain":0,"max_hp_loss":0,"event_name":"Beggar","floor":21,"gold_loss":0},{"damage_healed":0,"gold_gain":0,"player_choice":"Obtained Book","damage_taken":16,"max_hp_gain":0,"max_hp_loss":0,"event_name":"Cursed Tome","floor":23,"gold_loss":0},{"damage_healed":0,"gold_gain":0,"player_choice":"Copied","damage_taken":0,"max_hp_gain":0,"max_hp_loss":0,"event_name":"Duplicator","floor":25,"gold_loss":0,"cards_obtained":["WindmillStrike"]},{"cards_removed":["Clumsy"],"damage_healed":0,"gold_gain":0,"player_choice":"Purged","damage_taken":0,"max_hp_gain":0,"max_hp_loss":0,"event_name":"Purifier","floor":36,"gold_loss":0},{"cards_removed":["Defend_P"],"damage_healed":0,"gold_gain":0,"player_choice":"Removed Skill","damage_taken":0,"max_hp_gain":0,"max_hp_loss":0,"event_name":"Falling","floor":39,"gold_loss":0},{"damage_healed":0,"gold_gain":0,"player_choice":"Rummage","damage_taken":0,"relics_obtained":["WarpedTongs"],"max_hp_gain":0,"max_hp_loss":0,"event_name":"Accursed Blacksmith","floor":45,"gold_loss":0,"cards_obtained":["Pain"]}],"is_beta":false,"boss_relics":[{"not_picked":["Philosopher\u0027s Stone","VioletLotus"],"picked":"Cursed Key"},{"not_picked":["Pandora\u0027s Box","Astrolabe"],"picked":"SlaversCollar"}],"items_purged_floors":[],"is_endless":false,"potions_floor_spawned":[2,7,16,19,27,30,31,35],"killed_by":"Reptomancer","ascension_level":0}}