{"host":"9b7hrp48q3pna783","time":1612825519,"event":{"mods":["BaseMod","Colored Map","Colored Powertips","Highlight Path","Minty Spire (QoL Compilation)","Relic Stats"],"gold_per_floor":[115,40,58,58,58,84,84,102,150,177,177,193,193,207,207,309,309,326,338,238,238,258,258,258,258],"floor_reached":24,"language":"ENG","playtime":1211,"items_purged":["Strike_B","Defend_B"],"score":282,"play_id":"f12d4197-9611-47b5-a9dd-f12fb9740740","local_time":"20210208180519","is_ascension_mode":true,"campfire_choices":[{"data":"Genetic Algorithm","floor":7,"key":"SMITH"},{"floor":13,"key":"REST"},{"floor":15,"key":"REST"},{"data":"Rainbow","floor":23,"key":"SMITH"}],"circlet_count":0,"master_deck":["Strike_B","Strike_B","Defend_B","Defend_B","Defend_B","Zap","Dualcast","Gash","Genetic Algorithm+1","Skim","Barrage","Gash","Chaos","Gash","Rainbow+1","BootSequence"],"relics":["Cracked Core","GremlinMask","Vajra","Oddly Smooth Stone","Strawberry","Sozu","Enchiridion"],"acts_visited":["Exordium","TheCity"],"potions_floor_usage":[6,6,8,16],"damage_taken":[{"damage":12,"enemies":"Jaw Worm","floor":1,"turns":3},{"damage":0,"enemies":"Cultist","floor":3,"turns":4},{"damage":44,"enemies":"Lagavulin","floor":6,"turns":6},{"damage":0,"enemies":"2 Louse","floor":8,"turns":1},{"damage":28,"enemies":"Gremlin Nob","floor":10,"turns":4},{"damage":6,"enemies":"Red Slaver","floor":12,"turns":4},{"damage":7,"enemies":"Exordium Wildlife","floor":14,"turns":4},{"damage":0,"enemies":"Slime Boss","floor":16,"turns":6},{"damage":11,"enemies":"3 Byrds","floor":18,"turns":4},{"damage":22,"enemies":"2 Thieves","floor":19,"turns":4},{"damage":18,"enemies":"3 Cultists","floor":22,"turns":5},{"damage":15,"enemies":"Snake Plant","floor":24,"turns":2}],"seed_played":"-5906200402528308708","potions_obtained":[{"floor":1,"key":"EssenceOfSteel"},{"floor":3,"key":"Regen Potion"},{"floor":6,"key":"Explosive Potion"},{"floor":14,"key":"Fire Potion"}],"is_trial":false,"path_per_floor":["M","$","M","?","$","E","R","M","T","E","?","M","R","M","R","B",null,"M","M","$","?","M","R","M"],"character_chosen":"DEFECT","items_purchased":[],"campfire_rested":2,"item_purchase_floors":[],"current_hp_per_floor":[63,63,63,63,63,31,31,31,31,10,10,4,28,21,45,45,82,71,49,49,33,15,15,0,0],"gold":258,"neow_bonus":"THREE_CARDS","is_daily":false,"chose_seed":false,"campfire_upgraded":2,"win_rate":0.0,"timestamp":1612825519,"path_taken":["M","$","M","?","?","E","R","?","T","E","?","?","R","M","R","BOSS","M","M","$","?","M","R","M"],"items_purchased_type":[],"build_version":"2020-12-22","purchased_purges":2,"victory":false,"max_hp_per_floor":[75,75,75,75,75,75,75,75,75,82,82,82,82,82,82,82,82,82,82,82,82,82,82,82,82],"relic_stats":{"Sozu":2,"counters":[12,47],"obtain_stats":[{"Sozu":17,"Strawberry":10,"Vajra":6,"Oddly Smooth Stone":9,"Enchiridion":21,"GremlinMask":4,"Cracked Core":0},{"Sozu":8,"Strawberry":5,"Vajra":3,"Oddly Smooth Stone":4,"Enchiridion":10,"GremlinMask":2,"Cracked Core":0},{"Sozu":32,"Strawberry":18,"Vajra":13,"Oddly Smooth Stone":14,"Enchiridion":40,"GremlinMask":7,"Cracked Core":0}]},"card_choices":[{"not_picked":["Blizzard","Streamline"],"picked":"Gash","floor":0},{"not_picked":["Compile Driver","Redo"],"picked":"Genetic Algorithm","floor":1},{"not_picked":["Redo","Hello World"],"picked":"Skim","floor":3},{"not_picked":["Go for the Eyes","Genetic Algorithm"],"picked":"Barrage","floor":6},{"not_picked":["Coolheaded","Multi-Cast"],"picked":"Gash","floor":8},{"not_picked":["Tempest","Hologram"],"picked":"Chaos","floor":10},{"not_picked":["Cold Snap","Barrage"],"picked":"Gash","floor":12},{"not_picked":["Stack","Rebound","Barrage"],"picked":"SKIP","floor":14},{"not_picked":["Amplify","Machine Learning"],"picked":"Rainbow","floor":16},{"not_picked":["Conserve Battery","Coolheaded","Redo+1"],"picked":"SKIP","floor":18},{"not_picked":["Gash","Stack+1","Cold Snap"],"picked":"SKIP","floor":19},{"not_picked":["Chill","Rebound"],"picked":"BootSequence","floor":22}],"player_experience":147814,"relics_obtained":[{"floor":6,"key":"Vajra"},{"floor":9,"key":"Oddly Smooth Stone"},{"floor":10,"key":"Strawberry"},{"floor":21,"key":"Enchiridion"}],"event_choices":[{"damage_healed":0,"gold_gain":0,"player_choice":"Trade","damage_taken":0,"relics_obtained":["GremlinMask"],"max_hp_gain":0,"max_hp_loss":0,"event_name":"FaceTrader","floor":4,"gold_loss":0},{"cards_removed":["Strike_B"],"damage_healed":0,"gold_gain":0,"player_choice":"Purged","damage_taken":0,"max_hp_gain":0,"max_hp_loss":0,"event_name":"Purifier","floor":11,"gold_loss":0},{"damage_healed":0,"gold_gain":0,"player_choice":"Obtained Book","damage_taken":16,"max_hp_gain":0,"max_hp_loss":0,"event_name":"Cursed Tome","floor":21,"gold_loss":0}],"is_beta":false,"boss_relics":[{"not_picked":["SacredBark","Busted Crown"],"picked":"Sozu"}],"items_purged_floors":[2,20],"is_endless":false,"potions_floor_spawned":[1,3,6,14,18,22],"killed_by":"Snake Plant","ascension_level":2}}