{"host":"j4g6ia6asvpyu2b0","time":1612824650,"event":{"mods":["BaseMod","Colored Map","Downfall","Minty Spire (QoL Compilation)","Permanent Neow","Quick Restart","Relic Stats","StSLib","Unceasing Turn Reminder"],"gold_per_floor":[114,126,136,156,167,197,197,224,262,274,286,308,337,379,391,500,512,535,562,296,308,320,320,355,355,355,387,387,422,422,433,433,534,534,551,569,569,422,440,471,281,281,355,355,355,386,402,433,433,433,433,433,30,55,55],"floor_reached":56,"language":"ENG","playtime":2177,"items_purged":["Strike_G"],"score":1598,"play_id":"e959dfd7-d1ac-4b12-93e7-d6d44741c204","local_time":"20210208155050","is_ascension_mode":true,"campfire_choices":[{"data":"Deadly Poison","floor":7,"key":"SMITH"},{"data":"Noxious Fumes","floor":15,"key":"SMITH"},{"data":"Skewer","floor":23,"key":"SMITH"},{"data":"Malaise","floor":30,"key":"SMITH"},{"data":"Catalyst","floor":32,"key":"SMITH"},{"data":"Enlightenment","floor":42,"key":"SMITH"},{"floor":49,"key":"RECALL"},{"data":"Caltrops","floor":52,"key":"SMITH"}],"circlet_count":0,"master_deck":["Defend_G","Defend_G","Defend_G","Defend_G","Defend_G","Survivor","Neutralize","Outmaneuver","Deadly Poison+1","Poisoned Stab","Skewer+1","Quick Slash","Dagger Throw","Backstab","Backflip","Noxious Fumes+1","Catalyst+1","Glass Knife","Leg Sweep","Backflip","Dagger Spray","PiercingWail+1","Terror+1","Dagger Spray","Acrobatics","Slimebound:Tackle+1","Slimebound:Tackle+1","Slimebound:Tackle+1","Malaise+1","Tools of the Trade","Footwork+1","Sucker Punch+1","Flash of Steel","HandOfGreed","Enlightenment+1","Blur+1","Flying Knee+1","Caltrops+1","Acrobatics+1","Backflip","Outmaneuver+1","Footwork","Dodge and Roll","Metamorphosis","Calculated Gamble"],"relics":["Black Star","Nunchaku","Happy Flower","MawBank","Boot","Bronze Scales","Eternal Feather","Pantograph","Coffee Dripper","Lee\u0027s Waffle","Dream Catcher","InkBottle","Enchiridion","Paper Crane","Shuriken","TungstenRod","Potion Belt","MealTicket","SacredBark","Medical Kit","Strawberry","Bottled Lightning","TwistedFunnel","Omamori","Letter Opener","Bottled Tornado","Ginger","Ornamental Fan","CaptainsWheel"],"acts_visited":["Exordium","TheCity","TheBeyond","TheEnding"],"potions_floor_usage":[6,8,18,19,21,21,39,40,40,55,55,55,55,55],"damage_taken":[{"damage":1,"enemies":"Cultist","floor":1,"turns":4},{"damage":2,"enemies":"Small Slimes","floor":2,"turns":7},{"damage":2,"enemies":"2 Louse","floor":3,"turns":4},{"damage":10,"enemies":"2 Fungi Beasts","floor":4,"turns":4},{"damage":15,"enemies":"Exordium Thugs","floor":5,"turns":6},{"damage":17,"enemies":"Lagavulin","floor":6,"turns":6},{"damage":8,"enemies":"Gremlin Nob","floor":8,"turns":3},{"damage":0,"enemies":"3 Louse","floor":12,"turns":2},{"damage":7,"enemies":"Large Slime","floor":13,"turns":4},{"damage":15,"enemies":"Lagavulin","floor":14,"turns":6},{"damage":39,"enemies":"The Guardian","floor":16,"turns":8},{"damage":12,"enemies":"2 Thieves","floor":18,"turns":3},{"damage":16,"enemies":"Shell Parasite","floor":19,"turns":3},{"damage":2,"enemies":"Cultist and Chosen","floor":21,"turns":4},{"damage":5,"enemies":"Snecko","floor":22,"turns":3},{"damage":8,"enemies":"Book of Stabbing","floor":24,"turns":4},{"damage":0,"enemies":"Gremlin Leader","floor":27,"turns":5},{"damage":21,"enemies":"Slavers","floor":29,"turns":4},{"damage":2,"enemies":"3 Cultists","floor":31,"turns":3},{"damage":40,"enemies":"Champ","floor":33,"turns":15},{"damage":0,"enemies":"3 Shapes","floor":35,"turns":5},{"damage":12,"enemies":"Orb Walker","floor":36,"turns":3},{"damage":0,"enemies":"Jaw Worm Horde","floor":39,"turns":3},{"damage":4,"enemies":"Reptomancer","floor":40,"turns":6},{"damage":16,"enemies":"Nemesis","floor":46,"turns":7},{"damage":0,"enemies":"Maw","floor":47,"turns":6},{"damage":22,"enemies":"Reptomancer","floor":48,"turns":6},{"damage":40,"enemies":"Awakened One","floor":50,"turns":15},{"damage":21,"enemies":"Shield and Spear","floor":54,"turns":8},{"damage":18,"enemies":"The Heart","floor":55,"turns":8}],"seed_played":"6264813072398815915","potions_obtained":[{"floor":2,"key":"Guardian:BlockOnCardUsePotion"},{"floor":3,"key":"PowerPotion"},{"floor":5,"key":"sneckomod:MuddlingPotion"},{"floor":12,"key":"Explosive Potion"},{"floor":14,"key":"ColorlessPotion"},{"floor":18,"key":"FearPotion"},{"floor":19,"key":"DistilledChaos"},{"floor":27,"key":"FearPotion"},{"floor":29,"key":"SteroidPotion"},{"floor":31,"key":"SkillPotion"},{"floor":33,"key":"SkillPotion"},{"floor":35,"key":"Weak Potion"},{"floor":39,"key":"Fire Potion"},{"floor":40,"key":"sneckomod:MuddlingPotion"},{"floor":48,"key":"AttackPotion"}],"is_trial":false,"path_per_floor":["M","M","M","M","M","E","R","E","T","$","?","M","M","E","R","B",null,"M","M","$","M","M","R","E","?","T","E","?","E","R","M","R","B",null,"M","M","?","$","M","E","$","R","T","?","?","E","M","E","R","B",null,"R","$","E","B",null],"character_chosen":"THE_SILENT","items_purchased":["Lee\u0027s Waffle","Dagger Spray","Medical Kit","Caltrops","TwistedFunnel","Footwork","Energy Potion","Regen Potion","Dodge and Roll","Metamorphosis"],"campfire_rested":0,"item_purchase_floors":[20,20,38,41,41,53,53,53,53,53],"current_hp_per_floor":[69,67,65,55,40,23,23,15,15,15,70,70,63,48,60,31,70,58,42,77,75,70,77,69,53,53,53,53,32,47,45,63,37,77,77,65,56,71,71,74,84,84,84,84,84,68,68,46,70,44,84,84,84,63,84],"gold":55,"neow_bonus":"BOSS_RELIC","is_daily":false,"chose_seed":false,"campfire_upgraded":7,"win_rate":0.0,"timestamp":1612824650,"path_taken":["M","M","?","M","M","E","R","E","T","$","?","?","M","E","R","BOSS","M","M","$","M","M","R","E","?","T","E","?","E","R","M","R","BOSS","M","M","?","$","M","E","?","R","T","?","?","E","M","E","R","BOSS","R","$","E","BOSS"],"items_purchased_type":["Relic","Card","Relic","Card","Relic","Card","Potion","Potion","Card","Card"],"build_version":"2020-12-22","purchased_purges":1,"victory":true,"max_hp_per_floor":[70,70,70,70,70,70,70,70,70,70,70,70,70,70,70,70,70,70,70,77,77,77,77,77,77,77,77,77,77,77,77,77,77,77,77,77,77,77,77,84,84,84,84,84,84,84,84,84,84,84,84,84,84,84,84],"relic_stats":{"Lee\u0027s Waffle":35,"Happy Flower":[44],"counters":[30,165],"Eternal Feather":76,"Letter Opener":[165],"Ginger":[2],"MawBank":144,"Boot":[104],"Medical Kit":[3],"Nunchaku":[25],"Dream Catcher":0,"Shuriken":[26],"Ornamental Fan":[8],"Bronze Scales":[394],"Pantograph":59,"MealTicket":25,"Black Star":10,"obtain_stats":[{"TwistedFunnel":41,"SacredBark":34,"Enchiridion":25,"Ginger":48,"Bottled Tornado":48,"Boot":8,"Nunchaku":6,"Dream Catcher":24,"Pantograph":14,"Strawberry":40,"MealTicket":29,"InkBottle":24,"Ring of the Snake":0,"Potion Belt":29,"Lee\u0027s Waffle":20,"Happy Flower":6,"Eternal Feather":14,"Omamori":46,"Letter Opener":46,"Paper Crane":26,"MawBank":8,"Medical Kit":38,"CaptainsWheel":54,"Shuriken":27,"Ornamental Fan":54,"Bronze Scales":9,"Black Star":0,"Coffee Dripper":17,"Bottled Lightning":40,"TungstenRod":27},{"TwistedFunnel":24,"SacredBark":20,"Enchiridion":16,"Ginger":27,"Bottled Tornado":27,"Boot":7,"Nunchaku":6,"Dream Catcher":16,"Pantograph":10,"Strawberry":24,"MealTicket":18,"InkBottle":16,"Ring of the Snake":0,"Potion Belt":18,"Lee\u0027s Waffle":13,"Happy Flower":6,"Eternal Feather":10,"Omamori":25,"Letter Opener":25,"Paper Crane":16,"MawBank":7,"Medical Kit":22,"CaptainsWheel":29,"Shuriken":17,"Ornamental Fan":29,"Bronze Scales":7,"Black Star":0,"Coffee Dripper":11,"Bottled Lightning":24,"TungstenRod":17},{"TwistedFunnel":115,"SacredBark":98,"Enchiridion":71,"Ginger":134,"Bottled Tornado":134,"Boot":34,"Nunchaku":31,"Dream Catcher":71,"Pantograph":46,"Strawberry":115,"MealTicket":80,"InkBottle":71,"Ring of the Snake":0,"Potion Belt":80,"Lee\u0027s Waffle":60,"Happy Flower":31,"Eternal Feather":46,"Omamori":122,"Letter Opener":122,"Paper Crane":71,"MawBank":34,"Medical Kit":106,"CaptainsWheel":157,"Shuriken":76,"Ornamental Fan":157,"Bronze Scales":34,"Black Star":0,"Coffee Dripper":54,"Bottled Lightning":115,"TungstenRod":76}],"InkBottle":[41],"TungstenRod":63},"card_choices":[{"not_picked":["PiercingWail","Underhanded Strike"],"picked":"Outmaneuver","floor":1},{"not_picked":["Dagger Throw","Dodge and Roll"],"picked":"Deadly Poison","floor":2},{"not_picked":["Dagger Spray","Slice"],"picked":"Poisoned Stab","floor":3},{"not_picked":["Endless Agony","Dagger Throw"],"picked":"Skewer","floor":4},{"not_picked":["Night Terror","Cloak And Dagger"],"picked":"Quick Slash","floor":5},{"not_picked":["Calculated Gamble","Bane"],"picked":"Dagger Throw","floor":6},{"not_picked":["Underhanded Strike","Accuracy"],"picked":"Backstab","floor":8},{"not_picked":["Concentrate","Cloak And Dagger"],"picked":"Backflip","floor":12},{"not_picked":["Well Laid Plans","Backstab"],"picked":"Noxious Fumes","floor":13},{"not_picked":["Endless Agony","Grand Finale"],"picked":"Catalyst","floor":14},{"not_picked":["Envenom","Phantasmal Killer"],"picked":"Glass Knife","floor":16},{"not_picked":["Backflip","Dagger Spray+1"],"picked":"Leg Sweep","floor":18},{"not_picked":["Setup","Blade Dance"],"picked":"Backflip","floor":19},{"not_picked":["Backstab+1","Masterful Stab"],"picked":"PiercingWail+1","floor":21},{"not_picked":["Underhanded Strike","Backflip"],"picked":"Terror+1","floor":22},{"not_picked":["Expertise","Riddle With Holes+1"],"picked":"Dagger Spray","floor":24},{"not_picked":["Storm of Steel","Deadly Poison+1"],"picked":"Acrobatics","floor":27},{"not_picked":["Footwork","Deadly Poison"],"picked":"Malaise","floor":29},{"not_picked":["Deflect","Cloak And Dagger"],"picked":"Dagger Throw+1","floor":31},{"not_picked":["Die Die Die","Unload"],"picked":"Tools of the Trade","floor":33},{"not_picked":["Backflip+1","Quick Slash+1"],"picked":"Footwork+1","floor":35},{"not_picked":["Acrobatics+1","Endless Agony+1"],"picked":"Sucker Punch+1","floor":36},{"not_picked":["Finesse","Enlightenment"],"picked":"Flash of Steel","floor":37},{"not_picked":["Blind","Thinking Ahead"],"picked":"HandOfGreed","floor":37},{"not_picked":["Dramatic Entrance","Trip"],"picked":"Enlightenment","floor":37},{"not_picked":["Backstab","Flying Knee+1"],"picked":"Blur+1","floor":39},{"not_picked":["Distraction","Acrobatics"],"picked":"Flying Knee+1","floor":40},{"not_picked":["Backstab","Flying Knee"],"picked":"Acrobatics+1","floor":46},{"not_picked":["Underhanded Strike","Blade Dance"],"picked":"Backflip","floor":47},{"not_picked":["Prepared","Riddle With Holes"],"picked":"Outmaneuver+1","floor":48},{"not_picked":["Prepared","Distraction"],"picked":"Calculated Gamble","floor":54}],"player_experience":1221615,"relics_obtained":[{"floor":6,"key":"Nunchaku"},{"floor":6,"key":"Happy Flower"},{"floor":8,"key":"MawBank"},{"floor":8,"key":"Boot"},{"floor":9,"key":"Bronze Scales"},{"floor":14,"key":"Eternal Feather"},{"floor":14,"key":"Pantograph"},{"floor":24,"key":"Dream Catcher"},{"floor":24,"key":"InkBottle"},{"floor":25,"key":"Enchiridion"},{"floor":26,"key":"Paper Crane"},{"floor":27,"key":"Shuriken"},{"floor":27,"key":"TungstenRod"},{"floor":29,"key":"Potion Belt"},{"floor":29,"key":"MealTicket"},{"floor":40,"key":"Strawberry"},{"floor":40,"key":"Bottled Lightning"},{"floor":46,"key":"Omamori"},{"floor":46,"key":"Letter Opener"},{"floor":48,"key":"Bottled Tornado"},{"floor":48,"key":"Ginger"},{"floor":54,"key":"Ornamental Fan"},{"floor":54,"key":"CaptainsWheel"}],"event_choices":[{"damage_healed":55,"gold_gain":0,"player_choice":"Full Heal","damage_taken":0,"max_hp_gain":0,"max_hp_loss":0,"event_name":"Wheel of Change","floor":11,"gold_loss":0},{"damage_healed":0,"gold_gain":0,"player_choice":"Obtained Book","damage_taken":16,"max_hp_gain":0,"max_hp_loss":0,"event_name":"Cursed Tome","floor":25,"gold_loss":0},{"damage_healed":0,"gold_gain":0,"player_choice":"Memory 3","damage_taken":10,"max_hp_gain":0,"max_hp_loss":0,"event_name":"SensoryStone","floor":37,"gold_loss":0},{"damage_healed":0,"gold_gain":0,"player_choice":"Ignored","damage_taken":0,"max_hp_gain":0,"max_hp_loss":0,"event_name":"Tomb of Lord Red Mask","floor":44,"gold_loss":0},{"cards_removed":["Dagger Throw"],"damage_healed":0,"gold_gain":0,"player_choice":"Removed Attack","damage_taken":0,"max_hp_gain":0,"max_hp_loss":0,"event_name":"Falling","floor":45,"gold_loss":0}],"is_beta":false,"boss_relics":[{"not_picked":["Fusion Hammer","WristBlade"],"picked":"Coffee Dripper"},{"not_picked":["Empty Cage","Pandora\u0027s Box"],"picked":"SacredBark"}],"items_purged_floors":[20],"is_endless":false,"potions_floor_spawned":[2,3,5,12,14,18,19,27,29,31,33,35,39,40,48],"ascension_level":3}}