{"host":"t1puqh5lxz8sp6fn","time":1612762523,"event":{"mods":["AchievementEnabler","BaseMod","Colored Powertips","Minty Spire (QoL Compilation)","Rare Cards Sparkle","Relic Stats","StSLib"],"gold_per_floor":[14,25,25,200,213,213,239,310,310,310,343,343,343,343,343,415,415,431,431,449,449,128,159,173,201,201,201,213,213,241,241,241,317,317,334,359,374,374,374,400,400,415,439,467,467,392,71,104,104,104,104,104,29,64,64],"floor_reached":56,"playtime":3374,"items_purged":["Strike_G","Strike_G+1"],"score":1967,"play_id":"c239cdfc-b727-4518-8c74-74a2166adf00","local_time":"20210208023523","is_ascension_mode":true,"campfire_choices":[{"data":"Phantasmal Killer","floor":6.0,"key":"SMITH"},{"floor":10.0,"key":"REST"},{"floor":13.0,"key":"REST"},{"data":"A Thousand Cuts","floor":15.0,"key":"SMITH"},{"floor":27.0,"key":"REST"},{"data":"Accuracy","floor":29.0,"key":"SMITH"},{"data":"Blade Dance","floor":32,"key":"SMITH"},{"floor":41,"key":"RECALL"},{"data":"Storm of Steel","floor":45,"key":"SMITH"},{"data":"Strike_G+1","floor":49,"key":"PURGE"},{"floor":52,"key":"REST"}],"circlet_count":0,"master_deck":["AscendersBane","Defend_G+1","Defend_G+1","Defend_G+1","Defend_G+1","Survivor","Neutralize","A Thousand Cuts+1","Phantasmal Killer+1","Dagger Spray","Dash","Infinite Blades","Accuracy+1","Blade Dance+1","Crippling Poison","Wraith Form v2+1","Cloak And Dagger+1","Outmaneuver+1","Caltrops+1","Storm of Steel+1","Deflect+1","Tactician+1","Accuracy+1","Noxious Fumes+1","Prepared+1"],"relics":["Ring of the Snake","Ornamental Fan","Frozen Egg 2","Art of War","Runic Pyramid","MutagenicStrength","Tiny Chest","Medical Kit","Bottled Tornado","Centennial Puzzle","Paper Crane","Bag of Marbles","Busted Crown","Peace Pipe","Lantern","Potion Belt","Gremlin Horn","Oddly Smooth Stone","Bird Faced Urn","Pear"],"acts_visited":["Exordium","TheCity","TheBeyond","TheEnding"],"potions_floor_usage":[48,50,55,55],"damage_taken":[{"damage":4.0,"enemies":"2 Louse","floor":1.0,"turns":4.0},{"damage":4.0,"enemies":"Small Slimes","floor":2.0,"turns":5.0},{"damage":2.0,"enemies":"Cultist","floor":5.0,"turns":5.0},{"damage":21.0,"enemies":"Gremlin Nob","floor":7.0,"turns":4.0},{"damage":20.0,"enemies":"Lagavulin","floor":11.0,"turns":6.0},{"damage":7.0,"enemies":"Hexaghost","floor":16.0,"turns":8.0},{"damage":1.0,"enemies":"Spheric Guardian","floor":18.0,"turns":4.0},{"damage":1.0,"enemies":"Chosen","floor":20.0,"turns":6.0},{"damage":12.0,"enemies":"Gremlin Leader","floor":23.0,"turns":6.0},{"damage":3.0,"enemies":"Sentry and Sphere","floor":24.0,"turns":3.0},{"damage":6.0,"enemies":"Slavers","floor":25.0,"turns":4.0},{"damage":2.0,"enemies":"Chosen and Byrds","floor":28.0,"turns":6.0},{"damage":10,"enemies":"Gremlin Leader","floor":30,"turns":3},{"damage":2,"enemies":"Automaton","floor":33,"turns":8},{"damage":6,"enemies":"Orb Walker","floor":35,"turns":3},{"damage":0,"enemies":"Mind Bloom Boss Battle","floor":36,"turns":3},{"damage":0,"enemies":"3 Darklings","floor":37,"turns":2},{"damage":4,"enemies":"Giant Head","floor":40,"turns":8},{"damage":0,"enemies":"4 Shapes","floor":42,"turns":3},{"damage":2,"enemies":"Reptomancer","floor":44,"turns":5},{"damage":0,"enemies":"Nemesis","floor":48,"turns":5},{"damage":47,"enemies":"Time Eater","floor":50,"turns":9},{"damage":3,"enemies":"Shield and Spear","floor":54,"turns":5},{"damage":64,"enemies":"The Heart","floor":55,"turns":8}],"seed_played":"-2819216475439433918","potions_obtained":[{"floor":2.0,"key":"SkillPotion"},{"floor":7.0,"key":"SpeedPotion"},{"floor":11.0,"key":"Poison Potion"},{"floor":18.0,"key":"PowerPotion"},{"floor":25.0,"key":"Explosive Potion"},{"floor":40,"key":"FearPotion"},{"floor":48,"key":"Block Potion"},{"floor":54,"key":"FearPotion"}],"is_trial":false,"path_per_floor":["M","M","?","?","M","R","E","?","T","R","E","?","R","?","R","B",null,"M","?","M","?","$","E","M","E","T","R","M","R","E","?","R","B",null,"M","?","M","T","?","E","R","M","T","E","R","$","$","E","R","B",null,"R","$","E","B",null],"character_chosen":"THE_SILENT","items_purchased":["Medical Kit","FairyPotion","GamblersBrew","Oddly Smooth Stone","Accuracy+1","Noxious Fumes+1"],"campfire_rested":4,"item_purchase_floors":[22,22,46,47,47,53],"current_hp_per_floor":[55,51,51,51,49,49,28,28,28,47,27,14,33,33,33,26,56,55,55,54,54,54,42,39,33,33,52,50,50,40,40,40,38,59,53,53,53,53,53,49,49,49,49,47,47,47,47,47,47,10,52,66,66,76,18],"gold":64,"neow_bonus":"TRANSFORM_TWO_CARDS","is_daily":false,"chose_seed":false,"campfire_upgraded":5,"win_rate":0.0,"timestamp":1612762523,"path_taken":["M","M","?","?","M","R","E","?","T","R","E","?","R","?","R","BOSS","M","?","M","?","$","E","M","E","T","R","?","R","E","?","R","BOSS","M","?","M","?","?","E","R","M","T","E","R","?","$","E","R","BOSS","R","$","E","BOSS"],"items_purchased_type":["Relic","Potion","Potion","Relic","Card","Card"],"build_version":"2020-12-13","purchased_purges":2,"victory":true,"max_hp_per_floor":[66,66,66,66,66,66,66,66,66,66,66,66,66,66,66,66,66,66,66,66,66,66,66,66,66,66,66,66,66,66,66,66,66,66,66,66,66,66,66,66,66,66,66,66,66,66,66,66,66,66,66,66,66,76,76],"relic_stats":{"Peace Pipe":1,"Centennial Puzzle":[27],"Busted Crown":16,"Gremlin Horn":[1,1],"counters":[24,123],"Ornamental Fan":[224],"Bird Faced Urn":[19],"Tiny Chest":1,"Art of War":[27],"Medical Kit":[2],"obtain_stats":[{"Potion Belt":43,"Lantern":40,"Pear":54,"Gremlin Horn":44,"Oddly Smooth Stone":47,"Frozen Egg 2":9,"Bottled Tornado":23,"Paper Crane":26,"Medical Kit":22,"Peace Pipe":36,"Centennial Puzzle":25,"Busted Crown":34,"Ornamental Fan":7,"MutagenicStrength":19,"Bird Faced Urn":48,"Tiny Chest":21,"Art of War":11,"Bag of Marbles":30,"Ring of the Snake":0,"Runic Pyramid":17},{"Potion Belt":19,"Lantern":18,"Pear":23,"Gremlin Horn":20,"Oddly Smooth Stone":20,"Frozen Egg 2":4,"Bottled Tornado":9,"Paper Crane":11,"Medical Kit":8,"Peace Pipe":16,"Centennial Puzzle":11,"Busted Crown":14,"Ornamental Fan":4,"MutagenicStrength":7,"Bird Faced Urn":21,"Tiny Chest":8,"Art of War":5,"Bag of Marbles":13,"Ring of the Snake":0,"Runic Pyramid":6},{"Potion Belt":91,"Lantern":88,"Pear":115,"Gremlin Horn":96,"Oddly Smooth Stone":96,"Frozen Egg 2":18,"Bottled Tornado":48,"Paper Crane":55,"Medical Kit":42,"Peace Pipe":78,"Centennial Puzzle":55,"Busted Crown":72,"Ornamental Fan":18,"MutagenicStrength":36,"Bird Faced Urn":101,"Tiny Chest":42,"Art of War":24,"Bag of Marbles":64,"Ring of the Snake":0,"Runic Pyramid":32}],"Ring of the Snake":[48]},"card_choices":[{"not_picked":["Dodge and Roll","Leg Sweep"],"picked":"Dagger Spray","floor":1.0},{"not_picked":["Expertise","Dagger Throw"],"picked":"Dash","floor":2.0},{"not_picked":["Flying Knee","Calculated Gamble"],"picked":"Accuracy","floor":5.0},{"not_picked":["Flying Knee","Escape Plan"],"picked":"Blade Dance","floor":7.0},{"not_picked":["PiercingWail","Flechettes"],"picked":"Crippling Poison","floor":11.0},{"not_picked":["Doppelganger","Storm of Steel"],"picked":"Wraith Form v2+1","floor":16.0},{"not_picked":["Underhanded Strike+1","Poisoned Stab"],"picked":"Cloak And Dagger+1","floor":18.0},{"not_picked":["Flying Knee","Dagger Spray"],"picked":"Outmaneuver+1","floor":20.0},{"not_picked":["Finisher","Tactician","Underhanded Strike"],"picked":"SKIP","floor":23.0},{"not_picked":["Riddle With Holes","Backflip"],"picked":"Caltrops+1","floor":24.0},{"not_picked":["Blade Dance","Acrobatics+1","Deadly Poison"],"picked":"SKIP","floor":25.0},{"not_picked":["Flying Knee+1","Quick Slash","Sucker Punch"],"picked":"SKIP","floor":28.0},{"not_picked":["Expertise","Flying Knee","Deadly Poison"],"picked":"SKIP","floor":30},{"not_picked":["Venomology","Doppelganger"],"picked":"Storm of Steel","floor":33},{"not_picked":["Masterful Stab"],"picked":"SKIP","floor":35},{"not_picked":[],"picked":"Deflect+1","floor":36},{"not_picked":[],"picked":"Tactician+1","floor":37},{"not_picked":["Bouncing Flask"],"picked":"SKIP","floor":40},{"not_picked":["Predator"],"picked":"SKIP","floor":42},{"not_picked":["Predator"],"picked":"SKIP","floor":44},{"not_picked":["Blade Dance"],"picked":"SKIP","floor":48},{"not_picked":[],"picked":"Prepared+1","floor":54}],"player_experience":486755,"relics_obtained":[{"floor":7.0,"key":"Ornamental Fan"},{"floor":9.0,"key":"Frozen Egg 2"},{"floor":11.0,"key":"Art of War"},{"floor":23.0,"key":"Bottled Tornado"},{"floor":25.0,"key":"Centennial Puzzle"},{"floor":26.0,"key":"Paper Crane"},{"floor":30,"key":"Bag of Marbles"},{"floor":36,"key":"Peace Pipe"},{"floor":40,"key":"Lantern"},{"floor":43,"key":"Potion Belt"},{"floor":44,"key":"Gremlin Horn"},{"floor":48,"key":"Bird Faced Urn"},{"floor":54,"key":"Pear"}],"event_choices":[{"damage_healed":0.0,"max_hp_gain":0.0,"max_hp_loss":0.0,"gold_gain":0.0,"cards_transformed":["Strike_G"],"event_name":"Living Wall","player_choice":"Change","floor":3.0,"gold_loss":0.0,"damage_taken":0.0,"cards_obtained":["Infinite Blades"]},{"damage_healed":0.0,"max_hp_gain":0.0,"max_hp_loss":0.0,"gold_gain":175.0,"event_name":"Liars Game","player_choice":"AGREE","floor":4.0,"gold_loss":0.0,"damage_taken":0.0,"cards_obtained":["Doubt"]},{"damage_healed":0.0,"max_hp_gain":0.0,"max_hp_loss":0.0,"gold_gain":71.0,"event_name":"Golden Wing","player_choice":"Gained Gold","floor":8.0,"gold_loss":0.0,"damage_taken":0.0},{"damage_healed":0.0,"max_hp_gain":0.0,"max_hp_loss":0.0,"gold_gain":0.0,"event_name":"Shining Light","player_choice":"Entered Light","floor":12.0,"gold_loss":0.0,"damage_taken":13.0,"cards_upgraded":["Defend_G","Defend_G"]},{"cards_removed":["Doubt"],"damage_healed":0.0,"max_hp_gain":0.0,"max_hp_loss":0.0,"gold_gain":0.0,"event_name":"Fountain of Cleansing","player_choice":"Removed Curses","floor":14.0,"gold_loss":0.0,"damage_taken":0.0},{"damage_healed":0.0,"max_hp_gain":0.0,"max_hp_loss":0.0,"gold_gain":0.0,"event_name":"Drug Dealer","player_choice":"Inject Mutagens","floor":19.0,"gold_loss":0.0,"damage_taken":0.0,"relics_obtained":["MutagenicStrength"]},{"damage_healed":0.0,"max_hp_gain":0.0,"max_hp_loss":0.0,"gold_gain":0.0,"event_name":"WeMeetAgain","player_choice":"Gave Potion","floor":21.0,"gold_loss":0.0,"damage_taken":0.0,"relics_obtained":["Tiny Chest"]},{"damage_healed":0,"gold_gain":0,"player_choice":"Simplicity","damage_taken":0,"max_hp_gain":0,"max_hp_loss":0,"event_name":"Back to Basics","floor":31,"gold_loss":0,"cards_upgraded":["Strike_G","Strike_G","Defend_G","Defend_G"]},{"damage_healed":0,"gold_gain":0,"player_choice":"Fight","damage_taken":0,"max_hp_gain":0,"max_hp_loss":0,"event_name":"MindBloom","floor":36,"gold_loss":0},{"damage_healed":0,"gold_gain":0,"player_choice":"Ignored","damage_taken":0,"max_hp_gain":0,"max_hp_loss":0,"event_name":"Tomb of Lord Red Mask","floor":39,"gold_loss":0}],"is_beta":false,"boss_relics":[{"not_picked":["SlaversCollar","Philosopher\u0027s Stone"],"picked":"Runic Pyramid"},{"not_picked":["SacredBark","Sozu"],"picked":"Busted Crown"}],"items_purged_floors":[22,47],"is_endless":false,"potions_floor_spawned":[2,7,11,18,24,25,35,40,42,48,54],"ascension_level":14}}