{"host":"uv5ws9rdk87e8i5k","time":1612802820,"event":{"mods":["AchievementEnabler","BaseMod","Colored Map","Minty Spire (QoL Compilation)","Permanent Neow","Quick Restart","StSLib","SuperFastMode","The Necromancer"],"gold_per_floor":[13,24,44,54,54,79,79,108,162,162,194,119,132,143,143,143,143],"floor_reached":16,"language":"ENG","playtime":376,"items_purged":["Strike_R"],"score":159,"play_id":"a73344e1-5abc-4ba5-b496-73d46ff1f2eb","local_time":"20210208104700","is_ascension_mode":true,"campfire_choices":[{"data":"Bludgeon","floor":7.0,"key":"SMITH"},{"data":"Havoc","floor":10.0,"key":"SMITH"},{"data":"Burning Pact","floor":15,"key":"SMITH"}],"circlet_count":0,"master_deck":["Strike_R","Strike_R","Strike_R","Strike_R","Defend_R","Defend_R","Defend_R","Defend_R","Bash","Bludgeon+1","Cleave","Battle Trance","Thunderclap","Flame Barrier","Havoc+1","Shrug It Off","Reaper","Burning Pact+1"],"relics":["Burning Blood","Bottled Flame","Singing Bowl","Bag of Marbles","MealTicket"],"acts_visited":["Exordium"],"potions_floor_usage":[16],"damage_taken":[{"damage":8.0,"enemies":"Jaw Worm","floor":1.0,"turns":4.0},{"damage":0.0,"enemies":"Cultist","floor":2.0,"turns":3.0},{"damage":4.0,"enemies":"Small Slimes","floor":3.0,"turns":2.0},{"damage":0.0,"enemies":"Gremlin Gang","floor":4.0,"turns":2.0},{"damage":5.0,"enemies":"3 Sentries","floor":6.0,"turns":6.0},{"damage":24.0,"enemies":"Gremlin Nob","floor":8.0,"turns":4.0},{"damage":13.0,"enemies":"Lagavulin","floor":11.0,"turns":4.0},{"damage":6,"enemies":"Exordium Wildlife","floor":13,"turns":3},{"damage":0,"enemies":"2 Fungi Beasts","floor":14,"turns":3},{"damage":71,"enemies":"Hexaghost","floor":16,"turns":10}],"seed_played":"7342769850073655738","potions_obtained":[{"floor":1.0,"key":"HeartOfIron"},{"floor":2.0,"key":"Block Potion"},{"floor":3.0,"key":"Explosive Potion"},{"floor":5.0,"key":"Strength Potion"},{"floor":11.0,"key":"PowerPotion"}],"is_trial":false,"path_per_floor":["M","M","M","M","?","E","R","E","T","R","E","$","M","M","R","B"],"character_chosen":"IRONCLAD","items_purchased":[],"campfire_rested":0,"item_purchase_floors":[],"current_hp_per_floor":[70,76,78,80,80,80,80,64,64,64,57,72,72,78,78,7,7],"gold":143,"neow_bonus":"THREE_RARE_CARDS","is_daily":false,"chose_seed":false,"campfire_upgraded":3,"win_rate":0.0,"timestamp":1612802820,"path_taken":["M","M","M","M","?","E","R","E","T","R","E","$","M","M","R","BOSS"],"items_purchased_type":[],"build_version":"2020-12-22","purchased_purges":1,"victory":false,"max_hp_per_floor":[80,80,80,80,80,80,80,82,82,82,82,82,82,82,82,82,82],"card_choices":[{"not_picked":["Brutality","Offering"],"picked":"Bludgeon","floor":0.0},{"not_picked":["Dark Embrace","Inflame"],"picked":"Cleave","floor":1.0},{"not_picked":["Perfected Strike","Disarm"],"picked":"Battle Trance","floor":2.0},{"not_picked":["Rampage","Anger"],"picked":"Thunderclap","floor":3.0},{"not_picked":["Body Slam","Iron Wave"],"picked":"Flame Barrier","floor":4.0},{"not_picked":["Thunderclap","Pommel Strike"],"picked":"Havoc","floor":6.0},{"not_picked":["Brutality","Clothesline","Cleave"],"picked":"Singing Bowl","floor":8.0},{"not_picked":["Twin Strike","Bloodletting"],"picked":"Shrug It Off","floor":11.0},{"not_picked":["Warcry","Clothesline"],"picked":"Reaper","floor":13},{"not_picked":["Fire Breathing","Flex"],"picked":"Burning Pact","floor":14}],"player_experience":252275,"relics_obtained":[{"floor":6.0,"key":"Bottled Flame"},{"floor":8.0,"key":"Singing Bowl"},{"floor":9.0,"key":"Bag of Marbles"},{"floor":11.0,"key":"MealTicket"}],"event_choices":[{"damage_healed":0.0,"max_hp_gain":0.0,"max_hp_loss":0.0,"gold_gain":0.0,"event_name":"Lab","player_choice":"Got Potions","floor":5.0,"gold_loss":0.0,"damage_taken":0.0}],"is_beta":false,"boss_relics":[],"items_purged_floors":[12],"is_endless":false,"potions_floor_spawned":[1,2,3,11,13],"killed_by":"Hexaghost","ascension_level":6}}