{"host":"9qgbal69wq5palas","time":1612771442,"event":{"mods":["2.2 Compatiblity","Abigail Mod","AchievementEnabler","Act Like it!","Aspiration","Astrologer","Bartender","BaseMod","Better Altar","Better Note","Better Skull","Better Third Choice","Colored Powertips","Hallownest","Hermit","Highlight Path","Hubris","Infinite Spire","Jorbs\u0027s Wanderer Trilogy","Koishi","Lobotomy","Minty Spire (QoL Compilation)","Potionbrewer","Quick Restart","Random Character Button","Replay The Spire","Shade Mod","Shop Mod","Spicy Shops","StSLib","The Animator","The Bug Knight","The Cursed","The Disciple","The Exalted","The Hierophant","The Necromancer","The Servant 0.9.4","Wandering Minibosses"],"gold_per_floor":[109,5,23,43,55,82,99,124,148,148,1,1,1,34,34,110,110,123,23,35,53,53,77,77,77],"floor_reached":24,"language":"ENG","playtime":1197,"items_purged":["TheCursedMod:Defend_TheCursed","TheCursedMod:Strike_TheCursed"],"score":498,"play_id":"a07602d9-3dfd-4ca5-b328-24dd52b5072b","local_time":"20210208090402","is_ascension_mode":true,"campfire_choices":[{"data":"TheCursedMod:Hemoplague","floor":10,"key":"SMITH"},{"data":"TheCursedMod:CursedBlade","floor":13,"key":"SMITH"},{"data":"TheCursedMod:Strike_TheCursed","floor":15,"key":"PURGE"}],"circlet_count":0,"master_deck":["AscendersBane","TheCursedMod:Strike_TheCursed","TheCursedMod:Strike_TheCursed","TheCursedMod:Defend_TheCursed","TheCursedMod:Defend_TheCursed","TheCursedMod:CursedWand","TheCursedMod:CleanUpWorkshop+1","TheCursedMod:Dregs","TheCursedMod:CircleOfCorruption","TheCursedMod:Hemoplague+1","TheCursedMod:WearCloak","TheCursedMod:Mangle","TheCursedMod:SpitefulStrike","TheCursedMod:CircleOfCorruption","TheCursedMod:WearCloak","TheCursedMod:CursedBlade+1","TheCursedMod:CursedSpellbook","TheCursedMod:TacticalStrike","TheCursedMod:VoidForm","TheCursedMod:WearCloak","Doubt","hubris:Greed"],"relics":["TheCursedMod:BlackMagic101","Incense Burner","infinitespire:Beetle Shell","PreservedInsect","NlothsMask","Oddly Smooth Stone","Black Star","ReplayTheSpireMod:CursedCoin","MerchantsRug"],"acts_visited":["Exordium","TheCity"],"potions_floor_usage":[6,6,8,16],"damage_taken":[{"damage":0,"enemies":"Cultist","floor":1,"turns":4},{"damage":2,"enemies":"Small Slimes","floor":3,"turns":3},{"damage":6,"enemies":"2 Louse","floor":4,"turns":4},{"damage":0,"enemies":"Blue Slaver","floor":5,"turns":4},{"damage":9,"enemies":"Replay:BlueRogue","floor":6,"turns":6},{"damage":3,"enemies":"3 Louse","floor":7,"turns":4},{"damage":9,"enemies":"Lagavulin","floor":8,"turns":8},{"damage":0,"enemies":"Replay:BlueRogue","floor":14,"turns":4},{"damage":0,"enemies":"Hexaghost","floor":16,"turns":9},{"damage":0,"enemies":"3 Byrds","floor":18,"turns":4},{"damage":4,"enemies":"2 Thieves","floor":20,"turns":3},{"damage":35,"enemies":"3 Cultists","floor":21,"turns":7},{"damage":18,"enemies":"Snake Plant","floor":23,"turns":3},{"damage":8,"enemies":"Book of Stabbing","floor":24,"turns":1}],"seed_played":"1434808098195419499","potions_obtained":[{"floor":3,"key":"SkillPotion"},{"floor":5,"key":"DistilledChaos"},{"floor":6,"key":"Block Potion"},{"floor":7,"key":"Block Potion"}],"is_trial":false,"path_per_floor":["M","$","M","M","M","E","M","E","T","R","$","?","R","E","R","B",null,"M","$","M","M","?","M","E"],"character_chosen":"THE_CURSED","items_purchased":["TheCursedMod:Hemoplague","TheCursedMod:WearCloak","TheCursedMod:CursedSpellbook","ReplayTheSpireMod:CursedCoin","MerchantsRug"],"campfire_rested":0,"item_purchase_floors":[2,2,11,19,19],"current_hp_per_floor":[64,64,62,56,56,47,44,35,35,35,35,35,35,35,35,35,62,62,62,58,23,23,5,0,0],"gold":77,"neow_bonus":"UPGRADE_CARD","is_daily":false,"chose_seed":false,"campfire_upgraded":2,"win_rate":0.0,"timestamp":1612771442,"path_taken":["M","$","M","?","M","E","M","E","T","R","$","?","R","E","R","BOSS","M","$","M","M","?","M","E"],"items_purchased_type":["Card","Card","Card","Relic","Relic"],"build_version":"2020-12-22","purchased_purges":2,"victory":false,"max_hp_per_floor":[71,71,71,71,71,71,71,71,71,71,71,71,71,71,71,71,71,71,71,71,71,71,71,71,71],"card_choices":[{"not_picked":["TheCursedMod:FleshFromBone","TheCursedMod:Wield"],"picked":"TheCursedMod:CircleOfCorruption","floor":1},{"not_picked":["TheCursedMod:CursedShiv","TheCursedMod:SurpriseAttack"],"picked":"TheCursedMod:Mangle","floor":3},{"not_picked":["TheCursedMod:FleshFromBone","TheCursedMod:BloodBarrier"],"picked":"TheCursedMod:SpitefulStrike","floor":4},{"not_picked":["TheCursedMod:SpitefulStrike","TheCursedMod:CursedAmulet"],"picked":"TheCursedMod:CircleOfCorruption","floor":5},{"not_picked":["TheCursedMod:CircleOfFocus","TheCursedMod:SoulCrush","TheCursedMod:Hemoplague"],"picked":"SKIP","floor":6},{"not_picked":["TheCursedMod:CircleOfFlame","TheCursedMod:Wield"],"picked":"TheCursedMod:WearCloak","floor":7},{"not_picked":["TheCursedMod:CursedArmor","TheCursedMod:SoulReap"],"picked":"TheCursedMod:CursedBlade","floor":8},{"not_picked":["TheCursedMod:DemonicPact","TheCursedMod:Neurasthenia"],"picked":"TheCursedMod:TacticalStrike","floor":14},{"not_picked":["TheCursedMod:AntiAging","TheCursedMod:Neurasthenia"],"picked":"TheCursedMod:VoidForm","floor":16},{"not_picked":["TheCursedMod:CursedShiv","TheCursedMod:Wield"],"picked":"TheCursedMod:WearCloak","floor":18},{"not_picked":["TheCursedMod:CursedMace","TheCursedMod:SmokeScreen","TheCursedMod:Torture"],"picked":"SKIP","floor":20},{"not_picked":["TheCursedMod:AbyssShockwave","TheCursedMod:ManaBullet","TheCursedMod:SmokeScreen"],"picked":"SKIP","floor":21},{"not_picked":["TheCursedMod:EmpowerCircles","TheCursedMod:PrepareRite+1","TheCursedMod:SmokeScreen"],"picked":"SKIP","floor":23}],"player_experience":2734827,"relics_obtained":[{"floor":6,"key":"Incense Burner"},{"floor":8,"key":"infinitespire:Beetle Shell"},{"floor":9,"key":"PreservedInsect"},{"floor":14,"key":"Oddly Smooth Stone"}],"event_choices":[{"damage_healed":0,"gold_gain":0,"player_choice":"Trade","damage_taken":0,"relics_obtained":["NlothsMask"],"max_hp_gain":0,"max_hp_loss":0,"event_name":"FaceTrader","floor":12,"gold_loss":0},{"cards_removed":["TheCursedMod:Defend_TheCursed"],"damage_healed":0,"gold_gain":0,"player_choice":"Purged","damage_taken":0,"max_hp_gain":0,"max_hp_loss":0,"event_name":"Purifier","floor":22,"gold_loss":0}],"is_beta":false,"boss_relics":[{"not_picked":["aspiration:RunicSpoon","hubris:BlackHole"],"picked":"Black Star"}],"items_purged_floors":[11,19],"is_endless":false,"potions_floor_spawned":[3,5,6,7],"killed_by":"Book of Stabbing","ascension_level":14}}