{"host":"tjq6rykv202u6iqx","time":1612820526,"event":{"mods":["AchievementEnabler","BaseMod","Minty Spire (QoL Compilation)","Rare Cards Sparkle","Relic Stats"],"gold_per_floor":[17,17,31,31,31,31,70,86,86,99,99,124,164,182,182,305,305,324,344,365,365,65,65,110,110,110,110,133,182,194,234,246,395,407,443,455,523,565,606,658,244,278,278,278,109,152,175,207,207,207,207,207,7,50,50],"floor_reached":56,"language":"ENG","playtime":6412,"items_purged":["Bite","Infinite Blades","Bite"],"score":1825,"play_id":"25e23c80-1a86-4448-9477-d28cecf5aa1d","local_time":"20210208154206","is_ascension_mode":true,"campfire_choices":[{"data":"Neutralize","floor":6.0,"key":"SMITH"},{"data":"Die Die Die","floor":11.0,"key":"SMITH"},{"data":"Poisoned Stab","floor":15.0,"key":"SMITH"},{"floor":23.0,"key":"REST"},{"data":"Wraith Form v2","floor":25.0,"key":"SMITH"},{"data":"Burst","floor":27.0,"key":"SMITH"},{"data":"Outmaneuver","floor":32,"key":"SMITH"},{"floor":44,"key":"RECALL"},{"data":"Panacea","floor":49,"key":"SMITH"},{"data":"Leg Sweep","floor":52,"key":"SMITH"}],"circlet_count":0,"master_deck":["AscendersBane","Defend_G","Defend_G","Defend_G","Defend_G","Survivor","Neutralize+1","Quick Slash","Die Die Die+1","Poisoned Stab","Poisoned Stab+1","Burst+1","Backflip","Backflip","Escape Plan","Slice","Caltrops","Wraith Form v2+1","Footwork+1","Calculated Gamble","Bite","Bite","Bite","Panacea+1","PiercingWail+1","Die Die Die","Flying Knee+1","Outmaneuver+1","Adrenaline","Acrobatics+1","Storm of Steel","Bouncing Flask+1","Calculated Gamble+1","PiercingWail+1","Leg Sweep+1","Skewer+1","Outmaneuver+1","Terror+1","Bouncing Flask+1"],"relics":["Ring of the Snake","Golden Idol","Akabeko","Ninja Scroll","Boot","Runic Pyramid","Membership Card","CeramicFish","Omamori","MawBank","MutagenicStrength","Cursed Key","Du-Vu Doll","Lantern","Thread and Needle","CaptainsWheel","Medical Kit","The Specimen","ClockworkSouvenir","Centennial Puzzle","Smiling Mask","Happy Flower","Vajra","Bronze Scales"],"acts_visited":["Exordium","TheCity","TheBeyond","TheEnding"],"potions_floor_usage":[55,55,55,55],"damage_taken":[{"damage":0.0,"enemies":"2 Louse","floor":1.0,"turns":2.0},{"damage":0.0,"enemies":"Small Slimes","floor":3.0,"turns":2.0},{"damage":12.0,"enemies":"Gremlin Nob","floor":7.0,"turns":4.0},{"damage":0.0,"enemies":"Jaw Worm","floor":8.0,"turns":2.0},{"damage":1.0,"enemies":"Red Slaver","floor":10.0,"turns":3.0},{"damage":0.0,"enemies":"Large Slime","floor":12.0,"turns":3.0},{"damage":6.0,"enemies":"Lagavulin","floor":13.0,"turns":5.0},{"damage":0.0,"enemies":"Looter","floor":14.0,"turns":1.0},{"damage":9.0,"enemies":"Hexaghost","floor":16.0,"turns":8.0},{"damage":12.0,"enemies":"3 Byrds","floor":18.0,"turns":5.0},{"damage":3.0,"enemies":"Chosen","floor":19.0,"turns":5.0},{"damage":23.0,"enemies":"Snecko","floor":20.0,"turns":7.0},{"damage":15.0,"enemies":"Gremlin Leader","floor":24.0,"turns":8.0},{"damage":0.0,"enemies":"Chosen and Byrds","floor":28.0,"turns":4.0},{"damage":30.0,"enemies":"Book of Stabbing","floor":29.0,"turns":7.0},{"damage":7.0,"enemies":"Centurion and Healer","floor":31.0,"turns":21.0},{"damage":15,"enemies":"Collector","floor":33,"turns":15},{"damage":0,"enemies":"3 Shapes","floor":35,"turns":2},{"damage":13,"enemies":"2 Orb Walkers","floor":37,"turns":7},{"damage":0,"enemies":"3 Darklings","floor":38,"turns":4},{"damage":3,"enemies":"Writhing Mass","floor":39,"turns":7},{"damage":2,"enemies":"Giant Head","floor":40,"turns":7},{"damage":0,"enemies":"Jaw Worm Horde","floor":42,"turns":2},{"damage":0,"enemies":"Nemesis","floor":46,"turns":4},{"damage":0,"enemies":"Spire Growth","floor":47,"turns":3},{"damage":0,"enemies":"4 Shapes","floor":48,"turns":4},{"damage":13,"enemies":"Awakened One","floor":50,"turns":15},{"damage":0,"enemies":"Shield and Spear","floor":54,"turns":6},{"damage":36,"enemies":"The Heart","floor":55,"turns":10}],"seed_played":"-7476236785514432693","potions_obtained":[{"floor":3.0,"key":"SteroidPotion"},{"floor":7.0,"key":"BlessingOfTheForge"},{"floor":8.0,"key":"SpeedPotion"},{"floor":13.0,"key":"Fruit Juice"},{"floor":24.0,"key":"Explosive Potion"},{"floor":29.0,"key":"Regen Potion"},{"floor":33,"key":"EntropicBrew"}],"is_trial":false,"path_per_floor":["M","?","M","?","?","R","E","M","T","M","R","M","E","M","R","B",null,"M","M","M","?","$","R","E","R","T","R","M","E","?","M","R","B",null,"M","?","?","M","M","E","$","M","T","R","$","E","M","M","R","B",null,"R","$","E","B",null],"character_chosen":"THE_SILENT","items_purchased":["Membership Card","CeramicFish","Panacea","Thread and Needle","CaptainsWheel","Medical Kit","ClockworkSouvenir","Centennial Puzzle","Leg Sweep","Happy Flower","Vajra"],"campfire_rested":1,"item_purchase_floors":[22,22,22,41,41,41,45,45,45,53,53],"current_hp_per_floor":[63,46,46,46,51,51,39,39,39,38,38,38,32,32,32,23,62,50,47,24,24,24,46,47,47,47,47,53,33,33,57,57,51,56,57,57,52,57,57,57,57,57,57,57,57,57,57,57,57,57,57,57,57,57,31],"gold":50,"neow_bonus":"TRANSFORM_TWO_CARDS","is_daily":false,"chose_seed":false,"campfire_upgraded":8,"win_rate":0.0,"timestamp":1612820526,"path_taken":["M","?","M","?","?","R","E","M","T","M","R","?","E","M","R","BOSS","M","M","M","?","$","R","E","R","T","R","M","E","?","M","R","BOSS","M","?","?","M","M","E","?","M","T","R","$","E","M","M","R","BOSS","R","$","E","BOSS"],"items_purchased_type":["Relic","Relic","Card","Relic","Relic","Relic","Relic","Relic","Card","Relic","Relic"],"build_version":"2020-12-22","purchased_purges":3,"victory":true,"max_hp_per_floor":[70,70,70,70,75,75,75,75,75,75,75,75,75,75,75,75,75,75,75,75,52,52,57,57,57,57,57,57,57,57,57,57,57,57,57,57,57,57,57,57,57,57,57,57,57,57,57,57,57,57,57,57,57,57,57],"relic_stats":{"Happy Flower":[5],"counters":[29,173],"Golden Idol":228,"CeramicFish":144,"Boot":[181],"MawBank":144,"Cursed Key":1,"Medical Kit":[7],"Smiling Mask":13,"Centennial Puzzle":[5],"Bronze Scales":[144],"obtain_stats":[{"Lantern":40,"The Specimen":43,"Happy Flower":53,"Golden Idol":2,"CeramicFish":22,"Vajra":53,"Thread and Needle":41,"Omamori":24,"Boot":13,"MawBank":29,"Cursed Key":34,"Medical Kit":41,"Smiling Mask":46,"Akabeko":7,"ClockworkSouvenir":45,"Du-Vu Doll":37,"CaptainsWheel":41,"Centennial Puzzle":45,"Ninja Scroll":9,"MutagenicStrength":30,"Bronze Scales":54,"Membership Card":22,"Ring of the Snake":0,"Runic Pyramid":17},{"Lantern":22,"The Specimen":23,"Happy Flower":27,"Golden Idol":1,"CeramicFish":12,"Vajra":27,"Thread and Needle":22,"Omamori":13,"Boot":7,"MawBank":15,"Cursed Key":17,"Medical Kit":22,"Smiling Mask":24,"Akabeko":3,"ClockworkSouvenir":23,"Du-Vu Doll":19,"CaptainsWheel":22,"Centennial Puzzle":23,"Ninja Scroll":4,"MutagenicStrength":15,"Bronze Scales":28,"Membership Card":12,"Ring of the Snake":0,"Runic Pyramid":9},{"Lantern":129,"The Specimen":131,"Happy Flower":157,"Golden Idol":2,"CeramicFish":47,"Vajra":157,"Thread and Needle":129,"Omamori":55,"Boot":21,"MawBank":66,"Cursed Key":102,"Medical Kit":129,"Smiling Mask":135,"Akabeko":8,"ClockworkSouvenir":131,"Du-Vu Doll":111,"CaptainsWheel":129,"Centennial Puzzle":131,"Ninja Scroll":10,"MutagenicStrength":66,"Bronze Scales":163,"Membership Card":47,"Ring of the Snake":0,"Runic Pyramid":30}],"Ring of the Snake":[58]},"card_choices":[{"not_picked":["Outmaneuver","Deflect"],"picked":"Poisoned Stab","floor":1.0},{"not_picked":["Terror","Sucker Punch"],"picked":"Poisoned Stab","floor":3.0},{"not_picked":["Dagger Throw","Poisoned Stab"],"picked":"Burst","floor":7.0},{"not_picked":["Sucker Punch","Bane"],"picked":"Backflip","floor":8.0},{"not_picked":["Acrobatics","Heel Hook"],"picked":"Backflip","floor":10.0},{"not_picked":["Dagger Throw","Dagger Spray"],"picked":"Escape Plan","floor":12.0},{"not_picked":["Predator","Backflip"],"picked":"Slice","floor":13.0},{"not_picked":["Poisoned Stab","Backflip"],"picked":"Caltrops","floor":14.0},{"not_picked":["Doppelganger","Die Die Die"],"picked":"Wraith Form v2","floor":16.0},{"not_picked":["Bouncing Flask+1","Reflex+1"],"picked":"Footwork+1","floor":18.0},{"not_picked":["Accuracy","Deadly Poison","Sucker Punch"],"picked":"SKIP","floor":19.0},{"not_picked":["Heel Hook","Accuracy"],"picked":"Calculated Gamble","floor":20.0},{"not_picked":["Concentrate","Bane"],"picked":"PiercingWail+1","floor":24.0},{"not_picked":["Dagger Throw","Tactician"],"picked":"Die Die Die","floor":28.0},{"not_picked":["Dash","Expertise"],"picked":"Flying Knee+1","floor":29.0},{"not_picked":["Escape Plan","Terror"],"picked":"Outmaneuver","floor":31},{"not_picked":["Envenom","Doppelganger"],"picked":"Adrenaline","floor":33},{"not_picked":["Backflip+1","Dagger Throw"],"picked":"Acrobatics+1","floor":35},{"not_picked":["Deflect+1","Dagger Spray"],"picked":"Storm of Steel","floor":38},{"not_picked":["Acrobatics+1","Sucker Punch"],"picked":"Bouncing Flask+1","floor":39},{"not_picked":["Phantasmal Killer","Dodge and Roll"],"picked":"Calculated Gamble+1","floor":40},{"not_picked":["Backflip","Flechettes"],"picked":"PiercingWail+1","floor":42},{"not_picked":["Well Laid Plans+1","Expertise+1"],"picked":"Skewer+1","floor":46},{"not_picked":["Well Laid Plans","Flying Knee"],"picked":"Outmaneuver+1","floor":47},{"not_picked":["Dash","Noxious Fumes+1"],"picked":"Terror+1","floor":48},{"not_picked":["Noxious Fumes+1","Dagger Throw+1"],"picked":"Bouncing Flask+1","floor":54}],"player_experience":928310,"relics_obtained":[{"floor":7.0,"key":"Akabeko"},{"floor":9.0,"key":"Ninja Scroll"},{"floor":13.0,"key":"Boot"},{"floor":24.0,"key":"Omamori"},{"floor":29.0,"key":"MawBank"},{"floor":37,"key":"Du-Vu Doll"},{"floor":40,"key":"Lantern"},{"floor":43,"key":"The Specimen"},{"floor":46,"key":"Smiling Mask"},{"floor":54,"key":"Bronze Scales"}],"event_choices":[{"damage_healed":0.0,"max_hp_gain":0.0,"max_hp_loss":0.0,"gold_gain":0.0,"event_name":"Golden Idol","player_choice":"Take Damage","floor":2.0,"gold_loss":0.0,"damage_taken":17.0,"relics_obtained":["Golden Idol"]},{"damage_healed":0.0,"max_hp_gain":0.0,"max_hp_loss":0.0,"gold_gain":0.0,"cards_transformed":["Strike_G"],"event_name":"Living Wall","player_choice":"Change","floor":4.0,"gold_loss":0.0,"damage_taken":0.0,"cards_obtained":["Infinite Blades"]},{"damage_healed":0.0,"max_hp_gain":5.0,"max_hp_loss":0.0,"gold_gain":0.0,"event_name":"Big Fish","player_choice":"Donut","floor":5.0,"gold_loss":0.0,"damage_taken":0.0},{"damage_healed":0.0,"max_hp_gain":0.0,"max_hp_loss":23.0,"gold_gain":0.0,"event_name":"Vampires","player_choice":"Became a vampire","floor":21.0,"gold_loss":0.0,"damage_taken":0.0,"cards_obtained":["Bite","Bite","Bite","Bite","Bite"]},{"damage_healed":0.0,"max_hp_gain":0.0,"max_hp_loss":0.0,"gold_gain":0.0,"event_name":"Drug Dealer","player_choice":"Inject Mutagens","floor":30.0,"gold_loss":0.0,"damage_taken":0.0,"relics_obtained":["MutagenicStrength"]},{"damage_healed":0,"gold_gain":0,"player_choice":"Ignored","damage_taken":0,"max_hp_gain":0,"max_hp_loss":0,"event_name":"Tomb of Lord Red Mask","floor":36,"gold_loss":0},{"damage_healed":0,"gold_gain":0,"player_choice":"Fight","damage_taken":0,"max_hp_gain":0,"max_hp_loss":0,"event_name":"Mysterious Sphere","floor":37,"gold_loss":0}],"is_beta":false,"boss_relics":[{"not_picked":["Velvet Choker","Coffee Dripper"],"picked":"Runic Pyramid"},{"not_picked":["SacredBark","Philosopher\u0027s Stone"],"picked":"Cursed Key"}],"items_purged_floors":[22,41,53],"is_endless":false,"potions_floor_spawned":[3,7,8,10,13,24,29,31,33,35,40,42,54],"ascension_level":11}}