{"host":"v3qphhcqhwfpabne","time":1612805521,"event":{"mods":["100% Spire Juice","2.2 Compatiblity","AchievementEnabler","BaseMod","CapriCore","DeckTracker","KinomotoSakuraMod(ÙÊñýÜâ?)","Koishi","Marisa£¨Ùöéë¡¡Øª×âÞÞ£©","Minty Spire (QoL Compilation)","Permanent Neow","Prisma Mod","StSLib","Td1madao Mod","The Bug Knight","The Cursed","The Immortal","The Runesmith","WarShipGirlsR/??á´Ò³R mod"],"gold_per_floor":[115,126,141,153,169,169,181,181,181,195,209,224,224,0,0,96,96,110,110,110],"floor_reached":19,"language":"KOR","playtime":929,"items_purged":["Strike_R"],"score":182,"play_id":"2d69bf49-07a3-455a-93b4-0ebfb5087bb2","local_time":"20210209023201","is_ascension_mode":true,"campfire_choices":[{"data":"Shrug It Off","floor":6,"key":"SMITH"},{"floor":8,"key":"REST"},{"floor":13,"key":"REST"},{"data":"Fire Breathing","floor":15,"key":"SMITH"}],"circlet_count":0,"master_deck":["Strike_R","Strike_R","Strike_R","Strike_R","Defend_R","Defend_R","Defend_R","Defend_R","Bash","Writhe","Shrug It Off+1","Fire Breathing","Evolve","Fire Breathing+1","Fire Breathing+1"],"relics":["Burning Blood","Turnip","Omamori","DollysMirror","Black Star"],"acts_visited":["Exordium","TheCity"],"potions_floor_usage":[16,16,16,19],"damage_taken":[{"damage":7,"enemies":"Jaw Worm","floor":1,"turns":3},{"damage":7,"enemies":"Small Slimes","floor":2,"turns":5},{"damage":4,"enemies":"Cultist","floor":3,"turns":6},{"damage":2,"enemies":"Exordium Wildlife","floor":4,"turns":6},{"damage":6,"enemies":"Looter","floor":5,"turns":4},{"damage":58,"enemies":"Gremlin Gang","floor":7,"turns":9},{"damage":16,"enemies":"Exordium Wildlife","floor":10,"turns":6},{"damage":10,"enemies":"Large Slime","floor":11,"turns":6},{"damage":16,"enemies":"Blue Slaver","floor":12,"turns":6},{"damage":30,"enemies":"Hexaghost","floor":16,"turns":10},{"damage":77,"enemies":"Shell Parasite","floor":18,"turns":16},{"damage":2,"enemies":"Spheric Guardian","floor":19,"turns":3}],"seed_played":"-1901823111663111903","potions_obtained":[{"floor":1,"key":"ElixirPotion"},{"floor":3,"key":"SteroidPotion"},{"floor":10,"key":"SkillPotion"},{"floor":12,"key":"EssenceOfSteel"},{"floor":18,"key":"EssenceOfSteel"}],"is_trial":false,"path_per_floor":["M","M","M","M","M","R","M","R","T","M","M","M","R","$","R","B",null,"M","M"],"character_chosen":"IRONCLAD","items_purchased":["DollysMirror"],"campfire_rested":2,"item_purchase_floors":[14],"current_hp_per_floor":[79,78,80,80,80,80,28,52,52,42,38,28,52,52,52,28,80,9,7,7],"gold":110,"neow_bonus":"ONE_RARE_RELIC","is_daily":false,"chose_seed":false,"campfire_upgraded":2,"win_rate":0.0,"timestamp":1612805521,"path_taken":["M","M","M","M","M","R","M","R","T","M","M","M","R","$","R","BOSS","M","M"],"items_purchased_type":["Relic"],"build_version":"2020-12-22","purchased_purges":1,"victory":false,"max_hp_per_floor":[80,80,80,80,80,80,80,80,80,80,80,80,80,80,80,80,80,80,80,80],"card_choices":[{"not_picked":["Headbutt","Anger","Heavy Blade"],"picked":"SKIP","floor":1},{"not_picked":["Flex","Twin Strike"],"picked":"Shrug It Off","floor":2},{"not_picked":["True Grit","Havoc","Iron Wave"],"picked":"SKIP","floor":3},{"not_picked":["Body Slam","Clothesline","Cleave"],"picked":"SKIP","floor":4},{"not_picked":["Havoc","Perfected Strike","Anger"],"picked":"SKIP","floor":5},{"not_picked":["Pummel","Intimidate","Clothesline"],"picked":"SKIP","floor":7},{"not_picked":["Double Tap","Twin Strike"],"picked":"Fire Breathing","floor":10},{"not_picked":["Shrug It Off","Iron Wave"],"picked":"Evolve","floor":11},{"not_picked":["Headbutt","Twin Strike","Havoc"],"picked":"SKIP","floor":12},{"not_picked":["Warcry","Twin Strike"],"picked":"Fire Breathing+1","floor":18}],"player_experience":121827,"relics_obtained":[{"floor":9,"key":"Omamori"}],"event_choices":[],"is_beta":false,"boss_relics":[{"not_picked":["SlaversCollar","Tiny House"],"picked":"Black Star"}],"items_purged_floors":[14],"is_endless":false,"potions_floor_spawned":[1,3,10,12,18],"killed_by":"Spheric Guardian","ascension_level":2}}