{"host":"f55nj4gldpx3ksju","time":1612804444,"event":{"mods":["BaseMod","Colored Map","Highlight Path","Minty Spire (QoL Compilation)"],"gold_per_floor":[116,191,207,207,224,224,250,213,238,238,257,284,284,284],"floor_reached":13,"language":"ZHS","playtime":319,"items_purged":[],"score":157,"play_id":"77a57f2a-4d4f-4c91-aab3-b49a9acfe86e","local_time":"20210209011404","is_ascension_mode":true,"campfire_choices":[{"data":"Zap","floor":6,"key":"SMITH"}],"circlet_count":0,"master_deck":["AscendersBane","Strike_B","Strike_B","Strike_B","Strike_B","Defend_B","Defend_B","Defend_B","Defend_B","Zap+1","Dualcast","Decay","Consume","Conserve Battery","Reboot"],"relics":["Cracked Core","NeowsBlessing","Dream Catcher","CeramicFish"],"acts_visited":["Exordium"],"potions_floor_usage":[7,7],"damage_taken":[{"damage":0,"enemies":"Small Slimes","floor":1,"turns":1},{"damage":0,"enemies":"Cultist","floor":3,"turns":1},{"damage":0,"enemies":"2 Louse","floor":5,"turns":1},{"damage":48,"enemies":"3 Sentries","floor":7,"turns":7},{"damage":14,"enemies":"Looter","floor":11,"turns":3},{"damage":18,"enemies":"Exordium Thugs","floor":12,"turns":4},{"damage":15,"enemies":"Gremlin Nob","floor":13,"turns":2}],"seed_played":"4562124495614100547","potions_obtained":[{"floor":5,"key":"FocusPotion"},{"floor":7,"key":"Fruit Juice"},{"floor":10,"key":"FairyPotion"},{"floor":10,"key":"LiquidMemories"}],"is_trial":false,"path_per_floor":["M","?","M","?","M","R","E","$","T","?","M","M","E"],"character_chosen":"DEFECT","items_purchased":["Consume"],"campfire_rested":0,"item_purchase_floors":[8],"current_hp_per_floor":[64,53,53,53,53,53,10,10,10,10,21,3,0,0],"gold":284,"neow_bonus":"THREE_ENEMY_KILL","is_daily":false,"chose_seed":false,"campfire_upgraded":1,"win_rate":0.0,"timestamp":1612804444,"path_taken":["M","?","M","?","?","R","E","$","T","?","M","?","E"],"items_purchased_type":["Card"],"build_version":"2020-12-22","purchased_purges":0,"victory":false,"max_hp_per_floor":[71,71,71,71,71,71,76,76,76,76,76,76,76,76],"card_choices":[{"not_picked":["Stack","Barrage","FTL"],"picked":"SKIP","floor":1},{"not_picked":["Streamline","Turbo","Sunder"],"picked":"SKIP","floor":3},{"not_picked":["Hologram","Glacier","Turbo"],"picked":"SKIP","floor":5},{"not_picked":["Rebound","Hello World","Cold Snap"],"picked":"SKIP","floor":7},{"not_picked":["Gash","Compile Driver"],"picked":"Conserve Battery","floor":11},{"not_picked":["Cold Snap","Barrage"],"picked":"Reboot","floor":12}],"player_experience":386405,"relics_obtained":[{"floor":7,"key":"Dream Catcher"},{"floor":9,"key":"CeramicFish"}],"event_choices":[{"damage_healed":0,"gold_gain":75,"player_choice":"Gather Gold","damage_taken":11,"max_hp_gain":0,"max_hp_loss":0,"event_name":"World of Goop","floor":2,"gold_loss":0},{"damage_healed":0,"gold_gain":0,"player_choice":"Cursed","damage_taken":0,"max_hp_gain":0,"max_hp_loss":0,"event_name":"Wheel of Change","floor":4,"gold_loss":0,"cards_obtained":["Decay"]},{"damage_healed":0,"gold_gain":0,"player_choice":"Got Potions","damage_taken":0,"max_hp_gain":0,"max_hp_loss":0,"event_name":"Lab","floor":10,"gold_loss":0}],"is_beta":false,"boss_relics":[],"items_purged_floors":[],"is_endless":false,"potions_floor_spawned":[5,7],"killed_by":"Gremlin Nob","ascension_level":17}}