{"host":"vyjryxuuuxkt43k4","time":1612759312,"event":{"mods":["AchievementEnabler","BaseMod","Colored Map","DeckTracker","Keyboard Shortcuts","Minty Spire (QoL Compilation)","Permanent Neow","Quick Restart","StSLib","SuperFastMode","everything is the same but u backflip on backflip"],"gold_per_floor":[117,117,117,138,55,55,86,86,86,119,119,144,169,207,207,207,207],"floor_reached":16,"language":"KOR","playtime":763,"items_purged":[],"score":259,"play_id":"5eb83306-ee8d-4f16-a004-8a5a3981e6ab","local_time":"20210208134152","is_ascension_mode":true,"campfire_choices":[{"data":"Streamline","floor":6.0,"key":"SMITH"},{"data":"Zap","floor":8.0,"key":"SMITH"},{"data":"Coolheaded","floor":11.0,"key":"SMITH"},{"data":"Hologram","floor":15.0,"key":"SMITH"}],"circlet_count":0,"master_deck":["AscendersBane","Strike_B","Strike_B","Strike_B","Strike_B","Defend_B","Defend_B","Defend_B","Defend_B","Zap+1","Dualcast","Ball Lightning","Streamline+1","Glacier","Compile Driver","Coolheaded+1","Turbo","Hologram+1","Go for the Eyes"],"relics":["Cracked Core","NeowsBlessing","Golden Idol","Tiny Chest","Bottled Lightning","Odd Mushroom","Vajra"],"acts_visited":["Exordium"],"potions_floor_usage":[],"damage_taken":[{"damage":0.0,"enemies":"2 Louse","floor":1.0,"turns":1.0},{"damage":0.0,"enemies":"Small Slimes","floor":4.0,"turns":1.0},{"damage":0.0,"enemies":"3 Sentries","floor":7.0,"turns":2.0},{"damage":7.0,"enemies":"The Mushroom Lair","floor":10.0,"turns":3.0},{"damage":0.0,"enemies":"Cultist","floor":12.0,"turns":3.0},{"damage":1.0,"enemies":"3 Louse","floor":13.0,"turns":3.0},{"damage":16.0,"enemies":"Lagavulin","floor":14.0,"turns":6.0},{"damage":46,"enemies":"Hexaghost","floor":16,"turns":11}],"seed_played":"-6134093461286818775","potions_obtained":[{"floor":1.0,"key":"FocusPotion"},{"floor":4.0,"key":"FairyPotion"}],"is_trial":false,"path_per_floor":["M","?","?","M","$","R","E","R","T","?","R","M","M","E","R","B"],"character_chosen":"DEFECT","items_purchased":["Glacier"],"campfire_rested":0,"item_purchase_floors":[5],"current_hp_per_floor":[64,69,43,43,43,43,43,43,43,36,36,36,35,19,19,0,0],"gold":207,"neow_bonus":"THREE_ENEMY_KILL","is_daily":false,"chose_seed":false,"campfire_upgraded":4,"win_rate":0.0,"timestamp":1612759312,"path_taken":["M","?","?","M","$","R","E","R","T","?","R","M","M","E","R","BOSS"],"items_purchased_type":["Card"],"build_version":"2020-12-22","purchased_purges":0,"victory":false,"max_hp_per_floor":[71,76,76,76,76,76,76,76,76,76,76,76,76,76,76,76,76],"card_choices":[{"not_picked":["Undo","Sweeping Beam"],"picked":"Ball Lightning","floor":1.0},{"not_picked":["Hologram","Beam Cell"],"picked":"Streamline","floor":4.0},{"not_picked":["Redo","Echo Form"],"picked":"Compile Driver","floor":7.0},{"not_picked":["Rebound","Cold Snap"],"picked":"Coolheaded","floor":10.0},{"not_picked":["Sweeping Beam","Coolheaded"],"picked":"Turbo","floor":12.0},{"not_picked":["Compile Driver","Recycle"],"picked":"Hologram","floor":13.0},{"not_picked":["Consume","White Noise"],"picked":"Go for the Eyes","floor":14.0}],"player_experience":832766,"relics_obtained":[{"floor":7.0,"key":"Tiny Chest"},{"floor":9.0,"key":"Bottled Lightning"},{"floor":10.0,"key":"Odd Mushroom"},{"floor":14.0,"key":"Vajra"}],"event_choices":[{"damage_healed":0.0,"max_hp_gain":5.0,"max_hp_loss":0.0,"gold_gain":0.0,"event_name":"Big Fish","player_choice":"Donut","floor":2.0,"gold_loss":0.0,"damage_taken":0.0},{"damage_healed":0.0,"max_hp_gain":0.0,"max_hp_loss":0.0,"gold_gain":0.0,"event_name":"Golden Idol","player_choice":"Take Damage","floor":3.0,"gold_loss":0.0,"damage_taken":26.0,"relics_obtained":["Golden Idol"]},{"damage_healed":0.0,"max_hp_gain":0.0,"max_hp_loss":0.0,"gold_gain":0.0,"event_name":"Mushrooms","player_choice":"Fought Mushrooms","floor":10.0,"gold_loss":0.0,"damage_taken":0.0}],"is_beta":false,"boss_relics":[],"items_purged_floors":[],"is_endless":false,"potions_floor_spawned":[1,4,10,12],"killed_by":"Hexaghost","ascension_level":19}}