{"host":"b7dyfc527bmrkvbm","time":1612813788,"event":{"mods":["BaseMod","BetterRewards","Conspire","Downfall","Hubris","Infinite Spire","Mimic Mod","Minty Spire (QoL Compilation)","Replay The Spire","Shop Mod","StSLib","The Jungle"],"gold_per_floor":[99,118,118,118,118,137,156,256,305,3,3,94,129,165,50,109,146,266,266,66,51,101,151,217,234,265,265,300,200,277,327,327,377,416,546,546,546,562,241,284,334,422,422,436,446,484,484,534,575,575,575,575],"floor_reached":50,"language":"ENG","playtime":9036,"items_purged":["Slimebound:Defend_Slimebound","Slimebound:Defend_Slimebound"],"score":571,"play_id":"635cdf8d-e821-4684-bb8c-636fba58984f","local_time":"20210208144948","is_ascension_mode":false,"campfire_choices":[{"floor":1.0,"key":"RECALL"},{"data":"HandOfGreed","floor":11.0,"key":"SMITH"},{"data":"Slimebound:MassRepurpose","floor":20.0,"key":"SMITH"},{"data":"Slimebound:SlimeBarrage","floor":29.0,"key":"SMITH"},{"data":"Slimebound:Repurpose","floor":32.0,"key":"SMITH"},{"data":"Slimebound:MinionMaster","floor":47,"key":"SMITH"}],"circlet_count":0,"master_deck":["Slimebound:Strike_Slimebound","Slimebound:Strike_Slimebound+1","Slimebound:Strike_Slimebound","Slimebound:Defend_Slimebound","Slimebound:Defend_Slimebound","Slimebound:Split","Slimebound:CorrosiveSpit","Slimebound:SlimeBarrage+1","Slimebound:SplitLeeching","Slimebound:SplitAcid","Slimebound:SplitMire","Slimebound:Prepare","Slimebound:LeechEnergy","Slimebound:MassRepurpose+1","ReplayTheSpireMod:Brewmster","hubris:EnhanceAbility","HandOfGreed+1","Slimebound:AcidTongue","Slimebound:DisruptingSlam","Slimebound:SplitAcid","Slimebound:FirmFortitude","Slimebound:SplitLeeching","Slimebound:GoopSpray","Slimebound:MassFeed+1","Slimebound:Nibble+1","Slimebound:Dissolve","Slimebound:Repurpose+1","Slimebound:HauntingLick+1","ReplayTheSpireMod:Black Plague","hubris:Fate","Slimebound:SplitLeeching","Slimebound:Dissolve","Slimebound:SlimeBrawl","Slimebound:SelfFormingGoo","Slimebound:DisruptingSlam","Slimebound:AcidTongue","Slimebound:Replication","Slimebound:LeechEnergy","Pain","Slimebound:Prepare+1","Slimebound:MinionMaster+1","Slimebound:Repurpose","Replay:SS_hec_1","expansioncontent:LastStand","expansioncontent:Chronoboost","Slimebound:Repurpose+1"],"relics":["Slimebound:AbsorbEndCombat","downfall:CloakOfManyFaces","CultistMask","FaceOfCleric","NlothsMask","GremlinMask","SsserpentHead","MerchantsRug","Slimebound:MaxSlimesRelic","hubris:Stopwatch","downfall:HeartBlessingRed","downfall:HeartBlessingGreen","downfall:HeartBlessingBlue","Whetstone","hubris:Towel","Black Star","hubris:GlazedTorus","Lantern","WarpedTongs","infinitespire:BottledMercury"],"acts_visited":["Exordium","TheCity","TheBeyond"],"potions_floor_usage":[50,50,50,50,50,50,50,50],"damage_taken":[{"damage":21.0,"enemies":"Jaw Worm","floor":2.0,"turns":4.0},{"damage":0.0,"enemies":"Small Slimes","floor":6.0,"turns":4.0},{"damage":0.0,"enemies":"Cultist","floor":7.0,"turns":3.0},{"damage":16.0,"enemies":"downfall:FaceTrader","floor":8.0,"turns":13.0},{"damage":0.0,"enemies":"downfall:FleeingMerchant","floor":10.0,"turns":4.0},{"damage":0.0,"enemies":"Red Slaver","floor":12.0,"turns":5.0},{"damage":7.0,"enemies":"Large Slime","floor":13.0,"turns":5.0},{"damage":14.0,"enemies":"Blue Slaver","floor":14.0,"turns":4.0},{"damage":0.0,"enemies":"downfall:FleeingMerchant","floor":15.0,"turns":4.0},{"damage":25.0,"enemies":"3 Sentries","floor":16.0,"turns":5.0},{"damage":6.0,"enemies":"Gremlin Gang","floor":17.0,"turns":4.0},{"damage":10.0,"enemies":"WA_ARCHETYPE_RETAIN","floor":18.0,"turns":6.0},{"damage":1.0,"enemies":"downfall:FleeingMerchant","floor":21.0,"turns":4.0},{"damage":14.0,"enemies":"3 Byrds","floor":24.0,"turns":3.0},{"damage":6.0,"enemies":"Cultist and Chosen","floor":25.0,"turns":5.0},{"damage":8.0,"enemies":"Centurion and Healer","floor":26.0,"turns":5.0},{"damage":15.0,"enemies":"Centurion and Healer","floor":28.0,"turns":4.0},{"damage":0.0,"enemies":"downfall:FleeingMerchant","floor":33.0,"turns":2.0},{"damage":4.0,"enemies":"Shelled Parasite and Fungi","floor":34.0,"turns":3.0},{"damage":56.0,"enemies":"SI_MIRROR_ARCHETYPE","floor":35.0,"turns":10.0},{"damage":25.0,"enemies":"3 Darklings","floor":38.0,"turns":6.0},{"damage":0.0,"enemies":"downfall:FleeingMerchant","floor":39.0,"turns":4.0},{"damage":22.0,"enemies":"Orb Walker","floor":40.0,"turns":4.0},{"damage":9.0,"enemies":"3 Darklings","floor":42.0,"turns":6.0},{"damage":24.0,"enemies":"Maw","floor":44.0,"turns":7.0},{"damage":0.0,"enemies":"Sphere and 2 Shapes","floor":45.0,"turns":4.0},{"damage":10,"enemies":"3 Darklings","floor":46,"turns":4},{"damage":32,"enemies":"Maw","floor":49,"turns":6},{"damage":148,"enemies":"Nightmare","floor":50,"turns":9}],"seed_played":"5900584144235431250","potions_obtained":[{"floor":6.0,"key":"PowerPotion"},{"floor":7.0,"key":"SneckoOil"},{"floor":12.0,"key":"BlessingOfTheForge"},{"floor":14.0,"key":"Block Potion"},{"floor":17.0,"key":"SteroidPotion"},{"floor":34.0,"key":"Elixir"},{"floor":35.0,"key":"Fire Potion"},{"floor":44.0,"key":"Reflective Coating"},{"floor":46,"key":"DuplicationPotion"}],"is_trial":false,"path_per_floor":["R","M","PTL","PTL","?","M","M","?","T","$","R","M","M","M","$","E","M","B",null,"R","$","?","?","M","M","MIM","AVR","M","R","T","?","R","$","M","B",null,"R","M","$","M","?","M","T","M","M","M","R","?","M","NM"],"character_chosen":"SLIMEBOUND","items_purchased":["Slimebound:MassRepurpose","ReplayTheSpireMod:ShopPack","MerchantsRug","hubris:GlazedTorus","Lantern","Slimebound:AcidTongue","Slimebound:Replication"],"campfire_rested":0,"item_purchase_floors":[10,10,15,39,39,39,39],"current_hp_per_floor":[59,42,42,42,42,46,48,40,40,45,45,48,50,43,50,26,21,16,85,85,86,86,86,73,76,71,71,68,78,78,78,78,79,80,38,106,106,90,97,80,80,95,95,99,112,107,107,97,72,0,0,0],"gold":575,"neow_bonus":"TWENTY_PERCENT_HP_BONUS","is_daily":false,"chose_seed":false,"campfire_upgraded":5,"win_rate":0.0,"timestamp":1612813788,"path_taken":["R","M","PTL","PTL","?","M","M","?","T","$","R","?","M","M","?","E","M","BOSS","R","$","?","?","?","M","MIM","AVR","M","R","?","?","R","?","M","BOSS","R","M","$","M","?","?","T","M","M","M","R","?","M","NM"],"items_purchased_type":["Card","Relic","Relic","Relic","Relic","Card","Card"],"build_version":"2020-12-22","purchased_purges":2,"victory":false,"max_hp_per_floor":[77,77,77,77,77,77,77,77,77,78,78,79,80,81,82,83,84,85,85,85,86,86,86,87,88,89,89,93,103,103,103,103,104,105,106,106,106,107,108,109,109,110,110,115,124,125,125,125,126,126,126,126],"card_choices":[{"not_picked":["Slimebound:SamplingLick","Slimebound:GoopSpray"],"picked":"Slimebound:SlimeBarrage","floor":2.0},{"not_picked":["Slimebound:LeechingTouch","Slimebound:ForwardTackle"],"picked":"Slimebound:SplitAcid","floor":6.0},{"not_picked":["Slimebound:ComboTackle","Slimebound:Prepare"],"picked":"Slimebound:SplitMire","floor":7.0},{"not_picked":["Slimebound:GoopTackle","Slimebound:FinishingTackle"],"picked":"Slimebound:Prepare","floor":8.0},{"not_picked":["Slimebound:LeechingTouch","Slimebound:HauntingLick"],"picked":"Slimebound:LeechEnergy","floor":10.0},{"not_picked":["Violence","Panache"],"picked":"ReplayTheSpireMod:Brewmster","floor":10.0},{"not_picked":["Poisoned Strike","Swift Strike"],"picked":"hubris:EnhanceAbility","floor":10.0},{"not_picked":["Replay:Parry","Panache"],"picked":"HandOfGreed","floor":10.0},{"not_picked":["Slimebound:SlimeSpikes","Slimebound:SplitBruiser"],"picked":"Slimebound:AcidTongue","floor":12.0},{"not_picked":["Slimebound:LevelUp","Slimebound:LivingWall"],"picked":"Slimebound:DisruptingSlam","floor":13.0},{"not_picked":["Slimebound:LivingWall","Slimebound:ItLooksTasty"],"picked":"Slimebound:SplitAcid","floor":14.0},{"not_picked":["Slimebound:SplitAcid","Slimebound:FinishingTackle"],"picked":"Slimebound:FirmFortitude","floor":15.0},{"not_picked":["Slimebound:ViciousTackle","Slimebound:CheckThePlaybook"],"picked":"Slimebound:SplitLeeching","floor":16.0},{"not_picked":["Slimebound:ItLooksTasty","Slimebound:LeechingTouch"],"picked":"Slimebound:GoopSpray","floor":17.0},{"not_picked":["Slimebound:OozeBath","Slimebound:RallyTheTroops"],"picked":"Slimebound:MassFeed","floor":18.0},{"not_picked":["Slimebound:GrowthPunch","Slimebound:ViciousTackle"],"picked":"Slimebound:Nibble+1","floor":21.0},{"not_picked":["Slimebound:FinishingTackle","Slimebound:SamplingLick+1"],"picked":"Slimebound:Dissolve","floor":24.0},{"not_picked":["Slimebound:GoopTackle","Slimebound:TongueLash"],"picked":"Slimebound:Repurpose","floor":25.0},{"not_picked":["Slimebound:ItLooksTasty","Slimebound:GoopSpray"],"picked":"Slimebound:HauntingLick+1","floor":26.0},{"not_picked":["Slimebound:PrepareCrush","Slimebound:PressTheAttack"],"picked":"Slimebound:SplitLeeching","floor":28.0},{"not_picked":["Slimebound:GoopSpray","Slimebound:GrowthPunch"],"picked":"Slimebound:Dissolve","floor":33.0},{"not_picked":["Slimebound:ComboTackle","Slimebound:PrepareCrush"],"picked":"Slimebound:SlimeBrawl","floor":34.0},{"not_picked":["Slimebound:Teamwork","Slimebound:DouseInSlime"],"picked":"Slimebound:SelfFormingGoo","floor":35.0},{"not_picked":["Slimebound:PressTheAttack","Slimebound:LeechEnergy","Slimebound:FinishingTackle"],"picked":"SKIP","floor":38.0},{"not_picked":["Slimebound:FormOfPuddle","Slimebound:LivingWall+1","Slimebound:SlimeSpikes+1"],"picked":"SKIP","floor":39.0},{"not_picked":["Slimebound:LeechingTouch+1","Slimebound:Schlurp"],"picked":"Slimebound:LeechEnergy","floor":40.0},{"not_picked":["Slimebound:MegaLick","Slimebound:SlimeSpikes","Slimebound:DouseInSlime"],"picked":"SKIP","floor":42.0},{"not_picked":["Slimebound:ComboTackle","Slimebound:Chomp"],"picked":"Slimebound:Prepare+1","floor":44.0},{"not_picked":["Slimebound:SlimeSpikes","Slimebound:ViciousTackle"],"picked":"Slimebound:MinionMaster","floor":45.0},{"not_picked":["Slimebound:GoopSpray+1","Slimebound:Schlurp"],"picked":"Slimebound:Repurpose","floor":46},{"not_picked":["expansioncontent:LastStand","expansioncontent:Hexaburn"],"picked":"Replay:SS_hec_1","floor":48},{"not_picked":["expansioncontent:Hexaburn","expansioncontent:AwakenDeath"],"picked":"expansioncontent:LastStand","floor":48},{"not_picked":["Replay:SS_forest_2","Replay:SS_hec_1"],"picked":"expansioncontent:Chronoboost","floor":48},{"not_picked":["Slimebound:SlimeSpikes","Slimebound:HauntingLick"],"picked":"Slimebound:Repurpose+1","floor":49}],"player_experience":330439,"relics_obtained":[{"floor":8.0,"key":"downfall:CloakOfManyFaces"},{"floor":16.0,"key":"Slimebound:MaxSlimesRelic"},{"floor":30.0,"key":"Whetstone"},{"floor":43.0,"key":"infinitespire:BottledMercury"}],"event_choices":[{"damage_healed":0.0,"max_hp_gain":0.0,"max_hp_loss":0.0,"gold_gain":0.0,"event_name":"Vampires","player_choice":"Ignored","floor":22.0,"gold_loss":0.0,"damage_taken":0.0},{"damage_healed":0.0,"max_hp_gain":0.0,"max_hp_loss":0.0,"gold_gain":0.0,"event_name":"Accursed Blacksmith","player_choice":"Rummage","floor":41.0,"gold_loss":0.0,"damage_taken":0.0,"relics_obtained":["WarpedTongs"],"cards_obtained":["Pain"]}],"is_beta":false,"boss_relics":[{"not_picked":["Slimebound:TarBlob","Kintsugi"],"picked":"hubris:Stopwatch"},{"not_picked":["Replay:Drink Me","Busted Crown"],"picked":"Black Star"}],"items_purged_floors":[15,39],"is_endless":false,"potions_floor_spawned":[6,7,12,14,17,24,34,35,38,44,46],"killed_by":"Nightmare","ascension_level":0}}