{"host":"and0ie35c8gyplqf","time":1612755647,"event":{"mods":["BaseMod","Colored Map","Hermit","Minty Spire (QoL Compilation)","StSLib","The Cursed"],"gold_per_floor":[116,134,184,39,59,59,93,93,118,118,32,32,32,73,73,203,203,222,235,255,255,255,255],"floor_reached":22,"language":"ENG","playtime":3479,"items_purged":[],"score":192,"play_id":"5701291a-7ccc-4cf7-9249-9e9615b70680","local_time":"20210207194047","is_ascension_mode":false,"campfire_choices":[{"floor":6.0,"key":"RECALL"},{"floor":8.0,"key":"REST"},{"floor":15.0,"key":"REST"}],"circlet_count":0,"master_deck":["hermit:Strike_Hermit+1","hermit:Strike_Hermit+1","hermit:Strike_Hermit+1","hermit:Strike_Hermit+1","hermit:Defend_Hermit+1","hermit:Defend_Hermit+1","hermit:Defend_Hermit+1","hermit:Defend_Hermit+1","hermit:Snapshot","hermit:Covet","hermit:Showdown","hermit:GhostlyPresence","hermit:Reprieve","hermit:ShadowCloak","hermit:LowProfile","hermit:GoldenBullet+1","hermit:Brawl","hermit:Feint","Injury","hermit:HighCaliber","hermit:Dissolve","hermit:HoleUp","hermit:Vantage","hermit:Snipe","hermit:NoHoldsBarred+1","hermit:CalledShot+1","hermit:Desperado+1"],"relics":["hermit:Momento","Bag of Marbles","Golden Idol","Prayer Wheel","Philosopher\u0027s Stone"],"acts_visited":["Exordium","TheCity"],"potions_floor_usage":[],"damage_taken":[{"damage":10.0,"enemies":"Jaw Worm","floor":1.0,"turns":4.0},{"damage":0.0,"enemies":"Small Slimes","floor":2.0,"turns":2.0},{"damage":0.0,"enemies":"Cultist","floor":5.0,"turns":4.0},{"damage":56.0,"enemies":"Gremlin Nob","floor":7.0,"turns":6.0},{"damage":13.0,"enemies":"3 Sentries","floor":14.0,"turns":8.0},{"damage":38.0,"enemies":"Slime Boss","floor":16.0,"turns":15.0},{"damage":4.0,"enemies":"Shell Parasite","floor":18.0,"turns":8.0},{"damage":52,"enemies":"3 Byrds","floor":19,"turns":10},{"damage":25,"enemies":"Centurion and Healer","floor":20,"turns":6},{"damage":18,"enemies":"Shelled Parasite and Fungi","floor":22,"turns":3}],"seed_played":"1191822306854106217","potions_obtained":[{"floor":2.0,"key":"EssenceOfSteel"},{"floor":13.0,"key":"Ancient Potion"},{"floor":13.0,"key":"SkillPotion"},{"floor":16.0,"key":"Fruit Juice"}],"is_trial":false,"path_per_floor":["M","M","?","$","M","R","E","R","T","?","$","?","?","E","R","B",null,"M","M","M","?","M"],"character_chosen":"HERMIT","items_purchased":["hermit:Reprieve","hermit:ShadowCloak","hermit:Brawl","hermit:Feint"],"campfire_rested":2,"item_purchase_floors":[4,4,11,11],"current_hp_per_floor":[72,72,72,72,76,76,24,48,48,48,48,48,48,35,59,26,87,83,43,18,18,0,0],"gold":255,"neow_bonus":"TEN_PERCENT_HP_BONUS","is_daily":false,"chose_seed":false,"campfire_upgraded":0,"win_rate":0.0,"timestamp":1612755647,"path_taken":["M","M","?","$","M","R","E","R","T","?","$","?","?","E","R","BOSS","M","M","?","?","M"],"items_purchased_type":["Card","Card","Card","Card"],"build_version":"2020-12-22","purchased_purges":0,"victory":false,"max_hp_per_floor":[82,82,82,82,82,82,82,82,82,82,82,82,82,82,82,87,87,87,87,87,87,87,87],"card_choices":[{"not_picked":["hermit:Glare","hermit:Snipe"],"picked":"hermit:Showdown","floor":1.0},{"not_picked":["hermit:Headshot","hermit:Misfire"],"picked":"hermit:GhostlyPresence","floor":2.0},{"not_picked":["hermit:Roulette","hermit:BodyArmor"],"picked":"hermit:LowProfile","floor":5.0},{"not_picked":["hermit:Glare","hermit:HoleUp"],"picked":"hermit:GoldenBullet","floor":7.0},{"not_picked":["hermit:Adapt","hermit:Malice"],"picked":"hermit:HighCaliber","floor":14.0},{"not_picked":["hermit:BlackWind","hermit:Gambit"],"picked":"hermit:Dissolve","floor":16.0},{"not_picked":["hermit:Misfire","hermit:Roulette"],"picked":"hermit:HoleUp","floor":18},{"not_picked":["hermit:WideOpen","hermit:HoleUp"],"picked":"hermit:Vantage","floor":18},{"not_picked":["hermit:Cheat","hermit:Coalescence"],"picked":"hermit:Snipe","floor":19},{"not_picked":["hermit:TrackingShot","hermit:LowProfile"],"picked":"hermit:NoHoldsBarred+1","floor":19},{"not_picked":["hermit:LowProfile","hermit:PistolWhip"],"picked":"hermit:CalledShot+1","floor":20},{"not_picked":["hermit:HighCaliber","hermit:Grudge"],"picked":"hermit:Desperado+1","floor":20}],"player_experience":206544,"relics_obtained":[{"floor":7.0,"key":"Bag of Marbles"},{"floor":14.0,"key":"Prayer Wheel"}],"event_choices":[{"damage_healed":0.0,"max_hp_gain":0.0,"max_hp_loss":0.0,"gold_gain":50.0,"event_name":"Golden Wing","player_choice":"Gained Gold","floor":3.0,"gold_loss":0.0,"damage_taken":0.0},{"damage_healed":0.0,"max_hp_gain":0.0,"max_hp_loss":0.0,"gold_gain":0.0,"event_name":"Living Wall","player_choice":"Grow","floor":10.0,"gold_loss":0.0,"damage_taken":0.0,"cards_upgraded":["hermit:GoldenBullet"]},{"damage_healed":0.0,"max_hp_gain":0.0,"max_hp_loss":0.0,"gold_gain":0.0,"event_name":"Golden Idol","player_choice":"Take Wound","floor":12.0,"gold_loss":0.0,"damage_taken":0.0,"relics_obtained":["Golden Idol"],"cards_obtained":["Injury"]},{"damage_healed":0.0,"max_hp_gain":0.0,"max_hp_loss":0.0,"gold_gain":0.0,"event_name":"Lab","player_choice":"Got Potions","floor":13.0,"gold_loss":0.0,"damage_taken":0.0},{"damage_healed":0,"gold_gain":0,"player_choice":"Simplicity","damage_taken":0,"max_hp_gain":0,"max_hp_loss":0,"event_name":"Back to Basics","floor":21,"gold_loss":0,"cards_upgraded":["hermit:Strike_Hermit","hermit:Strike_Hermit","hermit:Strike_Hermit","hermit:Strike_Hermit","hermit:Defend_Hermit","hermit:Defend_Hermit","hermit:Defend_Hermit","hermit:Defend_Hermit"]}],"is_beta":false,"boss_relics":[{"not_picked":["Tiny House","Busted Crown"],"picked":"Philosopher\u0027s Stone"}],"items_purged_floors":[],"is_endless":false,"potions_floor_spawned":[2,16],"killed_by":"Shelled Parasite and Fungi","ascension_level":0}}