{"host":"2qv44oxt58ptq59r","time":1612814160,"event":{"mods":["AchievementEnabler","BaseMod","Colored Powertips","Highlight Path","Minty Spire (QoL Compilation)","Permanent Neow","StSLib"],"gold_per_floor":[219,237,197,216,227,256,12,12,60,60,77,77,93,47,47,145,145,165,189,201,4,17,17,36,36,36,49,49,49,59,20,20,20,20],"floor_reached":33,"language":"ENG","playtime":7666,"items_purged":["Strike_R"],"score":336,"play_id":"e33d67f6-477a-4da4-aefd-259779f5767f","local_time":"20210208195600","is_ascension_mode":true,"campfire_choices":[{"floor":10.0,"key":"RECALL"},{"data":"Uppercut","floor":12.0,"key":"SMITH"},{"floor":15.0,"key":"REST"},{"data":"Inflame","floor":23.0,"key":"SMITH"},{"data":"Blood for Blood","floor":25,"key":"SMITH"},{"floor":28,"key":"REST"},{"floor":32,"key":"REST"}],"circlet_count":0,"master_deck":["Strike_R","Strike_R","Strike_R","Strike_R","Defend_R","Defend_R","Defend_R","Defend_R","Bash","Blood for Blood+1","Heavy Blade","Inflame+1","Uppercut+1","Flex+1","Uppercut+1","Headbutt","Clothesline","Shrug It Off+1","Exhume+1","Sword Boomerang","Entrench+1","Spot Weakness+1","Armaments+1","Disarm+1"],"relics":["Burning Blood","Toxic Egg 2","Akabeko","Smiling Mask","Runic Cube","Nunchaku","ClockworkSouvenir","Pantograph","MutagenicStrength"],"acts_visited":["Exordium","TheCity"],"potions_floor_usage":[24],"damage_taken":[{"damage":7.0,"enemies":"Small Slimes","floor":1.0,"turns":5.0},{"damage":1.0,"enemies":"Cultist","floor":2.0,"turns":4.0},{"damage":0.0,"enemies":"Jaw Worm","floor":4.0,"turns":3.0},{"damage":15.0,"enemies":"Exordium Thugs","floor":5.0,"turns":4.0},{"damage":35.0,"enemies":"3 Sentries","floor":6.0,"turns":8.0},{"damage":0.0,"enemies":"Red Slaver","floor":11.0,"turns":2.0},{"damage":15.0,"enemies":"2 Fungi Beasts","floor":13.0,"turns":4.0},{"damage":35.0,"enemies":"The Guardian","floor":16.0,"turns":10.0},{"damage":14.0,"enemies":"Shell Parasite","floor":18.0,"turns":6.0},{"damage":3.0,"enemies":"2 Thieves","floor":20.0,"turns":4.0},{"damage":24.0,"enemies":"3 Cultists","floor":22.0,"turns":4.0},{"damage":9,"enemies":"Chosen and Byrds","floor":24,"turns":4},{"damage":15,"enemies":"Snecko","floor":27,"turns":5},{"damage":32,"enemies":"Shelled Parasite and Fungi","floor":30,"turns":3},{"damage":101,"enemies":"Collector","floor":33,"turns":7}],"seed_played":"-2122492630417468857","potions_obtained":[{"floor":1.0,"key":"SneckoOil"},{"floor":2.0,"key":"Fruit Juice"},{"floor":3.0,"key":"PowerPotion"},{"floor":3.0,"key":"ColorlessPotion"},{"floor":3.0,"key":"DuplicationPotion"},{"floor":11.0,"key":"SkillPotion"},{"floor":16.0,"key":"Swift Potion"},{"floor":18.0,"key":"HeartOfIron"},{"floor":22.0,"key":"SkillPotion"},{"floor":30,"key":"ElixirPotion"}],"is_trial":false,"path_per_floor":["M","M","?","M","M","E","$","?","T","R","M","R","M","$","R","B",null,"M","T","M","$","M","R","M","R","T","M","R","?","M","$","R","B"],"character_chosen":"IRONCLAD","items_purchased":["Akabeko","Block Potion","Uppercut","Shrug It Off+1","ClockworkSouvenir","Disarm+1"],"campfire_rested":3,"item_purchase_floors":[7,7,7,14,21,31],"current_hp_per_floor":[71,81,81,85,76,47,47,47,47,47,53,53,44,44,69,40,74,66,66,69,69,51,51,48,48,48,39,64,64,38,38,63,0,0],"gold":20,"neow_bonus":"HUNDRED_GOLD","is_daily":false,"chose_seed":false,"campfire_upgraded":3,"win_rate":0.0,"timestamp":1612814160,"path_taken":["M","M","?","M","M","E","?","?","T","R","?","R","M","$","R","BOSS","M","?","M","$","M","R","M","R","T","M","R","?","M","?","R","BOSS"],"items_purchased_type":["Relic","Potion","Card","Card","Relic","Card"],"build_version":"2020-12-22","purchased_purges":1,"victory":false,"max_hp_per_floor":[80,85,85,85,85,85,85,85,85,85,85,85,85,85,85,85,85,85,85,85,85,85,85,85,85,85,85,85,85,85,85,85,85,85],"card_choices":[{"not_picked":["Searing Blow","Clothesline"],"picked":"Blood for Blood","floor":1.0},{"not_picked":["Evolve","Armaments"],"picked":"Heavy Blade","floor":2.0},{"not_picked":["Clothesline","Intimidate"],"picked":"Inflame","floor":4.0},{"not_picked":["True Grit","Body Slam"],"picked":"Uppercut","floor":5.0},{"not_picked":["Body Slam","Anger"],"picked":"Flex+1","floor":6.0},{"not_picked":["Flex+1","Twin Strike"],"picked":"Headbutt","floor":11.0},{"not_picked":["Flex+1","Dropkick"],"picked":"Clothesline","floor":13.0},{"not_picked":["Barricade","Offering+1"],"picked":"Exhume+1","floor":16.0},{"not_picked":["Clothesline","Wild Strike+1"],"picked":"Sword Boomerang","floor":18.0},{"not_picked":["Pummel","Rampage","Battle Trance+1"],"picked":"SKIP","floor":20.0},{"not_picked":["Evolve","Feel No Pain"],"picked":"Entrench+1","floor":22.0},{"not_picked":["Body Slam+1","Warcry+1"],"picked":"Spot Weakness+1","floor":24},{"not_picked":["Pommel Strike","Anger","Brutality"],"picked":"SKIP","floor":27},{"not_picked":["Clothesline","Headbutt"],"picked":"Armaments+1","floor":30}],"player_experience":5631640,"relics_obtained":[{"floor":6.0,"key":"Toxic Egg 2"},{"floor":9.0,"key":"Smiling Mask"},{"floor":19.0,"key":"Nunchaku"},{"floor":26,"key":"Pantograph"}],"event_choices":[{"damage_healed":0.0,"max_hp_gain":0.0,"max_hp_loss":0.0,"gold_gain":0.0,"event_name":"The Woman in Blue","player_choice":"Bought 3 Potions","floor":3.0,"gold_loss":0.0,"damage_taken":0.0},{"damage_healed":0.0,"max_hp_gain":0.0,"max_hp_loss":0.0,"gold_gain":0.0,"event_name":"Upgrade Shrine","player_choice":"Upgraded","floor":8.0,"gold_loss":0.0,"damage_taken":0.0,"cards_upgraded":["Uppercut"]},{"damage_healed":0,"gold_gain":0,"player_choice":"Inject Mutagens","damage_taken":0,"relics_obtained":["MutagenicStrength"],"max_hp_gain":0,"max_hp_loss":0,"event_name":"Drug Dealer","floor":29,"gold_loss":0}],"is_beta":false,"boss_relics":[{"not_picked":["Snecko Eye","Runic Pyramid"],"picked":"Runic Cube"}],"items_purged_floors":[21],"is_endless":false,"potions_floor_spawned":[1,2,11,16,18,22,30],"killed_by":"Collector","ascension_level":7}}