{"host":"j4g6ia6asvpyu2b0","time":1612747722,"event":{"mods":["BaseMod","Colored Map","Minty Spire (QoL Compilation)","Permanent Neow","Quick Restart","Relic Stats","StSLib","Unceasing Turn Reminder"],"gold_per_floor":[111,111,124,134,150,184,184,217,217,229,243,271,288,288,288,393,393,408,408,37,37,53,88,88,108,108,134,134,176,195,220,220,331,331,350,374,396,396,396],"floor_reached":38,"language":"ENG","playtime":1354,"items_purged":["Strike_G"],"score":535,"play_id":"ad82cf96-6ecd-4397-a787-86cc6cfb7949","local_time":"20210207182842","is_ascension_mode":true,"campfire_choices":[{"data":"Neutralize","floor":7.0,"key":"SMITH"},{"data":"Well Laid Plans","floor":15.0,"key":"SMITH"},{"data":"Tools of the Trade","floor":24.0,"key":"SMITH"},{"data":"Blade Dance","floor":28.0,"key":"SMITH"},{"data":"Footwork","floor":32,"key":"SMITH"}],"circlet_count":0,"master_deck":["Strike_G","Defend_G","Defend_G","Defend_G","Defend_G","Defend_G","Survivor","Neutralize+1","Venomology+1","A Thousand Cuts+1","Bane+1","Sucker Punch","Predator+1","Flying Knee+1","Cloak And Dagger","Well Laid Plans+1","Outmaneuver","Terror","Malaise","Tools of the Trade+1","Footwork+1","Noxious Fumes+1","Sucker Punch+1","Blade Dance+1","Cloak And Dagger","Footwork+1","Burst","Choke","Cloak And Dagger+1","Concentrate+1"],"relics":["Astrolabe","InkBottle","Whetstone","Ancient Tea Set","Shuriken","WristBlade","The Specimen","Ice Cream","Matryoshka","Frozen Egg 2","CeramicFish","Vajra","Omamori","Nunchaku","Philosopher\u0027s Stone"],"acts_visited":["Exordium","TheCity","TheBeyond"],"potions_floor_usage":[29,29,29,31,33,36,37,38],"damage_taken":[{"damage":1.0,"enemies":"2 Louse","floor":1.0,"turns":4.0},{"damage":0.0,"enemies":"Cultist","floor":3.0,"turns":3.0},{"damage":2.0,"enemies":"Jaw Worm","floor":4.0,"turns":3.0},{"damage":0.0,"enemies":"Gremlin Gang","floor":5.0,"turns":3.0},{"damage":5.0,"enemies":"3 Sentries","floor":6.0,"turns":4.0},{"damage":6.0,"enemies":"Gremlin Nob","floor":8.0,"turns":3.0},{"damage":15.0,"enemies":"3 Louse","floor":10.0,"turns":2.0},{"damage":7.0,"enemies":"Blue Slaver","floor":11.0,"turns":3.0},{"damage":15.0,"enemies":"3 Sentries","floor":12.0,"turns":7.0},{"damage":14.0,"enemies":"Lots of Slimes","floor":13.0,"turns":2.0},{"damage":3.0,"enemies":"Hexaghost","floor":16.0,"turns":8.0},{"damage":6.0,"enemies":"Chosen","floor":18.0,"turns":4.0},{"damage":4.0,"enemies":"Spheric Guardian","floor":22.0,"turns":4.0},{"damage":13.0,"enemies":"Gremlin Leader","floor":23.0,"turns":7.0},{"damage":14.0,"enemies":"3 Cultists","floor":25.0,"turns":4.0},{"damage":0,"enemies":"Slavers","floor":29,"turns":5},{"damage":8,"enemies":"Snake Plant","floor":30,"turns":5},{"damage":11,"enemies":"Centurion and Healer","floor":31,"turns":5},{"damage":3,"enemies":"Champ","floor":33,"turns":8},{"damage":8,"enemies":"3 Shapes","floor":35,"turns":5},{"damage":20,"enemies":"3 Darklings","floor":36,"turns":5},{"damage":30,"enemies":"Writhing Mass","floor":37,"turns":5},{"damage":18,"enemies":"Spire Growth","floor":38,"turns":2}],"seed_played":"7071427116448543836","potions_obtained":[{"floor":2.0,"key":"Fruit Juice"},{"floor":2.0,"key":"LiquidBronze"},{"floor":2.0,"key":"LiquidBronze"},{"floor":8.0,"key":"FearPotion"},{"floor":12.0,"key":"BlessingOfTheForge"},{"floor":22.0,"key":"AttackPotion"},{"floor":23.0,"key":"GhostInAJar"},{"floor":25.0,"key":"Regen Potion"},{"floor":35,"key":"Ancient Potion"}],"is_trial":false,"path_per_floor":["M","?","M","M","M","E","R","E","T","M","M","E","M","?","R","B",null,"M","?","$","T","M","E","R","M","T","T","R","E","M","M","R","B",null,"M","M","M","M"],"character_chosen":"THE_SILENT","items_purchased":["Ice Cream"],"campfire_rested":0,"item_purchase_floors":[20],"current_hp_per_floor":[69,74,74,72,72,67,67,61,61,46,39,24,10,75,75,72,75,69,69,69,69,65,52,52,38,38,38,38,52,44,33,33,30,75,67,47,17,0,0],"gold":396,"neow_bonus":"BOSS_RELIC","is_daily":false,"chose_seed":false,"campfire_upgraded":5,"win_rate":0.0,"timestamp":1612747722,"path_taken":["M","?","M","M","?","E","R","E","T","M","M","E","M","?","R","BOSS","M","?","$","?","M","E","R","M","T","?","R","E","M","M","R","BOSS","M","M","?","M"],"items_purchased_type":["Relic"],"build_version":"2020-12-22","purchased_purges":1,"victory":false,"max_hp_per_floor":[70,75,75,75,75,75,75,75,75,75,75,75,75,75,75,75,75,75,75,75,75,75,75,75,75,75,75,75,75,75,75,75,75,75,75,75,75,75,75],"relic_stats":{"Nunchaku":[6],"counters":[23,101],"Shuriken":[26],"Astrolabe":["Venomology","A Thousand Cuts","Bane"],"CeramicFish":54,"Whetstone":["Flying Knee","Predator"],"obtain_stats":[{"Ice Cream":20,"The Specimen":19,"Astrolabe":0,"CeramicFish":26,"Vajra":27,"Omamori":27,"Whetstone":8,"Frozen Egg 2":23,"Ancient Tea Set":9,"Nunchaku":29,"Matryoshka":21,"WristBlade":17,"Shuriken":12,"Philosopher\u0027s Stone":34,"InkBottle":6,"Ring of the Snake":0},{"Ice Cream":12,"The Specimen":12,"Astrolabe":0,"CeramicFish":15,"Vajra":15,"Omamori":15,"Whetstone":6,"Frozen Egg 2":14,"Ancient Tea Set":6,"Nunchaku":16,"Matryoshka":12,"WristBlade":11,"Shuriken":9,"Philosopher\u0027s Stone":19,"InkBottle":5,"Ring of the Snake":0},{"Ice Cream":46,"The Specimen":46,"Astrolabe":0,"CeramicFish":61,"Vajra":61,"Omamori":61,"Whetstone":20,"Frozen Egg 2":57,"Ancient Tea Set":20,"Nunchaku":66,"Matryoshka":46,"WristBlade":42,"Shuriken":32,"Philosopher\u0027s Stone":84,"InkBottle":17,"Ring of the Snake":0}],"InkBottle":[36]},"card_choices":[{"not_picked":["Underhanded Strike","Distraction"],"picked":"Sucker Punch","floor":1.0},{"not_picked":["Bane","PiercingWail"],"picked":"Distraction","floor":3.0},{"not_picked":["Infinite Blades","Distraction"],"picked":"Predator","floor":4.0},{"not_picked":["Slice","Heel Hook"],"picked":"Dodge and Roll","floor":5.0},{"not_picked":["Venomology","Dagger Throw"],"picked":"Flying Knee","floor":6.0},{"not_picked":["Quick Slash","Endless Agony"],"picked":"Cloak And Dagger","floor":8.0},{"not_picked":["Skewer","Deflect"],"picked":"Well Laid Plans","floor":10.0},{"not_picked":["Deflect","Terror"],"picked":"Outmaneuver","floor":11.0},{"not_picked":["Catalyst","Well Laid Plans"],"picked":"Terror","floor":12.0},{"not_picked":["Deflect","Quick Slash"],"picked":"Malaise","floor":13.0},{"not_picked":["Venomology","Corpse Explosion"],"picked":"Tools of the Trade","floor":16.0},{"not_picked":["Poisoned Stab+1","Flying Knee"],"picked":"Footwork","floor":18.0},{"not_picked":["Blur","Endless Agony"],"picked":"Noxious Fumes+1","floor":22.0},{"not_picked":["Catalyst","Prepared"],"picked":"Sucker Punch+1","floor":23.0},{"not_picked":["Dodge and Roll+1","Deadly Poison"],"picked":"Blade Dance","floor":25.0},{"not_picked":["Deflect","Slice"],"picked":"Cloak And Dagger","floor":29},{"not_picked":["All Out Attack","Setup","Expertise+1"],"picked":"SKIP","floor":30},{"not_picked":["Choke","Prepared+1"],"picked":"Footwork+1","floor":31},{"not_picked":["Unload","Doppelganger"],"picked":"Burst","floor":33},{"not_picked":["Sucker Punch","Underhanded Strike"],"picked":"Choke","floor":35},{"not_picked":["PiercingWail+1","Dodge and Roll"],"picked":"Cloak And Dagger+1","floor":36},{"not_picked":["Deadly Poison","Heel Hook"],"picked":"Concentrate+1","floor":37}],"player_experience":1177414,"relics_obtained":[{"floor":6.0,"key":"InkBottle"},{"floor":8.0,"key":"Whetstone"},{"floor":9.0,"key":"Ancient Tea Set"},{"floor":12.0,"key":"Shuriken"},{"floor":21.0,"key":"Matryoshka"},{"floor":23.0,"key":"Frozen Egg 2"},{"floor":26.0,"key":"CeramicFish"},{"floor":27.0,"key":"Vajra"},{"floor":27.0,"key":"Omamori"},{"floor":29,"key":"Nunchaku"}],"event_choices":[{"damage_healed":0.0,"max_hp_gain":0.0,"max_hp_loss":0.0,"gold_gain":0.0,"event_name":"Lab","player_choice":"Got Potions","floor":2.0,"gold_loss":0.0,"damage_taken":0.0},{"cards_removed":["Distraction"],"damage_healed":65.0,"max_hp_gain":0.0,"max_hp_loss":0.0,"gold_gain":0.0,"event_name":"Bonfire Elementals","player_choice":"Offered Uncommon","floor":14.0,"gold_loss":0.0,"damage_taken":0.0},{"cards_removed":["Dodge and Roll"],"damage_healed":0.0,"max_hp_gain":0.0,"max_hp_loss":0.0,"gold_gain":0.0,"event_name":"WeMeetAgain","player_choice":"Gave Card","floor":19.0,"gold_loss":0.0,"damage_taken":0.0,"relics_obtained":["The Specimen"]}],"is_beta":false,"boss_relics":[{"not_picked":["Tiny House","Snecko Eye"],"picked":"WristBlade"},{"not_picked":["SacredBark","HoveringKite"],"picked":"Philosopher\u0027s Stone"}],"items_purged_floors":[20],"is_endless":false,"potions_floor_spawned":[3,5,8,12,13,22,23,25,35,37],"killed_by":"Spire Growth","ascension_level":3}}