{"host":"0awa854l6bexpjrv","time":1612759924,"event":{"mods":["BaseMod","Block Reminder","Colored Map","Colored Powertips","Downfall","Highlight Path","Minty Spire (QoL Compilation)","Quick Restart","Rare Cards Sparkle","StSLib","SuperFastMode"],"gold_per_floor":[99,115,128,128,139,139,139,139,139,157,172,188,188,216,229,324,324,324,324,324,335,55,55,80,180,180,197,197,197,197],"floor_reached":28,"language":"ENG","playtime":2814,"items_purged":["sneckomod:Defend"],"score":243,"play_id":"f9362274-1f75-479c-8ef3-1cd295be0cc1","local_time":"20210207205204","is_ascension_mode":false,"campfire_choices":[{"data":"sneckomod:TailWhip","floor":1.0,"key":"SMITH"},{"data":"sneckomod:SnekBeam","floor":9.0,"key":"SMITH"},{"data":"sneckomod:SerpentMind","floor":18,"key":"SMITH"},{"data":"Creative AI","floor":23,"key":"SMITH"},{"floor":26,"key":"REST"}],"circlet_count":0,"master_deck":["sneckomod:Defend+1","sneckomod:Defend","sneckomod:TailWhip+1","sneckomod:SnekBite+1","sneckomod:Unknown","sneckomod:UnknownClassBLUE","sneckomod:QuickMove","sneckomod:SnekBeam+1","sneckomod:UnknownExhaust","sneckomod:IronFang","sneckomod:UnknownDraw","hexamod:SixthSeal","Glacier+1","sneckomod:UnknownVulnerable","sneckomod:Rotation","sneckomod:SerpentMind+1","sneckomod:UnknownClassBLUE","sneckomod:UnknownClassBLUE","sneckomod:UnknownClassBLUE","sneckomod:UnknownClassBLUE+1","sneckomod:UnknownClassBLUE","Slimebound:CheckThePlaybook","Skim","sneckomod:CheapStock+1","Creative AI+1","expansioncontent:DashGenerateEvil","Self Repair","sneckomod:QuickMove+1","Core Surge"],"relics":["sneckomod:SneckoSoul","sneckomod:SneckoCommon","Darkstone Periapt","Juzu Bracelet","sneckomod:SneckoBoss","Blue Candle","Akabeko","Shovel","Mercury Hourglass"],"acts_visited":["Exordium","TheCity"],"potions_floor_usage":[16,16,16,25,25],"damage_taken":[{"damage":4.0,"enemies":"Small Slimes","floor":2.0,"turns":3.0},{"damage":0.0,"enemies":"2 Louse","floor":3.0,"turns":3.0},{"damage":0.0,"enemies":"Jaw Worm","floor":5.0,"turns":2.0},{"damage":18.0,"enemies":"Large Slime","floor":10.0,"turns":7.0},{"damage":0.0,"enemies":"2 Fungi Beasts","floor":11.0,"turns":2.0},{"damage":1.0,"enemies":"3 Louse","floor":12.0,"turns":3.0},{"damage":24.0,"enemies":"Lagavulin","floor":14.0,"turns":10.0},{"damage":3.0,"enemies":"Large Slime","floor":15.0,"turns":7.0},{"damage":11,"enemies":"WA_ARCHETYPE_RETAIN","floor":16,"turns":9},{"damage":8,"enemies":"Spheric Guardian","floor":21,"turns":6},{"damage":8,"enemies":"downfall:FleeingMerchant","floor":22,"turns":4},{"damage":21,"enemies":"SI_SHIV_ARCHETYPE","floor":25,"turns":6},{"damage":7,"enemies":"Chosen","floor":27,"turns":5},{"damage":18,"enemies":"Snake Plant","floor":28,"turns":5}],"seed_played":"-718343663618601532","potions_obtained":[{"floor":3.0,"key":"SkillPotion"},{"floor":11.0,"key":"sneckomod:DiceRollPotion"},{"floor":12.0,"key":"DuplicationPotion"},{"floor":15.0,"key":"SkillPotion"},{"floor":16,"key":"sneckomod:OffclassReductionPotion"},{"floor":21,"key":"hexamod:SoulburnPotion"},{"floor":27,"key":"BlessingOfTheForge"}],"is_trial":false,"path_per_floor":["R","M","M","?","M","?","T","?","R","M","M","M","R","E","M","B",null,"R","?","?","M","$","R","T","?","R","M","M"],"character_chosen":"THE_SNECKO","items_purchased":["expansioncontent:DashGenerateEvil"],"campfire_rested":1,"item_purchase_floors":[22],"current_hp_per_floor":[90,86,86,86,86,86,86,86,86,68,68,74,74,50,47,36,90,90,81,76,68,60,60,60,39,63,63,45,45,45],"gold":197,"neow_bonus":"RANDOM_COMMON_RELIC","is_daily":false,"chose_seed":false,"campfire_upgraded":4,"win_rate":0.0,"timestamp":1612759924,"path_taken":["R","M","M","?","M","?","T","?","R","M","M","?","R","E","M","BOSS","R","?","?","M","$","R","T","?","R","M","M"],"items_purchased_type":["Card"],"build_version":"2020-12-22","purchased_purges":1,"victory":false,"max_hp_per_floor":[90,90,90,90,90,90,90,90,90,90,90,90,90,90,90,90,90,90,81,81,81,81,81,81,81,81,81,81,81,81],"card_choices":[{"not_picked":["sneckomod:SoulDraw","sneckomod:DefensiveFlair"],"picked":"sneckomod:QuickMove","floor":2.0},{"not_picked":["sneckomod:DiceBlock","sneckomod:SoulRoll"],"picked":"sneckomod:UnknownBlock","floor":3.0},{"not_picked":["sneckomod:UnknownBlock","sneckomod:DiceBlock"],"picked":"sneckomod:SnekBeam","floor":5.0},{"not_picked":["sneckomod:DiceBlock","sneckomod:UnknownDraw"],"picked":"sneckomod:UnknownExhaust","floor":10.0},{"not_picked":["sneckomod:QuickMove","sneckomod:Nope"],"picked":"sneckomod:IronFang","floor":11.0},{"not_picked":["sneckomod:MixItUp","sneckomod:DiceBlock"],"picked":"sneckomod:UnknownDraw","floor":12.0},{"not_picked":["sneckomod:UnknownStrength","sneckomod:Unknown0Cost"],"picked":"sneckomod:UnknownVulnerable","floor":14.0},{"not_picked":["sneckomod:DiceBlock","sneckomod:QuickMove"],"picked":"sneckomod:Rotation","floor":15.0},{"not_picked":["sneckomod:Mudshield","sneckomod:MorePower"],"picked":"sneckomod:SerpentMind","floor":16},{"not_picked":["Multi-Cast","Capacitor"],"picked":"Skim","floor":21},{"not_picked":["sneckomod:UnknownClassGREEN+1","sneckomod:UnknownStrike"],"picked":"sneckomod:CheapStock","floor":21},{"not_picked":["Leap","Heatsinks"],"picked":"Creative AI","floor":22},{"not_picked":["sneckomod:UnknownBlock","sneckomod:UnknownClassGREEN+1","sneckomod:SoulRoll"],"picked":"SKIP","floor":22},{"not_picked":["Ball Lightning","Darkness"],"picked":"Self Repair","floor":25},{"not_picked":["sneckomod:UnlimitedRolls","sneckomod:SoulDraw"],"picked":"sneckomod:QuickMove+1","floor":25},{"not_picked":["Doom and Gloom","Turbo"],"picked":"Core Surge","floor":27},{"not_picked":["sneckomod:Rotation","sneckomod:Nope","sneckomod:SoulRoll"],"picked":"SKIP","floor":27}],"player_experience":742261,"relics_obtained":[{"floor":7.0,"key":"Darkstone Periapt"},{"floor":14.0,"key":"Juzu Bracelet"},{"floor":24,"key":"Akabeko"},{"floor":25,"key":"Shovel"},{"floor":25,"key":"Mercury Hourglass"}],"event_choices":[{"cards_removed":["sneckomod:Strike"],"damage_healed":0.0,"max_hp_gain":0.0,"max_hp_loss":0.0,"gold_gain":0.0,"event_name":"The Cleric","player_choice":"Card Removal","floor":4.0,"gold_loss":0.0,"damage_taken":0.0},{"cards_removed":["sneckomod:Strike"],"damage_healed":0.0,"max_hp_gain":0.0,"max_hp_loss":0.0,"gold_gain":0.0,"event_name":"Living Wall","player_choice":"Forget","floor":8.0,"gold_loss":0.0,"damage_taken":0.0}],"is_beta":false,"boss_relics":[{"not_picked":["Coffee Dripper","Fusion Hammer"],"picked":"sneckomod:SneckoBoss"}],"items_purged_floors":[22],"is_endless":false,"potions_floor_spawned":[3,11,12,15,16,21,27],"killed_by":"Snake Plant","ascension_level":0}}