{"host":"x7xd4wkamhrqrrvw","time":1612796335,"event":{"mods":["AchievementEnabler","BaseMod","Minty Spire (QoL Compilation)","Relic Stats","StSLib"],"gold_per_floor":[115,125,137,148,161,161,221,255,255,255,255,271,34,47,47,121,121,134,134,146,156,81,111,136,166,216,116,130,130,149,163,163,241,241,260,272,494,197,213,247,247,247,326,14,24,43,43,62,62,62,62,62,62,92,92,92],"floor_reached":55,"language":"ENG","playtime":2881,"items_purged":["Pain","Strike_R","Strike_R","Strike_R"],"score":1392,"play_id":"70918535-fde1-4315-8e9c-ebadb3e4c6fc","local_time":"20210208125855","is_ascension_mode":true,"campfire_choices":[{"data":"Uppercut","floor":6.0,"key":"SMITH"},{"data":"Cleave","floor":10.0,"key":"SMITH"},{"data":"Dropkick","floor":15.0,"key":"SMITH"},{"floor":29.0,"key":"REST"},{"floor":32.0,"key":"REST"},{"floor":41.0,"key":"REST"},{"floor":47,"key":"RECALL"},{"floor":49,"key":"REST"},{"floor":52,"key":"REST"}],"circlet_count":0,"master_deck":["AscendersBane","Defend_R","Defend_R","Defend_R","Defend_R","Bash","Uppercut+1","True Grit","Cleave+1","Corruption","Dropkick+1","Impervious","Shrug It Off","Exhume","Shrug It Off+1","Pommel Strike+1","Disarm","Master of Strategy","Clumsy"],"relics":["Burning Blood","Paper Frog","Gremlin Horn","Singing Bowl","WarpedTongs","Lee\u0027s Waffle","Fusion Hammer","Darkstone Periapt","Red Mask","Letter Opener","Lantern","Cursed Key","Bronze Scales","Pantograph","ClockworkSouvenir","Toy Ornithopter"],"acts_visited":["Exordium","TheCity","TheBeyond","TheEnding"],"potions_floor_usage":[54,55],"damage_taken":[{"damage":2.0,"enemies":"2 Louse","floor":1.0,"turns":4.0},{"damage":6.0,"enemies":"Jaw Worm","floor":2.0,"turns":4.0},{"damage":1.0,"enemies":"Cultist","floor":3.0,"turns":4.0},{"damage":12.0,"enemies":"Blue Slaver","floor":4.0,"turns":5.0},{"damage":31.0,"enemies":"Gremlin Gang","floor":5.0,"turns":5.0},{"damage":20.0,"enemies":"3 Sentries","floor":7.0,"turns":6.0},{"damage":26.0,"enemies":"Gremlin Nob","floor":8.0,"turns":4.0},{"damage":16.0,"enemies":"Exordium Wildlife","floor":12.0,"turns":6.0},{"damage":0.0,"enemies":"2 Fungi Beasts","floor":14.0,"turns":4.0},{"damage":6.0,"enemies":"Slime Boss","floor":16.0,"turns":11.0},{"damage":9.0,"enemies":"Shell Parasite","floor":18.0,"turns":6.0},{"damage":1.0,"enemies":"Chosen","floor":20.0,"turns":5.0},{"damage":1.0,"enemies":"Snake Plant","floor":21.0,"turns":4.0},{"damage":31.0,"enemies":"Book of Stabbing","floor":23.0,"turns":7.0},{"damage":19.0,"enemies":"Masked Bandits","floor":24.0,"turns":5.0},{"damage":58.0,"enemies":"Gremlin Leader","floor":25.0,"turns":6.0},{"damage":2.0,"enemies":"Shelled Parasite and Fungi","floor":28.0,"turns":5.0},{"damage":0.0,"enemies":"3 Cultists","floor":30.0,"turns":3.0},{"damage":10.0,"enemies":"Snake Plant","floor":31.0,"turns":5.0},{"damage":89.0,"enemies":"Collector","floor":33.0,"turns":8.0},{"damage":13.0,"enemies":"3 Shapes","floor":35.0,"turns":7.0},{"damage":7.0,"enemies":"3 Darklings","floor":36.0,"turns":3.0},{"damage":16.0,"enemies":"Writhing Mass","floor":39.0,"turns":5.0},{"damage":24.0,"enemies":"Reptomancer","floor":40.0,"turns":4.0},{"damage":0,"enemies":"Sphere and 2 Shapes","floor":45,"turns":5},{"damage":13,"enemies":"3 Darklings","floor":46,"turns":4},{"damage":0,"enemies":"Transient","floor":48,"turns":6},{"damage":56,"enemies":"Time Eater","floor":50,"turns":11},{"damage":93,"enemies":"Shield and Spear","floor":54,"turns":9},{"damage":91,"enemies":"The Heart","floor":55,"turns":5}],"seed_played":"2096176550634456469","potions_obtained":[{"floor":4.0,"key":"Fire Potion"},{"floor":7.0,"key":"DistilledChaos"},{"floor":8.0,"key":"SpeedPotion"},{"floor":12.0,"key":"Ancient Potion"},{"floor":20.0,"key":"Block Potion"},{"floor":21.0,"key":"BloodPotion"},{"floor":23.0,"key":"CultistPotion"},{"floor":28.0,"key":"BlessingOfTheForge"},{"floor":31.0,"key":"SpeedPotion"},{"floor":39.0,"key":"ColorlessPotion"},{"floor":40.0,"key":"Block Potion"},{"floor":45,"key":"FearPotion"},{"floor":54,"key":"Regen Potion"}],"is_trial":false,"path_per_floor":["M","M","M","M","M","R","?","E","T","R","?","M","$","M","R","B",null,"M","?","M","M","?","E","?","E","T","$","M","R","M","M","R","B",null,"M","M","?","$","M","E","R","?","T","$","M","M","R","M","R","B",null,"R","$","E","B"],"character_chosen":"IRONCLAD","items_purchased":["Lee\u0027s Waffle","Bronze Scales","ClockworkSouvenir"],"campfire_rested":5,"item_purchase_floors":[13,38,44],"current_hp_per_floor":[79,79,82,76,51,51,37,17,17,17,17,9,91,91,91,91,91,88,88,91,93,93,68,57,26,26,26,32,61,69,67,97,16,83,78,79,79,79,71,55,88,82,88,88,96,91,91,99,129,79,117,129,129,44,0,0],"gold":92,"neow_bonus":"TEN_PERCENT_HP_BONUS","is_daily":false,"chose_seed":false,"campfire_upgraded":3,"win_rate":0.0,"timestamp":1612796335,"path_taken":["M","M","M","M","M","R","?","E","T","R","?","M","$","?","R","BOSS","M","?","M","?","?","E","?","E","T","?","M","R","?","M","R","BOSS","M","M","?","$","M","E","R","?","T","$","?","M","R","M","R","BOSS","R","$","E","BOSS"],"items_purchased_type":["Relic","Relic","Relic"],"build_version":"2020-12-22","purchased_purges":4,"victory":false,"max_hp_per_floor":[82,82,82,82,82,82,82,82,82,82,82,84,91,91,91,91,91,91,91,91,93,93,93,95,97,97,97,99,99,101,103,103,105,105,107,109,109,109,111,113,113,117,123,123,125,127,127,129,129,129,129,129,129,131,131,131],"relic_stats":{"Darkstone Periapt":6,"Lee\u0027s Waffle":82,"Gremlin Horn":[25,25],"Singing Bowl":36,"counters":[30,166],"Letter Opener":[203],"Cursed Key":1,"Burning Blood":159,"WarpedTongs":[120],"Bronze Scales":[236],"Pantograph":25,"obtain_stats":[{"Darkstone Periapt":23,"Lee\u0027s Waffle":13,"Lantern":26,"Gremlin Horn":8,"Singing Bowl":9,"Letter Opener":25,"Cursed Key":34,"Burning Blood":0,"WarpedTongs":11,"ClockworkSouvenir":44,"Bronze Scales":38,"Pantograph":40,"Fusion Hammer":17,"Red Mask":24,"Toy Ornithopter":54,"Paper Frog":7},{"Darkstone Periapt":14,"Lee\u0027s Waffle":8,"Lantern":16,"Gremlin Horn":7,"Singing Bowl":7,"Letter Opener":16,"Cursed Key":20,"Burning Blood":0,"WarpedTongs":7,"ClockworkSouvenir":24,"Bronze Scales":22,"Pantograph":24,"Fusion Hammer":10,"Red Mask":15,"Toy Ornithopter":29,"Paper Frog":6},{"Darkstone Periapt":75,"Lee\u0027s Waffle":38,"Lantern":86,"Gremlin Horn":32,"Singing Bowl":32,"Letter Opener":86,"Cursed Key":107,"Burning Blood":0,"WarpedTongs":32,"ClockworkSouvenir":126,"Bronze Scales":117,"Pantograph":126,"Fusion Hammer":53,"Red Mask":80,"Toy Ornithopter":161,"Paper Frog":28}],"Toy Ornithopter":5},"card_choices":[{"not_picked":["Heavy Blade","Warcry"],"picked":"Uppercut","floor":1.0},{"not_picked":["Heavy Blade","Clash"],"picked":"True Grit","floor":2.0},{"not_picked":["Warcry","Clash"],"picked":"Cleave","floor":3.0},{"not_picked":["Anger","Warcry"],"picked":"Corruption","floor":4.0},{"not_picked":["Clash","Entrench","Uppercut"],"picked":"SKIP","floor":5.0},{"not_picked":["Hemokinesis","Clothesline"],"picked":"Dropkick","floor":7.0},{"not_picked":["Armaments","Wild Strike"],"picked":"Impervious","floor":8.0},{"not_picked":["Clothesline","Perfected Strike","True Grit"],"picked":"Singing Bowl","floor":12.0},{"not_picked":["Anger","Pummel"],"picked":"Shrug It Off","floor":14.0},{"not_picked":["Juggernaut","Reaper"],"picked":"Exhume","floor":16.0},{"not_picked":["Heavy Blade","Hemokinesis"],"picked":"Shrug It Off+1","floor":18.0},{"not_picked":["True Grit","Havoc"],"picked":"Pommel Strike+1","floor":20.0},{"not_picked":["Sentinel","Flame Barrier+1","Blood for Blood"],"picked":"Singing Bowl","floor":21.0},{"not_picked":["Warcry","Body Slam"],"picked":"Disarm","floor":23.0},{"not_picked":["Twin Strike","Flex","Power Through"],"picked":"Singing Bowl","floor":24.0},{"not_picked":["Heavy Blade","Iron Wave","Sword Boomerang"],"picked":"Singing Bowl","floor":25.0},{"not_picked":["Twin Strike","Evolve","Pommel Strike"],"picked":"Singing Bowl","floor":28.0},{"not_picked":["Flex","Warcry+1","Seeing Red"],"picked":"Singing Bowl","floor":30.0},{"not_picked":["Sever Soul","Clash","Havoc"],"picked":"Singing Bowl","floor":31.0},{"not_picked":["Immolate","Reaper","Corruption"],"picked":"Singing Bowl","floor":33.0},{"not_picked":["Body Slam","Rampage+1","Pommel Strike+1"],"picked":"Singing Bowl","floor":35.0},{"not_picked":["Entrench","Combust","Flex"],"picked":"Singing Bowl","floor":36.0},{"not_picked":["Heavy Blade","Wild Strike","Infernal Blade"],"picked":"Singing Bowl","floor":39.0},{"not_picked":["Headbutt","Fiend Fire","Second Wind"],"picked":"Singing Bowl","floor":40.0},{"not_picked":["Transmutation","Enlightenment","Discovery"],"picked":"Singing Bowl","floor":42},{"not_picked":["Flash of Steel","Good Instincts"],"picked":"Master of Strategy","floor":42},{"not_picked":["HandOfGreed","Deep Breath","The Bomb"],"picked":"Singing Bowl","floor":42},{"not_picked":["Metallicize","Anger","Wild Strike"],"picked":"Singing Bowl","floor":45},{"not_picked":["Perfected Strike","Iron Wave","Uppercut"],"picked":"Singing Bowl","floor":46},{"not_picked":["Clash+1","Body Slam","Headbutt+1"],"picked":"Singing Bowl","floor":48},{"not_picked":["Iron Wave","Intimidate","Anger+1"],"picked":"Singing Bowl","floor":54}],"player_experience":442853,"relics_obtained":[{"floor":7.0,"key":"Paper Frog"},{"floor":8.0,"key":"Gremlin Horn"},{"floor":9.0,"key":"Singing Bowl"},{"floor":23.0,"key":"Darkstone Periapt"},{"floor":24.0,"key":"Red Mask"},{"floor":25.0,"key":"Letter Opener"},{"floor":26.0,"key":"Lantern"},{"floor":40.0,"key":"Pantograph"},{"floor":54,"key":"Toy Ornithopter"}],"event_choices":[{"damage_healed":0.0,"max_hp_gain":0.0,"max_hp_loss":0.0,"gold_gain":30.0,"event_name":"Dead Adventurer","player_choice":"Searched \u00273\u0027 times","floor":7.0,"gold_loss":0.0,"damage_taken":0.0},{"damage_healed":0.0,"max_hp_gain":0.0,"max_hp_loss":0.0,"gold_gain":0.0,"event_name":"Accursed Blacksmith","player_choice":"Rummage","floor":11.0,"gold_loss":0.0,"damage_taken":0.0,"relics_obtained":["WarpedTongs"],"cards_obtained":["Pain"]},{"cards_removed":["Strike_R"],"damage_healed":0.0,"max_hp_gain":0.0,"max_hp_loss":0.0,"gold_gain":0.0,"event_name":"Bonfire Elementals","player_choice":"Offered Basic","floor":19.0,"gold_loss":0.0,"damage_taken":0.0},{"cards_removed":["Strike_R"],"damage_healed":0.0,"max_hp_gain":0.0,"max_hp_loss":0.0,"gold_gain":0.0,"event_name":"Beggar","player_choice":"Gave Gold","floor":22.0,"gold_loss":75.0,"damage_taken":0.0},{"damage_healed":0.0,"max_hp_gain":0.0,"max_hp_loss":0.0,"gold_gain":0.0,"event_name":"Masked Bandits","player_choice":"Fought Bandits","floor":24.0,"gold_loss":0.0,"damage_taken":0.0},{"damage_healed":0.0,"max_hp_gain":0.0,"max_hp_loss":0.0,"gold_gain":222.0,"event_name":"Tomb of Lord Red Mask","player_choice":"Wore Mask","floor":37.0,"gold_loss":0.0,"damage_taken":0.0},{"damage_healed":0,"gold_gain":0,"player_choice":"Memory 3","damage_taken":10,"max_hp_gain":0,"max_hp_loss":0,"event_name":"SensoryStone","floor":42,"gold_loss":0}],"is_beta":false,"boss_relics":[{"not_picked":["Coffee Dripper","Tiny House"],"picked":"Fusion Hammer"},{"not_picked":["Pandora\u0027s Box","Busted Crown"],"picked":"Cursed Key"}],"items_purged_floors":[13,27,38,44],"is_endless":false,"potions_floor_spawned":[4,7,8,12,14,16,20,21,23,28,31,39,40,45,48,54],"killed_by":"The Heart","ascension_level":18}}