{"host":"xg4r5pv6chpuampg","time":1612805954,"event":{"mods":["AchievementEnabler","BaseMod","Googly Eyes","Minty Spire (QoL Compilation)"],"gold_per_floor":[113,113,113,127,73,73,103,123,123,133,133,146,166,192,192,291,291,307,222,222,222,222,222,235,266,346,359,359,392,405,2,2,2,2],"floor_reached":33,"language":"ENG","playtime":1610,"items_purged":[],"score":310,"play_id":"19b649e4-44ae-46c1-875d-a9602d34d730","local_time":"20210208203914","is_ascension_mode":true,"campfire_choices":[{"floor":6,"key":"RECALL"},{"floor":11,"key":"REST"},{"floor":15,"key":"REST"},{"data":"Double Energy","floor":23,"key":"SMITH"},{"floor":28,"key":"REST"},{"data":"Barrage","floor":32,"key":"SMITH"}],"circlet_count":0,"master_deck":["Strike_B+1","Strike_B+1","Strike_B+1","Defend_B+1","Defend_B+1","Defend_B+1","Defend_B+1","Zap+1","Dualcast+1","Gash+1","Capacitor","Coolheaded","Barrage+1","Redo+1","Gash","Doom and Gloom","Electrodynamics+1","Double Energy+1","Genetic Algorithm+1","Conserve Battery+1","Doom and Gloom"],"relics":["Cracked Core","Lantern","Frozen Egg 2","Meat on the Bone","PreservedInsect","Inserter","Ornamental Fan","Akabeko","War Paint","Lee\u0027s Waffle","Matryoshka"],"acts_visited":["Exordium","TheCity"],"potions_floor_usage":[14,25,25,33,33],"damage_taken":[{"damage":5,"enemies":"Small Slimes","floor":1,"turns":3},{"damage":6,"enemies":"Cultist","floor":4,"turns":3},{"damage":27,"enemies":"Lagavulin","floor":7,"turns":6},{"damage":0,"enemies":"2 Louse","floor":8,"turns":1},{"damage":15,"enemies":"Gremlin Gang","floor":10,"turns":5},{"damage":20,"enemies":"Exordium Wildlife","floor":12,"turns":6},{"damage":6,"enemies":"3 Louse","floor":13,"turns":3},{"damage":36,"enemies":"3 Sentries","floor":14,"turns":9},{"damage":20,"enemies":"Slime Boss","floor":16,"turns":8},{"damage":8,"enemies":"3 Byrds","floor":18,"turns":3},{"damage":16,"enemies":"Shell Parasite","floor":24,"turns":5},{"damage":33,"enemies":"Book of Stabbing","floor":25,"turns":4},{"damage":8,"enemies":"Snake Plant","floor":27,"turns":4},{"damage":4,"enemies":"Gremlin Leader","floor":29,"turns":5},{"damage":20,"enemies":"Shelled Parasite and Fungi","floor":30,"turns":5},{"damage":91,"enemies":"Collector","floor":33,"turns":6}],"seed_played":"-5532598570202295117","potions_obtained":[{"floor":12,"key":"PowerPotion"},{"floor":13,"key":"BlessingOfTheForge"},{"floor":16,"key":"SkillPotion"},{"floor":24,"key":"EssenceOfDarkness"},{"floor":25,"key":"Explosive Potion"},{"floor":30,"key":"SteroidPotion"}],"is_trial":false,"path_per_floor":["M","?","?","M","$","R","E","M","T","M","R","M","M","E","R","B",null,"M","?","?","?","?","R","M","E","T","M","R","E","M","$","R","B"],"character_chosen":"DEFECT","items_purchased":["Coolheaded","Lee\u0027s Waffle","Matryoshka"],"campfire_rested":3,"item_purchase_floors":[5,31,31],"current_hp_per_floor":[70,70,70,64,64,64,37,37,37,34,56,48,42,18,40,32,75,67,67,67,67,67,67,51,30,30,34,56,52,44,82,82,0,0],"gold":2,"neow_bonus":"RANDOM_COMMON_RELIC","is_daily":false,"chose_seed":false,"campfire_upgraded":2,"win_rate":0.0,"timestamp":1612805954,"path_taken":["M","?","?","M","$","R","E","?","T","M","R","M","M","E","R","BOSS","M","?","?","?","?","R","M","E","T","M","R","E","?","$","R","BOSS"],"items_purchased_type":["Card","Relic","Relic"],"build_version":"2020-12-22","purchased_purges":0,"victory":false,"max_hp_per_floor":[75,75,75,75,75,75,75,75,75,75,75,75,75,75,75,75,75,75,75,75,75,75,75,75,75,75,75,75,75,75,82,82,82,82],"card_choices":[{"not_picked":["Double Energy","Conserve Battery"],"picked":"Gash","floor":1},{"not_picked":["Rebound","Cold Snap"],"picked":"Capacitor","floor":4},{"not_picked":["Beam Cell","BootSequence"],"picked":"Barrage","floor":7},{"not_picked":["Hello World+1","Rip and Tear"],"picked":"Redo","floor":8},{"not_picked":["Beam Cell","Leap","Go for the Eyes"],"picked":"SKIP","floor":10},{"not_picked":["Cold Snap","FTL"],"picked":"Gash","floor":12},{"not_picked":["Reinforced Body","Aggregate","Barrage"],"picked":"SKIP","floor":13},{"not_picked":["Rebound","Skim"],"picked":"Doom and Gloom","floor":14},{"not_picked":["Multi-Cast","Echo Form+1"],"picked":"Electrodynamics+1","floor":16},{"not_picked":["Tempest","Double Energy","Stack+1"],"picked":"SKIP","floor":18},{"not_picked":["Sweeping Beam+1","Compile Driver"],"picked":"Genetic Algorithm+1","floor":24},{"not_picked":["Loop+1","Sunder+1"],"picked":"Conserve Battery+1","floor":25},{"not_picked":["Barrage","Streamline","Rebound"],"picked":"SKIP","floor":27},{"not_picked":["Rebound","Coolheaded+1","Seek"],"picked":"SKIP","floor":29},{"not_picked":["Streamline","Sweeping Beam"],"picked":"Doom and Gloom","floor":30}],"player_experience":99227,"relics_obtained":[{"floor":7,"key":"Frozen Egg 2"},{"floor":9,"key":"Meat on the Bone"},{"floor":14,"key":"PreservedInsect"},{"floor":25,"key":"Akabeko"},{"floor":29,"key":"War Paint"}],"event_choices":[{"damage_healed":0,"gold_gain":0,"player_choice":"Grow","damage_taken":0,"max_hp_gain":0,"max_hp_loss":0,"event_name":"Living Wall","floor":2,"gold_loss":0,"cards_upgraded":["Gash"]},{"damage_healed":0,"gold_gain":0,"player_choice":"Forge","damage_taken":0,"max_hp_gain":0,"max_hp_loss":0,"event_name":"Accursed Blacksmith","floor":3,"gold_loss":0,"cards_upgraded":["Zap"]},{"damage_healed":0,"gold_gain":0,"player_choice":"Obtained Relic","damage_taken":0,"relics_obtained":["Ornamental Fan"],"max_hp_gain":0,"max_hp_loss":0,"event_name":"Addict","floor":19,"gold_loss":85},{"damage_healed":0,"gold_gain":0,"player_choice":"Simplicity","damage_taken":0,"max_hp_gain":0,"max_hp_loss":0,"event_name":"Back to Basics","floor":20,"gold_loss":0,"cards_upgraded":["Strike_B","Strike_B","Strike_B","Strike_B","Defend_B","Defend_B","Defend_B","Defend_B"]},{"damage_healed":0,"gold_gain":0,"player_choice":"Ignored","damage_taken":0,"max_hp_gain":0,"max_hp_loss":0,"event_name":"Ghosts","floor":21,"gold_loss":0},{"damage_healed":0,"gold_gain":0,"cards_transformed":["Strike_B"],"player_choice":"Transformed","damage_taken":0,"max_hp_gain":0,"max_hp_loss":0,"event_name":"Transmorgrifier","floor":22,"gold_loss":0,"cards_obtained":["Double Energy"]}],"is_beta":false,"boss_relics":[{"not_picked":["Coffee Dripper","Cursed Key"],"picked":"Inserter"}],"items_purged_floors":[],"is_endless":false,"potions_floor_spawned":[12,13,16,24,25,30],"killed_by":"Collector","ascension_level":1}}