{"host":"if46sxignvy4ka0k","time":1612820786,"event":{"mods":["BaseMod","Minty Spire (QoL Compilation)","StSLib","The Cursed"],"gold_per_floor":[110,35,310,320,340,372,372,407,431,431,446,446,461,479,479,479,479],"floor_reached":16,"language":"ENG","playtime":981,"items_purged":[],"score":112,"play_id":"144a899a-524b-435c-98b0-acd1c0a3695a","local_time":"20210208154626","is_ascension_mode":false,"campfire_choices":[{"data":"TheCursedMod:FleshFromBone","floor":7,"key":"SMITH"},{"data":"TheCursedMod:WearCloak","floor":10,"key":"SMITH"},{"data":"TheCursedMod:FleshFromBone","floor":12,"key":"SMITH"},{"data":"TheCursedMod:CircleOfFlame","floor":15,"key":"SMITH"}],"circlet_count":0,"master_deck":["TheCursedMod:Strike_TheCursed","TheCursedMod:Strike_TheCursed","TheCursedMod:Strike_TheCursed","TheCursedMod:Defend_TheCursed","TheCursedMod:Defend_TheCursed","TheCursedMod:Defend_TheCursed","TheCursedMod:CursedWand","TheCursedMod:CleanUpWorkshop","TheCursedMod:Dregs","TheCursedMod:SpitefulStrike","TheCursedMod:WearCloak+1","TheCursedMod:SurpriseAttack","Regret","TheCursedMod:CursedShiv","TheCursedMod:FleshFromBone+1","TheCursedMod:Wield","TheCursedMod:FleshFromBone+1","TheCursedMod:CircleOfFlame+1","TheCursedMod:RapidMovement"],"relics":["TheCursedMod:BlackMagic101","Strawberry","Dream Catcher","Pen Nib"],"acts_visited":["Exordium"],"potions_floor_usage":[6],"damage_taken":[{"damage":0,"enemies":"Small Slimes","floor":1,"turns":4},{"damage":2,"enemies":"Cultist","floor":4,"turns":3},{"damage":3,"enemies":"2 Louse","floor":5,"turns":2},{"damage":10,"enemies":"Gremlin Nob","floor":6,"turns":3},{"damage":10,"enemies":"3 Sentries","floor":8,"turns":11},{"damage":2,"enemies":"Looter","floor":11,"turns":3},{"damage":0,"enemies":"2 Fungi Beasts","floor":13,"turns":3},{"damage":0,"enemies":"Blue Slaver","floor":14,"turns":2},{"damage":39,"enemies":"Hexaghost","floor":16,"turns":16}],"seed_played":"9144854985887686139","potions_obtained":[{"floor":1,"key":"Fire Potion"},{"floor":11,"key":"Energy Potion"},{"floor":14,"key":"Energy Potion"}],"is_trial":false,"path_per_floor":["M","$","?","M","M","E","R","E","T","R","M","R","M","M","R","B"],"character_chosen":"THE_CURSED","items_purchased":["TheCursedMod:WearCloak","TheCursedMod:SurpriseAttack"],"campfire_rested":0,"item_purchase_floors":[2,2],"current_hp_per_floor":[54,54,54,52,49,46,46,36,36,36,34,34,34,34,34,0,0],"gold":479,"neow_bonus":"REMOVE_TWO","is_daily":false,"chose_seed":false,"campfire_upgraded":4,"win_rate":0.0,"timestamp":1612820786,"path_taken":["M","$","?","M","M","E","R","E","T","R","M","R","M","M","R","BOSS"],"items_purchased_type":["Card","Card"],"build_version":"2020-12-22","purchased_purges":0,"victory":false,"max_hp_per_floor":[75,75,75,75,75,82,82,82,82,82,82,82,82,82,82,82,82],"card_choices":[{"not_picked":["TheCursedMod:AshesToAshes","TheCursedMod:TacticalStrike"],"picked":"TheCursedMod:SpitefulStrike","floor":1},{"not_picked":["TheCursedMod:CursedMace","TheCursedMod:Obscuration","TheCursedMod:Mangle"],"picked":"SKIP","floor":4},{"not_picked":["TheCursedMod:EmpowerCircles","TheCursedMod:CircleOfFocus"],"picked":"TheCursedMod:CursedShiv","floor":5},{"not_picked":["TheCursedMod:CursedShiv","TheCursedMod:Stretching"],"picked":"TheCursedMod:FleshFromBone","floor":6},{"not_picked":["TheCursedMod:CircleOfAmplification","TheCursedMod:VitalStrike"],"picked":"TheCursedMod:Wield","floor":8},{"not_picked":["TheCursedMod:CursedShiv","TheCursedMod:FuryStrike"],"picked":"TheCursedMod:FleshFromBone","floor":11},{"not_picked":["TheCursedMod:SoulReap","TheCursedMod:UltimatePain"],"picked":"TheCursedMod:CircleOfFlame","floor":13},{"not_picked":["TheCursedMod:BlessingInDisguise","TheCursedMod:VitalStrike"],"picked":"TheCursedMod:RapidMovement","floor":14}],"player_experience":2140058,"relics_obtained":[{"floor":6,"key":"Strawberry"},{"floor":8,"key":"Dream Catcher"},{"floor":9,"key":"Pen Nib"}],"event_choices":[{"damage_healed":0,"gold_gain":275,"player_choice":"Desecrate","damage_taken":0,"max_hp_gain":0,"max_hp_loss":0,"event_name":"Golden Shrine","floor":3,"gold_loss":0,"cards_obtained":["Regret"]}],"is_beta":false,"boss_relics":[],"items_purged_floors":[],"is_endless":false,"potions_floor_spawned":[1,11,14],"killed_by":"Hexaghost","ascension_level":0}}