{"host":"d61fcf2p3sjwe6yo","time":1612809406,"event":{"mods":["BaseMod","Colored Map","Koishi","Marisa????????","Minty Spire (QoL Compilation)","StSLib","SuperFastMode","The Servant 0.9.4"],"gold_per_floor":[113,113,123,141,155,183,200,200,246,246,289,289,332,395,395,488,488,488,488],"floor_reached":18,"language":"ENG","playtime":920,"items_purged":[],"score":414,"play_id":"f28f34f4-53e1-4e48-bc4b-43762ab98cca","local_time":"20210208213646","is_ascension_mode":true,"campfire_choices":[{"data":"Koishi:MentalBreakdown","floor":12,"key":"SMITH"},{"data":"Koishi:ReflexRadar","floor":15,"key":"SMITH"}],"circlet_count":0,"master_deck":["AscendersBane","Koishi:BasicStrike","Koishi:BasicStrike+1","Koishi:BasicStrike","Koishi:BasicStrike","Koishi:BasicDefend","Koishi:BasicDefend","Koishi:BasicDefend","Koishi:Provoke","Koishi:HauntingSlash+1","Koishi:StingingMind+1","Koishi:UnconsciousUprising","Koishi:YoukaiPolygraph","Koishi:MentalBreakdown+1","Koishi:ReflexRadar+1","Koishi:MindNumbingTerror","Koishi:FleetingPhantom","Koishi:SilentAndRestless"],"relics":["Koishi:ImaginaryFriend","Eternal Feather","Golden Idol","Akabeko","SsserpentHead","Pantograph","Whetstone","SlaversCollar"],"acts_visited":["Exordium","TheCity"],"potions_floor_usage":[7,11,13,16],"damage_taken":[{"damage":7,"enemies":"Small Slimes","floor":1,"turns":4},{"damage":0,"enemies":"Cultist","floor":3,"turns":3},{"damage":7,"enemies":"Jaw Worm","floor":4,"turns":4},{"damage":2,"enemies":"Blue Slaver","floor":5,"turns":3},{"damage":24,"enemies":"3 Sentries","floor":6,"turns":11},{"damage":10,"enemies":"Lots of Slimes","floor":7,"turns":4},{"damage":0,"enemies":"Gremlin Nob","floor":11,"turns":3},{"damage":20,"enemies":"Lagavulin","floor":13,"turns":6},{"damage":0,"enemies":"Looter","floor":14,"turns":1},{"damage":38,"enemies":"Hexaghost","floor":16,"turns":10},{"damage":51,"enemies":"3 Byrds","floor":18,"turns":5}],"seed_played":"9065975857587942273","potions_obtained":[{"floor":5,"key":"LiquidMemories"},{"floor":6,"key":"FearPotion"},{"floor":7,"key":"LiquidBronze"},{"floor":11,"key":"Regen Potion"}],"is_trial":false,"path_per_floor":["M","?","M","M","M","E","M","?","T","?","E","R","E","M","R","B",null,"M"],"character_chosen":"KOISHI","items_purchased":[],"campfire_rested":0,"item_purchase_floors":[],"current_hp_per_floor":[46,46,50,49,56,36,26,26,26,26,27,36,40,42,51,32,47,0,0],"gold":488,"neow_bonus":"REMOVE_CARD","is_daily":false,"chose_seed":false,"campfire_upgraded":2,"win_rate":0.0,"timestamp":1612809406,"path_taken":["M","?","?","M","M","E","M","?","T","?","E","R","E","?","R","BOSS","M"],"items_purchased_type":[],"build_version":"2020-12-22","purchased_purges":0,"victory":false,"max_hp_per_floor":[57,57,57,57,57,57,57,52,52,52,52,52,52,52,52,52,52,52,52],"card_choices":[{"not_picked":["Koishi:FleetingPhantom","Koishi:JumpScare"],"picked":"Koishi:StingingMind","floor":1},{"not_picked":["Koishi:DreadfulBlow","Koishi:Possession"],"picked":"Koishi:UnconsciousUprising","floor":3},{"not_picked":["Koishi:Prune","Koishi:SubterraneanRose","Koishi:EmbryosDream"],"picked":"SKIP","floor":4},{"not_picked":["Koishi:FleetingPhantom","Koishi:Jaunt"],"picked":"Koishi:YoukaiPolygraph","floor":5},{"not_picked":["Koishi:StingingMind","Koishi:RorschachInDanmaku","Koishi:ReleaseOfTheId"],"picked":"SKIP","floor":6},{"not_picked":["Koishi:RacingHeart","Koishi:EmbersOfLove"],"picked":"Koishi:MentalBreakdown","floor":7},{"not_picked":["Koishi:BramblyRoseGarden","Koishi:VengefulSpirit"],"picked":"Koishi:ReflexRadar","floor":11},{"not_picked":["Koishi:StingingMind","Koishi:HeartfeltFancy"],"picked":"Koishi:MindNumbingTerror","floor":13},{"not_picked":["Koishi:SprinkleStarAndHeart","Koishi:SpiritedAway"],"picked":"Koishi:FleetingPhantom","floor":14},{"not_picked":["Koishi:SuperEgo","Koishi:FadingMemory"],"picked":"Koishi:SilentAndRestless","floor":16}],"player_experience":289685,"relics_obtained":[{"floor":6,"key":"Eternal Feather"},{"floor":9,"key":"Akabeko"},{"floor":11,"key":"Pantograph"},{"floor":13,"key":"Whetstone"}],"event_choices":[{"damage_healed":0,"gold_gain":0,"player_choice":"Upgraded","damage_taken":0,"max_hp_gain":0,"max_hp_loss":0,"event_name":"Upgrade Shrine","floor":2,"gold_loss":0,"cards_upgraded":["Koishi:StingingMind"]},{"damage_healed":0,"gold_gain":0,"player_choice":"Lose Max HP","damage_taken":0,"relics_obtained":["Golden Idol"],"max_hp_gain":0,"max_hp_loss":5,"event_name":"Golden Idol","floor":8,"gold_loss":0},{"damage_healed":0,"gold_gain":0,"player_choice":"Trade","damage_taken":0,"relics_obtained":["SsserpentHead"],"max_hp_gain":0,"max_hp_loss":0,"event_name":"FaceTrader","floor":10,"gold_loss":0}],"is_beta":false,"boss_relics":[{"not_picked":["Empty Cage","Runic Dome"],"picked":"SlaversCollar"}],"items_purged_floors":[],"is_endless":false,"potions_floor_spawned":[5,6,7,11],"killed_by":"3 Byrds","ascension_level":20}}