{"host":"ydg0vn0pu4pubmdt","time":1612779253,"event":{"mods":["AchievementEnabler","BaseMod","Colored Map","Gold Saver","Minty Spire (QoL Compilation)","Quick Restart","SuperFastMode"],"gold_per_floor":[904,618,631,631,631,631,663,681,681,681,715,117,117,42,42,118,118,132,7,27,43,61,61,91,105,105,115,115,115,141,151,151,225,225,236,86,96,96,106,132,159,159,233,260,295,310,310,345,345,345,345,345,345,84,113,113],"floor_reached":57,"language":"KOR","playtime":2051,"items_purged":["Strike_P","Strike_P","Strike_P","Strike_P","Defend_P"],"score":3796,"play_id":"6b7215b0-f251-4295-a750-b27648b65302","local_time":"20210208191413","is_ascension_mode":true,"campfire_choices":[{"data":"Eruption","floor":6.0,"key":"SMITH"},{"data":"Fasting2","floor":10.0,"key":"SMITH"},{"floor":13.0,"key":"DIG"},{"data":"MentalFortress","floor":15.0,"key":"SMITH"},{"data":"Vault","floor":23,"key":"SMITH"},{"floor":29,"key":"DIG"},{"floor":32,"key":"DIG"},{"floor":42,"key":"DIG"},{"floor":49,"key":"RECALL"},{"floor":53,"key":"DIG"}],"circlet_count":0,"master_deck":["AscendersBane","Defend_P","Eruption+1","Vigilance","FearNoEvil+1","Fasting2+1","MentalFortress+1","WheelKick+1","EmptyFist+1","Adaptation+1","Vault","Master of Strategy","Adaptation","Vault"],"relics":["PureWater","Ice Cream","ClockworkSouvenir","InkBottle","PreservedInsect","Bag of Preparation","Shovel","Anchor","Orichalcum","VioletLotus","Pantograph","Toy Ornithopter","WingedGreaves","Pear","Meat on the Bone","SlaversCollar","Whetstone","Vajra","StrikeDummy","Pen Nib","Mummified Hand","Regal Pillow","Letter Opener","Happy Flower"],"acts_visited":["Exordium","TheCity","TheBeyond","TheEnding"],"potions_floor_usage":[22,30,56,56],"damage_taken":[{"damage":1.0,"enemies":"Cultist","floor":1.0,"turns":4.0},{"damage":0.0,"enemies":"2 Louse","floor":3.0,"turns":2.0},{"damage":2.0,"enemies":"3 Sentries","floor":7.0,"turns":5.0},{"damage":11.0,"enemies":"Small Slimes","floor":8.0,"turns":3.0},{"damage":0.0,"enemies":"Lagavulin","floor":11.0,"turns":4.0},{"damage":6.0,"enemies":"The Guardian","floor":16.0,"turns":7.0},{"damage":0.0,"enemies":"2 Thieves","floor":18.0,"turns":3.0},{"damage":0.0,"enemies":"3 Byrds","floor":20.0,"turns":6.0},{"damage":8.0,"enemies":"Centurion and Healer","floor":21.0,"turns":5.0},{"damage":0,"enemies":"Cultist and Chosen","floor":22,"turns":4},{"damage":0,"enemies":"Slavers","floor":24,"turns":5},{"damage":9,"enemies":"Shelled Parasite and Fungi","floor":25,"turns":4},{"damage":0,"enemies":"Centurion and Healer","floor":27,"turns":4},{"damage":0,"enemies":"Gremlin Leader","floor":30,"turns":3},{"damage":0,"enemies":"Snecko","floor":31,"turns":3},{"damage":4,"enemies":"Automaton","floor":33,"turns":8},{"damage":3,"enemies":"3 Shapes","floor":35,"turns":5},{"damage":0,"enemies":"Orb Walker","floor":37,"turns":4},{"damage":7,"enemies":"Writhing Mass","floor":39,"turns":4},{"damage":0,"enemies":"Reptomancer","floor":40,"turns":3},{"damage":0,"enemies":"Giant Head","floor":41,"turns":3},{"damage":0,"enemies":"Reptomancer","floor":44,"turns":3},{"damage":0,"enemies":"Nemesis","floor":45,"turns":3},{"damage":0,"enemies":"Transient","floor":46,"turns":8},{"damage":0,"enemies":"Reptomancer","floor":48,"turns":2},{"damage":0,"enemies":"Awakened One","floor":50,"turns":3},{"damage":0,"enemies":"Donu and Deca","floor":51,"turns":2},{"damage":0,"enemies":"Shield and Spear","floor":55,"turns":1},{"damage":0,"enemies":"The Heart","floor":56,"turns":7}],"seed_played":"-8374510877942251820","potions_obtained":[{"floor":1.0,"key":"BlessingOfTheForge"},{"floor":3.0,"key":"AttackPotion"},{"floor":11.0,"key":"SkillPotion"},{"floor":22,"key":"EssenceOfSteel"},{"floor":24,"key":"Regen Potion"},{"floor":25,"key":"PowerPotion"},{"floor":31,"key":"Energy Potion"},{"floor":55,"key":"PowerPotion"}],"is_trial":false,"path_per_floor":["M","$","M","?","?","R","E","M","T","R","E","$","R","?","R","B",null,"M","$","M","M","M","R","E","M","T","M","?","R","E","M","R","B",null,"M","$","M","?","M","E","E","R","T","E","E","M","?","E","R","B","B",null,"R","$","E","B",null],"character_chosen":"WATCHER","items_purchased":["ClockworkSouvenir","Strength Potion","Shovel","Anchor","Adaptation"],"campfire_rested":0,"item_purchase_floors":[2,2,12,12,54],"current_hp_per_floor":[60,60,60,53,58,58,56,45,45,45,45,45,45,45,45,39,60,60,60,60,52,52,52,52,43,43,43,43,43,67,67,67,73,76,73,73,73,63,56,56,56,56,56,56,56,56,56,56,56,77,77,77,77,77,77,77],"gold":113,"neow_bonus":"ONE_RARE_RELIC","is_daily":false,"chose_seed":false,"campfire_upgraded":4,"win_rate":0.0,"timestamp":1612779253,"path_taken":["M","$","M","?","?","R","E","M","T","R","E","$","R","?","R","BOSS","M","$","M","M","M","R","E","M","T","M","?","R","E","M","R","BOSS","M","$","M","?","M","E","E","R","T","E","E","M","?","E","R","BOSS","BOSS","R","$","E","BOSS"],"items_purchased_type":["Relic","Potion","Relic","Relic","Card"],"build_version":"2020-12-22","purchased_purges":5,"victory":true,"max_hp_per_floor":[62,62,62,62,67,67,67,67,67,67,67,67,67,67,67,67,67,67,67,67,67,67,67,67,67,67,67,67,67,77,77,77,77,77,77,77,77,77,77,77,77,77,77,77,77,77,77,77,77,77,77,77,77,77,77,77],"card_choices":[{"not_picked":["WaveOfTheHand","CutThroughFate"],"picked":"FearNoEvil","floor":1.0},{"not_picked":["Prostrate","Swivel"],"picked":"Fasting2","floor":3.0},{"not_picked":["MasterReality","EmptyFist"],"picked":"MentalFortress","floor":7.0},{"not_picked":["FollowUp","EmptyFist"],"picked":"WheelKick","floor":8.0},{"not_picked":["SashWhip","Crescendo","FollowUp"],"picked":"SKIP","floor":11.0},{"not_picked":["Judgement","Omniscience"],"picked":"Vault","floor":16.0},{"not_picked":["Pray","Halt","FlyingSleeves"],"picked":"SKIP","floor":18.0},{"not_picked":["TalkToTheHand","Meditate","Sanctity"],"picked":"SKIP","floor":20.0},{"not_picked":["Prostrate+1","Protect","FlyingSleeves"],"picked":"SKIP","floor":21.0},{"not_picked":["WindmillStrike","PathToVictory"],"picked":"EmptyFist+1","floor":22},{"not_picked":["Evaluate","ForeignInfluence","Vengeance"],"picked":"SKIP","floor":24},{"not_picked":["Protect","FlyingSleeves","BowlingBash"],"picked":"SKIP","floor":25},{"not_picked":["ThirdEye","WheelKick"],"picked":"Adaptation+1","floor":27},{"not_picked":["FearNoEvil","DeceiveReality","Prostrate"],"picked":"SKIP","floor":30},{"not_picked":["Worship+1","WaveOfTheHand","ClearTheMind"],"picked":"SKIP","floor":31},{"not_picked":["Wish","Omniscience"],"picked":"Vault","floor":33},{"not_picked":["SashWhip+1","ThirdEye","SandsOfTime"],"picked":"SKIP","floor":35},{"not_picked":["Prostrate","Worship","Pray+1"],"picked":"SKIP","floor":37},{"not_picked":["Flash of Steel","Dark Shackles"],"picked":"Master of Strategy","floor":38},{"not_picked":["Evaluate","PathToVictory+1","CrushJoints"],"picked":"SKIP","floor":39},{"not_picked":["WaveOfTheHand","JustLucky","CarveReality"],"picked":"SKIP","floor":40},{"not_picked":["FlyingSleeves","Meditate","CutThroughFate+1"],"picked":"SKIP","floor":41},{"not_picked":["BattleHymn","SashWhip+1","CarveReality"],"picked":"SKIP","floor":44},{"not_picked":["Crescendo+1","Worship","FlurryOfBlows+1"],"picked":"SKIP","floor":45},{"not_picked":["Prostrate","Protect+1","JustLucky+1"],"picked":"SKIP","floor":46},{"not_picked":["Crescendo+1","Study+1","EmptyBody+1"],"picked":"SKIP","floor":48},{"not_picked":["DeceiveReality","Scrawl"],"picked":"Vault","floor":55}],"player_experience":665971,"relics_obtained":[{"floor":7.0,"key":"InkBottle"},{"floor":9.0,"key":"PreservedInsect"},{"floor":11.0,"key":"Bag of Preparation"},{"floor":13.0,"key":"Orichalcum"},{"floor":24,"key":"Pantograph"},{"floor":26,"key":"Toy Ornithopter"},{"floor":29,"key":"WingedGreaves"},{"floor":30,"key":"Pear"},{"floor":32,"key":"Meat on the Bone"},{"floor":40,"key":"Whetstone"},{"floor":41,"key":"Vajra"},{"floor":42,"key":"StrikeDummy"},{"floor":44,"key":"Pen Nib"},{"floor":45,"key":"Mummified Hand"},{"floor":48,"key":"Regal Pillow"},{"floor":53,"key":"Letter Opener"},{"floor":55,"key":"Happy Flower"}],"event_choices":[{"cards_removed":["Defend_P"],"damage_healed":0.0,"max_hp_gain":0.0,"max_hp_loss":0.0,"gold_gain":0.0,"event_name":"Golden Wing","player_choice":"Card Removal","floor":4.0,"gold_loss":0.0,"damage_taken":7.0},{"damage_healed":0.0,"max_hp_gain":5.0,"max_hp_loss":0.0,"gold_gain":0.0,"event_name":"Big Fish","player_choice":"Donut","floor":5.0,"gold_loss":0.0,"damage_taken":0.0},{"cards_removed":["Defend_P"],"damage_healed":0.0,"max_hp_gain":0.0,"max_hp_loss":0.0,"gold_gain":0.0,"event_name":"The Cleric","player_choice":"Card Removal","floor":14.0,"gold_loss":75.0,"damage_taken":0.0},{"damage_healed":0,"gold_gain":0,"player_choice":"Ignored","damage_taken":0,"max_hp_gain":0,"max_hp_loss":0,"event_name":"The Mausoleum","floor":28,"gold_loss":0},{"damage_healed":0,"gold_gain":0,"player_choice":"Memory 3","damage_taken":10,"max_hp_gain":0,"max_hp_loss":0,"event_name":"SensoryStone","floor":38,"gold_loss":0},{"cards_removed":["Vault"],"damage_healed":0,"gold_gain":0,"player_choice":"Removed Skill","damage_taken":0,"max_hp_gain":0,"max_hp_loss":0,"event_name":"Falling","floor":47,"gold_loss":0}],"is_beta":false,"boss_relics":[{"not_picked":["HolyWater","Runic Dome"],"picked":"VioletLotus"},{"not_picked":["Cursed Key","Pandora\u0027s Box"],"picked":"SlaversCollar"}],"items_purged_floors":[2,12,19,36,54],"is_endless":false,"potions_floor_spawned":[1,3,11,22,24,25,31,33,35,41,46,55],"ascension_level":20}}