{"host":"gkm149kh1ihaqy0o","time":1612824454,"event":{"mods":["AchievementEnabler","BaseMod","Colored Powertips","Googly Eyes","Key Reminder","Minty Spire (QoL Compilation)","Permanent Neow","Quick Restart","Random Character Button","Rare Cards Sparkle","Relic Sorter","Relic Stats","SuperFastMode","Unceasing Turn Reminder","everything is the same but u backflip on backflip"],"gold_per_floor":[114,129,129,129,178,178,216,285,285,285,304,342,42,86,86,271,271,320,339,358,358,33,33,131,131,181,181,96,221,300,349,349,534,534,663,663,792,896,62,100,100,100,100,100,204,537,537,627,627,627],"floor_reached":51,"language":"ENG","playtime":3540,"items_purged":["Grand Finale","Injury"],"score":1057,"play_id":"d66f2ae7-a18e-4250-ae8d-b9ad2722c2fc","local_time":"20210208164734","daily_mods":["Shiny","Green Cards","Terminal"],"is_ascension_mode":false,"campfire_choices":[{"floor":6,"key":"REST"},{"data":"Wish","floor":15,"key":"SMITH"},{"floor":23,"key":"REST"},{"data":"Omniscience","floor":25,"key":"SMITH"},{"data":"Bullet Time","floor":27,"key":"SMITH"},{"data":"Omniscience","floor":32,"key":"SMITH"},{"data":"Apotheosis","floor":41,"key":"SMITH"},{"data":"After Image","floor":44,"key":"SMITH"},{"data":"Alpha","floor":49,"key":"SMITH"}],"circlet_count":0,"master_deck":["Venomology+1","Corpse Explosion","Malaise","Phantasmal Killer+1","Die Die Die+1","Adrenaline","Envenom","Doppelganger+1","Burst+1","Wraith Form v2","Night Terror","Unload","After Image+1","Bullet Time+1","Storm of Steel+1","Glass Knife","A Thousand Cuts","Judgement","ConjureBlade","MasterReality+1","Brilliance","Devotion","Blasphemy","Ragnarok","LessonLearned","Scrawl","Vault","Alpha+1","Wish+1","Omniscience+1","Establishment","SpiritShield+1","DevaForm","DeusExMachina","Endless Agony","CutThroughFate","FearNoEvil","LessonLearned","Crippling Poison+1","FollowUp+1","Omniscience+1","Wish","WaveOfTheHand","Study+1","Omniscience+1","Apotheosis+1","Burst"],"relics":["PureWater","Darkstone Periapt","Ancient Tea Set","Pen Nib","Calipers","PreservedInsect","Bag of Preparation","Cursed Key","Nilry\u0027s Codex","Shuriken","Oddly Smooth Stone","Bag of Marbles","MealTicket","Thread and Needle","Pantograph","Snecko Eye","DollysMirror","Ornamental Fan","Potion Belt","Molten Egg 2","Vajra","Spirit Poop","War Paint"],"acts_visited":["Exordium","TheCity","TheBeyond"],"potions_floor_usage":[5,7,11,11,12,19,19,20,24,29,31,31,48,50],"damage_taken":[{"damage":0,"enemies":"Small Slimes","floor":1,"turns":1},{"damage":2,"enemies":"2 Louse","floor":2,"turns":6},{"damage":6,"enemies":"Jaw Worm","floor":5,"turns":3},{"damage":0,"enemies":"3 Sentries","floor":7,"turns":1},{"damage":9,"enemies":"Gremlin Gang","floor":11,"turns":5},{"damage":13,"enemies":"Gremlin Nob","floor":12,"turns":4},{"damage":0,"enemies":"Large Slime","floor":14,"turns":3},{"damage":16,"enemies":"Hexaghost","floor":16,"turns":8},{"damage":0,"enemies":"Chosen","floor":18,"turns":4},{"damage":0,"enemies":"3 Byrds","floor":19,"turns":3},{"damage":3,"enemies":"Centurion and Healer","floor":20,"turns":4},{"damage":0,"enemies":"Slavers","floor":24,"turns":3},{"damage":5,"enemies":"Colosseum Slavers","floor":29,"turns":5},{"damage":4,"enemies":"Colosseum Nobs","floor":29,"turns":4},{"damage":0,"enemies":"Snake Plant","floor":30,"turns":9},{"damage":13,"enemies":"Snecko","floor":31,"turns":5},{"damage":0,"enemies":"Champ","floor":33,"turns":8},{"damage":0,"enemies":"3 Darklings","floor":35,"turns":2},{"damage":0,"enemies":"3 Shapes","floor":37,"turns":2},{"damage":18,"enemies":"Spire Growth","floor":38,"turns":3},{"damage":0,"enemies":"Nemesis","floor":40,"turns":5},{"damage":0,"enemies":"4 Shapes","floor":45,"turns":5},{"damage":0,"enemies":"Giant Head","floor":48,"turns":6},{"damage":0,"enemies":"Time Eater","floor":50,"turns":8}],"seed_played":"-2425098010432476902","potions_obtained":[{"floor":1,"key":"ColorlessPotion"},{"floor":11,"key":"LiquidMemories"},{"floor":14,"key":"Ancient Potion"},{"floor":19,"key":"Explosive Potion"},{"floor":20,"key":"DistilledChaos"},{"floor":30,"key":"EssenceOfSteel"},{"floor":33,"key":"FearPotion"},{"floor":38,"key":"PowerPotion"},{"floor":40,"key":"Ambrosia"}],"is_trial":false,"path_per_floor":["M","M","?","?","M","R","E","?","T","?","M","E","$","M","R","B",null,"M","M","M","?","$","R","E","R","T","R","?","?","M","M","R","B",null,"M","?","M","M","$","E","R","?","T","R","M","?","?","E","R","B",null],"character_chosen":"WATCHER","items_purchased":["PreservedInsect","Bag of Preparation","Shuriken","DollysMirror","Apotheosis","Ornamental Fan","Potion Belt"],"campfire_rested":2,"item_purchase_floors":[13,13,22,39,39,39,39],"current_hp_per_floor":[70,68,61,44,38,57,57,57,57,62,53,40,40,40,40,24,59,58,57,54,38,38,53,52,51,56,55,54,45,45,37,37,49,48,47,46,45,27,42,42,41,40,45,44,43,42,41,40,39,38],"gold":627,"neow_bonus":"","is_daily":true,"chose_seed":false,"campfire_upgraded":7,"win_rate":0.0,"timestamp":1612824454,"path_taken":["M","M","?","?","M","R","E","?","T","?","?","E","$","M","R","BOSS","M","M","?","?","$","R","E","R","T","R","?","?","?","M","R","BOSS","M","?","?","M","$","E","R","?","T","R","M","?","?","E","R","BOSS"],"items_purchased_type":["Relic","Relic","Relic","Relic","Card","Relic","Relic"],"build_version":"2020-12-22","purchased_purges":2,"victory":true,"max_hp_per_floor":[70,69,68,67,66,65,64,63,62,66,65,64,63,62,61,60,59,58,57,56,55,54,53,52,51,56,55,54,53,52,51,50,49,48,47,46,45,44,43,42,41,40,45,44,43,42,41,40,39,38],"relic_stats":{"Darkstone Periapt":12,"counters":[24,107],"Pen Nib":[12],"PreservedInsect":248,"Bag of Preparation":[38],"War Paint":["Storm of Steel","Venomology"],"Cursed Key":2,"Shuriken":[13],"Ornamental Fan":[8],"Pantograph":13,"Snecko Eye":[73,59,54,44],"MealTicket":15,"obtain_stats":[{"Darkstone Periapt":3,"Potion Belt":39,"Calipers":12,"Golden Idol":4,"Nilry\u0027s Codex":21,"Oddly Smooth Stone":24,"Vajra":43,"Spirit Poop":47,"Thread and Needle":29,"Pen Nib":9,"PreservedInsect":13,"Bag of Preparation":13,"War Paint":48,"Ancient Tea Set":7,"Cursed Key":17,"Shuriken":22,"DollysMirror":39,"Ornamental Fan":39,"Pantograph":29,"Snecko Eye":34,"MealTicket":28,"Molten Egg 2":40,"Bag of Marbles":26,"PureWater":0},{"Darkstone Periapt":2,"Potion Belt":20,"Calipers":6,"Golden Idol":2,"Nilry\u0027s Codex":11,"Oddly Smooth Stone":12,"Vajra":21,"Spirit Poop":22,"Thread and Needle":14,"Pen Nib":4,"PreservedInsect":6,"Bag of Preparation":6,"War Paint":23,"Ancient Tea Set":4,"Cursed Key":8,"Shuriken":11,"DollysMirror":20,"Ornamental Fan":20,"Pantograph":14,"Snecko Eye":17,"MealTicket":12,"Molten Egg 2":21,"Bag of Marbles":12,"PureWater":0},{"Darkstone Periapt":7,"Potion Belt":83,"Calipers":20,"Golden Idol":7,"Nilry\u0027s Codex":42,"Oddly Smooth Stone":45,"Vajra":88,"Spirit Poop":93,"Thread and Needle":54,"Pen Nib":11,"PreservedInsect":20,"Bag of Preparation":20,"War Paint":99,"Ancient Tea Set":11,"Cursed Key":31,"Shuriken":42,"DollysMirror":83,"Ornamental Fan":83,"Pantograph":54,"Snecko Eye":76,"MealTicket":45,"Molten Egg 2":88,"Bag of Marbles":45,"PureWater":0}]},"card_choices":[{"not_picked":["Caltrops","FlyingSleeves"],"picked":"Endless Agony","floor":1},{"not_picked":["Cloak And Dagger","LikeWater","PathToVictory"],"picked":"SKIP","floor":2},{"not_picked":["FlurryOfBlows","Prepared","Reflex"],"picked":"SKIP","floor":5},{"not_picked":["Heel Hook","ForeignInfluence"],"picked":"CutThroughFate","floor":7},{"not_picked":["CutThroughFate","Setup"],"picked":"FearNoEvil","floor":11},{"not_picked":["ThirdEye","Halt","LikeWater"],"picked":"SKIP","floor":12},{"not_picked":["Setup","EmptyFist","Underhanded Strike"],"picked":"SKIP","floor":14},{"not_picked":["Grand Finale","Judgement"],"picked":"LessonLearned","floor":16},{"not_picked":["Outmaneuver","Collect"],"picked":"Crippling Poison","floor":18},{"not_picked":["Protect","Prepared"],"picked":"FollowUp+1","floor":19},{"not_picked":["FlurryOfBlows+1","Dagger Spray","Slice"],"picked":"SKIP","floor":20},{"not_picked":["Cloak And Dagger","Flechettes"],"picked":"Omniscience","floor":24},{"not_picked":["Evaluate","FlurryOfBlows","CutThroughFate"],"picked":"SKIP","floor":30},{"not_picked":["Setup","Protect","FearNoEvil"],"picked":"SKIP","floor":31},{"not_picked":["Establishment","MasterReality"],"picked":"Wish","floor":33},{"not_picked":["Halt+1","Backflip+1","FlurryOfBlows"],"picked":"SKIP","floor":35},{"not_picked":["Flying Knee+1","ClearTheMind","Dagger Throw+1"],"picked":"SKIP","floor":37},{"not_picked":["ReachHeaven+1","MentalFortress+1"],"picked":"Study+1","floor":38},{"not_picked":["LikeWater","Protect+1"],"picked":"Burst","floor":40},{"not_picked":["ReachHeaven+1","Prepared+1","FollowUp+1"],"picked":"SKIP","floor":45},{"not_picked":["Crippling Poison","Prepared","Sucker Punch+1"],"picked":"SKIP","floor":48}],"player_experience":646911,"relics_obtained":[{"floor":7,"key":"Ancient Tea Set"},{"floor":9,"key":"Pen Nib"},{"floor":12,"key":"Calipers"},{"floor":21,"key":"Nilry\u0027s Codex"},{"floor":24,"key":"Oddly Smooth Stone"},{"floor":26,"key":"Bag of Marbles"},{"floor":29,"key":"Thread and Needle"},{"floor":29,"key":"Pantograph"},{"floor":40,"key":"Molten Egg 2"},{"floor":43,"key":"Vajra"},{"floor":48,"key":"War Paint"}],"event_choices":[{"damage_healed":0,"gold_gain":0,"player_choice":"Success","damage_taken":7,"relics_obtained":["Darkstone Periapt"],"max_hp_gain":0,"max_hp_loss":0,"event_name":"Scrap Ooze","floor":3,"gold_loss":0},{"damage_healed":0,"gold_gain":0,"player_choice":"Take Damage","damage_taken":17,"relics_obtained":["Golden Idol"],"max_hp_gain":0,"max_hp_loss":0,"event_name":"Golden Idol","floor":4,"gold_loss":0},{"damage_healed":0,"gold_gain":69,"player_choice":"Gained Gold","damage_taken":0,"max_hp_gain":0,"max_hp_loss":0,"event_name":"Golden Wing","floor":8,"gold_loss":0},{"damage_healed":0,"gold_gain":0,"player_choice":"Donut","damage_taken":0,"max_hp_gain":5,"max_hp_loss":0,"event_name":"Big Fish","floor":10,"gold_loss":0},{"damage_healed":0,"gold_gain":0,"player_choice":"Obtained Book","damage_taken":16,"max_hp_gain":0,"max_hp_loss":0,"event_name":"Cursed Tome","floor":21,"gold_loss":0},{"damage_healed":0,"gold_gain":0,"player_choice":"Obtained Relic","damage_taken":0,"relics_obtained":["MealTicket"],"max_hp_gain":0,"max_hp_loss":0,"event_name":"Addict","floor":28,"gold_loss":85},{"damage_healed":0,"gold_gain":0,"player_choice":"Fight","damage_taken":0,"max_hp_gain":0,"max_hp_loss":0,"event_name":"Colosseum","floor":29,"gold_loss":0},{"damage_healed":0,"gold_gain":0,"player_choice":"Fought Nobs","damage_taken":0,"max_hp_gain":0,"max_hp_loss":0,"event_name":"Colosseum","floor":29,"gold_loss":0},{"damage_healed":0,"gold_gain":0,"cards_transformed":["Tools of the Trade"],"player_choice":"Transformed","damage_taken":0,"max_hp_gain":0,"max_hp_loss":0,"event_name":"Transmorgrifier","floor":36,"gold_loss":0,"cards_obtained":["WaveOfTheHand"]},{"damage_healed":0,"gold_gain":0,"player_choice":"Memory 1","damage_taken":0,"max_hp_gain":0,"max_hp_loss":0,"event_name":"SensoryStone","floor":42,"gold_loss":0},{"damage_healed":0,"gold_gain":333,"player_choice":"Gave Idol","damage_taken":0,"max_hp_gain":0,"max_hp_loss":0,"event_name":"The Moai Head","floor":46,"relics_lost":["Golden Idol"],"gold_loss":0},{"cards_removed":["Normality"],"damage_healed":0,"gold_gain":0,"player_choice":"Offered Curse","damage_taken":0,"relics_obtained":["Spirit Poop"],"max_hp_gain":0,"max_hp_loss":0,"event_name":"Bonfire Elementals","floor":47,"gold_loss":0}],"is_beta":false,"boss_relics":[{"not_picked":["Ectoplasm","Black Star"],"picked":"Cursed Key"},{"not_picked":["Tiny House","Fusion Hammer"],"picked":"Snecko Eye"}],"items_purged_floors":[22,39],"is_endless":false,"potions_floor_spawned":[1,11,14,19,20,30,33,38,40,45],"ascension_level":0}}