{"host":"i19jjmeqmvseha12","time":1612764407,"event":{"mods":["Act Like it!","BaseMod","Colored Powertips","Dota2Spire","Gensokyo","Minty Spire (QoL Compilation)","Replay The Spire","StSLib","The Cursed"],"gold_per_floor":[111,124,124,124,124,124,156,175,199,199,216,248,262,280,280,380,430,442,382,297,36,36,65,65,75,75,75,75,85,95,110,110,208,208,218,139,139,139],"floor_reached":37,"language":"ENG","playtime":1562,"items_purged":[],"score":449,"play_id":"d57545b2-12a3-470c-8480-d9a79734ccb5","local_time":"20210207220647","is_ascension_mode":false,"campfire_choices":[{"floor":6,"key":"REST"},{"floor":10,"key":"REST"},{"data":"Barricade","floor":24,"key":"SMITH"},{"floor":28,"key":"REST"},{"data":"Limit Break","floor":32,"key":"SMITH"}],"circlet_count":0,"master_deck":["Strike_R","Strike_R","Strike_R","Strike_R","Strike_R","Defend_R","Defend_R","Defend_R","Defend_R","Bash","Spreading Infection","Armaments+1","Shrug It Off","Gensokyo:CrescentMoonSlash","Barricade+1","Dual Wield","Body Slam+1","Metallicize","Anger","Limit Break+1","Pummel","Good Instincts+1","Massacre","Demon Form","Headbutt+1","Entrench+1"],"relics":["Burning Blood","Ring of Misfortune","Bottled Flame","PreservedInsect","ReplayTheSpireMod:TigerMarble","Tiny House","Red Skull","Toxic Egg 2","Dota2Spire:EchoSabre","Blue Candle","Lantern"],"acts_visited":["Exordium","TheCity","TheBeyond"],"potions_floor_usage":[12,16,16,23,25,29,30,31],"damage_taken":[{"damage":5,"enemies":"Gensokyo:3_Fairies","floor":1,"turns":3},{"damage":4,"enemies":"Gensokyo:Gryphon","floor":2,"turns":4},{"damage":43,"enemies":"Gensokyo:Mamizou","floor":7,"turns":14},{"damage":3,"enemies":"Gensokyo:2_Kodama","floor":8,"turns":3},{"damage":4,"enemies":"Gensokyo:5_Fairies","floor":11,"turns":6},{"damage":5,"enemies":"Gensokyo:Cirno","floor":12,"turns":5},{"damage":14,"enemies":"Gensokyo:LivingMonolith","floor":13,"turns":4},{"damage":0,"enemies":"Gensokyo:3_Kodama","floor":14,"turns":1},{"damage":0,"enemies":"Gensokyo:Reimu","floor":16,"turns":16},{"damage":5,"enemies":"3 Byrds","floor":18,"turns":7},{"damage":12,"enemies":"Slavers","floor":23,"turns":2},{"damage":28,"enemies":"Spheric Guardian","floor":25,"turns":8},{"damage":25,"enemies":"Snecko","floor":29,"turns":7},{"damage":15,"enemies":"Shelled Parasite and Fungi","floor":30,"turns":4},{"damage":25,"enemies":"Centurion and Healer","floor":31,"turns":11},{"damage":31,"enemies":"Champ","floor":33,"turns":13},{"damage":31,"enemies":"3 Shapes","floor":35,"turns":5},{"damage":69,"enemies":"2 Orb Walkers","floor":37,"turns":3}],"seed_played":"4481336775618266935","potions_obtained":[{"floor":7,"key":"GamblersBrew"},{"floor":8,"key":"SteroidPotion"},{"floor":11,"key":"GamblersBrew"},{"floor":13,"key":"SkillPotion"},{"floor":17,"key":"AttackPotion"},{"floor":18,"key":"LifebloodPotion"},{"floor":25,"key":"AttackPotion"},{"floor":29,"key":"Weak Potion"}],"is_trial":false,"path_per_floor":["M","M","?","?","?","R","E","M","T","R","M","E","M","M","R","B",null,"M","?","?","$","T","E","R","M","T","?","R","M","M","M","R","B",null,"M","$","?"],"character_chosen":"IRONCLAD","items_purchased":["Toxic Egg 2","Entrench+1"],"campfire_rested":3,"item_purchase_floors":[21,36],"current_hp_per_floor":[80,80,80,68,60,80,43,46,46,70,72,73,65,71,80,80,85,85,85,85,85,85,79,79,57,57,57,82,63,54,51,51,26,85,60,60,0,0],"gold":139,"neow_bonus":"RANDOM_EVENT","is_daily":false,"chose_seed":false,"campfire_upgraded":2,"win_rate":0.0,"timestamp":1612764407,"path_taken":["M","M","?","?","?","R","E","M","T","R","M","E","M","M","R","BOSS","M","?","?","$","?","E","R","M","T","?","R","M","M","M","R","BOSS","M","?","?"],"items_purchased_type":["Relic","Card"],"build_version":"2020-12-22","purchased_purges":0,"victory":false,"max_hp_per_floor":[80,80,80,80,80,80,80,80,80,80,80,80,80,80,80,80,85,85,85,85,85,85,85,85,85,85,85,85,85,85,85,85,85,85,85,85,85,85],"card_choices":[{"not_picked":["Disarm","Seeing Red"],"picked":"Armaments","floor":1},{"not_picked":["Heavy Blade","Warcry"],"picked":"Shrug It Off","floor":2},{"not_picked":["Reckless Charge","Perfected Strike"],"picked":"Barricade","floor":7},{"not_picked":["Inflame","Power Through"],"picked":"Dual Wield","floor":8},{"not_picked":["Flex","ReplayTheSpireMod:Stacked"],"picked":"Body Slam","floor":11},{"not_picked":["Headbutt","Heavy Blade","Wild Strike"],"picked":"SKIP","floor":12},{"not_picked":["Shrug It Off","Uppercut"],"picked":"Metallicize","floor":13},{"not_picked":["Run Through","Armaments"],"picked":"Anger","floor":14},{"not_picked":["Replay:Many Hands","Brutality"],"picked":"Limit Break","floor":16},{"not_picked":["Body Slam","Wild Strike"],"picked":"Pummel","floor":18},{"not_picked":["Dropkick+1","Clothesline","Power Through+1"],"picked":"SKIP","floor":23},{"not_picked":["Defy Death+1","Burning Pact+1","Havoc+1"],"picked":"SKIP","floor":25},{"not_picked":["Clash+1","Armaments+1"],"picked":"Massacre","floor":29},{"not_picked":["Exhume+1","Body Slam","Wild Strike+1"],"picked":"SKIP","floor":30},{"not_picked":["ReplayTheSpireMod:Stacked+1","Perfected Strike+1","Body Slam"],"picked":"SKIP","floor":31},{"not_picked":["Brutality","Feed"],"picked":"Demon Form","floor":33},{"not_picked":["Perfected Strike","Anger"],"picked":"Headbutt+1","floor":35}],"player_experience":189328,"relics_obtained":[{"floor":0,"key":"Ring of Misfortune"},{"floor":7,"key":"Bottled Flame"},{"floor":9,"key":"PreservedInsect"},{"floor":12,"key":"ReplayTheSpireMod:TigerMarble"},{"floor":22,"key":"Dota2Spire:EchoSabre"},{"floor":23,"key":"Blue Candle"},{"floor":26,"key":"Lantern"}],"event_choices":[{"damage_healed":0,"gold_gain":0,"player_choice":"Obtained Relic","damage_taken":0,"relics_obtained":["Red Skull"],"max_hp_gain":0,"max_hp_loss":0,"event_name":"Addict","floor":20,"gold_loss":85},{"damage_healed":0,"gold_gain":0,"player_choice":"1 cards matched","damage_taken":0,"max_hp_gain":0,"max_hp_loss":0,"event_name":"Match and Keep!","floor":27,"gold_loss":0,"cards_obtained":["Good Instincts"]},{"damage_healed":0,"gold_gain":0,"player_choice":"Fight","damage_taken":0,"max_hp_gain":0,"max_hp_loss":0,"event_name":"Mysterious Sphere","floor":37,"gold_loss":0}],"is_beta":false,"boss_relics":[{"not_picked":["Replay:Drink Me","ChewingGum"],"picked":"Tiny House"},{"not_picked":["Replay:Grab Bag","ReplayTheSpireMod:DimensionalGlitch","Electric Blood"]}],"items_purged_floors":[],"is_endless":false,"potions_floor_spawned":[7,8,11,13,18,25,29],"killed_by":"2 Orb Walkers","ascension_level":0}}