{"host":"a1eatafr7pisesky","time":1612784461,"event":{"mods":["AchievementEnabler","BaseMod","Colored Map","Keyboard Shortcuts","Minty Spire (QoL Compilation)","Say the Spire","StSLib","SuperFastMode","everything is the same but u backflip on backflip"],"gold_per_floor":[109,109,129,204,25,57,70,85,85,10,22,36,36,36],"floor_reached":13,"language":"KOR","playtime":268,"items_purged":["Strike_B"],"score":152,"play_id":"50549b69-bfd5-4e1d-997d-576169bce1a1","local_time":"20210208204101","is_ascension_mode":true,"campfire_choices":[],"circlet_count":0,"master_deck":["AscendersBane","Strike_B","Defend_B","Defend_B","Defend_B","Defend_B","Zap","Dualcast","Skim","Go for the Eyes","Cold Snap","Glacier","Self Repair","Chill"],"relics":["Fusion Hammer","Nunchaku","Bottled Lightning"],"acts_visited":["Exordium"],"potions_floor_usage":[6,12],"damage_taken":[{"damage":8,"enemies":"Small Slimes","floor":1,"turns":4},{"damage":2,"enemies":"Jaw Worm","floor":3,"turns":3},{"damage":20,"enemies":"Lagavulin","floor":6,"turns":7},{"damage":2,"enemies":"Cultist","floor":7,"turns":4},{"damage":2,"enemies":"Exordium Thugs","floor":8,"turns":5},{"damage":0,"enemies":"Blue Slaver","floor":11,"turns":5},{"damage":11,"enemies":"3 Louse","floor":12,"turns":4},{"damage":10,"enemies":"3 Sentries","floor":13,"turns":2}],"seed_played":"-4857054435124660919","potions_obtained":[{"floor":1,"key":"BlessingOfTheForge"},{"floor":8,"key":"Fire Potion"}],"is_trial":false,"path_per_floor":["M","?","M","?","$","E","M","M","T","?","M","M","E"],"character_chosen":"DEFECT","items_purchased":["EssenceOfDarkness"],"campfire_rested":0,"item_purchase_floors":[5],"current_hp_per_floor":[56,49,47,36,36,16,14,12,12,12,12,8,0,0],"gold":36,"neow_bonus":"BOSS_RELIC","is_daily":false,"chose_seed":false,"campfire_upgraded":0,"win_rate":0.0,"timestamp":1612784461,"path_taken":["M","?","M","?","$","E","M","M","T","?","M","M","E"],"items_purchased_type":["Potion"],"build_version":"2020-12-22","purchased_purges":1,"victory":false,"max_hp_per_floor":[71,71,71,71,71,71,71,71,71,71,71,71,71,71],"card_choices":[{"not_picked":["Hello World","Fusion"],"picked":"Skim","floor":1},{"not_picked":["Sweeping Beam","Turbo"],"picked":"Go for the Eyes","floor":3},{"not_picked":["Barrage","Darkness"],"picked":"Cold Snap","floor":6},{"not_picked":["Go for the Eyes","Streamline","Scrape"],"picked":"SKIP","floor":7},{"not_picked":["Barrage","Steam"],"picked":"Glacier","floor":8},{"not_picked":["Rebound","Leap"],"picked":"Self Repair","floor":11},{"not_picked":["Leap","Reprogram"],"picked":"Chill","floor":12}],"player_experience":422906,"relics_obtained":[{"floor":6,"key":"Nunchaku"},{"floor":9,"key":"Bottled Lightning"}],"event_choices":[{"cards_removed":["Strike_B"],"damage_healed":0,"gold_gain":0,"player_choice":"Card Removal","damage_taken":7,"max_hp_gain":0,"max_hp_loss":0,"event_name":"Golden Wing","floor":2,"gold_loss":0},{"damage_healed":0,"gold_gain":75,"player_choice":"Gather Gold","damage_taken":11,"max_hp_gain":0,"max_hp_loss":0,"event_name":"World of Goop","floor":4,"gold_loss":0},{"cards_removed":["Strike_B"],"damage_healed":0,"gold_gain":0,"player_choice":"Card Removal","damage_taken":0,"max_hp_gain":0,"max_hp_loss":0,"event_name":"The Cleric","floor":10,"gold_loss":75}],"is_beta":false,"boss_relics":[],"items_purged_floors":[5],"is_endless":false,"potions_floor_spawned":[1,8],"killed_by":"3 Sentries","ascension_level":15}}