{"host":"vyjryxuuuxkt43k4","time":1612776206,"event":{"mods":["AchievementEnabler","BaseMod","Colored Map","DeckTracker","Keyboard Shortcuts","Minty Spire (QoL Compilation)","Permanent Neow","Quick Restart","StSLib","SuperFastMode","everything is the same but u backflip on backflip"],"gold_per_floor":[365,365,388,82,107,146,146,184,184,184,184,197,26,67,67,156,156,169,82,101,101,122,122,141,141,141,162,186,46,46,96,96,194,194,212,137,80,99,45,45,88,88,88,124,149,149,182,216,216,216,216],"floor_reached":52,"language":"KOR","playtime":4541,"items_purged":["Strike_G","Strike_G"],"score":2085,"play_id":"d6901c07-45ab-431a-ac40-0dc7dec389fe","local_time":"20210208182326","is_ascension_mode":true,"campfire_choices":[{"data":"Apotheosis","floor":7.0,"key":"SMITH"},{"floor":11.0,"key":"REST"},{"data":"Footwork","floor":15.0,"key":"SMITH"},{"data":"Strike_G","floor":23.0,"key":"PURGE"},{"data":"Strike_G","floor":25.0,"key":"PURGE"},{"data":"Dagger Spray","floor":30.0,"key":"PURGE"},{"data":"Defend_G","floor":32.0,"key":"PURGE"},{"data":"Defend_G","floor":40.0,"key":"PURGE"},{"data":"Defend_G","floor":42.0,"key":"PURGE"},{"floor":46.0,"key":"REST"},{"data":"After Image","floor":49,"key":"SMITH"}],"circlet_count":0,"master_deck":["AscendersBane","Survivor","Neutralize","Flechettes","Dodge and Roll","Apotheosis+1","Footwork+1","Well Laid Plans","Backflip","Malaise","CurseOfTheBell","Tactician+1","PiercingWail+1","Catalyst+1","Outmaneuver+1","Deadly Poison+1","Reflex+1","After Image+1","Calculated Gamble+1","Corpse Explosion+1","Wraith Form v2","Prepared+1","Escape Plan+1","Noxious Fumes+1"],"relics":["Ring of the Snake","Golden Idol","CaptainsWheel","Bird Faced Urn","TungstenRod","Lee\u0027s Waffle","MealTicket","Calling Bell","Art of War","Toxic Egg 2","Peace Pipe","The Specimen","Pocketwatch","Philosopher\u0027s Stone","Akabeko","Sundial","CeramicFish"],"acts_visited":["Exordium","TheCity","TheBeyond"],"potions_floor_usage":[50],"damage_taken":[{"damage":4.0,"enemies":"Jaw Worm","floor":1.0,"turns":7.0},{"damage":0.0,"enemies":"2 Louse","floor":3.0,"turns":3.0},{"damage":0.0,"enemies":"Cultist","floor":5.0,"turns":4.0},{"damage":0.0,"enemies":"Lagavulin","floor":6.0,"turns":9.0},{"damage":27.0,"enemies":"3 Sentries","floor":8.0,"turns":10.0},{"damage":9.0,"enemies":"3 Louse","floor":12.0,"turns":4.0},{"damage":0.0,"enemies":"Lagavulin","floor":14.0,"turns":12.0},{"damage":53.0,"enemies":"Slime Boss","floor":16.0,"turns":23.0},{"damage":15.0,"enemies":"3 Byrds","floor":18.0,"turns":8.0},{"damage":0.0,"enemies":"Shell Parasite","floor":20.0,"turns":10.0},{"damage":0.0,"enemies":"Snake Plant","floor":22.0,"turns":8.0},{"damage":16.0,"enemies":"3 Cultists","floor":24.0,"turns":7.0},{"damage":28.0,"enemies":"Shelled Parasite and Fungi","floor":27.0,"turns":5.0},{"damage":0.0,"enemies":"Centurion and Healer","floor":28.0,"turns":8.0},{"damage":37.0,"enemies":"Collector","floor":33.0,"turns":12.0},{"damage":9.0,"enemies":"3 Shapes","floor":35.0,"turns":7.0},{"damage":1.0,"enemies":"3 Darklings","floor":38.0,"turns":5.0},{"damage":14.0,"enemies":"Giant Head","floor":41.0,"turns":8.0},{"damage":0.0,"enemies":"Reptomancer","floor":44.0,"turns":6.0},{"damage":36.0,"enemies":"Transient","floor":45.0,"turns":6.0},{"damage":0,"enemies":"Writhing Mass","floor":47,"turns":6},{"damage":7,"enemies":"3 Darklings","floor":48,"turns":3},{"damage":29,"enemies":"Donu and Deca","floor":50,"turns":8},{"damage":34,"enemies":"Awakened One","floor":51,"turns":10}],"seed_played":"8763107649085707047","potions_obtained":[{"floor":1.0,"key":"Explosive Potion"},{"floor":3.0,"key":"Ancient Potion"},{"floor":16.0,"key":"SteroidPotion"},{"floor":18.0,"key":"Block Potion"},{"floor":20.0,"key":"SneckoOil"},{"floor":22.0,"key":"LiquidMemories"},{"floor":27.0,"key":"SkillPotion"},{"floor":38.0,"key":"SpeedPotion"},{"floor":44.0,"key":"LiquidBronze"},{"floor":47,"key":"PowerPotion"}],"is_trial":false,"path_per_floor":["M","?","M","$","M","E","R","E","T","?","R","M","$","E","R","B",null,"M","$","M","?","M","R","M","R","T","M","M","$","R","?","R","B",null,"M","?","$","M","$","R","E","R","T","E","M","R","M","M","R","B","B",null],"character_chosen":"THE_SILENT","items_purchased":["Apotheosis","Footwork","Lee\u0027s Waffle","Tactician+1","Reflex+1","PowerPotion","Prepared+1"],"campfire_rested":2,"item_purchase_floors":[4,4,13,19,29,37,39],"current_hp_per_floor":[40,40,40,40,40,40,40,13,13,7,25,18,67,67,67,14,54,43,58,62,62,66,66,51,51,51,27,31,46,46,46,46,13,54,51,51,66,67,67,67,53,53,53,63,35,55,63,64,64,46,22],"gold":216,"neow_bonus":"TWO_FIFTY_GOLD","is_daily":false,"chose_seed":false,"campfire_upgraded":3,"win_rate":0.0,"timestamp":1612776206,"path_taken":["M","?","M","$","M","E","R","E","T","?","R","M","$","E","R","BOSS","M","$","M","?","?","R","M","R","T","M","M","$","R","?","R","BOSS","M","?","$","M","?","R","E","R","T","E","M","R","?","M","R","BOSS","BOSS"],"items_purchased_type":["Card","Card","Relic","Card","Card","Potion","Card"],"build_version":"2020-12-22","purchased_purges":2,"victory":true,"max_hp_per_floor":[66,60,60,60,60,60,60,60,60,60,60,60,67,67,67,67,67,67,67,67,67,67,67,67,67,67,67,67,67,67,67,67,67,67,67,67,67,67,67,67,67,67,67,67,67,67,67,67,67,67,67],"card_choices":[{"not_picked":["Setup","Caltrops"],"picked":"Flechettes","floor":1.0},{"not_picked":["Terror","Blade Dance"],"picked":"Dodge and Roll","floor":3.0},{"not_picked":["Flying Knee","Cloak And Dagger"],"picked":"Dagger Spray","floor":5.0},{"not_picked":["Deflect","Unload","Finisher"],"picked":"SKIP","floor":6.0},{"not_picked":["Heel Hook","Finisher"],"picked":"Well Laid Plans","floor":8.0},{"not_picked":["Finisher","Backstab"],"picked":"Backflip","floor":12.0},{"not_picked":["Deflect","Unload","Flying Knee"],"picked":"SKIP","floor":14.0},{"not_picked":["Phantasmal Killer","Unload"],"picked":"Malaise","floor":16.0},{"not_picked":["Underhanded Strike","Dodge and Roll+1","Bane"],"picked":"SKIP","floor":18.0},{"not_picked":["Deadly Poison+1","Backstab"],"picked":"PiercingWail+1","floor":20.0},{"not_picked":["Poisoned Stab+1","Caltrops"],"picked":"Catalyst+1","floor":22.0},{"not_picked":["Blade Dance+1","Dodge and Roll+1"],"picked":"Outmaneuver+1","floor":24.0},{"not_picked":["Poisoned Stab","Dodge and Roll+1"],"picked":"Deadly Poison+1","floor":27.0},{"not_picked":["Distraction+1","Backstab","Skewer"],"picked":"SKIP","floor":28.0},{"not_picked":["Night Terror+1","Bullet Time+1"],"picked":"After Image","floor":33.0},{"not_picked":["Masterful Stab","Bane"],"picked":"Calculated Gamble+1","floor":35.0},{"not_picked":["Dagger Spray","Sucker Punch+1","Flechettes+1"],"picked":"SKIP","floor":38.0},{"not_picked":["Flechettes","Sucker Punch+1","Blade Dance+1"],"picked":"SKIP","floor":41.0},{"not_picked":["Dash+1","Accuracy","Poisoned Stab"],"picked":"SKIP","floor":44.0},{"not_picked":["Catalyst+1","Deadly Poison+1","PiercingWail+1"],"picked":"SKIP","floor":45.0},{"not_picked":["Expertise+1","Backflip+1"],"picked":"Escape Plan+1","floor":47},{"not_picked":["Prepared+1","Catalyst+1"],"picked":"Noxious Fumes+1","floor":48}],"player_experience":834112,"relics_obtained":[{"floor":6.0,"key":"CaptainsWheel"},{"floor":8.0,"key":"Bird Faced Urn"},{"floor":9.0,"key":"TungstenRod"},{"floor":14.0,"key":"MealTicket"},{"floor":17.0,"key":"Art of War"},{"floor":17.0,"key":"Toxic Egg 2"},{"floor":17.0,"key":"Peace Pipe"},{"floor":26.0,"key":"Pocketwatch"},{"floor":41.0,"key":"Akabeko"},{"floor":43.0,"key":"Sundial"},{"floor":44.0,"key":"CeramicFish"}],"event_choices":[{"damage_healed":0.0,"max_hp_gain":0.0,"max_hp_loss":6.0,"gold_gain":0.0,"event_name":"Golden Idol","player_choice":"Lose Max HP","floor":2.0,"gold_loss":0.0,"damage_taken":0.0,"relics_obtained":["Golden Idol"]},{"cards_removed":["Strike_G"],"damage_healed":0.0,"max_hp_gain":0.0,"max_hp_loss":0.0,"gold_gain":0.0,"event_name":"Golden Wing","player_choice":"Card Removal","floor":10.0,"gold_loss":0.0,"damage_taken":7.0},{"damage_healed":0.0,"max_hp_gain":0.0,"max_hp_loss":0.0,"gold_gain":0.0,"event_name":"WeMeetAgain","player_choice":"Gave Potion","floor":21.0,"gold_loss":0.0,"damage_taken":0.0,"relics_obtained":["The Specimen"]},{"damage_healed":0.0,"max_hp_gain":0.0,"max_hp_loss":0.0,"gold_gain":50.0,"event_name":"Nest","player_choice":"Stole From Cult","floor":31.0,"gold_loss":0.0,"damage_taken":0.0},{"damage_healed":0.0,"max_hp_gain":0.0,"max_hp_loss":0.0,"gold_gain":0.0,"cards_transformed":["Defend_G","Defend_G"],"event_name":"Designer","player_choice":"Transformed Cards","floor":36.0,"gold_loss":75.0,"damage_taken":0.0,"cards_obtained":["Corpse Explosion","Wraith Form v2"]}],"is_beta":false,"boss_relics":[{"not_picked":["Black Star","Tiny House"],"picked":"Calling Bell"},{"not_picked":["Sozu","Pandora\u0027s Box"],"picked":"Philosopher\u0027s Stone"}],"items_purged_floors":[4,29],"is_endless":false,"potions_floor_spawned":[1,3,16,18,20,22,27,38,41,44,47,48],"ascension_level":20}}