{"host":"10hinapzqlh39548","time":1612798254,"event":{"mods":["BaseMod","Colored Powertips","Minty Spire (QoL Compilation)","MostiFishMod","Reliquary","Replay The Spire","Spire Arcade","StSLib"],"gold_per_floor":[118,40,85,98,110,142,159,159,207,207,226,226,0,0,0,130,130,150,75,15,28,28,63,63,94,94,94,110,126,167,186,186,311,311,334,397,297,15,348,376,376,411,411,435,481,481,516,516,516,516,516,516,33,68,68],"floor_reached":56,"language":"ENG","playtime":3765,"items_purged":["Strike_R","Strike_R","Strike_R","Bash"],"score":1728,"play_id":"3c23f5cb-3296-4a44-9c7e-623ca93351ac","local_time":"20210208163054","is_ascension_mode":true,"campfire_choices":[{"floor":10.0,"key":"REST"},{"data":"Barricade","floor":12.0,"key":"SMITH"},{"floor":15.0,"key":"REST"},{"data":"Body Slam","floor":24.0,"key":"SMITH"},{"data":"Entrench","floor":27.0,"key":"SMITH"},{"data":"MostiFishMod:RacingGame","floor":32.0,"key":"SMITH"},{"data":"Body Slam","floor":41,"key":"SMITH"},{"data":"Pot Of Greed","floor":46,"key":"SMITH"},{"floor":49,"key":"RECALL"},{"data":"Pot Of Greed","floor":52,"key":"SMITH"}],"circlet_count":0,"master_deck":["Defend_R","Defend_R","Defend_R","Defend_R","Barricade+1","Metallicize+1","Shrug It Off","Armaments+1","Pot Of Greed+1","Pot Of Greed+1","MostiFishMod:RacingGame+1","Armaments+1","Body Slam+1","Entrench+1","ReplayTheSpireMod:Stacked+1","Body Slam+1","Juggernaut+1","ReplayTheSpireMod:Stacked+1","Deep Breath"],"relics":["Burning Blood","DaveBox","ThornShield","SynthV:TestCard","Snack Pack","Garlic","Grinning Jar","Technique","Sozu","ReplayTheSpireMod:Spearhead","Ginger","Frozen Egg 2","SlaversCollar","WingedGreaves","PreservedInsect","Gremlin Food","reliquary:Aerogel","Dead Branch","Replay:Mystery Machine","StoneCalendar","CombinedTypeHook","reliquary:HotPoker","Toy Ornithopter"],"acts_visited":["Exordium","TheCity","TheBeyond","TheEnding"],"potions_floor_usage":[40],"damage_taken":[{"damage":2.0,"enemies":"2 Louse","floor":1.0,"turns":3.0},{"damage":6.0,"enemies":"Small Slimes","floor":4.0,"turns":6.0},{"damage":12.0,"enemies":"Jaw Worm","floor":5.0,"turns":5.0},{"damage":59.0,"enemies":"Lagavulin","floor":6.0,"turns":8.0},{"damage":25.0,"enemies":"Exordium Wildlife","floor":7.0,"turns":8.0},{"damage":0.0,"enemies":"Large Slime","floor":11.0,"turns":9.0},{"damage":22.0,"enemies":"Hexaghost","floor":16.0,"turns":16.0},{"damage":0.0,"enemies":"Spheric Guardian","floor":18.0,"turns":5.0},{"damage":3.0,"enemies":"2 Thieves","floor":21.0,"turns":5.0},{"damage":27.0,"enemies":"Slavers","floor":23.0,"turns":8.0},{"damage":17.0,"enemies":"Book of Stabbing","floor":25.0,"turns":6.0},{"damage":0.0,"enemies":"Centurion and Healer","floor":28.0,"turns":7.0},{"damage":0.0,"enemies":"Shelled Parasite and Fungi","floor":29.0,"turns":4.0},{"damage":14.0,"enemies":"Slavers","floor":30.0,"turns":8.0},{"damage":0.0,"enemies":"3 Cultists","floor":31.0,"turns":4.0},{"damage":0.0,"enemies":"Automaton","floor":33.0,"turns":5.0},{"damage":10,"enemies":"Orb Walker","floor":35,"turns":5},{"damage":0,"enemies":"Mind Bloom Boss Battle","floor":36,"turns":4},{"damage":14,"enemies":"Nemesis","floor":40,"turns":5},{"damage":3,"enemies":"R_Hoarder","floor":42,"turns":2},{"damage":24,"enemies":"2 Orb Walkers","floor":45,"turns":5},{"damage":0,"enemies":"Nemesis","floor":47,"turns":3},{"damage":18,"enemies":"Awakened One","floor":50,"turns":5},{"damage":0,"enemies":"Shield and Spear","floor":54,"turns":4},{"damage":0,"enemies":"The Heart","floor":55,"turns":7}],"seed_played":"-5994067676093516555","potions_obtained":[{"floor":6.0,"key":"SkillPotion"},{"floor":7.0,"key":"LiquidMemories"}],"is_trial":false,"path_per_floor":["M","$","?","M","M","E","M","?","T","R","M","R","$","?","R","B",null,"M","?","?","M","$","E","R","E","T","R","M","M","E","M","R","B",null,"M","?","$","$","?","E","R","E","T","T","?","R","E","?","R","B",null,"R","$","E","B",null],"character_chosen":"IRONCLAD","items_purchased":["Metallicize","Technique","PreservedInsect","reliquary:HotPoker","Deep Breath"],"campfire_rested":2,"item_purchase_floors":[2,13,38,53,53],"current_hp_per_floor":[80,80,80,80,76,29,10,10,10,34,40,40,40,40,62,46,67,73,73,73,74,74,55,55,44,44,44,50,56,50,56,56,62,71,67,73,73,73,73,65,65,70,70,70,52,52,58,58,58,50,68,68,68,74,74],"gold":68,"neow_bonus":"TRANSFORM_CARD","is_daily":false,"chose_seed":false,"campfire_upgraded":7,"win_rate":0.0,"timestamp":1612798254,"path_taken":["M","$","?","M","M","E","M","?","T","R","M","R","$","?","R","BOSS","M","?","?","M","$","E","R","E","T","R","M","M","E","M","R","BOSS","M","?","$","$","?","E","R","E","T","?","?","R","E","?","R","BOSS","R","$","E","BOSS"],"items_purchased_type":["Card","Relic","Relic","Relic","Card"],"build_version":"2020-12-22","purchased_purges":4,"victory":true,"max_hp_per_floor":[80,80,80,80,80,80,80,80,80,80,80,80,80,74,74,74,74,74,74,74,74,74,74,74,74,74,74,74,74,74,74,74,74,74,74,74,74,74,74,74,74,74,74,74,74,74,74,74,74,74,74,74,74,74,74],"card_choices":[{"not_picked":["Replay:Undeath\u0027s Touch","True Grit","Uppercut"],"picked":"SKIP","floor":1.0},{"not_picked":["Headbutt","Sentinel","Heavy Blade","ReplayTheSpireMod:LeadingStrike","Wild Strike"],"picked":"SKIP","floor":4.0},{"not_picked":["Fiend Fire","Clash","Combust","Perfected Strike"],"picked":"Shrug It Off","floor":5.0},{"not_picked":["Dual Wield","Dropkick","Havoc","Warcry","Heavy Blade"],"picked":"SKIP","floor":6.0},{"not_picked":["Searing Blow","Clothesline","MostiFishMod:DarkDeal","Sentinel"],"picked":"Armaments","floor":7.0},{"not_picked":["Iron Wave","Replay:Undeath\u0027s Touch","Clash","Massacre","Warcry"],"picked":"SKIP","floor":11.0},{"not_picked":["Offering","Limit Break","MostiFishMod:404NotFound","MostiFishMod:DarkDeal"],"picked":"MostiFishMod:RacingGame","floor":16.0},{"not_picked":["Flex","Iron Wave","Headbutt","Bloodletting"],"picked":"Armaments+1","floor":18.0},{"not_picked":["Dark Embrace","Iron Wave","Flex","Headbutt+1"],"picked":"Body Slam","floor":21.0},{"not_picked":["Abandon","Massacre","ReplayTheSpireMod:Strike From Hell+1","Burning Pact","Sentinel"],"picked":"SKIP","floor":23.0},{"not_picked":["Dark Embrace","Body Slam","Intimidate","Uppercut"],"picked":"Entrench","floor":25.0},{"not_picked":["Perfected Strike","Havoc","Anger","Warcry+1"],"picked":"ReplayTheSpireMod:Stacked+1","floor":28.0},{"not_picked":["Replay:Undeath\u0027s Touch","Uppercut","Sword Boomerang","Fire Breathing","Power Through"],"picked":"SKIP","floor":29.0},{"not_picked":["Flex+1","ReplayTheSpireMod:LeadingStrike","True Grit+1","Blood for Blood"],"picked":"Body Slam","floor":30.0},{"not_picked":["Rage+1","Immolate","Sentinel","Clash","Twin Strike"],"picked":"SKIP","floor":31.0},{"not_picked":["MostiFishMod:TemporaryOutbreak+1","Bludgeon","MostiFishMod:Chiaki","MostiFishMod:FireWorks"],"picked":"Juggernaut+1","floor":33.0},{"not_picked":["ReplayReversal","Clothesline","ReplayTheSpireMod:Corrosion Curse+1","Dropkick+1","Searing Blow"],"picked":"SKIP","floor":35},{"not_picked":["Twin Strike","Second Wind","Reaper","Headbutt+1","Dropkick"],"picked":"SKIP","floor":40},{"not_picked":["Thunderclap+1","Cleave","ReplayTheSpireMod:Strike From Hell+1","Hemogenesis","ReplayTheSpireMod:Corrosion Curse+1"],"picked":"SKIP","floor":42},{"not_picked":["Sword Boomerang","Spot Weakness+1","Wild Strike","Clash+1"],"picked":"ReplayTheSpireMod:Stacked+1","floor":45},{"not_picked":["Life Link+1","Flex+1","Iron Wave+1","Inflame+1","Battle Trance"],"picked":"SKIP","floor":47},{"not_picked":["Anger","Warcry","Combust+1","Reckless Charge","True Grit+1"],"picked":"SKIP","floor":54}],"player_experience":1182203,"relics_obtained":[{"floor":1.0,"key":"SynthV:TestCard"},{"floor":3.0,"key":"Snack Pack"},{"floor":6.0,"key":"Garlic"},{"floor":9.0,"key":"Grinning Jar"},{"floor":23.0,"key":"ReplayTheSpireMod:Spearhead"},{"floor":25.0,"key":"Ginger"},{"floor":30.0,"key":"Frozen Egg 2"},{"floor":36,"key":"WingedGreaves"},{"floor":40,"key":"Gremlin Food"},{"floor":42,"key":"reliquary:Aerogel"},{"floor":43,"key":"Dead Branch"},{"floor":44,"key":"Replay:Mystery Machine"},{"floor":45,"key":"StoneCalendar"},{"floor":47,"key":"CombinedTypeHook"},{"floor":54,"key":"Toy Ornithopter"}],"event_choices":[{"damage_healed":0.0,"max_hp_gain":0.0,"max_hp_loss":0.0,"gold_gain":0.0,"event_name":"Scrap Ooze","player_choice":"Fled","floor":8.0,"gold_loss":0.0,"damage_taken":0.0},{"damage_healed":0.0,"max_hp_gain":0.0,"max_hp_loss":6.0,"gold_gain":0.0,"event_name":"Golden Idol","player_choice":"Lose Max HP","floor":14.0,"gold_loss":0.0,"damage_taken":0.0,"relics_obtained":["Golden Idol"]},{"cards_removed":["Strike_R"],"damage_healed":0.0,"max_hp_gain":0.0,"max_hp_loss":0.0,"gold_gain":0.0,"event_name":"Beggar","player_choice":"Gave Gold","floor":19.0,"gold_loss":75.0,"damage_taken":0.0},{"damage_healed":0,"gold_gain":0,"player_choice":"Fight","damage_taken":0,"max_hp_gain":0,"max_hp_loss":0,"event_name":"MindBloom","floor":36,"gold_loss":0},{"damage_healed":0,"gold_gain":333,"player_choice":"Gave Idol","damage_taken":0,"max_hp_gain":0,"max_hp_loss":0,"event_name":"The Moai Head","floor":39,"relics_lost":["Golden Idol"],"gold_loss":0},{"damage_healed":0,"gold_gain":0,"player_choice":"Fight","damage_taken":0,"max_hp_gain":0,"max_hp_loss":0,"event_name":"Mysterious Sphere","floor":45,"gold_loss":0},{"damage_healed":0,"gold_gain":0,"player_choice":"Memory 1","damage_taken":0,"max_hp_gain":0,"max_hp_loss":0,"event_name":"SensoryStone","floor":48,"gold_loss":0}],"is_beta":false,"boss_relics":[{"not_picked":["EE1DDrone","reliquary:KinkedSpring"],"picked":"Sozu"},{"not_picked":["Replay:Grab Bag","GreenFoldingFan"],"picked":"SlaversCollar"}],"items_purged_floors":[13,37,38,53],"is_endless":false,"potions_floor_spawned":[6,7,23,25,30,31,33,42,45,54],"ascension_level":5}}