{"host":"mnpd8gh7cwxsn5kh","time":1612789619,"event":{"mods":["BaseMod","Bestiary","Block Reminder","Colored Map","Colored Powertips","Highlight Path","Minty Spire (QoL Compilation)","Relic Sorter","Relic Stats"],"gold_per_floor":[112,112,126,145,145,178,196,196,196,196,196],"floor_reached":10,"language":"ENG","playtime":467,"items_purged":[],"score":109,"play_id":"19e31217-2790-44cb-bc24-e67ad323ae93","local_time":"20210208140659","is_ascension_mode":true,"campfire_choices":[{"data":"Armaments","floor":8,"key":"SMITH"}],"circlet_count":0,"master_deck":["AscendersBane","Strike_R","Strike_R","Strike_R","Strike_R","Strike_R","Defend_R","Defend_R","Defend_R","Defend_R","Bash","Wild Strike","Armaments+1","Disarm","Spot Weakness","Sever Soul","Parasite"],"relics":["Cursed Key","Oddly Smooth Stone","Pantograph","Pen Nib"],"acts_visited":["Exordium"],"potions_floor_usage":[],"damage_taken":[{"damage":4,"enemies":"Small Slimes","floor":1,"turns":3},{"damage":0,"enemies":"2 Louse","floor":3,"turns":3},{"damage":0,"enemies":"Cultist","floor":4,"turns":3},{"damage":37,"enemies":"Lagavulin","floor":6,"turns":7},{"damage":5,"enemies":"Blue Slaver","floor":7,"turns":3},{"damage":24,"enemies":"3 Sentries","floor":10,"turns":4}],"seed_played":"169537477463296068","potions_obtained":[{"floor":7,"key":"Weak Potion"}],"is_trial":false,"path_per_floor":["M","?","M","M","?","E","M","R","T","E"],"character_chosen":"IRONCLAD","items_purchased":[],"campfire_rested":0,"item_purchase_floors":[],"current_hp_per_floor":[68,61,61,61,66,29,24,24,24,0,0],"gold":196,"neow_bonus":"BOSS_RELIC","is_daily":false,"chose_seed":false,"campfire_upgraded":1,"win_rate":0.0,"timestamp":1612789619,"path_taken":["M","?","M","M","?","E","M","R","T","E"],"items_purchased_type":[],"build_version":"2020-12-22","purchased_purges":0,"victory":false,"max_hp_per_floor":[80,80,80,80,85,85,85,85,85,85,85],"relic_stats":{"counters":[6,23],"Pantograph":0,"Pen Nib":[0],"Cursed Key":1,"obtain_stats":[{"Pantograph":6,"Oddly Smooth Stone":2,"Pen Nib":9,"Cursed Key":0,"Burning Blood":0},{"Pantograph":4,"Oddly Smooth Stone":1,"Pen Nib":5,"Cursed Key":0,"Burning Blood":0},{"Pantograph":16,"Oddly Smooth Stone":3,"Pen Nib":19,"Cursed Key":0,"Burning Blood":0}]},"card_choices":[{"not_picked":["Anger","Combust"],"picked":"Wild Strike","floor":1},{"not_picked":["Wild Strike","Bloodletting"],"picked":"Armaments","floor":3},{"not_picked":["Berserk","Dropkick"],"picked":"Disarm","floor":4},{"not_picked":["Iron Wave","Perfected Strike"],"picked":"Spot Weakness","floor":6},{"not_picked":["Metallicize","Anger"],"picked":"Sever Soul","floor":7}],"player_experience":399022,"relics_obtained":[{"floor":6,"key":"Pantograph"},{"floor":9,"key":"Pen Nib"}],"event_choices":[{"damage_healed":0,"gold_gain":0,"player_choice":"Success","damage_taken":7,"relics_obtained":["Oddly Smooth Stone"],"max_hp_gain":0,"max_hp_loss":0,"event_name":"Scrap Ooze","floor":2,"gold_loss":0},{"damage_healed":0,"gold_gain":0,"player_choice":"Donut","damage_taken":0,"max_hp_gain":5,"max_hp_loss":0,"event_name":"Big Fish","floor":5,"gold_loss":0}],"is_beta":false,"boss_relics":[],"items_purged_floors":[],"is_endless":false,"potions_floor_spawned":[7],"killed_by":"3 Sentries","ascension_level":12}}