{"host":"8is2j71l4wmybkoi","time":1612766425,"event":{"mods":["AchievementEnabler","BaseMod","Colored Map","Minty Spire (QoL Compilation)","Rare Cards Sparkle","StSLib","SuperFastMode"],"gold_per_floor":[114,131,56,67,67,67,98,98,98,118,147,159,193,193,193,193,193],"floor_reached":16,"language":"KOR","playtime":572,"items_purged":[],"score":210,"play_id":"7d1061ca-ce46-4346-9f82-b5669a9b7acd","local_time":"20210208154025","is_ascension_mode":true,"campfire_choices":[{"data":"Dagger Spray","floor":6,"key":"SMITH"},{"data":"Footwork","floor":8,"key":"SMITH"},{"floor":15,"key":"REST"}],"circlet_count":0,"master_deck":["AscendersBane","Strike_G","Strike_G","Strike_G","Strike_G","Defend_G","Defend_G","Defend_G","Defend_G","Defend_G","Survivor","Neutralize","Adrenaline","Dagger Spray+1","Footwork+1","Blade Dance","Eviscerate","Quick Slash+1","Finisher+1","Flying Knee+1","Adrenaline"],"relics":["Ring of the Snake","Bottled Tornado","Molten Egg 2","Snake Skull","Smiling Mask"],"acts_visited":["Exordium"],"potions_floor_usage":[10,10,11,13],"damage_taken":[{"damage":0,"enemies":"2 Louse","floor":1,"turns":4},{"damage":0,"enemies":"Small Slimes","floor":2,"turns":3},{"damage":0,"enemies":"Cultist","floor":4,"turns":4},{"damage":26,"enemies":"Lagavulin","floor":7,"turns":12},{"damage":1,"enemies":"Gremlin Gang","floor":10,"turns":4},{"damage":2,"enemies":"3 Sentries","floor":11,"turns":4},{"damage":4,"enemies":"Exordium Thugs","floor":12,"turns":3},{"damage":11,"enemies":"Gremlin Nob","floor":13,"turns":4},{"damage":50,"enemies":"The Guardian","floor":16,"turns":12}],"seed_played":"-3469224842369462284","potions_obtained":[{"floor":1,"key":"SpeedPotion"},{"floor":7,"key":"SkillPotion"},{"floor":10,"key":"DuplicationPotion"},{"floor":11,"key":"GhostInAJar"}],"is_trial":false,"path_per_floor":["M","M","?","M","?","R","E","R","T","M","E","M","E","?","R","B"],"character_chosen":"THE_SILENT","items_purchased":[],"campfire_rested":1,"item_purchase_floors":[],"current_hp_per_floor":[59,59,59,59,59,59,33,33,33,32,30,26,15,15,34,0,0],"gold":193,"neow_bonus":"ONE_RANDOM_RARE_CARD","is_daily":false,"chose_seed":false,"campfire_upgraded":2,"win_rate":0.0,"timestamp":1612766425,"path_taken":["M","M","?","M","?","R","E","R","T","M","E","M","E","?","R","BOSS"],"items_purchased_type":[],"build_version":"2020-12-22","purchased_purges":0,"victory":false,"max_hp_per_floor":[66,66,66,66,66,66,66,66,66,66,66,66,66,66,66,66,66],"card_choices":[{"not_picked":["PiercingWail","Outmaneuver"],"picked":"Dagger Spray","floor":1},{"not_picked":["Prepared","Escape Plan"],"picked":"Footwork","floor":2},{"not_picked":["Flechettes","Acrobatics"],"picked":"Blade Dance","floor":4},{"not_picked":["Dagger Throw","Noxious Fumes"],"picked":"Eviscerate","floor":7},{"not_picked":["Backflip","PiercingWail"],"picked":"Quick Slash+1","floor":10},{"not_picked":["Dodge and Roll","Storm of Steel"],"picked":"Finisher+1","floor":11},{"not_picked":["Crippling Poison","Quick Slash+1"],"picked":"Flying Knee+1","floor":12},{"not_picked":["Backstab+1","Masterful Stab+1"],"picked":"Adrenaline","floor":13}],"player_experience":1053833,"relics_obtained":[{"floor":7,"key":"Bottled Tornado"},{"floor":9,"key":"Molten Egg 2"},{"floor":11,"key":"Snake Skull"},{"floor":13,"key":"Smiling Mask"}],"event_choices":[{"cards_removed":["Strike_G"],"damage_healed":0,"gold_gain":0,"player_choice":"Card Removal","damage_taken":0,"max_hp_gain":0,"max_hp_loss":0,"event_name":"The Cleric","floor":3,"gold_loss":75},{"damage_healed":0,"gold_gain":0,"player_choice":"Ignored","damage_taken":0,"max_hp_gain":0,"max_hp_loss":0,"event_name":"Liars Game","floor":5,"gold_loss":0},{"damage_healed":0,"gold_gain":0,"player_choice":"Ignored","damage_taken":0,"max_hp_gain":0,"max_hp_loss":0,"event_name":"Shining Light","floor":14,"gold_loss":0}],"is_beta":false,"boss_relics":[],"items_purged_floors":[],"is_endless":false,"potions_floor_spawned":[1,7,10,11],"killed_by":"The Guardian","ascension_level":15}}