{"host":"yp2ga117svxnbcen","time":1612759309,"event":{"mods":["Act Like it!","Aspiration","BaseMod","BetterRewards","ChefMod","Colored Map","Conspire","Custom Start","Downfall","Elementarium","Gensokyo","GifTheSpireLib","Gold Saver","GungeonMod","Halation","Hallownest","Hermit","HornydragonMod","Hubris","Menagerie","Minty Spire (QoL Compilation)","Quick Restart","Remove Card Discount Mod","Replay The Spire","Shop Mod","Spicy Shops","StSLib","Stuff the Spire","The Blue Laboratory","The IronCluck","egg","slay the spire mod where everything is the same but ironclad has a cowboy hat","??????REMEMod"],"gold_per_floor":[1412,1512,1323,1335,1349,1376,1376,1404,1431,1447,1447,1447,1299,1320,1320,1409,1409,1430,1430,1430,1430,1305,1341,1177,1177,1177,1177,1177,1214,1249,1261,1261,1359,1459,1483,1355,1355,1355,1208,1208,1243,1279,1279,1309,1350,1350,1391,1410,1410,1438,1450,1450,1450,1776,1811,1827],"floor_reached":57,"language":"ENG","playtime":1799,"items_purged":["Bash","Defend_R","Strike_R","Strike_R","Defend_R","Defend_R","Defend_R","Looming Evil","Looming Evil","Strike_R","Strike_R","Pride","Strike_R","Anger"],"score":4189,"play_id":"d6cc2199-8ad0-414b-a047-dfc602ff0af3","local_time":"20210207204149","is_ascension_mode":true,"campfire_choices":[{"data":"Crow Ritual","floor":7,"key":"SMITH"},{"data":"REME_HeartOfCthun","floor":11,"key":"SMITH"},{"data":"REME_Fury","floor":25,"key":"SMITH"},{"data":"StuffTheSpire:Rapture","floor":28,"key":"SMITH"},{"data":"AscendersBane","floor":32,"key":"SMITH"},{"floor":40,"key":"RECALL"},{"data":"REME_FirmDetermination","floor":49,"key":"SMITH"},{"floor":53,"key":"REST"}],"circlet_count":0,"master_deck":["Flex+1","REME_ACTH+1","Crow Ritual+1","hubris:DuctTapeCard+2","StuffTheSpire:Rapture+1","REME_Fury+1","Offering+1","REME_FirmDetermination+1"],"relics":["Burning Blood","REME_ComplimentaryCards","Membership Card","Anchor","Ornamental Fan","War Paint","Replay:Baseball","halation:NonexistentMirror","StuffTheSpire:DarkSteelAnvil","Kunai","ReplayTheSpireMod:CursedCoin","StuffTheSpire:BottledEssence","ClockworkSouvenir","hubris:DuctTape","DemoMod:GundromedaStrain","Chemical X","bronze:DonusWashers","DemoMod:GlassGuonStoneRelic","Sling","Juzu Bracelet","Shuriken","Replay:Bandana","halation:Sosunser","hubris:Backtick","aspiration:Legacy_Headhunter","Gensokyo:ConquerorOfFear","Gensokyo:DirgeOfMelancholy","Iron Hammer","Replay:WaspNest","Akabeko","Brimstone","halation:Toothbrush","halation:YellowSoulGem","Replay:PocketPolymizer","halation:PrussianBluePaint","Replay:Wanted Poster","StuffTheSpire:Mouthbags","Gensokyo:EmptyGrave","Strange Spoon","aspiration:StickyExplosives_weak","Replay:Bottled Eggs","halation:StarCompass","StuffTheSpire:HeavyRock","hubris:NiceRug","hexamod:Sixitude","DemoMod:NanoMachines","halation:LostSnail","hubris:Reverence","halation:BottledHappiness","ReplayTheSpireMod:TigerMarble","DemoMod:Bottle","DemoMod:Armor"],"acts_visited":["Exordium","Gensokyo:Gensokyo","Gensokyo:Gensokyoer","TheEnding"],"potions_floor_usage":[50,56,56],"damage_taken":[{"damage":0,"enemies":"Gensokyo:3_Fairies","floor":1,"turns":2},{"damage":0,"enemies":"Gensokyo:2_Kodama","floor":4,"turns":1},{"damage":0,"enemies":"Gensokyo:Gryphon","floor":5,"turns":1},{"damage":0,"enemies":"Gensokyo:Aya","floor":6,"turns":1},{"damage":0,"enemies":"Gensokyo:Mamizou","floor":8,"turns":2},{"damage":0,"enemies":"Gensokyo:LivingMonolith","floor":10,"turns":1},{"damage":0,"enemies":"Gensokyo:Gryphon_and_Rabbit","floor":14,"turns":1},{"damage":0,"enemies":"Gensokyo:Yukari","floor":16,"turns":1},{"damage":0,"enemies":"Gensokyo:2_Gloops","floor":18,"turns":1},{"damage":0,"enemies":"Gensokyo:Koishi","floor":23,"turns":2},{"damage":0,"enemies":"conspire:MimicChest","floor":29,"turns":2},{"damage":0,"enemies":"Gensokyo:Tenshi","floor":30,"turns":2},{"damage":0,"enemies":"Gensokyo:Chomper","floor":31,"turns":1},{"damage":0,"enemies":"Gensokyo:Kaguya","floor":33,"turns":4},{"damage":0,"enemies":"Gensokyo:3_Bats","floor":35,"turns":1},{"damage":0,"enemies":"Gensokyo:3_Boulders","floor":41,"turns":1},{"damage":0,"enemies":"Gensokyo:Kasen","floor":42,"turns":1},{"damage":0,"enemies":"Gensokyo:Rafflesia","floor":44,"turns":1},{"damage":0,"enemies":"Gensokyo:Doremy","floor":45,"turns":1},{"damage":2,"enemies":"Gensokyo:Kasen","floor":47,"turns":1},{"damage":0,"enemies":"Gensokyo:Dusk_and_Dawn","floor":48,"turns":1},{"damage":2,"enemies":"Gensokyo:Yuyuko","floor":50,"turns":2},{"damage":0,"enemies":"Gensokyo:Shinki","floor":51,"turns":4},{"damage":0,"enemies":"hubris:Merchant","floor":54,"turns":3},{"damage":0,"enemies":"Shield and Spear","floor":55,"turns":1},{"damage":5,"enemies":"The Heart","floor":56,"turns":4}],"seed_played":"-2206948406484889566","potions_obtained":[{"floor":10,"key":"SmokeBomb"},{"floor":41,"key":"Energy Potion"},{"floor":54,"key":"blueLaboratory:FruitPunch"},{"floor":55,"key":"blueLaboratory:SavagePotion"}],"is_trial":false,"path_per_floor":["M","?","$","M","M","E","R","E","T","M","R","?","COS","M","R_BF","B",null,"M","?","?","?","$","E","COS","R","T","?","R","?","E","M","R","B",null,"M","$","?","?","COS","R","M","E","T","M","E","?","E","M","R","B","B",null,"R","$","E","B",null],"character_chosen":"IRONCLAD","items_purchased":["Membership Card","Anchor","Flex","Ornamental Fan","REME_ACTH","War Paint","hexamod:BolsterEngine","Crow Ritual","Replay:Baseball","halation:NonexistentMirror","StuffTheSpire:DarkSteelAnvil","Master of Strategy","Kunai","ReplayTheSpireMod:CursedCoin","StuffTheSpire:BottledEssence","ClockworkSouvenir","hubris:DuctTape","DemoMod:GundromedaStrain","Chemical X","bronze:DonusWashers","PowerPotion","Sling","REME_HeartOfCthun","Iron Hammer","Replay:WaspNest","StuffTheSpire:Mouthbags","REME_FirmDetermination"],"campfire_rested":1,"item_purchase_floors":[0,0,0,0,0,0,0,0,0,0,0,0,0,0,0,0,0,0,0,0,0,3,3,22,22,36,36],"current_hp_per_floor":[74,74,74,75,75,75,75,75,75,75,75,75,75,75,75,75,75,75,75,75,75,75,75,75,75,75,75,75,75,75,75,78,78,78,78,81,73,73,73,73,73,73,73,73,76,76,76,76,76,76,76,76,76,76,76,76],"gold":1827,"neow_bonus":"","is_daily":false,"chose_seed":false,"campfire_upgraded":6,"win_rate":0.0,"timestamp":1612759309,"path_taken":["M","?","?","?","M","E","R","E","T","M","R","?","COS","M","R_BF","BOSS","M","?","?","?","?","E","COS","R","T","?","R","?","E","M","R","BOSS","M","$","?","?","COS","R","M","E","T","M","E","?","E","M","R","BOSS","BOSS","R","$","E","BOSS"],"items_purchased_type":["Relic","Relic","Card","Relic","Card","Relic","Relic","Card","Relic","Relic","Relic","Card","Relic","Relic","Relic","Relic","Relic","Relic","Relic","Relic","Potion","Relic","Card","Relic","Relic","Relic","Card"],"build_version":"2020-12-22","purchased_purges":14,"victory":true,"max_hp_per_floor":[75,75,75,75,75,75,75,75,75,75,75,75,75,75,75,75,75,75,75,75,75,75,75,75,75,75,75,75,75,75,75,78,78,78,78,81,73,73,73,73,73,73,73,73,76,76,76,76,76,76,76,76,76,76,76,76],"card_choices":[{"not_picked":["StuffTheSpire:RockThrow","Fire Breathing","StuffTheSpire:Slingshot"],"picked":"SKIP","floor":1},{"not_picked":["Clash","Entrench"],"picked":"Anger","floor":4},{"not_picked":["ReplayReversal","True Grit","REME_Scribble"],"picked":"SKIP","floor":5},{"not_picked":["Thunderclap","Brutality","Armaments"],"picked":"SKIP","floor":6},{"not_picked":["ReplayTheSpireMod:Limb From Limb","Iron Wave","Anger"],"picked":"SKIP","floor":8},{"not_picked":["Dropkick","Warcry","Perfected Strike"],"picked":"SKIP","floor":10},{"not_picked":["Run Through","Carnage","ReplayTheSpireMod:Muscle Training"],"picked":"SKIP","floor":14},{"not_picked":["StuffTheSpire:Innocence","StuffTheSpire:Harmony"],"picked":"StuffTheSpire:Rapture","floor":15},{"not_picked":["Shrug It Off","Clothesline","hubris:SharpeningStone"],"picked":"SKIP","floor":18},{"not_picked":["Flame Barrier","Bludgeon"],"picked":"REME_Fury","floor":23},{"not_picked":["Blood for Blood","StuffTheSpire:RagingBull","Abandon"],"picked":"SKIP","floor":30},{"not_picked":["StuffTheSpire:RagingBull","Anger","Iron Wave"],"picked":"SKIP","floor":31},{"not_picked":["Brutality","Demon Form"],"picked":"Offering","floor":33},{"not_picked":["hubris:ReadiedAction","Uppercut+1","Clash"],"picked":"SKIP","floor":35},{"not_picked":["True Grit+1","Power Through","Havoc"],"picked":"SKIP","floor":41},{"not_picked":["Rampage+1","Demon Form","Cleave"],"picked":"SKIP","floor":42},{"not_picked":["True Grit","Dual Wield","ReplayReversal"],"picked":"SKIP","floor":44},{"not_picked":["Iron Wave+1","ReplayReversal","Barricade"],"picked":"SKIP","floor":45},{"not_picked":["StuffTheSpire:Slingshot+1","Pommel Strike+1","StuffTheSpire:Pyroclast+1"],"picked":"SKIP","floor":47},{"not_picked":["Entrench","True Grit","Pummel"],"picked":"SKIP","floor":48},{"not_picked":["StuffTheSpire:Slingshot"],"picked":"SKIP","floor":54},{"not_picked":["StuffTheSpire:RagingBull"],"picked":"SKIP","floor":54},{"not_picked":["Battle Trance"],"picked":"SKIP","floor":54},{"not_picked":["Flex"],"picked":"SKIP","floor":54},{"not_picked":["Fire Breathing"],"picked":"SKIP","floor":54},{"not_picked":["REME_ShortnessOfBreath"],"picked":"SKIP","floor":54},{"not_picked":["Metamorphosis"],"picked":"SKIP","floor":54},{"not_picked":["Entrench","DemoMod:BlackBlade+1","Wild Strike"],"picked":"SKIP","floor":55}],"player_experience":1175629,"relics_obtained":[{"floor":6,"key":"Juzu Bracelet"},{"floor":8,"key":"Shuriken"},{"floor":9,"key":"Replay:Bandana"},{"floor":23,"key":"Gensokyo:ConquerorOfFear"},{"floor":23,"key":"Akabeko"},{"floor":26,"key":"halation:Toothbrush"},{"floor":29,"key":"Replay:PocketPolymizer"},{"floor":30,"key":"halation:PrussianBluePaint"},{"floor":42,"key":"aspiration:StickyExplosives_weak"},{"floor":45,"key":"Replay:Bottled Eggs"},{"floor":47,"key":"StuffTheSpire:HeavyRock"},{"floor":54,"key":"hexamod:Sixitude"},{"floor":54,"key":"DemoMod:NanoMachines"},{"floor":54,"key":"halation:LostSnail"},{"floor":54,"key":"hubris:Reverence"},{"floor":54,"key":"halation:BottledHappiness"},{"floor":54,"key":"ReplayTheSpireMod:TigerMarble"},{"floor":55,"key":"DemoMod:Bottle"}],"event_choices":[],"is_beta":false,"boss_relics":[{"not_picked":["Black Blood","hubris:ScarierMask"],"picked":"hubris:Backtick"},{"not_picked":["SacredBark","Replay:Drink Me"],"picked":"Replay:Wanted Poster"}],"items_purged_floors":[0,0,0,0,0,0,0,0,0,3,3,22,22,22],"is_endless":false,"potions_floor_spawned":[1,8,10,14,31,41,45,55],"ascension_level":20}}