{"host":"aapp7ew3jk5k1bvd","time":1612765891,"event":{"mods":["AchievementEnabler","BaseMod","Colored Map","Custom Start","Minty Spire (QoL Compilation)","Permanent Neow","StSLib","SuperFastMode"],"gold_per_floor":[219,219,219,144,156,188,188,207,207,207,107,107,117,132,132,231,231,242,253,253,273,273,273,198,211,211,231,106,126,126,126,126,126,126],"floor_reached":33,"language":"KOR","playtime":963,"items_purged":["Defend_R","Defend_R","Defend_R"],"score":247,"play_id":"307406c5-b269-4ca7-8968-0d78cbf26831","local_time":"20210208153131","is_ascension_mode":false,"campfire_choices":[{"data":"Dual Wield","floor":7.0,"key":"SMITH"},{"data":"Bash","floor":10.0,"key":"SMITH"},{"data":"Clash","floor":12.0,"key":"SMITH"},{"data":"Dropkick","floor":15,"key":"SMITH"},{"floor":23,"key":"REST"},{"floor":30,"key":"REST"},{"data":"1","floor":32,"key":"LIFT"}],"circlet_count":0,"master_deck":["Strike_R","Strike_R","Strike_R","Strike_R","Strike_R","Bash+1","Clash+1","Dropkick+1","Dual Wield+1"],"relics":["Burning Blood","Question Card","Bottled Flame","Runic Cube","Dead Branch","Girya"],"acts_visited":["Exordium","TheCity"],"potions_floor_usage":[18,33,33],"damage_taken":[{"damage":1.0,"enemies":"2 Louse","floor":1.0,"turns":3.0},{"damage":0.0,"enemies":"Cultist","floor":5.0,"turns":2.0},{"damage":36.0,"enemies":"Gremlin Nob","floor":6.0,"turns":5.0},{"damage":0.0,"enemies":"Small Slimes","floor":8.0,"turns":1.0},{"damage":0.0,"enemies":"2 Fungi Beasts","floor":13.0,"turns":2.0},{"damage":15,"enemies":"Looter","floor":14,"turns":3},{"damage":56,"enemies":"The Guardian","floor":16,"turns":6},{"damage":0,"enemies":"Chosen","floor":18,"turns":2},{"damage":22,"enemies":"Spheric Guardian","floor":19,"turns":4},{"damage":32,"enemies":"Snake Plant","floor":21,"turns":3},{"damage":10,"enemies":"Cultist and Chosen","floor":25,"turns":4},{"damage":13,"enemies":"Centurion and Healer","floor":27,"turns":3},{"damage":21,"enemies":"Snake Plant","floor":29,"turns":2},{"damage":34,"enemies":"Automaton","floor":33,"turns":6}],"seed_played":"3464402098417958221","potions_obtained":[{"floor":6.0,"key":"Weak Potion"},{"floor":13.0,"key":"DistilledChaos"},{"floor":16,"key":"SpeedPotion"},{"floor":21,"key":"LiquidBronze"},{"floor":25,"key":"Block Potion"}],"is_trial":false,"path_per_floor":["M","?","?","$","M","E","R","M","T","R","$","R","M","M","R","B",null,"M","M","?","M","?","R","?","M","T","M","$","M","R","T","R","B"],"character_chosen":"IRONCLAD","items_purchased":[],"campfire_rested":2,"item_purchase_floors":[],"current_hp_per_floor":[80,85,85,85,85,55,55,61,61,61,61,61,67,58,58,8,85,85,69,69,43,43,68,68,64,64,57,57,42,67,67,67,33,33],"gold":126,"neow_bonus":"HUNDRED_GOLD","is_daily":false,"chose_seed":false,"campfire_upgraded":4,"win_rate":0.0,"timestamp":1612765891,"path_taken":["M","?","?","$","?","E","R","M","T","R","$","R","M","M","R","BOSS","M","M","?","M","?","R","?","M","T","M","$","M","R","?","R","BOSS"],"items_purchased_type":[],"build_version":"2020-12-22","purchased_purges":3,"victory":false,"max_hp_per_floor":[80,85,85,85,85,85,85,85,85,85,85,85,85,85,85,85,85,85,85,85,85,85,85,85,85,85,85,85,85,85,85,85,85,85],"card_choices":[{"not_picked":["Iron Wave","Wild Strike","Twin Strike"],"picked":"SKIP","floor":1.0},{"not_picked":["Twin Strike","Power Through","Pommel Strike"],"picked":"SKIP","floor":5.0},{"not_picked":["Thunderclap","Body Slam","Flame Barrier"],"picked":"SKIP","floor":6.0},{"not_picked":["Inflame","Clothesline","Second Wind","Impervious"],"picked":"SKIP","floor":8.0},{"not_picked":["Body Slam","Spot Weakness","Armaments","Warcry"],"picked":"SKIP","floor":13.0},{"not_picked":["Pommel Strike","Fire Breathing","Warcry","Cleave"],"picked":"SKIP","floor":14},{"not_picked":["Heavy Blade","Iron Wave","Body Slam","Flex"],"picked":"SKIP","floor":18},{"not_picked":["Headbutt+1","Thunderclap","Intimidate+1","Wild Strike"],"picked":"SKIP","floor":19},{"not_picked":["Anger","Clothesline","Impervious","Shrug It Off+1"],"picked":"SKIP","floor":21},{"not_picked":["Fire Breathing","Havoc","Thunderclap+1","Burning Pact"],"picked":"SKIP","floor":25},{"not_picked":["Body Slam","Cleave","Twin Strike","Entrench+1"],"picked":"SKIP","floor":27},{"not_picked":["Twin Strike","Rampage","Iron Wave","Ghostly Armor"],"picked":"SKIP","floor":29}],"player_experience":1344554,"relics_obtained":[{"floor":6.0,"key":"Question Card"},{"floor":9.0,"key":"Bottled Flame"},{"floor":26,"key":"Dead Branch"},{"floor":31,"key":"Girya"}],"event_choices":[{"damage_healed":0.0,"max_hp_gain":5.0,"max_hp_loss":0.0,"gold_gain":0.0,"event_name":"Big Fish","player_choice":"Donut","floor":2.0,"gold_loss":0.0,"damage_taken":0.0},{"damage_healed":0.0,"max_hp_gain":0.0,"max_hp_loss":0.0,"gold_gain":0.0,"event_name":"NoteForYourself","player_choice":"Ignored","floor":3.0,"gold_loss":0.0,"damage_taken":0.0},{"damage_healed":0,"gold_gain":0,"player_choice":"Ignored","damage_taken":0,"max_hp_gain":0,"max_hp_loss":0,"event_name":"Cursed Tome","floor":20,"gold_loss":0},{"cards_removed":["Defend_R"],"damage_healed":0,"gold_gain":0,"player_choice":"Gave Gold","damage_taken":0,"max_hp_gain":0,"max_hp_loss":0,"event_name":"Beggar","floor":24,"gold_loss":75}],"is_beta":false,"boss_relics":[{"not_picked":["Runic Pyramid","Busted Crown"],"picked":"Runic Cube"}],"items_purged_floors":[4,11,28],"is_endless":false,"potions_floor_spawned":[6,13,16,21,25],"killed_by":"Automaton","ascension_level":0}}