{"host":"h15mxg6fckhg46bu","time":1612762863,"event":{"mods":["BaseMod","Block Reminder","Minty Spire (QoL Compilation)","StSLib"],"gold_per_floor":[115,115,85,102,115,148,163,163,190,207,207,232,232,262,262,366,366,383,395,407,417,342,342,372,372,372,402,317,14,25,45,45,145,145,159,159,173,185,205,234,234,249,249,267,34,34,61,80,80,80],"floor_reached":51,"language":"ENG","playtime":3680,"items_purged":[],"score":1026,"play_id":"4acdab2d-948c-4531-8110-40002b1f8ef6","local_time":"20210207234103","is_ascension_mode":true,"campfire_choices":[{"data":"Whirlwind","floor":11,"key":"SMITH"},{"data":"Demon Form","floor":15,"key":"SMITH"},{"floor":23,"key":"REST"},{"floor":25,"key":"REST"},{"data":"Barricade","floor":32,"key":"SMITH"},{"floor":41,"key":"REST"},{"floor":49,"key":"REST"}],"circlet_count":0,"master_deck":["Strike_R","Defend_R","Defend_R","Defend_R","Bash","Whirlwind+1","Flex","Iron Wave","Flame Barrier","Pommel Strike","Thunderclap","Sentinel","Shrug It Off","Fiend Fire","Demon Form+1","Barricade+1","Heavy Blade","Inflame","Flex","Cleave","Warcry+1","Rage","Metallicize","Pommel Strike+1","Reaper","Metallicize+1","Sword Boomerang","Twin Strike+1","Cleave+1","Shockwave+1","Warcry+1","Flame Barrier","Havoc+1","Reaper"],"relics":["Burning Blood","Art of War","PreservedInsect","Vajra","Lantern","Red Skull","Empty Cage","HornCleat","Happy Flower","Mummified Hand","Omamori","HandDrill","Strawberry","Calling Bell","Boot","Eternal Feather","Turnip","Akabeko","Self Forming Clay","ClockworkSouvenir","Oddly Smooth Stone"],"acts_visited":["Exordium","TheCity","TheBeyond"],"potions_floor_usage":[6,6,6,12,12,24,33,42,48,50],"damage_taken":[{"damage":18,"enemies":"Jaw Worm","floor":1,"turns":4},{"damage":1,"enemies":"Cultist","floor":4,"turns":3},{"damage":10,"enemies":"Small Slimes","floor":5,"turns":4},{"damage":0,"enemies":"3 Sentries","floor":6,"turns":2},{"damage":6,"enemies":"Looter","floor":7,"turns":3},{"damage":0,"enemies":"3 Louse","floor":10,"turns":1},{"damage":0,"enemies":"Lagavulin","floor":12,"turns":2},{"damage":0,"enemies":"Gremlin Nob","floor":14,"turns":2},{"damage":44,"enemies":"Hexaghost","floor":16,"turns":8},{"damage":2,"enemies":"Chosen","floor":18,"turns":4},{"damage":15,"enemies":"3 Byrds","floor":19,"turns":3},{"damage":37,"enemies":"Shelled Parasite and Fungi","floor":20,"turns":5},{"damage":12,"enemies":"Snake Plant","floor":21,"turns":3},{"damage":48,"enemies":"Book of Stabbing","floor":24,"turns":5},{"damage":3,"enemies":"Gremlin Leader","floor":27,"turns":6},{"damage":17,"enemies":"Centurion and Healer","floor":30,"turns":6},{"damage":0,"enemies":"Snecko","floor":31,"turns":3},{"damage":48,"enemies":"Automaton","floor":33,"turns":7},{"damage":9,"enemies":"Orb Walker","floor":35,"turns":4},{"damage":24,"enemies":"3 Darklings","floor":37,"turns":4},{"damage":44,"enemies":"4 Shapes","floor":38,"turns":6},{"damage":12,"enemies":"Writhing Mass","floor":39,"turns":4},{"damage":6,"enemies":"Nemesis","floor":40,"turns":5},{"damage":49,"enemies":"Transient","floor":42,"turns":5},{"damage":15,"enemies":"Maw","floor":44,"turns":7},{"damage":26,"enemies":"Reptomancer","floor":47,"turns":6},{"damage":25,"enemies":"Spire Growth","floor":48,"turns":5},{"damage":126,"enemies":"Awakened One","floor":50,"turns":13}],"seed_played":"7737689836924347118","potions_obtained":[{"floor":1,"key":"Strength Potion"},{"floor":3,"key":"Energy Potion"},{"floor":3,"key":"ElixirPotion"},{"floor":4,"key":"BlessingOfTheForge"},{"floor":7,"key":"Energy Potion"},{"floor":10,"key":"SteroidPotion"},{"floor":14,"key":"LiquidMemories"},{"floor":16,"key":"FairyPotion"},{"floor":18,"key":"Explosive Potion"},{"floor":20,"key":"BloodPotion"},{"floor":30,"key":"Block Potion"},{"floor":33,"key":"DuplicationPotion"},{"floor":42,"key":"Fruit Juice"},{"floor":48,"key":"BloodPotion"}],"is_trial":false,"path_per_floor":["M","?","?","M","M","E","M","?","T","M","R","E","?","E","R","B",null,"M","M","M","M","?","R","E","R","T","E","?","$","M","M","R","B",null,"M","?","M","M","M","E","R","M","T","M","$","?","E","M","R","B",null],"character_chosen":"IRONCLAD","items_purchased":["HandDrill","Strawberry","ClockworkSouvenir","DuplicationPotion"],"campfire_rested":4,"item_purchase_floors":[29,29,45,45],"current_hp_per_floor":[68,56,56,61,57,63,63,63,63,69,69,75,75,80,80,42,71,75,66,35,29,29,53,27,51,51,54,54,61,50,56,56,14,69,66,66,76,38,32,45,87,49,49,51,51,51,31,42,87,33],"gold":80,"neow_bonus":"THREE_CARDS","is_daily":false,"chose_seed":false,"campfire_upgraded":3,"win_rate":0.0,"timestamp":1612762863,"path_taken":["M","?","?","M","?","E","M","?","T","M","R","E","?","E","R","BOSS","M","M","M","M","?","R","E","R","T","E","?","$","M","M","R","BOSS","M","?","M","M","?","E","R","M","T","M","$","?","E","M","R","BOSS"],"items_purchased_type":["Relic","Relic","Relic","Potion"],"build_version":"2020-12-22","purchased_purges":0,"victory":true,"max_hp_per_floor":[80,80,80,80,80,80,80,80,80,80,80,80,80,80,80,80,80,80,80,80,80,80,80,80,80,80,80,80,87,87,87,87,87,87,87,87,87,87,87,87,87,92,92,92,92,92,92,92,92,92],"card_choices":[{"not_picked":["Havoc","Anger"],"picked":"Whirlwind","floor":0},{"not_picked":["Blood for Blood","Twin Strike"],"picked":"Flex","floor":1},{"not_picked":["Uppercut","Dropkick"],"picked":"Iron Wave","floor":4},{"not_picked":["Wild Strike","True Grit"],"picked":"Flame Barrier","floor":5},{"not_picked":["Warcry","Ghostly Armor"],"picked":"Pommel Strike","floor":6},{"not_picked":["Blood for Blood","True Grit"],"picked":"Thunderclap","floor":7},{"not_picked":["Blood for Blood","Fire Breathing"],"picked":"Sentinel","floor":10},{"not_picked":["Wild Strike","Second Wind"],"picked":"Shrug It Off","floor":12},{"not_picked":["Pommel Strike","Double Tap"],"picked":"Demon Form","floor":14},{"not_picked":["Immolate","Fiend Fire"],"picked":"Barricade","floor":16},{"not_picked":["Rupture","Dropkick"],"picked":"Heavy Blade","floor":18},{"not_picked":["Anger+1","Intimidate"],"picked":"Inflame","floor":19},{"not_picked":["Body Slam+1","Twin Strike"],"picked":"Flex","floor":20},{"not_picked":["Headbutt","Twin Strike"],"picked":"Cleave","floor":21},{"not_picked":["Body Slam","Perfected Strike"],"picked":"Warcry+1","floor":24},{"not_picked":["Thunderclap","Armaments"],"picked":"Rage","floor":27},{"not_picked":["Cleave","Anger"],"picked":"Metallicize","floor":30},{"not_picked":["Double Tap","Dark Embrace"],"picked":"Pommel Strike+1","floor":31},{"not_picked":["Barricade","Bludgeon"],"picked":"Reaper","floor":33},{"not_picked":["Perfected Strike+1","Body Slam"],"picked":"Metallicize+1","floor":35},{"not_picked":["Cleave+1","Wild Strike+1"],"picked":"Sword Boomerang","floor":37},{"not_picked":["Headbutt","Warcry"],"picked":"Twin Strike+1","floor":38},{"not_picked":["Battle Trance+1","Sentinel+1"],"picked":"Cleave+1","floor":39},{"not_picked":["Rampage+1","Seeing Red+1"],"picked":"Shockwave+1","floor":40},{"not_picked":["Clothesline+1","Havoc+1"],"picked":"Warcry+1","floor":42},{"not_picked":["Flex","Pommel Strike+1"],"picked":"Flame Barrier","floor":44},{"not_picked":["Dropkick","Wild Strike+1"],"picked":"Havoc+1","floor":47},{"not_picked":["Searing Blow+1","Power Through+1"],"picked":"Reaper","floor":48}],"player_experience":3875138,"relics_obtained":[{"floor":6,"key":"PreservedInsect"},{"floor":9,"key":"Vajra"},{"floor":12,"key":"Lantern"},{"floor":14,"key":"Red Skull"},{"floor":24,"key":"HornCleat"},{"floor":26,"key":"Happy Flower"},{"floor":27,"key":"Mummified Hand"},{"floor":34,"key":"Boot"},{"floor":34,"key":"Eternal Feather"},{"floor":34,"key":"Turnip"},{"floor":40,"key":"Akabeko"},{"floor":43,"key":"Self Forming Clay"},{"floor":47,"key":"Oddly Smooth Stone"}],"event_choices":[{"damage_healed":0,"gold_gain":0,"player_choice":"Success","damage_taken":12,"relics_obtained":["Art of War"],"max_hp_gain":0,"max_hp_loss":0,"event_name":"Scrap Ooze","floor":2,"gold_loss":0},{"damage_healed":0,"gold_gain":0,"player_choice":"Bought 2 Potions","damage_taken":0,"max_hp_gain":0,"max_hp_loss":0,"event_name":"The Woman in Blue","floor":3,"gold_loss":0},{"damage_healed":0,"gold_gain":0,"player_choice":"Ignored","damage_taken":0,"max_hp_gain":0,"max_hp_loss":0,"event_name":"Golden Idol","floor":8,"gold_loss":0},{"damage_healed":0,"gold_gain":0,"cards_transformed":["Strike_R"],"player_choice":"Change","damage_taken":0,"max_hp_gain":0,"max_hp_loss":0,"event_name":"Living Wall","floor":13,"gold_loss":0,"cards_obtained":["Fiend Fire"]},{"cards_removed":["Strike_R"],"damage_healed":0,"gold_gain":0,"player_choice":"Gave Gold","damage_taken":0,"max_hp_gain":0,"max_hp_loss":0,"event_name":"Beggar","floor":22,"gold_loss":75},{"damage_healed":0,"gold_gain":0,"player_choice":"Obtained Relic","damage_taken":0,"relics_obtained":["Omamori"],"max_hp_gain":0,"max_hp_loss":0,"event_name":"Addict","floor":28,"gold_loss":85},{"cards_removed":["Strike_R"],"damage_healed":0,"gold_gain":0,"player_choice":"Offered Basic","damage_taken":0,"max_hp_gain":0,"max_hp_loss":0,"event_name":"Bonfire Elementals","floor":36,"gold_loss":0},{"damage_healed":0,"gold_gain":0,"player_choice":"Ignored","damage_taken":0,"max_hp_gain":0,"max_hp_loss":0,"event_name":"Mysterious Sphere","floor":46,"gold_loss":0}],"is_beta":false,"boss_relics":[{"not_picked":["Runic Dome","Coffee Dripper"],"picked":"Empty Cage"},{"not_picked":["Fusion Hammer","Tiny House"],"picked":"Calling Bell"}],"items_purged_floors":[],"is_endless":false,"potions_floor_spawned":[1,4,7,10,14,16,18,20,30,33,37,42,48],"ascension_level":5}}