{"host":"yrtk68ixj64vhhh3","time":1612754232,"event":{"mods":["2.2 Compatiblity","AchievementEnabler","Aspiration","BaseMod","Better Altar","Better Match","Better Note","Better Silent Start","Better Skull","Better Third Choice","Colored Map","Colored Powertips","Conspire","Dio Mod","Downfall","Energized Spire","Hubris","Infinite Spire","Minty Spire (QoL Compilation)","Prisma Mod","RNG Fix","StSLib","Steal the Spire","Td1madao Mod","The Animator","The Poker Player","The Wild Card","TheBandit","TheHero"],"gold_per_floor":[118,118,135,150,169,169,189,189,189,219,219,232,17,28,28,126,126,143,143,143,143,159,159,159],"floor_reached":23,"language":"ENG","playtime":1485,"items_purged":[],"score":212,"play_id":"467ce4d1-30bf-46bc-ad1d-c58f00882b9a","local_time":"20210208161712","is_ascension_mode":true,"campfire_choices":[{"floor":6,"key":"RECALL"},{"data":"PrismaMod:MiyuUberAOEAttack","floor":8,"key":"SMITH"},{"data":"PrismaMod:MiyuUberDefend","floor":11,"key":"SMITH"},{"data":"PrismaMod:MiyuCheapChannelRandom","floor":15,"key":"SMITH"}],"circlet_count":0,"master_deck":["PrismaMod:MiyuCommonDefend","PrismaMod:MiyuCommonDefend","PrismaMod:MiyuCommonDefend","PrismaMod:MiyuCommonDefend","PrismaMod:MiyuCommonDefend","PrismaMod:MiyuCommonAttack","PrismaMod:MiyuCommonAttack","PrismaMod:MiyuCommonAttack","PrismaMod:MiyuCommonAttack","PrismaMod:MiyuCommonAttack","PrismaMod:MiyuCheapChannelAttack","PrismaMod:MiyuCheapChannelDefend","PrismaMod:MiyuCheapAttack2","PrismaMod:MiyuAttackChannelVul","PrismaMod:MiyuCommonAOEAttack","PrismaMod:MiyuCheapAttack2","PrismaMod:MiyuUberAOEAttack+1","PrismaMod:MiyuUberDefend+1","PrismaMod:MiyuCheapChannelRandom+1","PrismaMod:MiyuDefendChannelDefend","PrismaMod:MiyuUncommonDexBuff","PrismaMod:MiyuCheapStrBuff","PrismaMod:MiyuEvokeAllAttack","PrismaMod:MiyuCheapChannelHeal","theWildCard:Michael","hubris:Fate","PrismaMod:MiyuCheapChannelVul"],"relics":["PrismaMod:PrismaSapphire","aspiration:DSix","Juzu Bracelet","Cursed Key","aspiration:PoetsPen_weak","Vajra"],"acts_visited":["Exordium","TheCity"],"potions_floor_usage":[3,16,16,16,23],"damage_taken":[{"damage":7,"enemies":"infinitespire:Voidling","floor":1,"turns":4},{"damage":0,"enemies":"Jaw Worm","floor":3,"turns":3},{"damage":0,"enemies":"Cultist","floor":4,"turns":3},{"damage":0,"enemies":"conspire:2 RoseBushes","floor":5,"turns":4},{"damage":0,"enemies":"2 Fungi Beasts","floor":7,"turns":3},{"damage":4,"enemies":"3 Sentries","floor":10,"turns":8},{"damage":4,"enemies":"Blue Slaver","floor":12,"turns":4},{"damage":17,"enemies":"conspire:2 RoseBushes","floor":14,"turns":5},{"damage":13,"enemies":"Slime Boss","floor":16,"turns":9},{"damage":30,"enemies":"Spheric Guardian","floor":18,"turns":6},{"damage":36,"enemies":"conspire:FuzzyDice","floor":22,"turns":3},{"damage":25,"enemies":"Slavers","floor":23,"turns":2}],"seed_played":"-3636577817752858881","potions_obtained":[{"floor":3,"key":"Fruit Juice"},{"floor":5,"key":"LiquidBronze"},{"floor":7,"key":"conspire:TimeTravelPotion"},{"floor":10,"key":"Fire Potion"},{"floor":18,"key":"sneckomod:MuddlingPotion"}],"is_trial":false,"path_per_floor":["M","?","M","M","M","R","M","R","T","E","R","M","$","M","R","B",null,"M","?","?","AVR","M","E"],"character_chosen":"MIYU","items_purchased":["PrismaMod:MiyuDefendChannelDefend","PrismaMod:MiyuUncommonDexBuff"],"campfire_rested":0,"item_purchase_floors":[13,13],"current_hp_per_floor":[75,75,80,80,80,80,80,80,80,76,76,72,72,55,55,42,80,50,50,50,50,19,0,0],"gold":159,"neow_bonus":"DSIX","is_daily":false,"chose_seed":false,"campfire_upgraded":3,"win_rate":0.0,"timestamp":1612754232,"path_taken":["M","?","M","M","M","R","M","R","T","E","R","M","$","M","R","BOSS","M","?","?","AVR","M","E"],"items_purchased_type":["Card","Card"],"build_version":"2020-12-22","purchased_purges":0,"victory":false,"max_hp_per_floor":[75,75,80,80,80,80,80,80,80,80,80,80,80,80,80,80,80,80,80,80,80,80,80,80],"card_choices":[{"not_picked":["PrismaMod:MiyuDefenseExplosion","PrismaMod:MiyuEvokeBuffStr"],"picked":"PrismaMod:MiyuCheapAttack2","floor":1},{"not_picked":["PrismaMod:MiyuCheapEvoke","PrismaMod:MiyuDefenseRemoval"],"picked":"PrismaMod:MiyuAttackChannelVul","floor":3},{"not_picked":["PrismaMod:MiyuCheapChannelVul","PrismaMod:MiyuAttackChannelVul"],"picked":"PrismaMod:MiyuCommonAOEAttack","floor":4},{"not_picked":["PrismaMod:MiyuCommonAOEAttack","PrismaMod:MiyuAttackChannelAttack"],"picked":"PrismaMod:MiyuCheapAttack2","floor":5},{"not_picked":["PrismaMod:MiyuCheapDefend1","PrismaMod:MiyuCheapPlate"],"picked":"PrismaMod:MiyuUberAOEAttack","floor":7},{"not_picked":["PrismaMod:MiyuCheapAttack1","PrismaMod:MiyuAttackChannelWeak"],"picked":"PrismaMod:MiyuUberDefend","floor":10},{"not_picked":["PrismaMod:MiyuCheapChannelWeak","PrismaMod:MiyuCheapAttack2"],"picked":"PrismaMod:MiyuCheapChannelRandom","floor":12},{"not_picked":["PrismaMod:MiyuCommonAOEAttack","PrismaMod:MiyuCarnivalAttack"],"picked":"PrismaMod:MiyuCheapStrBuff","floor":14},{"not_picked":["PrismaMod:MiyuEvokeAllDefend","PrismaMod:MiyuDefendChannelDefend"],"picked":"PrismaMod:MiyuEvokeAllAttack","floor":16},{"not_picked":["PrismaMod:MiyuCheapAttack1","PrismaMod:MiyuEvokeCheapAttack"],"picked":"PrismaMod:MiyuCheapChannelHeal","floor":18},{"not_picked":["PrismaMod:MiyuEvokeCheapAttack","PrismaMod:MiyuCheapAttack2"],"picked":"PrismaMod:MiyuCheapChannelVul","floor":22}],"player_experience":758792,"relics_obtained":[{"floor":10,"key":"Juzu Bracelet"}],"event_choices":[{"cards_removed":["PrismaMod:MiyuCheapChannelHeal"],"damage_healed":0,"gold_gain":0,"player_choice":"Give","damage_taken":0,"max_hp_gain":0,"max_hp_loss":0,"event_name":"betterNote:BetterNote","floor":19,"gold_loss":0,"cards_obtained":["None"]},{"damage_healed":0,"gold_gain":0,"player_choice":"Read","damage_taken":0,"max_hp_gain":0,"max_hp_loss":0,"event_name":"The Library","floor":20,"gold_loss":0,"cards_obtained":["theWildCard:Michael"]}],"is_beta":false,"boss_relics":[{"not_picked":["aspiration:RunicSpoon","conspire:SeveredTorchhead"],"picked":"Cursed Key"}],"items_purged_floors":[],"is_endless":false,"potions_floor_spawned":[3,5,7,10,18],"killed_by":"Slavers","ascension_level":2}}