{"host":"7fomwthvpaeu368e","time":1612798783,"event":{"mods":["ATMod(∞¢Ë™Mod)","AchievementEnabler","Act Like it!","Arknights","Aspiration","Astrologer","BaseMod","Downfall","Gensokyo","Highlight Path","KinomotoSakuraMod(ƒæ÷Æ±æ”£)","KomeijiMod","Marisa£®ÏF”Í°°ƒß¿Ì…≥£©","Marked Mod","Minty Spire (QoL Compilation)","Relic Filter Mod","Remilia£®¿Ÿ√◊¿Ú—«£©","Shop Mod","Spicy Shops","StSLib","The Administrix","The Alterego","The Bug Knight","The Cursed","The Gatherer","The Hierophant","The Mystic","The Runesmith","The Servant 0.9.4","WarShipGirlsR/’ΩΩ¢…Ÿ≈ÆR mod","Youmu£®ªÍ∆«—˝√Œ£©","Yuri Mod","[IsaacMod]“‘»ˆº‚À˛"],"gold_per_floor":[109,125,125,125,90,117,19,19,19,47,47,58,58,78,78,176,176,194,194,42,42,42,42,42,42,42,222,252,252,45,56,56,159,159,173,273,45,57,75,105,105,105,105,125,125,125,25,43,43,43],"floor_reached":51,"language":"ZHS","playtime":3087,"items_purged":["Eviscerate","Night Terror+1"],"score":722,"play_id":"26c0684e-3a5a-43eb-9863-5b5c02e06795","local_time":"20210208233943","is_ascension_mode":false,"campfire_choices":[{"data":"AT_Dispersion","floor":8,"key":"SMITH"},{"floor":15,"key":"REST"},{"data":"VanishingEverything+1","floor":23,"key":"SWEEP"},{"data":"Electrodynamics","floor":25,"key":"SMITH"},{"floor":29,"key":"REST"},{"data":"Amplify","floor":32,"key":"SMITH"},{"floor":45,"key":"REST"},{"floor":49,"key":"REST"}],"circlet_count":0,"master_deck":["Strike_B+1","Defend_B+1","Zap+1","Dualcast+1","AT_Dispersion+1","Gash+1","Streamline+1","Slice+1","Underhanded Strike+1","Biased Cognition+1","Melter+1","Leap+1","Tempest+1","Beam Cell+1","Electrodynamics+1","Amplify+1","AT_StudyProgram+1","Go for the Eyes+1","Amplify+1","Zap+1","Gensokyo:AllTheWorldsEvil","Backflip+1","Prepared+1","VanishingEverything+1","AT_HeatAcrobatics+1","Gash+1","Storm+1","Gash+1","Machine Learning+1","Tempest+1","FTL+1","Sweeping Beam+1","Leap+1"],"relics":["FrozenCore","AT_ATBox","HushsDoor","aspiration:Nostalgia","Ring of the Snake","PillsDrop","aspiration:Lifesprig","Dream Catcher","AT_ArcaneBoots","Juzu Bracelet","Chemical X","DoctorsRemote","Bird Faced Urn","Bag of Marbles","MagicMushroom","Pen Nib","Centennial Puzzle","HollowMod:StagPassRelic","Mark of the Bloom","TheBible"],"acts_visited":["Exordium","TheCity","TheBeyond"],"potions_floor_usage":[6,16,16,18,31,40,40,40],"damage_taken":[{"damage":2,"enemies":"ats:Genji","floor":1,"turns":3},{"damage":8,"enemies":"Jaw Worm","floor":2,"turns":3},{"damage":21,"enemies":"Gremlin Nob","floor":6,"turns":3},{"damage":14,"enemies":"HollowMod:MossKnight","floor":10,"turns":4},{"damage":0,"enemies":"Small Slimes","floor":12,"turns":2},{"damage":3,"enemies":"Large Slime","floor":14,"turns":3},{"damage":22,"enemies":"The Guardian","floor":16,"turns":7},{"damage":7,"enemies":"2 Thieves","floor":18,"turns":3},{"damage":18,"enemies":"HollowMod:Nosk","floor":28,"turns":6},{"damage":4,"enemies":"Spheric Guardian","floor":31,"turns":3},{"damage":39,"enemies":"Champ","floor":33,"turns":12},{"damage":11,"enemies":"3 Shapes","floor":35,"turns":2},{"damage":0,"enemies":"3 Darklings","floor":38,"turns":4},{"damage":1,"enemies":"Maw","floor":39,"turns":3},{"damage":5,"enemies":"Giant Head","floor":40,"turns":3},{"damage":0,"enemies":"Jaw Worm Horde","floor":44,"turns":2},{"damage":0,"enemies":"3 Darklings","floor":48,"turns":1},{"damage":22,"enemies":"Awakened One","floor":50,"turns":7}],"seed_played":"-2352257133627350431","potions_obtained":[{"floor":1,"key":"LiquidMemories"},{"floor":10,"key":"LiquidBronze"},{"floor":12,"key":"FearPotion"},{"floor":16,"key":"Swift Potion"},{"floor":18,"key":"Ancient Potion"},{"floor":33,"key":"Ancient Potion"},{"floor":35,"key":"PotionOfCapacity"},{"floor":38,"key":"ColorlessPotion"},{"floor":44,"key":"FairyPotion"}],"is_trial":false,"path_per_floor":["M","M","?","?","?","E","$","R","T","E","?","M","?","M","R","B",null,"M","?","$","?","?","R","?","R","T","?","E","R","$","M","R","B",null,"M","?","$","M","M","E","T","?","T","M","R","?","$","M","R","B",null],"character_chosen":"DEFECT","items_purchased":["Melter","Go for the Eyes","Chemical X","Storm","Bag of Marbles","Pen Nib"],"campfire_rested":4,"item_purchase_floors":[7,20,20,30,30,37],"current_hp_per_floor":[73,65,65,50,68,47,47,47,47,33,33,33,33,30,52,30,75,68,68,68,68,68,75,75,75,75,56,38,60,60,56,56,39,82,71,71,71,82,81,77,77,77,77,77,77,77,77,77,77,55],"gold":43,"neow_bonus":"NOSTALGIA","is_daily":false,"chose_seed":false,"campfire_upgraded":3,"win_rate":0.0,"timestamp":1612798783,"path_taken":["M","M","?","?","?","E","?","R","T","E","?","M","?","M","R","BOSS","M","?","$","?","?","R","?","R","T","?","E","R","$","M","R","BOSS","M","?","$","M","M","E","?","?","T","M","R","?","?","M","R","BOSS"],"items_purchased_type":["Card","Card","Relic","Card","Relic","Relic"],"build_version":"2020-12-22","purchased_purges":2,"victory":true,"max_hp_per_floor":[75,75,75,75,75,75,75,75,75,75,75,75,75,75,75,75,75,75,75,75,75,75,75,75,75,75,75,75,75,75,75,75,75,82,82,82,82,82,82,82,82,82,82,82,82,82,82,82,82,82],"card_choices":[{"not_picked":["Buffer","Rip and Tear"],"picked":"Gash","floor":1},{"not_picked":["AT_RobotInSpace","Skim"],"picked":"Streamline","floor":2},{"not_picked":["aspiration:Polymerization","Barrage"],"picked":"Biased Cognition","floor":6},{"not_picked":["Barrage","Fan"],"picked":"Leap","floor":10},{"not_picked":["Barrage","Hello World"],"picked":"Tempest","floor":12},{"not_picked":["Coolheaded","Bomb"],"picked":"Beam Cell","floor":14},{"not_picked":["Glacier","Skim"],"picked":"Electrodynamics","floor":15},{"not_picked":["Echo Form","Electrodynamics"],"picked":"Amplify","floor":16},{"not_picked":["Auto Shields","Glacier"],"picked":"AT_StudyProgram","floor":18},{"not_picked":["Sweeping Beam","Redo"],"picked":"AT_HeatAcrobatics","floor":28},{"not_picked":["Chaos","AT_HeatAcrobatics+1"],"picked":"Gash","floor":29},{"not_picked":["Redo","Beam Cell+1"],"picked":"Gash+1","floor":31},{"not_picked":["Buffer","ElectricPowerLearning"],"picked":"Machine Learning","floor":33},{"not_picked":["Streamline+1","Barrage","Stack+1"],"picked":"SKIP","floor":35},{"not_picked":["Sunder","Streamline+1"],"picked":"Tempest+1","floor":38},{"not_picked":["Stack","Turbo","Skim+1"],"picked":"SKIP","floor":39},{"not_picked":["Barrage+1","Hologram"],"picked":"FTL+1","floor":40},{"not_picked":["Redo+1","Conserve Battery+1","Rebound"],"picked":"SKIP","floor":44},{"not_picked":["Distribution","Conserve Battery+1"],"picked":"Sweeping Beam+1","floor":45},{"not_picked":["Steam+1","Darkness+1","Defragment"],"picked":"SKIP","floor":48},{"not_picked":["Redo","Auto Shields"],"picked":"Leap+1","floor":49}],"player_experience":49628,"relics_obtained":[{"floor":6,"key":"Dream Catcher"},{"floor":9,"key":"AT_SpeedBoots"},{"floor":10,"key":"Juzu Bracelet"},{"floor":26,"key":"DoctorsRemote"},{"floor":28,"key":"Bird Faced Urn"},{"floor":40,"key":"Centennial Puzzle"},{"floor":41,"key":"HollowMod:StagPassRelic"},{"floor":43,"key":"TheBible"}],"event_choices":[{"damage_healed":18,"gold_gain":0,"player_choice":"Healed","damage_taken":0,"max_hp_gain":0,"max_hp_loss":0,"event_name":"The Cleric","floor":5,"gold_loss":35},{"damage_healed":0,"gold_gain":0,"player_choice":"3 cards matched","damage_taken":0,"max_hp_gain":0,"max_hp_loss":0,"event_name":"Match and Keep!","floor":21,"gold_loss":0,"cards_obtained":["Amplify","Zap","Gensokyo:AllTheWorldsEvil"]},{"damage_healed":0,"gold_gain":0,"player_choice":"3 cards matched","damage_taken":0,"max_hp_gain":0,"max_hp_loss":0,"event_name":"Match and Keep!","floor":21,"gold_loss":0,"cards_obtained":["Amplify","Zap","Gensokyo:AllTheWorldsEvil"]},{"damage_healed":0,"gold_gain":180,"player_choice":"GOLD GOLD ","damage_taken":19,"max_hp_gain":0,"max_hp_loss":0,"event_name":"Knowing Skull","floor":27,"potions_obtained":[],"gold_loss":0,"cards_obtained":[]},{"damage_healed":0,"gold_gain":100,"player_choice":"Pray","damage_taken":0,"max_hp_gain":0,"max_hp_loss":0,"event_name":"Golden Shrine","floor":36,"gold_loss":0},{"damage_healed":0,"gold_gain":0,"player_choice":"Upgrade","damage_taken":0,"relics_obtained":["Mark of the Bloom"],"max_hp_gain":0,"max_hp_loss":0,"event_name":"MindBloom","floor":42,"gold_loss":0,"cards_upgraded":["Strike_B","Defend_B","Zap","Dualcast","Gash","Streamline","Slice","Underhanded Strike","Biased Cognition","Melter","Leap","Tempest","Beam Cell","AT_StudyProgram","Go for the Eyes","Amplify","Zap","Night Terror","Backflip","Prepared","AT_HeatAcrobatics","Gash","Storm","Machine Learning"]},{"damage_healed":0,"gold_gain":0,"player_choice":"Ignored","damage_taken":0,"max_hp_gain":0,"max_hp_loss":0,"event_name":"Upgrade Shrine","floor":46,"gold_loss":0}],"is_beta":false,"boss_relics":[{"not_picked":["Tiny House","aspiration:ServantSkillbook"],"picked":"FrozenCore"},{"not_picked":[]},{"not_picked":["Fusion Hammer","SacredBark"],"picked":"MagicMushroom"},{"not_picked":[]}],"items_purged_floors":[37,47],"is_endless":false,"potions_floor_spawned":[1,10,12,16,18,33,35,38,44],"ascension_level":0}}