{"host":"d61fcf2p3sjwe6yo","time":1612810193,"event":{"mods":["BaseMod","Colored Map","Koishi","Marisa????????","Minty Spire (QoL Compilation)","StSLib","SuperFastMode","The Servant 0.9.4"],"gold_per_floor":[213,213,213,225,12,46,46,73,73,73,73],"floor_reached":10,"language":"ENG","playtime":446,"items_purged":[],"score":148,"play_id":"0ff03e0b-6778-4ce4-8d6e-a25d82d0df14","local_time":"20210208214953","is_ascension_mode":true,"campfire_choices":[{"data":"Koishi:MentalBreakdown","floor":7,"key":"SMITH"}],"circlet_count":0,"master_deck":["AscendersBane","Koishi:BasicStrike","Koishi:BasicStrike","Koishi:BasicStrike","Koishi:BasicDefend","Koishi:BasicDefend","Koishi:BasicDefend","Koishi:BasicDefend","Koishi:Provoke","Koishi:HauntingSlash","Koishi:Catatonia","Koishi:HeartfeltFancy","Koishi:MentalBreakdown+1","Koishi:DreadfulBlow","Koishi:TremblingHands","Koishi:TraumaticStroke"],"relics":["Koishi:ImaginaryFriend","White Beast Statue","Frozen Egg 2","Kunai","Torii"],"acts_visited":["Exordium"],"potions_floor_usage":[6,8,8],"damage_taken":[{"damage":0,"enemies":"Jaw Worm","floor":1,"turns":6},{"damage":0,"enemies":"Cultist","floor":4,"turns":3},{"damage":32,"enemies":"Gremlin Nob","floor":6,"turns":6},{"damage":10,"enemies":"Lagavulin","floor":8,"turns":9},{"damage":11,"enemies":"3 Sentries","floor":10,"turns":2}],"seed_played":"5113155613079045229","potions_obtained":[{"floor":1,"key":"Block Potion"},{"floor":4,"key":"Dexterity Potion"},{"floor":6,"key":"Dexterity Potion"},{"floor":8,"key":"Swift Potion"}],"is_trial":false,"path_per_floor":["M","?","T","M","$","E","R","E","T","E"],"character_chosen":"KOISHI","items_purchased":["Koishi:MentalBreakdown","Koishi:DreadfulBlow"],"campfire_rested":0,"item_purchase_floors":[5,5],"current_hp_per_floor":[54,47,47,48,48,21,21,17,17,6,6],"gold":73,"neow_bonus":"HUNDRED_GOLD","is_daily":false,"chose_seed":false,"campfire_upgraded":1,"win_rate":0.0,"timestamp":1612810193,"path_taken":["M","?","?","M","$","E","R","E","T","E"],"items_purchased_type":["Card","Card"],"build_version":"2020-12-22","purchased_purges":0,"victory":false,"max_hp_per_floor":[57,57,57,57,57,57,57,57,57,57,57],"card_choices":[{"not_picked":["Koishi:FleetingPhantom","Koishi:ParalyzingFear"],"picked":"Koishi:Catatonia","floor":1},{"not_picked":["Koishi:FleetingPhantom","Koishi:ReflexRadar"],"picked":"Koishi:HeartfeltFancy","floor":4},{"not_picked":["Koishi:MassHysteria","Koishi:DNAsFlaw"],"picked":"Koishi:TremblingHands","floor":6},{"not_picked":["Koishi:Untouchable+1","Koishi:SprinkleStarAndHeart"],"picked":"Koishi:TraumaticStroke","floor":8}],"player_experience":290605,"relics_obtained":[{"floor":3,"key":"White Beast Statue"},{"floor":6,"key":"Frozen Egg 2"},{"floor":8,"key":"Kunai"},{"floor":9,"key":"Torii"}],"event_choices":[{"cards_removed":["Koishi:BasicStrike"],"damage_healed":0,"gold_gain":0,"player_choice":"Card Removal","damage_taken":7,"max_hp_gain":0,"max_hp_loss":0,"event_name":"Golden Wing","floor":2,"gold_loss":0}],"is_beta":false,"boss_relics":[],"items_purged_floors":[],"is_endless":false,"potions_floor_spawned":[1,4,6,8],"killed_by":"3 Sentries","ascension_level":20}}