{"host":"l4p18zw33fr8bdc3","time":1612759154,"event":{"mods":["AchievementEnabler","BaseMod","Bestiary","Block Reminder","Colored Map","Colored Powertips","Curses Come First","Minty Spire (QoL Compilation)","Quick Restart","Rare Cards Sparkle","StSLib"],"gold_per_floor":[213,225,10,21,34,64,64,96,149,149,165,165,177,207,207,309,309,320,334,334,17,17,17,36,55,55,80,111,139,139,159,159,261,261,275,113,113,163,176,204,215,245,245,258,272,16,36,36,36,36,36,36,10,38,38,38],"floor_reached":55,"language":"ENG","playtime":7070,"items_purged":["Defend_P","Bite","Bite"],"score":990,"play_id":"0eaaafe1-0fa1-4af9-bef5-acfdec1e1609","local_time":"20210207233914","is_ascension_mode":true,"campfire_choices":[{"floor":7.0,"key":"REST"},{"data":"Omniscience","floor":10.0,"key":"SMITH"},{"data":"ForeignInfluence","floor":12.0,"key":"SMITH"},{"data":"Scrawl","floor":15.0,"key":"SMITH"},{"data":"Consecrate","floor":23.0,"key":"SMITH"},{"data":"MasterReality","floor":30.0,"key":"SMITH"},{"floor":32.0,"key":"RECALL"},{"data":"Ragnarok","floor":49.0,"key":"SMITH"},{"data":"DeceiveReality","floor":52.0,"key":"SMITH"}],"circlet_count":0,"master_deck":["Defend_P+1","Defend_P+1","Defend_P+1","Eruption+1","Vigilance","Tantrum+1","CutThroughFate+1","EmptyMind+1","DeceiveReality+1","ThirdEye","Omniscience+1","CutThroughFate","ForeignInfluence+1","Consecrate+1","Scrawl+1","LessonLearned+1","Bite","Bite","Bite+1","Weave","Nirvana+1","Collect+1","MasterReality+1","FlurryOfBlows","CarveReality+1","Ragnarok+1","ThirdEye+1","Adaptation","Madness","Madness","Adaptation+1","EmptyMind+1","ClearTheMind+1","EmptyFist+1","FlurryOfBlows","Vault","DeceiveReality+1"],"relics":["PureWater","Membership Card","Vajra","Singing Bowl","Bag of Preparation","Cursed Key","Ornamental Fan","Sling","Letter Opener","Red Mask","Regal Pillow","SlaversCollar","HandDrill","Bird Faced Urn","Gremlin Horn","Meat on the Bone","Dead Branch","Whetstone"],"acts_visited":["Exordium","TheCity","TheBeyond","TheEnding"],"potions_floor_usage":[55,55,55,55,55],"damage_taken":[{"damage":2.0,"enemies":"Cultist","floor":1.0,"turns":3.0},{"damage":5.0,"enemies":"Small Slimes","floor":2.0,"turns":4.0},{"damage":0.0,"enemies":"Jaw Worm","floor":4.0,"turns":3.0},{"damage":0.0,"enemies":"Looter","floor":5.0,"turns":4.0},{"damage":19.0,"enemies":"3 Sentries","floor":6.0,"turns":15.0},{"damage":6.0,"enemies":"Lagavulin","floor":8.0,"turns":6.0},{"damage":2.0,"enemies":"Blue Slaver","floor":11.0,"turns":3.0},{"damage":0.0,"enemies":"2 Fungi Beasts","floor":13.0,"turns":3.0},{"damage":0.0,"enemies":"Gremlin Nob","floor":14.0,"turns":2.0},{"damage":35.0,"enemies":"The Guardian","floor":16.0,"turns":11.0},{"damage":19.0,"enemies":"3 Byrds","floor":18.0,"turns":3.0},{"damage":3.0,"enemies":"Chosen","floor":19.0,"turns":4.0},{"damage":1.0,"enemies":"Snake Plant","floor":24.0,"turns":3.0},{"damage":0.0,"enemies":"Chosen and Byrds","floor":25.0,"turns":3.0},{"damage":30.0,"enemies":"Slavers","floor":27.0,"turns":5.0},{"damage":0.0,"enemies":"Masked Bandits","floor":28.0,"turns":3.0},{"damage":0.0,"enemies":"Book of Stabbing","floor":29.0,"turns":4.0},{"damage":0.0,"enemies":"Centurion and Healer","floor":31.0,"turns":3.0},{"damage":14.0,"enemies":"Champ","floor":33.0,"turns":10.0},{"damage":0.0,"enemies":"3 Darklings","floor":35.0,"turns":2.0},{"damage":14.0,"enemies":"Mind Bloom Boss Battle","floor":38.0,"turns":6.0},{"damage":30.0,"enemies":"3 Shapes","floor":39.0,"turns":6.0},{"damage":3.0,"enemies":"Reptomancer","floor":40.0,"turns":3.0},{"damage":0.0,"enemies":"Jaw Worm Horde","floor":41.0,"turns":2.0},{"damage":0.0,"enemies":"Giant Head","floor":42.0,"turns":2.0},{"damage":0.0,"enemies":"Spire Growth","floor":44.0,"turns":4.0},{"damage":0.0,"enemies":"Maw","floor":45.0,"turns":6.0},{"damage":3.0,"enemies":"Transient","floor":47.0,"turns":5.0},{"damage":2.0,"enemies":"Donu and Deca","floor":50.0,"turns":6.0},{"damage":0.0,"enemies":"Shield and Spear","floor":54.0,"turns":4.0},{"damage":80,"enemies":"The Heart","floor":55,"turns":6}],"seed_played":"-3747500103092581819","potions_obtained":[{"floor":4.0,"key":"Dexterity Potion"},{"floor":6.0,"key":"BottledMiracle"},{"floor":8.0,"key":"Weak Potion"},{"floor":14.0,"key":"Regen Potion"},{"floor":18.0,"key":"DistilledChaos"},{"floor":27.0,"key":"Swift Potion"},{"floor":28.0,"key":"EntropicBrew"},{"floor":33.0,"key":"DistilledChaos"},{"floor":35.0,"key":"BottledMiracle"},{"floor":44.0,"key":"BlessingOfTheForge"},{"floor":45.0,"key":"Regen Potion"}],"is_trial":false,"path_per_floor":["M","M","$","M","M","E","R","E","T","R","M","R","M","E","R","B",null,"M","M","?","$","?","R","M","M","T","E","?","E","R","M","R","B",null,"M","$","?","?","M","E","M","E","T","M","M","$","M","$","R","B",null,"R","$","E","B"],"character_chosen":"WATCHER","items_purchased":["Membership Card","EmptyMind","Fire Potion","Weave","Ornamental Fan","Sling","Nirvana","HandDrill","Adaptation","Dead Branch","Vault","Strength Potion"],"campfire_rested":1,"item_purchase_floors":[3,3,3,21,21,21,21,36,36,46,46,53],"current_hp_per_floor":[70,65,65,65,65,46,67,61,61,61,59,59,59,59,59,39,72,55,54,53,53,53,53,53,55,55,33,41,49,49,57,57,52,57,57,57,50,44,32,43,51,53,53,59,61,61,60,60,60,61,61,61,61,63,0,0],"gold":38,"neow_bonus":"HUNDRED_GOLD","is_daily":false,"chose_seed":false,"campfire_upgraded":7,"win_rate":0.0,"timestamp":1612759154,"path_taken":["M","M","$","M","?","E","R","E","T","R","M","R","M","E","R","BOSS","M","M","?","$","?","R","M","M","T","E","?","E","R","M","R","BOSS","M","$","?","?","M","E","M","E","T","M","M","$","M","$","R","BOSS","R","$","E","BOSS"],"items_purchased_type":["Relic","Card","Potion","Card","Relic","Relic","Card","Relic","Card","Relic","Card","Potion"],"build_version":"2020-12-22","purchased_purges":3,"victory":false,"max_hp_per_floor":[72,72,72,72,72,72,72,72,72,72,72,72,72,72,72,72,72,74,76,53,53,53,53,53,55,55,55,55,55,55,57,57,57,57,57,57,57,57,59,59,59,59,59,59,61,61,61,61,61,61,61,61,61,63,63,63],"card_choices":[{"not_picked":["Consecrate","FollowUp"],"picked":"Tantrum","floor":1.0},{"not_picked":["CarveReality","Evaluate"],"picked":"CutThroughFate","floor":2.0},{"not_picked":["Crescendo","Conclude"],"picked":"DeceiveReality","floor":4.0},{"not_picked":["CrushJoints","Conclude"],"picked":"ThirdEye","floor":5.0},{"not_picked":["Evaluate","SashWhip"],"picked":"Omniscience","floor":6.0},{"not_picked":["ThirdEye","WaveOfTheHand"],"picked":"CutThroughFate","floor":8.0},{"not_picked":["ClearTheMind","Halt"],"picked":"ForeignInfluence","floor":11.0},{"not_picked":["Evaluate","CrushJoints"],"picked":"Consecrate","floor":13.0},{"not_picked":["Halt","WaveOfTheHand"],"picked":"Scrawl","floor":14.0},{"not_picked":["Establishment","Brilliance"],"picked":"LessonLearned","floor":16.0},{"not_picked":["Prostrate","ClearTheMind","Crescendo"],"picked":"Singing Bowl","floor":18.0},{"not_picked":["Conclude+1","Consecrate","Crescendo"],"picked":"Singing Bowl","floor":19.0},{"not_picked":["JustLucky","Halt"],"picked":"Collect+1","floor":24.0},{"not_picked":["Protect","Evaluate","FlyingSleeves+1"],"picked":"Singing Bowl","floor":25.0},{"not_picked":["PathToVictory","CutThroughFate+1"],"picked":"MasterReality","floor":27.0},{"not_picked":["EmptyMind","SashWhip"],"picked":"FlurryOfBlows","floor":28.0},{"not_picked":["BowlingBash","WindmillStrike"],"picked":"CarveReality+1","floor":29.0},{"not_picked":["PathToVictory+1","EmptyBody+1","Halt+1"],"picked":"Singing Bowl","floor":31.0},{"not_picked":["MasterReality","Alpha"],"picked":"Ragnarok","floor":33.0},{"not_picked":["Indignation","ClearTheMind+1"],"picked":"ThirdEye+1","floor":35.0},{"not_picked":["Tantrum","CarveReality"],"picked":"Adaptation+1","floor":38.0},{"not_picked":["EmptyBody","Consecrate","Evaluate+1"],"picked":"Singing Bowl","floor":39.0},{"not_picked":["WheelKick","ThirdEye+1"],"picked":"EmptyMind+1","floor":40.0},{"not_picked":["Halt","BowlingBash+1"],"picked":"ClearTheMind+1","floor":41.0},{"not_picked":["Brilliance","Nirvana"],"picked":"EmptyFist+1","floor":42.0},{"not_picked":["Crescendo+1","Prostrate"],"picked":"FlurryOfBlows","floor":44.0},{"not_picked":["Nirvana+1","EmptyBody","EmptyFist+1"],"picked":"Singing Bowl","floor":45.0},{"not_picked":["Protect","Crescendo+1"],"picked":"DeceiveReality+1","floor":47.0},{"not_picked":["Vault","CrushJoints+1","ClearTheMind+1"],"picked":"Singing Bowl","floor":54.0}],"player_experience":258297,"relics_obtained":[{"floor":6.0,"key":"Vajra"},{"floor":8.0,"key":"Singing Bowl"},{"floor":14.0,"key":"Bag of Preparation"},{"floor":27.0,"key":"Letter Opener"},{"floor":28.0,"key":"Red Mask"},{"floor":29.0,"key":"Regal Pillow"},{"floor":38.0,"key":"Bird Faced Urn"},{"floor":40.0,"key":"Gremlin Horn"},{"floor":42.0,"key":"Meat on the Bone"},{"floor":54.0,"key":"Whetstone"}],"event_choices":[{"damage_healed":0.0,"max_hp_gain":0.0,"max_hp_loss":23.0,"gold_gain":0.0,"event_name":"Vampires","player_choice":"Became a vampire","floor":20.0,"gold_loss":0.0,"damage_taken":0.0,"cards_obtained":["Bite","Bite","Bite","Bite","Bite"]},{"damage_healed":0.0,"max_hp_gain":0.0,"max_hp_loss":0.0,"gold_gain":0.0,"event_name":"Back to Basics","player_choice":"Simplicity","floor":22.0,"gold_loss":0.0,"damage_taken":0.0,"cards_upgraded":["Defend_P","Defend_P"]},{"damage_healed":0.0,"max_hp_gain":0.0,"max_hp_loss":0.0,"gold_gain":0.0,"event_name":"Masked Bandits","player_choice":"Fought Bandits","floor":28.0,"gold_loss":0.0,"damage_taken":0.0},{"damage_healed":0.0,"max_hp_gain":0.0,"max_hp_loss":0.0,"gold_gain":0.0,"event_name":"Winding Halls","player_choice":"Embrace Madness","floor":37.0,"gold_loss":0.0,"damage_taken":7.0,"cards_obtained":["Madness","Madness"]},{"damage_healed":0.0,"max_hp_gain":0.0,"max_hp_loss":0.0,"gold_gain":0.0,"event_name":"MindBloom","player_choice":"Fight","floor":38.0,"gold_loss":0.0,"damage_taken":0.0}],"is_beta":false,"boss_relics":[{"not_picked":["Philosopher\u0027s Stone","Ectoplasm"],"picked":"Cursed Key"},{"not_picked":["Empty Cage","Pandora\u0027s Box"],"picked":"SlaversCollar"}],"items_purged_floors":[21,36,46],"is_endless":false,"potions_floor_spawned":[4,6,8,11,14,18,27,28,33,35,44,45],"killed_by":"The Heart","ascension_level":3}}