{"host":"6pfj0wha12yu6wq3","time":1612758648,"event":{"mods":["AchievementEnabler","BaseMod","Colored Map","Colored Powertips","Curses Come First","DeckTracker","Minty Spire (QoL Compilation)","RNG Fix","Relic Sorter","Relic Stats","StSLib","UnlockEverythingMod","ojb\u0027s Better Paths Mod","ojb\u0027s Info Mod"],"gold_per_floor":[113,130,130,147,147,181,200,210,210,210,240,257,272,297,297,375,375,385,35,35,35,53,79,79,98,124,154,209,229,229,264,264,338,338,357,373,595,641,666,666,695,234,260,288,288,322,339,339,339,339,339,339,339,1,30,30],"floor_reached":57,"language":"ENG","playtime":5885,"items_purged":["Strike_G","Strike_G+1"],"score":3046,"play_id":"5a93a362-7f16-489e-b4c4-664c42b6f740","local_time":"20210207233047","is_ascension_mode":true,"campfire_choices":[{"data":"Cloak And Dagger","floor":10,"key":"SMITH"},{"data":"Blade Dance","floor":15,"key":"SMITH"},{"data":"Neutralize","floor":24,"key":"SMITH"},{"data":"Malaise","floor":30,"key":"SMITH"},{"data":"Blade Dance","floor":32,"key":"SMITH"},{"floor":40,"key":"RECALL"},{"data":"Night Terror","floor":45,"key":"SMITH"},{"floor":49,"key":"REST"},{"data":"1","floor":53,"key":"LIFT"}],"circlet_count":0,"master_deck":["AscendersBane","Strike_G+1","Strike_G+1","Defend_G+1","Defend_G+1","Defend_G+1","Survivor","Neutralize+1","Cloak And Dagger+1","Storm of Steel","Dagger Spray","Finisher+1","Dagger Throw+1","Backflip","Quick Slash+1","Corpse Explosion","Blade Dance+1","Sucker Punch+1","After Image","Dodge and Roll+1","Backstab+1","Blade Dance+1","Dash+1","Blade Dance+1","Malaise+1","Die Die Die+1","Night Terror+1","Acrobatics","Backflip+1","Accuracy","Envenom","Accuracy","Blur","Sadistic Nature","Terror","Backflip"],"relics":["Ring of the Snake","Incense Burner","Happy Flower","Molten Egg 2","Paper Crane","Oddly Smooth Stone","Toy Ornithopter","Runic Pyramid","Anchor","Gambling Chip","Red Mask","PreservedInsect","Whetstone","Cursed Key","Unceasing Top","Girya","Omamori","Dream Catcher","Membership Card","Mummified Hand","Boot"],"acts_visited":["Exordium","TheCity","TheBeyond","TheEnding"],"potions_floor_usage":[6,14,16,23,46,47,56,56],"damage_taken":[{"damage":0,"enemies":"Jaw Worm","floor":1,"turns":3},{"damage":1,"enemies":"2 Louse","floor":2,"turns":2},{"damage":0,"enemies":"Small Slimes","floor":4,"turns":3},{"damage":0,"enemies":"Gremlin Nob","floor":6,"turns":2},{"damage":0,"enemies":"2 Fungi Beasts","floor":7,"turns":3},{"damage":4,"enemies":"Lots of Slimes","floor":8,"turns":3},{"damage":9,"enemies":"3 Sentries","floor":11,"turns":6},{"damage":0,"enemies":"Large Slime","floor":12,"turns":3},{"damage":0,"enemies":"3 Louse","floor":13,"turns":2},{"damage":0,"enemies":"Gremlin Nob","floor":14,"turns":2},{"damage":17,"enemies":"The Guardian","floor":16,"turns":12},{"damage":17,"enemies":"2 Thieves","floor":18,"turns":2},{"damage":0,"enemies":"Chosen","floor":22,"turns":4},{"damage":0,"enemies":"Book of Stabbing","floor":23,"turns":5},{"damage":0,"enemies":"Snake Plant","floor":25,"turns":4},{"damage":0,"enemies":"Masked Bandits","floor":27,"turns":3},{"damage":0,"enemies":"3 Cultists","floor":29,"turns":2},{"damage":0,"enemies":"Gremlin Leader","floor":31,"turns":6},{"damage":16,"enemies":"Collector","floor":33,"turns":14},{"damage":0,"enemies":"3 Darklings","floor":35,"turns":4},{"damage":0,"enemies":"3 Shapes","floor":36,"turns":1},{"damage":0,"enemies":"2 Orb Walkers","floor":38,"turns":3},{"damage":6,"enemies":"Mind Bloom Boss Battle","floor":39,"turns":5},{"damage":3,"enemies":"Giant Head","floor":41,"turns":7},{"damage":11,"enemies":"Reptomancer","floor":44,"turns":6},{"damage":8,"enemies":"Nemesis","floor":46,"turns":5},{"damage":0,"enemies":"Transient","floor":47,"turns":6},{"damage":8,"enemies":"Donu and Deca","floor":50,"turns":11},{"damage":1,"enemies":"Time Eater","floor":51,"turns":17},{"damage":0,"enemies":"Shield and Spear","floor":55,"turns":11},{"damage":17,"enemies":"The Heart","floor":56,"turns":8}],"seed_played":"7387546249431399665","potions_obtained":[{"floor":2,"key":"CunningPotion"},{"floor":6,"key":"BlessingOfTheForge"},{"floor":11,"key":"GamblersBrew"},{"floor":13,"key":"GamblersBrew"},{"floor":16,"key":"BlessingOfTheForge"},{"floor":18,"key":"Energy Potion"},{"floor":27,"key":"ColorlessPotion"},{"floor":44,"key":"CultistPotion"},{"floor":46,"key":"Strength Potion"},{"floor":47,"key":"Fire Potion"}],"is_trial":false,"path_per_floor":["M","M","?","M","?","E","M","M","T","R","E","M","M","E","R","B",null,"M","$","?","?","M","E","R","M","T","?","T","M","R","E","R","B",null,"M","M","?","?","?","R","E","$","T","E","R","E","M","?","R","B","B",null,"R","$","E","B",null],"character_chosen":"THE_SILENT","items_purchased":["Anchor","Backstab+1","Blade Dance","Accuracy","Blur","Sadistic Nature","Membership Card","Mummified Hand","Swift Potion"],"campfire_rested":1,"item_purchase_floors":[19,19,19,42,42,42,54,54,54],"current_hp_per_floor":[59,58,51,51,33,33,33,29,29,29,20,20,20,20,20,8,47,30,30,30,30,30,35,35,35,35,35,35,35,35,35,35,19,50,50,50,50,50,44,44,41,41,41,30,30,27,32,32,50,42,41,55,55,55,55,43],"gold":30,"neow_bonus":"TRANSFORM_TWO_CARDS","is_daily":false,"chose_seed":false,"campfire_upgraded":6,"win_rate":0.0,"timestamp":1612758647,"path_taken":["M","M","?","M","?","E","?","M","T","R","E","M","M","E","R","BOSS","M","$","?","?","M","E","R","M","T","?","?","M","R","E","R","BOSS","M","M","?","?","?","R","E","$","T","E","R","E","M","?","R","BOSS","BOSS","R","$","E","BOSS"],"items_purchased_type":["Relic","Card","Card","Card","Card","Card","Relic","Relic","Potion"],"build_version":"2020-12-22","purchased_purges":2,"victory":true,"max_hp_per_floor":[60,60,60,60,60,60,60,60,60,60,60,60,60,60,60,60,60,60,60,60,60,60,60,60,60,60,60,60,60,60,60,60,60,60,60,60,60,60,60,60,60,60,60,60,60,60,60,60,60,60,60,60,60,60,60,60],"relic_stats":{"Happy Flower":[19],"counters":[31,165],"PreservedInsect":367,"Whetstone":["Eviscerate","Finisher"],"Cursed Key":1,"Boot":[1],"Dream Catcher":1,"Mummified Hand":[15],"Gambling Chip":[69],"obtain_stats":[{"Girya":39,"Happy Flower":44,"Oddly Smooth Stone":11,"PreservedInsect":28,"Omamori":41,"Incense Burner":46,"Whetstone":31,"Paper Crane":9,"Cursed Key":34,"Boot":55,"Anchor":19,"Dream Catcher":43,"Mummified Hand":54,"Gambling Chip":23,"Molten Egg 2":6,"Red Mask":27,"Membership Card":54,"Toy Ornithopter":14,"Unceasing Top":38,"Ring of the Snake":0,"Runic Pyramid":17},{"Girya":23,"Happy Flower":25,"Oddly Smooth Stone":7,"PreservedInsect":16,"Omamori":24,"Incense Burner":26,"Whetstone":18,"Paper Crane":6,"Cursed Key":19,"Boot":30,"Anchor":12,"Dream Catcher":24,"Mummified Hand":29,"Gambling Chip":14,"Molten Egg 2":4,"Red Mask":16,"Membership Card":29,"Toy Ornithopter":10,"Unceasing Top":22,"Ring of the Snake":0,"Runic Pyramid":11},{"Girya":94,"Happy Flower":107,"Oddly Smooth Stone":22,"PreservedInsect":59,"Omamori":101,"Incense Burner":112,"Whetstone":67,"Paper Crane":16,"Cursed Key":81,"Boot":157,"Anchor":43,"Dream Catcher":101,"Mummified Hand":146,"Gambling Chip":52,"Molten Egg 2":10,"Red Mask":59,"Membership Card":146,"Toy Ornithopter":29,"Unceasing Top":89,"Ring of the Snake":0,"Runic Pyramid":41}],"Toy Ornithopter":25,"Unceasing Top":[2],"Ring of the Snake":[62]},"card_choices":[{"not_picked":["Noxious Fumes","PiercingWail"],"picked":"Dagger Spray","floor":1},{"not_picked":["Underhanded Strike","Catalyst"],"picked":"Finisher","floor":2},{"not_picked":["Infinite Blades","Dodge and Roll"],"picked":"Eviscerate","floor":4},{"not_picked":["Bane+1","Deflect"],"picked":"Dagger Throw+1","floor":6},{"not_picked":["Infinite Blades","Dagger Throw+1"],"picked":"Backflip","floor":7},{"not_picked":["Blur","Setup"],"picked":"Quick Slash+1","floor":8},{"not_picked":["Prepared","Cloak And Dagger"],"picked":"Corpse Explosion","floor":11},{"not_picked":["Sucker Punch+1","Prepared"],"picked":"Blade Dance","floor":12},{"not_picked":["Deadly Poison","PiercingWail","Footwork"],"picked":"SKIP","floor":13},{"not_picked":["Backflip","Underhanded Strike+1"],"picked":"Sucker Punch+1","floor":14},{"not_picked":["Tools of the Trade","Corpse Explosion"],"picked":"After Image","floor":16},{"not_picked":["Choke+1","Backflip"],"picked":"Dodge and Roll+1","floor":18},{"not_picked":["Bane+1","Acrobatics"],"picked":"Dash+1","floor":22},{"not_picked":["Outmaneuver","Choke+1","Distraction"],"picked":"SKIP","floor":23},{"not_picked":["Quick Slash+1","Dodge and Roll"],"picked":"Blade Dance","floor":25},{"not_picked":["Choke+1","Dagger Throw+1"],"picked":"Malaise","floor":27},{"not_picked":["Blade Dance","Bane+1","Catalyst"],"picked":"SKIP","floor":29},{"not_picked":["Dash+1","PiercingWail"],"picked":"Die Die Die+1","floor":31},{"not_picked":["Venomology","Die Die Die+1"],"picked":"Night Terror","floor":33},{"not_picked":["Blade Dance","Dagger Throw+1"],"picked":"Acrobatics","floor":35},{"not_picked":["Dodge and Roll+1","Caltrops"],"picked":"Backflip+1","floor":36},{"not_picked":["All Out Attack+1","Quick Slash+1"],"picked":"Accuracy","floor":38},{"not_picked":["Blur","Outmaneuver"],"picked":"Envenom","floor":41},{"not_picked":["Slice+1","Outmaneuver","Dagger Throw+1"],"picked":"SKIP","floor":44},{"not_picked":["Slice+1","Acrobatics+1"],"picked":"Terror","floor":46},{"not_picked":["Glass Knife+1","Cloak And Dagger","Dagger Throw+1"],"picked":"SKIP","floor":47},{"not_picked":["Dagger Spray+1","Deadly Poison"],"picked":"Backflip","floor":49},{"not_picked":["Dash+1","Quick Slash+1","Expertise+1"],"picked":"SKIP","floor":55}],"player_experience":664733,"relics_obtained":[{"floor":6,"key":"Molten Egg 2"},{"floor":9,"key":"Paper Crane"},{"floor":11,"key":"Oddly Smooth Stone"},{"floor":14,"key":"Toy Ornithopter"},{"floor":23,"key":"Gambling Chip"},{"floor":27,"key":"Red Mask"},{"floor":28,"key":"PreservedInsect"},{"floor":31,"key":"Whetstone"},{"floor":38,"key":"Unceasing Top"},{"floor":39,"key":"Girya"},{"floor":41,"key":"Omamori"},{"floor":43,"key":"Dream Catcher"},{"floor":44,"key":"Happy Flower"},{"floor":46,"key":"Incense Burner"},{"floor":55,"key":"Boot"}],"event_choices":[{"cards_removed":["Defend_G"],"damage_healed":0,"gold_gain":0,"player_choice":"Card Removal","damage_taken":7,"max_hp_gain":0,"max_hp_loss":0,"event_name":"Golden Wing","floor":3,"gold_loss":0},{"damage_healed":0,"gold_gain":0,"player_choice":"Entered Light","damage_taken":18,"max_hp_gain":0,"max_hp_loss":0,"event_name":"Shining Light","floor":5,"gold_loss":0,"cards_upgraded":["Defend_G","Strike_G"]},{"damage_healed":0,"gold_gain":0,"player_choice":"Simplicity","damage_taken":0,"max_hp_gain":0,"max_hp_loss":0,"event_name":"Back to Basics","floor":20,"gold_loss":0,"cards_upgraded":["Strike_G","Strike_G","Defend_G","Defend_G"]},{"damage_healed":0,"gold_gain":0,"player_choice":"Upgraded","damage_taken":0,"max_hp_gain":0,"max_hp_loss":0,"event_name":"Upgrade Shrine","floor":21,"gold_loss":0,"cards_upgraded":["Blade Dance"]},{"damage_healed":0,"gold_gain":0,"player_choice":"Fought Bandits","damage_taken":0,"max_hp_gain":0,"max_hp_loss":0,"event_name":"Masked Bandits","floor":27,"gold_loss":0},{"damage_healed":0,"gold_gain":222,"player_choice":"Wore Mask","damage_taken":0,"max_hp_gain":0,"max_hp_loss":0,"event_name":"Tomb of Lord Red Mask","floor":37,"gold_loss":0},{"damage_healed":0,"gold_gain":0,"player_choice":"Fight","damage_taken":0,"max_hp_gain":0,"max_hp_loss":0,"event_name":"Mysterious Sphere","floor":38,"gold_loss":0},{"damage_healed":0,"gold_gain":0,"player_choice":"Fight","damage_taken":0,"max_hp_gain":0,"max_hp_loss":0,"event_name":"MindBloom","floor":39,"gold_loss":0},{"cards_removed":["Eviscerate"],"damage_healed":0,"gold_gain":0,"player_choice":"Removed Attack","damage_taken":0,"max_hp_gain":0,"max_hp_loss":0,"event_name":"Falling","floor":48,"gold_loss":0}],"is_beta":false,"boss_relics":[{"not_picked":["Runic Dome","Snecko Eye"],"picked":"Runic Pyramid"},{"not_picked":["WristBlade","Calling Bell"],"picked":"Cursed Key"}],"items_purged_floors":[19,42],"is_endless":false,"potions_floor_spawned":[2,6,11,12,13,16,18,22,27,29,33,44,46,47],"ascension_level":20}}