{"host":"yhhyog5h1q67ienp","time":1612814109,"event":{"mods":["AchievementEnabler","BaseMod","Block Reminder","Colored Map","Colored Powertips","Minty Spire (QoL Compilation)","Quick Restart","Relic Stats","StSLib","ojb\u0027s Better Paths Mod","ojb\u0027s Info Mod"],"gold_per_floor":[119,119,134,152,41,73,91,125,125,125,144,144,144,144],"floor_reached":13,"language":"ENG","playtime":1256,"items_purged":[],"score":190,"play_id":"4bd6ea23-49d1-4acf-8511-6e62036ab12a","local_time":"20210208165509","is_ascension_mode":true,"campfire_choices":[{"data":"Eruption","floor":10,"key":"SMITH"}],"circlet_count":0,"master_deck":["AscendersBane","Strike_P","Strike_P","Strike_P","Defend_P","Defend_P","Defend_P","Eruption+1","Vigilance","LikeWater","Scrawl","WheelKick","CrushJoints","Wireheading","SashWhip","FollowUp","Adaptation","Crescendo","SashWhip"],"relics":["PureWater","Question Card","Kunai","StrikeDummy"],"acts_visited":["Exordium"],"potions_floor_usage":[8,8,13,13],"damage_taken":[{"damage":3,"enemies":"Small Slimes","floor":1,"turns":5},{"damage":2,"enemies":"Cultist","floor":3,"turns":4},{"damage":0,"enemies":"2 Louse","floor":4,"turns":2},{"damage":10,"enemies":"Lagavulin","floor":6,"turns":7},{"damage":4,"enemies":"2 Fungi Beasts","floor":7,"turns":3},{"damage":7,"enemies":"3 Sentries","floor":8,"turns":5},{"damage":7,"enemies":"Looter","floor":11,"turns":3},{"damage":40,"enemies":"Gremlin Nob","floor":13,"turns":3}],"seed_played":"-723580999192068410","potions_obtained":[{"floor":3,"key":"Ancient Potion"},{"floor":7,"key":"Energy Potion"},{"floor":8,"key":"PowerPotion"},{"floor":11,"key":"Block Potion"}],"is_trial":false,"path_per_floor":["M","?","M","M","$","E","M","E","T","R","M","?","E"],"character_chosen":"WATCHER","items_purchased":["Explosive Potion","SashWhip"],"campfire_rested":0,"item_purchase_floors":[5,5],"current_hp_per_floor":[40,62,60,60,60,50,46,39,39,39,32,28,0,0],"gold":144,"neow_bonus":"TRANSFORM_TWO_CARDS","is_daily":false,"chose_seed":false,"campfire_upgraded":1,"win_rate":0.0,"timestamp":1612814109,"path_taken":["M","?","M","M","$","E","M","E","T","R","M","?","E"],"items_purchased_type":["Potion","Card"],"build_version":"2020-12-22","purchased_purges":0,"victory":false,"max_hp_per_floor":[68,68,68,68,68,68,68,68,68,68,68,68,68,68],"relic_stats":{"counters":[8,32],"Kunai":[2],"Question Card":3,"obtain_stats":[{"Kunai":8,"PureWater":0,"Question Card":6,"StrikeDummy":9},{"Kunai":6,"PureWater":0,"Question Card":4,"StrikeDummy":6},{"Kunai":26,"PureWater":0,"Question Card":18,"StrikeDummy":26}]},"card_choices":[{"not_picked":["ThirdEye","EmptyBody"],"picked":"WheelKick","floor":1},{"not_picked":["Protect","Meditate"],"picked":"CrushJoints","floor":3},{"not_picked":["Collect","Evaluate"],"picked":"Wireheading","floor":4},{"not_picked":["Evaluate","BowlingBash"],"picked":"FollowUp","floor":6},{"not_picked":["PathToVictory","ThirdEye","CrushJoints"],"picked":"Adaptation","floor":7},{"not_picked":["PathToVictory","EmptyBody","Evaluate"],"picked":"Crescendo","floor":8},{"not_picked":["WindmillStrike","Crescendo","PathToVictory"],"picked":"SashWhip","floor":11}],"player_experience":1435406,"relics_obtained":[{"floor":6,"key":"Question Card"},{"floor":8,"key":"Kunai"},{"floor":9,"key":"StrikeDummy"}],"event_choices":[{"damage_healed":22,"gold_gain":0,"player_choice":"Banana","damage_taken":0,"max_hp_gain":0,"max_hp_loss":0,"event_name":"Big Fish","floor":2,"gold_loss":0},{"damage_healed":0,"gold_gain":0,"player_choice":"Bought 0 Potions","damage_taken":0,"max_hp_gain":0,"max_hp_loss":0,"event_name":"The Woman in Blue","floor":12,"gold_loss":0}],"is_beta":false,"boss_relics":[],"items_purged_floors":[],"is_endless":false,"potions_floor_spawned":[3,7,8,11],"killed_by":"Gremlin Nob","ascension_level":20}}