{"host":"dhlnk6yox2l1s6up","time":1612753131,"event":{"mods":["BaseMod","Minty Spire (QoL Compilation)","Relic Stats","StSLib","ojb\u0027s Info Mod"],"gold_per_floor":[112,112,112,129,142,177,177,511,511,686,686,686,686,163,163,268,268,288,86,86,11,21,21,52,87,87,113,141,156,181,194,194,307,319,343,407,433,189,1188,1188,1188,922,922,956,975,994,1004,1030,1030,1030,1030,1030,469,504,504],"floor_reached":56,"language":"ENG","playtime":23927,"items_purged":["Strike_B","Strike_B","Defend_B","Normality","Defend_B"],"score":2026,"play_id":"cf5181fb-b69f-41c2-914e-00c0c961bb64","local_time":"20210207205851","is_ascension_mode":true,"campfire_choices":[{"data":"Sunder","floor":7.0,"key":"SMITH"},{"data":"Beam Cell","floor":11.0,"key":"SMITH"},{"data":"Self Repair","floor":13.0,"key":"SMITH"},{"data":"Cold Snap","floor":15.0,"key":"SMITH"},{"data":"Hyperbeam","floor":23.0,"key":"SMITH"},{"floor":32.0,"key":"DIG"},{"floor":41.0,"key":"RECALL"},{"data":"Normality","floor":49,"key":"PURGE"},{"floor":52,"key":"DIG"}],"circlet_count":0,"master_deck":["AscendersBane","Defend_B+1","Defend_B+1","Zap","Dualcast","Cold Snap+1","Self Repair+1","Beam Cell+1","Sunder+1","Cold Snap","Compile Driver","Master of Strategy","Self Repair","Hyperbeam+1","Beam Cell+1","Aggregate","Compile Driver","Coolheaded+1","Loop+1","Conserve Battery+1","Reprogram+1","Capacitor","Coolheaded","Biased Cognition","Ball Lightning+1","Echo Form","Doom and Gloom+1","Conserve Battery+1","Rip and Tear","Hologram+1","Skim+1","Loop","Madness","Madness","Capacitor","Defragment","Conserve Battery+1","Force Field+1","Creative AI","Static Discharge+1","Coolheaded+1","Apotheosis","Coolheaded","Storm","Aggregate"],"relics":["Coffee Dripper","Prayer Wheel","Toy Ornithopter","Old Coin","Cables","Membership Card","WingedGreaves","Black Star","OrangePellets","War Paint","Anchor","StoneCalendar","Torii","Turnip","Shovel","Potion Belt","Lantern","Peace Pipe","Ice Cream","Orichalcum","Dead Branch","MawBank","SacredBark","Emotion Chip","Medical Kit","Strawberry","ClockworkSouvenir","Oddly Smooth Stone","Letter Opener","Ornamental Fan","PreservedInsect","Question Card","Bottled Lightning","Nunchaku","HornCleat","TheAbacus","Kunai","Pantograph"],"acts_visited":["Exordium","TheCity","TheBeyond","TheEnding"],"potions_floor_usage":[48,50,54,54,55,55,55],"damage_taken":[{"damage":4.0,"enemies":"Cultist","floor":1.0,"turns":5.0},{"damage":0.0,"enemies":"Jaw Worm","floor":4.0,"turns":5.0},{"damage":0.0,"enemies":"2 Louse","floor":5.0,"turns":4.0},{"damage":21.0,"enemies":"Lagavulin","floor":6.0,"turns":6.0},{"damage":26.0,"enemies":"Gremlin Nob","floor":8.0,"turns":5.0},{"damage":19.0,"enemies":"The Guardian","floor":16.0,"turns":10.0},{"damage":3.0,"enemies":"3 Byrds","floor":18.0,"turns":5.0},{"damage":19.0,"enemies":"Spheric Guardian","floor":22.0,"turns":5.0},{"damage":35.0,"enemies":"Gremlin Leader","floor":24.0,"turns":6.0},{"damage":10.0,"enemies":"Book of Stabbing","floor":25.0,"turns":5.0},{"damage":7.0,"enemies":"Slavers","floor":27.0,"turns":4.0},{"damage":41.0,"enemies":"Book of Stabbing","floor":28.0,"turns":6.0},{"damage":1.0,"enemies":"Snake Plant","floor":29.0,"turns":3.0},{"damage":15.0,"enemies":"Slavers","floor":30.0,"turns":7.0},{"damage":1.0,"enemies":"Centurion and Healer","floor":31.0,"turns":5.0},{"damage":0.0,"enemies":"Champ","floor":33.0,"turns":10.0},{"damage":0.0,"enemies":"3 Shapes","floor":35.0,"turns":3.0},{"damage":24.0,"enemies":"2 Orb Walkers","floor":36.0,"turns":4.0},{"damage":19.0,"enemies":"Orb Walker","floor":37.0,"turns":3.0},{"damage":7.0,"enemies":"Giant Head","floor":44.0,"turns":6.0},{"damage":1.0,"enemies":"Spire Growth","floor":45.0,"turns":3.0},{"damage":12,"enemies":"Sphere and 2 Shapes","floor":46,"turns":4},{"damage":1,"enemies":"Jaw Worm Horde","floor":47,"turns":5},{"damage":10,"enemies":"Reptomancer","floor":48,"turns":9},{"damage":15,"enemies":"Awakened One","floor":50,"turns":14},{"damage":9,"enemies":"Shield and Spear","floor":54,"turns":4},{"damage":1,"enemies":"The Heart","floor":55,"turns":8}],"seed_played":"8255973225410198409","potions_obtained":[{"floor":6.0,"key":"Weak Potion"},{"floor":16.0,"key":"FocusPotion"},{"floor":28.0,"key":"Block Potion"},{"floor":30.0,"key":"BlessingOfTheForge"},{"floor":33.0,"key":"Block Potion"},{"floor":35.0,"key":"CultistPotion"},{"floor":37.0,"key":"AttackPotion"},{"floor":44.0,"key":"Block Potion"},{"floor":46,"key":"SkillPotion"},{"floor":48,"key":"SkillPotion"}],"is_trial":false,"path_per_floor":["M","?","T","M","M","E","R","E","T","?","R","?","R","$","R","B",null,"M","$","?","?","M","R","E","E","T","E","E","M","E","M","R","B",null,"M","?","M","$","?","?","R","$","T","E","M","M","M","E","R","B",null,"R","$","E","B",null],"character_chosen":"DEFECT","items_purchased":["Membership Card","WingedGreaves","Master of Strategy","FearPotion","Energy Potion","Self Repair","OrangePellets","War Paint","Medical Kit","Strawberry","Loop","ClockworkSouvenir","Oddly Smooth Stone","DistilledChaos","Apotheosis","Nunchaku","HornCleat","TheAbacus","Swift Potion","Fire Potion","Coolheaded","Storm"],"campfire_rested":0,"item_purchase_floors":[14,14,14,14,14,14,19,19,38,38,38,42,42,42,53,53,53,53,53,53,53,53],"current_hp_per_floor":[64,57,57,57,64,50,50,36,36,36,36,36,36,36,36,34,65,75,75,75,75,73,73,60,67,67,75,51,67,74,75,75,75,75,75,68,59,66,66,56,56,56,56,81,80,82,82,82,82,82,82,82,82,82,82],"gold":504,"neow_bonus":"BOSS_RELIC","is_daily":false,"chose_seed":false,"campfire_upgraded":5,"win_rate":0.0,"timestamp":1612753131,"path_taken":["M","?","?","M","M","E","R","E","T","?","R","?","R","$","R","BOSS","M","$","?","?","M","R","E","E","T","E","E","M","E","M","R","BOSS","M","?","M","$","?","?","R","$","T","E","?","M","M","E","R","BOSS","R","$","E","BOSS"],"items_purchased_type":["Relic","Relic","Card","Potion","Potion","Card","Relic","Relic","Relic","Relic","Card","Relic","Relic","Potion","Card","Relic","Relic","Relic","Potion","Potion","Card","Card"],"build_version":"2020-12-22","purchased_purges":5,"victory":true,"max_hp_per_floor":[75,75,75,75,75,75,75,75,75,75,75,75,75,75,75,75,75,75,75,75,75,75,75,75,75,75,75,75,75,75,75,75,75,75,75,75,75,82,82,82,82,82,82,82,82,82,82,82,82,82,82,82,82,82,82],"relic_stats":{"Torii":36,"StoneCalendar":[189],"Emotion Chip":[33,18,11,3,1],"Nunchaku":[2],"Shovel":2,"TheAbacus":[6],"Pantograph":0,"Prayer Wheel":11,"Kunai":[4],"counters":[27,154],"Dead Branch":[45],"PreservedInsect":77,"Letter Opener":[232],"War Paint":["Defend_B","Defend_B"],"Orichalcum":[30],"MawBank":72,"Medical Kit":[3],"Question Card":1,"Cables":[114,41,63,10,0],"Peace Pipe":1,"OrangePellets":[21],"Ornamental Fan":[84],"Turnip":[15],"Black Star":8,"obtain_stats":[{"Ice Cream":28,"Lantern":27,"Torii":25,"SacredBark":34,"StoneCalendar":24,"Old Coin":8,"ClockworkSouvenir":42,"Emotion Chip":36,"Nunchaku":53,"Shovel":26,"HornCleat":53,"TheAbacus":53,"Strawberry":38,"Pantograph":54,"Prayer Wheel":3,"WingedGreaves":14,"Kunai":54,"Cracked Core":0,"Potion Belt":27,"Dead Branch":30,"Oddly Smooth Stone":42,"PreservedInsect":48,"Letter Opener":44,"War Paint":19,"Orichalcum":30,"MawBank":32,"Medical Kit":38,"Question Card":48,"Cables":9,"Peace Pipe":28,"OrangePellets":19,"Anchor":24,"Ornamental Fan":44,"Turnip":25,"Coffee Dripper":0,"Black Star":17,"Membership Card":14,"Bottled Lightning":52,"Toy Ornithopter":6},{"Ice Cream":12,"Lantern":11,"Torii":10,"SacredBark":16,"StoneCalendar":9,"Old Coin":5,"ClockworkSouvenir":19,"Emotion Chip":18,"Nunchaku":25,"Shovel":10,"HornCleat":25,"TheAbacus":25,"Strawberry":19,"Pantograph":26,"Prayer Wheel":1,"WingedGreaves":5,"Kunai":26,"Cracked Core":0,"Potion Belt":11,"Dead Branch":14,"Oddly Smooth Stone":19,"PreservedInsect":24,"Letter Opener":20,"War Paint":7,"Orichalcum":14,"MawBank":15,"Medical Kit":19,"Question Card":24,"Cables":5,"Peace Pipe":12,"OrangePellets":7,"Anchor":9,"Ornamental Fan":20,"Turnip":10,"Coffee Dripper":0,"Black Star":6,"Membership Card":5,"Bottled Lightning":25,"Toy Ornithopter":4},{"Ice Cream":66,"Lantern":60,"Torii":56,"SacredBark":91,"StoneCalendar":51,"Old Coin":25,"ClockworkSouvenir":101,"Emotion Chip":98,"Nunchaku":142,"Shovel":56,"HornCleat":142,"TheAbacus":142,"Strawberry":101,"Pantograph":146,"Prayer Wheel":5,"WingedGreaves":25,"Kunai":146,"Cracked Core":0,"Potion Belt":60,"Dead Branch":76,"Oddly Smooth Stone":101,"PreservedInsect":128,"Letter Opener":107,"War Paint":40,"Orichalcum":76,"MawBank":81,"Medical Kit":101,"Question Card":128,"Cables":25,"Peace Pipe":66,"OrangePellets":40,"Anchor":51,"Ornamental Fan":107,"Turnip":56,"Coffee Dripper":0,"Black Star":35,"Membership Card":25,"Bottled Lightning":142,"Toy Ornithopter":20}],"Toy Ornithopter":36},"card_choices":[{"not_picked":["Sweeping Beam","Undo"],"picked":"Cold Snap","floor":1.0},{"not_picked":["Steam","Ball Lightning"],"picked":"Self Repair","floor":4.0},{"not_picked":["Turbo","Undo"],"picked":"Beam Cell","floor":4.0},{"not_picked":["Rip and Tear","All For One"],"picked":"Sunder","floor":5.0},{"not_picked":["Streamline","Barrage","Beam Cell"],"picked":"SKIP","floor":5.0},{"not_picked":["Coolheaded","Blizzard"],"picked":"Cold Snap","floor":6.0},{"not_picked":["Streamline","Stack"],"picked":"Compile Driver","floor":8.0},{"not_picked":["Creative AI","Fission"],"picked":"Hyperbeam","floor":16.0},{"not_picked":["Stack","Darkness"],"picked":"Beam Cell+1","floor":18.0},{"not_picked":["Ball Lightning","Redo+1"],"picked":"Aggregate","floor":18.0},{"not_picked":["Fusion","Stack+1"],"picked":"Compile Driver","floor":22.0},{"not_picked":["Beam Cell","Barrage","Turbo"],"picked":"SKIP","floor":22.0},{"not_picked":["Fission","Gash"],"picked":"Coolheaded+1","floor":24.0},{"not_picked":["Turbo+1","Coolheaded"],"picked":"Loop+1","floor":25.0},{"not_picked":["Ball Lightning+1","Redo+1"],"picked":"Conserve Battery+1","floor":27.0},{"not_picked":["Static Discharge+1","Scrape"],"picked":"Reprogram+1","floor":28.0},{"not_picked":["Loop","Turbo"],"picked":"Capacitor","floor":29.0},{"not_picked":["Cold Snap","Gash","Turbo+1"],"picked":"SKIP","floor":29.0},{"not_picked":["Beam Cell","Barrage+1"],"picked":"Coolheaded","floor":30.0},{"not_picked":["Turbo","Conserve Battery"],"picked":"Biased Cognition","floor":31.0},{"not_picked":["FTL","Hello World"],"picked":"Ball Lightning+1","floor":31.0},{"not_picked":["Amplify","Hyperbeam"],"picked":"Echo Form","floor":33.0},{"not_picked":["Defragment+1","Undo"],"picked":"Doom and Gloom+1","floor":35.0},{"not_picked":["Streamline+1","Compile Driver"],"picked":"Conserve Battery+1","floor":35.0},{"not_picked":["Rebound","Ball Lightning+1"],"picked":"Rip and Tear","floor":36.0},{"not_picked":["Blizzard+1","Streamline"],"picked":"Hologram+1","floor":37.0},{"not_picked":["Static Discharge+1","Consume+1"],"picked":"Skim+1","floor":37.0},{"not_picked":["Beam Cell","Rebound"],"picked":"Capacitor","floor":44.0},{"not_picked":["Loop","Chaos"],"picked":"Defragment","floor":45.0},{"not_picked":["Stack+1","Streamline+1"],"picked":"Conserve Battery+1","floor":45.0},{"not_picked":["Static Discharge+1","Hologram"],"picked":"Force Field+1","floor":46},{"not_picked":["Go for the Eyes","Gash+1"],"picked":"Creative AI","floor":46},{"not_picked":["Compile Driver","Gash+1"],"picked":"Static Discharge+1","floor":47},{"not_picked":["Storm","Leap","Turbo+1"],"picked":"SKIP","floor":47},{"not_picked":["Scrape+1","Reboot"],"picked":"Coolheaded+1","floor":48},{"not_picked":["Barrage","Blizzard+1","Multi-Cast"],"picked":"Aggregate","floor":54}],"player_experience":6137716,"relics_obtained":[{"floor":3.0,"key":"Prayer Wheel"},{"floor":6.0,"key":"Toy Ornithopter"},{"floor":8.0,"key":"Old Coin"},{"floor":9.0,"key":"Cables"},{"floor":24.0,"key":"Anchor"},{"floor":24.0,"key":"StoneCalendar"},{"floor":25.0,"key":"Torii"},{"floor":25.0,"key":"Turnip"},{"floor":26.0,"key":"Shovel"},{"floor":27.0,"key":"Potion Belt"},{"floor":27.0,"key":"Lantern"},{"floor":28.0,"key":"Peace Pipe"},{"floor":28.0,"key":"Ice Cream"},{"floor":30.0,"key":"Orichalcum"},{"floor":30.0,"key":"Dead Branch"},{"floor":32.0,"key":"MawBank"},{"floor":36.0,"key":"Emotion Chip"},{"floor":44.0,"key":"Letter Opener"},{"floor":44.0,"key":"Ornamental Fan"},{"floor":48,"key":"PreservedInsect"},{"floor":48,"key":"Question Card"},{"floor":52,"key":"Bottled Lightning"},{"floor":54,"key":"Kunai"},{"floor":54,"key":"Pantograph"}],"event_choices":[{"cards_removed":["Strike_B"],"damage_healed":0.0,"max_hp_gain":0.0,"max_hp_loss":0.0,"gold_gain":0.0,"event_name":"Golden Wing","player_choice":"Card Removal","floor":2.0,"gold_loss":0.0,"damage_taken":7.0},{"damage_healed":0.0,"max_hp_gain":0.0,"max_hp_loss":0.0,"gold_gain":175.0,"event_name":"Liars Game","player_choice":"AGREE","floor":10.0,"gold_loss":0.0,"damage_taken":0.0,"cards_obtained":["Doubt"]},{"cards_removed":["Doubt"],"damage_healed":0.0,"max_hp_gain":0.0,"max_hp_loss":0.0,"gold_gain":0.0,"event_name":"Fountain of Cleansing","player_choice":"Removed Curses","floor":12.0,"gold_loss":0.0,"damage_taken":0.0},{"damage_healed":0.0,"max_hp_gain":0.0,"max_hp_loss":0.0,"gold_gain":0.0,"event_name":"Vampires","player_choice":"Ignored","floor":20.0,"gold_loss":0.0,"damage_taken":0.0},{"cards_removed":["Strike_B"],"damage_healed":0.0,"max_hp_gain":0.0,"max_hp_loss":0.0,"gold_gain":0.0,"event_name":"Beggar","player_choice":"Gave Gold","floor":21.0,"gold_loss":75.0,"damage_taken":0.0},{"damage_healed":0.0,"max_hp_gain":0.0,"max_hp_loss":0.0,"gold_gain":0.0,"event_name":"Mysterious Sphere","player_choice":"Fight","floor":36.0,"gold_loss":0.0,"damage_taken":0.0},{"damage_healed":0.0,"max_hp_gain":0.0,"max_hp_loss":0.0,"gold_gain":999.0,"event_name":"MindBloom","player_choice":"Gold","floor":39.0,"gold_loss":0.0,"damage_taken":0.0,"cards_obtained":["Normality","Normality"]},{"damage_healed":0.0,"max_hp_gain":0.0,"max_hp_loss":0.0,"gold_gain":0.0,"event_name":"Winding Halls","player_choice":"Embrace Madness","floor":40.0,"gold_loss":0.0,"damage_taken":10.0,"cards_obtained":["Madness","Madness"]}],"is_beta":false,"boss_relics":[{"not_picked":["Nuclear Battery","Empty Cage"],"picked":"Black Star"},{"not_picked":["Philosopher\u0027s Stone","Cursed Key"],"picked":"SacredBark"}],"items_purged_floors":[14,19,38,42,53],"is_endless":false,"potions_floor_spawned":[6,16,18,28,30,33,35,37,44,46,48],"ascension_level":10}}