{"host":"7f01flv6y0vhl3vt","time":1612752006,"event":{"mods":["Act Like it!","BaseMod","Downfall","Minty Spire (QoL Compilation)","StSLib"],"gold_per_floor":[99,111,111,124,138,38,38,58,58,58,58,78,78,78,91,189,189,89,106,121,7,57,107,107,107,107,107],"floor_reached":25,"language":"ENG","playtime":2940,"items_purged":["hexamod:Strike"],"score":216,"play_id":"e538623c-9d25-4dfd-818c-a439d1a5005c","local_time":"20210207214006","is_ascension_mode":false,"campfire_choices":[{"floor":1,"key":"RECALL"},{"floor":6,"key":"REST"},{"data":"hexamod:SpectralSpark","floor":9,"key":"SMITH"},{"data":"hexamod:EtherealExpedition","floor":11,"key":"SMITH"},{"data":"hexamod:ApocalypticArmor","floor":13,"key":"SMITH"},{"data":"hexamod:TurnItUp","floor":18,"key":"SMITH"}],"circlet_count":0,"master_deck":["hexamod:Strike","hexamod:Strike","hexamod:Strike","hexamod:Defend","hexamod:Defend","hexamod:Defend","hexamod:Defend","hexamod:Sear","hexamod:Float","hexamod:SpectralSpark+1","hexamod:EtherealExpedition+1","hexamod:ThirdSeal","hexamod:NecessarySacrifice","hexamod:PhantomFireball","hexamod:ApocalypticArmor+1","hexamod:NecessarySacrifice","hexamod:PhantomCloak","hexamod:Haunt","hexamod:TurnItUp+1","hexamod:TimeOfNeed","hexamod:FourthSeal","hexamod:ShieldOfDarkness+1","hexamod:SpectralSpark+1","hexamod:HeatShield+1","hexamod:Toasty","hexamod:GhostShield","Pride"],"relics":["hexamod:SpiritBrand","Slimebound:PreparedRelic","downfall:HeartBlessingRed","SsserpentHead","SlaversCollar","downfall:HeartBlessingBlue","Centennial Puzzle","White Beast Statue"],"acts_visited":["Exordium","TheCity"],"potions_floor_usage":[2,5,5,16,16,20,25,25,25,25,25],"damage_taken":[{"damage":14,"enemies":"Jaw Worm","floor":2,"turns":3},{"damage":0,"enemies":"Small Slimes","floor":4,"turns":3},{"damage":14,"enemies":"2 Louse","floor":5,"turns":3},{"damage":6,"enemies":"Exordium Thugs","floor":8,"turns":5},{"damage":0,"enemies":"3 Louse","floor":12,"turns":2},{"damage":3,"enemies":"Exordium Wildlife","floor":15,"turns":3},{"damage":34,"enemies":"IC_STATUS_ARCHETYPE","floor":16,"turns":8},{"damage":45,"enemies":"Shell Parasite","floor":19,"turns":6},{"damage":25,"enemies":"Chosen","floor":20,"turns":5},{"damage":0,"enemies":"downfall:FleeingMerchant","floor":21,"turns":4},{"damage":20,"enemies":"Shelled Parasite and Fungi","floor":25,"turns":2}],"seed_played":"-2795868356253359588","potions_obtained":[{"floor":0,"key":"bronze:BurnAndBuffPotion"},{"floor":0,"key":"Regen Potion"},{"floor":0,"key":"CultistPotion"},{"floor":2,"key":"GamblersBrew"},{"floor":15,"key":"champ:CounterPotion"},{"floor":16,"key":"ColorlessPotion"},{"floor":20,"key":"Slimebound:ThreeZeroPotion"},{"floor":20,"key":"EntropicBrew"}],"is_trial":false,"path_per_floor":["R","M","?","M","M","R","T","M","R","?","R","M","R","?","M","B",null,"R","M","M","$","?","?","T","M"],"character_chosen":"THE_SPIRIT","items_purchased":["hexamod:GhostShield"],"campfire_rested":1,"item_purchase_floors":[21],"current_hp_per_floor":[70,56,53,53,44,65,65,59,59,64,64,64,64,64,61,27,75,85,40,15,15,15,15,15,0,0,0],"gold":107,"neow_bonus":"THREE_SMALL_POTIONS","is_daily":false,"chose_seed":false,"campfire_upgraded":4,"win_rate":0.0,"timestamp":1612752006,"path_taken":["R","M","?","M","M","R","T","M","R","?","R","M","R","?","M","BOSS","R","M","M","$","?","?","T","M"],"items_purchased_type":["Card"],"build_version":"2020-12-22","purchased_purges":1,"victory":false,"max_hp_per_floor":[70,70,70,70,70,70,70,70,70,75,75,75,75,75,75,75,75,85,85,85,85,85,85,85,85,85,85],"card_choices":[{"not_picked":["hexamod:HauntingEcho","hexamod:NightmareGuise"],"picked":"hexamod:SpectralSpark","floor":2},{"not_picked":["hexamod:InspiringFlames","hexamod:StepThrough"],"picked":"hexamod:EtherealExpedition","floor":4},{"not_picked":["hexamod:ShieldOfDarkness","hexamod:SuperheatedStrike"],"picked":"hexamod:ThirdSeal","floor":5},{"not_picked":["hexamod:GhostLash","hexamod:DynamicBlow"],"picked":"hexamod:NecessarySacrifice","floor":8},{"not_picked":["hexamod:BacktrackSmack","hexamod:FlamesFromBeyond"],"picked":"hexamod:PhantomFireball","floor":8},{"not_picked":["hexamod:Haunt","hexamod:DynamicBlow"],"picked":"hexamod:ApocalypticArmor","floor":12},{"not_picked":["hexamod:ThermalTransfer","hexamod:HeatMetal"],"picked":"hexamod:NecessarySacrifice","floor":12},{"not_picked":["hexamod:BacktrackSmack","hexamod:SuperheatedStrike"],"picked":"hexamod:PhantomCloak","floor":15},{"not_picked":["hexamod:GhostShield","hexamod:NightmareStrike"],"picked":"hexamod:Haunt","floor":15},{"not_picked":["hexamod:ParanormalForm","hexamod:UnlimitedPower"],"picked":"hexamod:TurnItUp","floor":16},{"not_picked":["hexamod:SearingWound","hexamod:FifthSeal"],"picked":"hexamod:TimeOfNeed","floor":16},{"not_picked":["hexamod:SoulSteal","hexamod:FastForward"],"picked":"hexamod:FourthSeal","floor":19},{"not_picked":["hexamod:FastForward","hexamod:NightmareStrike"],"picked":"hexamod:ShieldOfDarkness+1","floor":19},{"not_picked":["hexamod:Hexaguard","hexamod:HeatShield"],"picked":"hexamod:SpectralSpark+1","floor":20},{"not_picked":["hexamod:ThermalTransfer+1","hexamod:ShieldOfDarkness+1"],"picked":"hexamod:HeatShield+1","floor":20},{"not_picked":["hexamod:StepThrough","hexamod:SpectersWail"],"picked":"hexamod:Toasty","floor":21}],"player_experience":1641607,"relics_obtained":[{"floor":24,"key":"White Beast Statue"}],"event_choices":[{"damage_healed":0,"gold_gain":0,"player_choice":"Success","damage_taken":3,"relics_obtained":["Slimebound:PreparedRelic"],"max_hp_gain":0,"max_hp_loss":0,"event_name":"Scrap Ooze","floor":3,"gold_loss":0},{"damage_healed":0,"gold_gain":0,"player_choice":"Donut","damage_taken":0,"max_hp_gain":5,"max_hp_loss":0,"event_name":"Big Fish","floor":10,"gold_loss":0},{"damage_healed":0,"gold_gain":0,"player_choice":"Trade","damage_taken":0,"relics_obtained":["SsserpentHead"],"max_hp_gain":0,"max_hp_loss":0,"event_name":"FaceTrader","floor":14,"gold_loss":0},{"damage_healed":0,"gold_gain":0,"player_choice":"Stole Relic","damage_taken":0,"relics_obtained":["Centennial Puzzle"],"max_hp_gain":0,"max_hp_loss":0,"event_name":"Addict","floor":23,"gold_loss":0,"cards_obtained":["Pride"]}],"is_beta":false,"boss_relics":[{"not_picked":["SacredBark","Busted Crown"],"picked":"SlaversCollar"}],"items_purged_floors":[21],"is_endless":false,"potions_floor_spawned":[2,15,16,20],"killed_by":"Shelled Parasite and Fungi","ascension_level":0}}