{"host":"m4pe905ae9bldoe7","time":1612807085,"event":{"mods":["BaseMod","Bestiary","Block Reminder","Downfall","Minty Spire (QoL Compilation)","StSLib"],"gold_per_floor":[116,116,191,206,223,251,251,285,309,336,336,365,18,48,48,122,122,139,139,139,154,167,196,196,226,250,260,260,287,74,74,74,148,148,158,158,158,172,172,172,182,182,182],"floor_reached":42,"language":"ENG","playtime":2188,"items_purged":["Strike_R"],"score":926,"play_id":"4b00a02e-e8d6-4547-bdf3-14c29ef9f990","local_time":"20210208185805","is_ascension_mode":true,"campfire_choices":[{"data":"Bludgeon","floor":7.0,"key":"SMITH"},{"floor":11.0,"key":"REST"},{"data":"Dual Wield","floor":15.0,"key":"SMITH"},{"data":"Heavy Blade","floor":24.0,"key":"SMITH"},{"data":"Feed","floor":28.0,"key":"SMITH"},{"floor":32,"key":"RECALL"},{"floor":40,"key":"REST"}],"circlet_count":0,"master_deck":["AscendersBane","Strike_R","Strike_R+1","Strike_R+1","Strike_R","Defend_R","Defend_R","Defend_R","Bash","Bludgeon+1","Shrug It Off","Heavy Blade+1","Cleave","Dual Wield+1","Ghostly Armor","Shrug It Off+1","Warcry+1","Shockwave+1","Battle Trance+1","Feed+1","Armaments+1","Spot Weakness+1","Battle Trance+1","Armaments+1","True Grit+1","Bludgeon+1","Exhume+1","Ghostly+1","Ghostly+1","Ghostly+1","Limit Break+1","Bloodletting+1","Double Tap+1","Secret Weapon+1","Trip+1","Seeing Red+1"],"relics":["Burning Blood","PreservedInsect","Juzu Bracelet","Red Skull","Blood Vial","Toxic Egg 2","Whetstone","Lee\u0027s Waffle","Centennial Puzzle","Philosopher\u0027s Stone","Tiny Chest","Molten Egg 2","Toy Ornithopter","Prayer Wheel","Runic Dome"],"acts_visited":["Exordium","TheCity","TheBeyond"],"potions_floor_usage":[33,33],"damage_taken":[{"damage":9.0,"enemies":"Jaw Worm","floor":1.0,"turns":4.0},{"damage":2.0,"enemies":"Small Slimes","floor":4.0,"turns":2.0},{"damage":6.0,"enemies":"2 Louse","floor":5.0,"turns":3.0},{"damage":30.0,"enemies":"Lagavulin","floor":6.0,"turns":4.0},{"damage":27.0,"enemies":"3 Sentries","floor":8.0,"turns":6.0},{"damage":11.0,"enemies":"Lagavulin","floor":10.0,"turns":6.0},{"damage":12.0,"enemies":"3 Sentries","floor":12.0,"turns":6.0},{"damage":17.0,"enemies":"Lagavulin","floor":14.0,"turns":4.0},{"damage":24.0,"enemies":"Slime Boss","floor":16.0,"turns":12.0},{"damage":6.0,"enemies":"Shell Parasite","floor":18.0,"turns":3.0},{"damage":38.0,"enemies":"3 Byrds","floor":21.0,"turns":3.0},{"damage":0.0,"enemies":"Centurion and Healer","floor":22.0,"turns":10.0},{"damage":20.0,"enemies":"Gremlin Leader","floor":23.0,"turns":6.0},{"damage":9.0,"enemies":"Book of Stabbing","floor":25.0,"turns":4.0},{"damage":20.0,"enemies":"Snake Plant","floor":27.0,"turns":4.0},{"damage":28.0,"enemies":"Slavers","floor":29.0,"turns":5.0},{"damage":50,"enemies":"Automaton","floor":33,"turns":12},{"damage":2,"enemies":"3 Darklings","floor":35,"turns":8},{"damage":16,"enemies":"3 Shapes","floor":38,"turns":5},{"damage":13,"enemies":"Writhing Mass","floor":41,"turns":4},{"damage":56,"enemies":"Nemesis","floor":42,"turns":8}],"seed_played":"-8223781561480813946","potions_obtained":[{"floor":4.0,"key":"AttackPotion"},{"floor":5.0,"key":"Swift Potion"},{"floor":6.0,"key":"BloodPotion"},{"floor":12.0,"key":"sneckomod:MuddlingPotion"},{"floor":16.0,"key":"LiquidBronze"},{"floor":18.0,"key":"BloodPotion"},{"floor":22.0,"key":"ElixirPotion"},{"floor":25.0,"key":"Explosive Potion"},{"floor":29.0,"key":"CultistPotion"}],"is_trial":false,"path_per_floor":["M","?","?","M","M","E","R","E","T","E","R","E","$","E","R","B",null,"M","?","?","M","M","E","R","E","T","M","R","E","$","?","R","B",null,"M","?","T","M","?","R","M","E"],"character_chosen":"IRONCLAD","items_purchased":["Lee\u0027s Waffle","Warcry+1","Shockwave+1","Bludgeon+1","Exhume+1"],"campfire_rested":2,"item_purchase_floors":[13,13,13,30,30],"current_hp_per_floor":[65,47,36,40,40,31,31,10,10,7,29,25,82,71,71,55,75,80,80,80,50,62,53,53,55,55,46,46,54,54,51,51,11,44,54,54,54,46,41,58,52,0,0],"gold":182,"neow_bonus":"ONE_RANDOM_RARE_CARD","is_daily":false,"chose_seed":false,"campfire_upgraded":4,"win_rate":0.0,"timestamp":1612807085,"path_taken":["M","?","?","M","M","E","R","E","T","E","R","E","$","E","R","BOSS","M","?","?","M","M","E","R","E","T","M","R","E","?","?","R","BOSS","M","?","?","M","?","R","M","E"],"items_purchased_type":["Relic","Card","Card","Card","Card"],"build_version":"2020-12-22","purchased_purges":1,"victory":false,"max_hp_per_floor":[75,75,75,75,75,75,75,75,75,75,75,75,82,82,82,82,82,85,85,85,85,89,92,92,95,95,98,98,102,102,51,51,55,55,59,59,59,59,59,59,59,59,59],"card_choices":[{"not_picked":["Intimidate","Flame Barrier"],"picked":"Shrug It Off","floor":1.0},{"not_picked":["Combust","Clothesline"],"picked":"Heavy Blade","floor":4.0},{"not_picked":["Reckless Charge","Havoc"],"picked":"Cleave","floor":5.0},{"not_picked":["Impervious","Berserk"],"picked":"Dual Wield","floor":6.0},{"not_picked":["Shrug It Off","Second Wind"],"picked":"Ghostly Armor","floor":8.0},{"not_picked":["Twin Strike","Combust","Sever Soul"],"picked":"SKIP","floor":10.0},{"not_picked":["Cleave","Brutality"],"picked":"Shrug It Off+1","floor":12.0},{"not_picked":["Headbutt","Metallicize"],"picked":"Battle Trance+1","floor":14.0},{"not_picked":["Impervious+1","Brutality"],"picked":"Feed","floor":16.0},{"not_picked":["Fire Breathing+1","Searing Blow"],"picked":"Armaments+1","floor":18.0},{"not_picked":["Inflame","Body Slam"],"picked":"Spot Weakness+1","floor":21.0},{"not_picked":["Wild Strike","Clash","Reckless Charge"],"picked":"SKIP","floor":22.0},{"not_picked":["Shrug It Off+1","Infernal Blade+1"],"picked":"Battle Trance+1","floor":23.0},{"not_picked":["Ghostly Armor+1","Searing Blow+1"],"picked":"Armaments+1","floor":25.0},{"not_picked":["Warcry+1","Body Slam+1"],"picked":"True Grit+1","floor":27.0},{"not_picked":["Entrench+1","Hemokinesis+1","Uppercut+1"],"picked":"SKIP","floor":29.0},{"not_picked":["Demon Form","Berserk"],"picked":"Limit Break+1","floor":33},{"not_picked":["Shrug It Off+1","Power Through+1"],"picked":"Bloodletting+1","floor":35},{"not_picked":["Twin Strike+1","Uppercut+1","Thunderclap+1"],"picked":"SKIP","floor":35},{"not_picked":["Warcry+1","Thunderclap+1"],"picked":"Double Tap+1","floor":38},{"not_picked":["Combust","Cleave+1","Iron Wave+1"],"picked":"SKIP","floor":38},{"not_picked":["Finesse+1","Good Instincts+1"],"picked":"Secret Weapon+1","floor":39},{"not_picked":["Flash of Steel+1","HandOfGreed+1"],"picked":"Trip+1","floor":39},{"not_picked":["Evolve","Warcry+1"],"picked":"Seeing Red+1","floor":41},{"not_picked":["Cleave+1","Reckless Charge+1","Warcry+1"],"picked":"SKIP","floor":41}],"player_experience":533488,"relics_obtained":[{"floor":6.0,"key":"Juzu Bracelet"},{"floor":8.0,"key":"Red Skull"},{"floor":9.0,"key":"Blood Vial"},{"floor":10.0,"key":"Toxic Egg 2"},{"floor":12.0,"key":"Whetstone"},{"floor":14.0,"key":"Centennial Puzzle"},{"floor":23.0,"key":"Tiny Chest"},{"floor":25.0,"key":"Molten Egg 2"},{"floor":26.0,"key":"Toy Ornithopter"},{"floor":29.0,"key":"Prayer Wheel"}],"event_choices":[{"damage_healed":0.0,"max_hp_gain":0.0,"max_hp_loss":0.0,"gold_gain":0.0,"event_name":"Scrap Ooze","player_choice":"Success","floor":2.0,"gold_loss":0.0,"damage_taken":18.0,"relics_obtained":["PreservedInsect"]},{"damage_healed":0.0,"max_hp_gain":0.0,"max_hp_loss":0.0,"gold_gain":75.0,"event_name":"World of Goop","player_choice":"Gather Gold","floor":3.0,"gold_loss":0.0,"damage_taken":11.0},{"damage_healed":0.0,"max_hp_gain":0.0,"max_hp_loss":0.0,"gold_gain":0.0,"event_name":"Vampires","player_choice":"Ignored","floor":19.0,"gold_loss":0.0,"damage_taken":0.0},{"damage_healed":0.0,"max_hp_gain":0.0,"max_hp_loss":0.0,"gold_gain":0.0,"event_name":"Beggar","player_choice":"Ignored","floor":20.0,"gold_loss":0.0,"damage_taken":0.0},{"damage_healed":0,"gold_gain":0,"player_choice":"Became a Ghost","damage_taken":0,"max_hp_gain":0,"max_hp_loss":51,"event_name":"Ghosts","floor":31,"gold_loss":0,"cards_obtained":["Ghostly","Ghostly","Ghostly"]},{"cards_removed":["Defend_R"],"damage_healed":0,"gold_gain":0,"player_choice":"Removed Skill","damage_taken":0,"max_hp_gain":0,"max_hp_loss":0,"event_name":"Falling","floor":36,"gold_loss":0},{"damage_healed":0,"gold_gain":0,"player_choice":"Memory 2","damage_taken":5,"max_hp_gain":0,"max_hp_loss":0,"event_name":"SensoryStone","floor":39,"gold_loss":0}],"is_beta":false,"boss_relics":[{"not_picked":["Black Star","Ectoplasm"],"picked":"Philosopher\u0027s Stone"},{"not_picked":["SacredBark","Pandora\u0027s Box"],"picked":"Runic Dome"}],"items_purged_floors":[13],"is_endless":false,"potions_floor_spawned":[4,5,6,12,16,18,22,25,29],"killed_by":"Nemesis","ascension_level":15}}