{"host":"sc1hixkxd1yg22vf","time":1612827656,"event":{"mods":["AchievementEnabler","BaseMod","Bestiary","Colored Map","Hermit","Minty Spire (QoL Compilation)","Quick Restart","Rare Cards Sparkle","StSLib"],"gold_per_floor":[119,130,144,144,69,69,98,48,48,65,93,93,104,104,104,205,205,224,72,82,99,115,144,162,162,162,162,190,190,190,223,223,325,325,344,344,357,89,102,135,135,135,135,135,135],"floor_reached":44,"language":"ENG","playtime":2151,"items_purged":["hermit:Defend_Hermit","hermit:Strike_Hermit","hermit:Strike_Hermit"],"score":598,"play_id":"dfb7e395-6103-4c64-b9ed-53a1fe912b91","local_time":"20210208191056","is_ascension_mode":false,"campfire_choices":[{"data":"hermit:Determination","floor":6,"key":"SMITH"},{"data":"hermit:Determination","floor":12,"key":"SMITH"},{"data":"hermit:HoleUp","floor":15,"key":"SMITH"},{"data":"hermit:HoleUp","floor":27,"key":"SMITH"},{"floor":29,"key":"REST"},{"floor":32,"key":"REST"},{"data":"hermit:HeroicBravado","floor":42,"key":"SMITH"}],"circlet_count":0,"master_deck":["hermit:Strike_Hermit","hermit:Strike_Hermit","hermit:Defend_Hermit","hermit:Defend_Hermit","hermit:Defend_Hermit","hermit:Snapshot","hermit:Determination+1","hermit:HoleUp+1","hermit:Determination+1","hermit:Desperado","hermit:Determination","hermit:LuckOfTheDraw","hermit:HeroicBravado+1","hermit:Coalescence","hermit:HoleUp+1","hermit:Coalescence"],"relics":["Velvet Choker","Ice Cream","InkBottle","Odd Mushroom","Sozu","Akabeko","Bottled Tornado","HornCleat","Meat on the Bone","Black Star","Happy Flower","Shovel","Shuriken","StrikeDummy"],"acts_visited":["Exordium","TheCity","TheBeyond"],"potions_floor_usage":[7,13,14,22],"damage_taken":[{"damage":1,"enemies":"Jaw Worm","floor":1,"turns":3},{"damage":3,"enemies":"Small Slimes","floor":2,"turns":3},{"damage":0,"enemies":"2 Louse","floor":3,"turns":3},{"damage":9,"enemies":"3 Sentries","floor":7,"turns":6},{"damage":6,"enemies":"Large Slime","floor":10,"turns":5},{"damage":4,"enemies":"The Mushroom Lair","floor":11,"turns":4},{"damage":1,"enemies":"3 Louse","floor":13,"turns":3},{"damage":0,"enemies":"Lots of Slimes","floor":14,"turns":1},{"damage":0,"enemies":"Slime Boss","floor":16,"turns":6},{"damage":1,"enemies":"3 Byrds","floor":18,"turns":5},{"damage":6,"enemies":"Chosen","floor":20,"turns":3},{"damage":1,"enemies":"Centurion and Healer","floor":21,"turns":4},{"damage":2,"enemies":"Snecko","floor":22,"turns":4},{"damage":10,"enemies":"Gremlin Leader","floor":23,"turns":6},{"damage":0,"enemies":"Cultist and Chosen","floor":24,"turns":5},{"damage":30,"enemies":"Book of Stabbing","floor":28,"turns":5},{"damage":18,"enemies":"Gremlin Leader","floor":31,"turns":6},{"damage":0,"enemies":"Champ","floor":33,"turns":8},{"damage":11,"enemies":"3 Shapes","floor":35,"turns":4},{"damage":13,"enemies":"3 Darklings","floor":37,"turns":6},{"damage":9,"enemies":"Transient","floor":39,"turns":5},{"damage":29,"enemies":"Giant Head","floor":40,"turns":8},{"damage":41,"enemies":"Nemesis","floor":44,"turns":6}],"seed_played":"-5916184735840971775","potions_obtained":[{"floor":1,"key":"Fire Potion"},{"floor":3,"key":"SmokeBomb"},{"floor":10,"key":"Block Potion"},{"floor":13,"key":"SneckoOil"}],"is_trial":false,"path_per_floor":["M","M","M","?","$","R","E","?","T","M","?","R","M","M","R","B",null,"M","$","M","M","M","E","M","?","T","R","E","R","?","E","R","B",null,"M","?","M","$","M","E","?","R","T","E"],"character_chosen":"HERMIT","items_purchased":["hermit:Coalescence","Happy Flower"],"campfire_rested":2,"item_purchase_floors":[19,38],"current_hp_per_floor":[74,71,71,68,68,68,59,59,59,53,49,49,48,48,48,48,75,74,74,68,67,65,55,55,55,55,55,25,47,33,15,39,51,80,69,69,56,56,47,30,35,35,35,0,0],"gold":135,"neow_bonus":"BOSS_RELIC","is_daily":false,"chose_seed":false,"campfire_upgraded":5,"win_rate":0.0,"timestamp":1612827656,"path_taken":["M","M","M","?","$","R","E","?","T","M","?","R","M","M","R","BOSS","M","$","M","M","M","E","M","?","T","R","E","R","?","E","R","BOSS","M","?","M","$","M","E","?","R","T","E"],"items_purchased_type":["Card","Relic"],"build_version":"2020-12-22","purchased_purges":3,"victory":false,"max_hp_per_floor":[75,75,75,75,75,75,75,75,75,75,75,75,75,75,75,75,75,75,75,75,75,75,75,75,75,75,75,75,75,80,80,80,80,80,80,76,76,76,76,76,76,76,76,76,76],"card_choices":[{"not_picked":["hermit:Quickdraw","hermit:Virtue"],"picked":"hermit:Determination","floor":1},{"not_picked":["hermit:Feint","hermit:Glare"],"picked":"hermit:HoleUp","floor":2},{"not_picked":["hermit:ItchyTrigger","hermit:Quickdraw"],"picked":"hermit:Coalescence","floor":3},{"not_picked":["hermit:BodyArmor","hermit:Snipe"],"picked":"hermit:Determination","floor":7},{"not_picked":["hermit:Snipe","hermit:Manifest"],"picked":"hermit:Desperado","floor":10},{"not_picked":["hermit:Showdown","hermit:BodyArmor"],"picked":"hermit:Determination","floor":11},{"not_picked":["hermit:Maintenance","hermit:Showdown"],"picked":"hermit:LuckOfTheDraw","floor":13},{"not_picked":["hermit:FatalDesire","hermit:DeadOrAlive"],"picked":"hermit:HeroicBravado","floor":16},{"not_picked":["hermit:WideOpen+1","hermit:Misfire+1","hermit:Vantage"],"picked":"SKIP","floor":18},{"not_picked":["hermit:Cheat+1","hermit:Quickdraw+1","hermit:Enervate"],"picked":"SKIP","floor":20},{"not_picked":["hermit:Manifest","hermit:Scavenge+1","hermit:HighCaliber"],"picked":"SKIP","floor":21},{"not_picked":["hermit:Feint+1","hermit:Quickdraw+1"],"picked":"hermit:HoleUp","floor":22},{"not_picked":["hermit:HoleUp","hermit:FullyLoaded","hermit:Roughhouse"],"picked":"SKIP","floor":23},{"not_picked":["hermit:Quickdraw","hermit:NoHoldsBarred","hermit:EyeOfTheStorm"],"picked":"SKIP","floor":24},{"not_picked":["hermit:Roulette","hermit:Showdown","hermit:BodyArmor+1"],"picked":"SKIP","floor":28},{"not_picked":["hermit:Malice","hermit:Combo"],"picked":"hermit:Coalescence","floor":31},{"not_picked":["hermit:Dive","hermit:Glare","hermit:FlashPowder"],"picked":"SKIP","floor":35},{"not_picked":["hermit:Feint+1","hermit:LuckOfTheDraw","hermit:Dive+1"],"picked":"SKIP","floor":37},{"not_picked":["hermit:Vantage","hermit:Misfire+1","hermit:Headshot+1"],"picked":"SKIP","floor":39},{"not_picked":["hermit:Glare","hermit:Vantage","hermit:Roulette"],"picked":"SKIP","floor":40}],"player_experience":72660,"relics_obtained":[{"floor":7,"key":"InkBottle"},{"floor":11,"key":"Odd Mushroom"},{"floor":23,"key":"Akabeko"},{"floor":26,"key":"Bottled Tornado"},{"floor":28,"key":"HornCleat"},{"floor":31,"key":"Meat on the Bone"},{"floor":40,"key":"Shovel"},{"floor":40,"key":"Shuriken"},{"floor":43,"key":"StrikeDummy"}],"event_choices":[{"damage_healed":0,"gold_gain":0,"player_choice":"Success","damage_taken":3,"relics_obtained":["Ice Cream"],"max_hp_gain":0,"max_hp_loss":0,"event_name":"Scrap Ooze","floor":4,"gold_loss":0},{"cards_removed":["hermit:Covet"],"damage_healed":0,"gold_gain":0,"player_choice":"Card Removal","damage_taken":0,"max_hp_gain":0,"max_hp_loss":0,"event_name":"The Cleric","floor":8,"gold_loss":50},{"damage_healed":0,"gold_gain":0,"player_choice":"Fought Mushrooms","damage_taken":0,"max_hp_gain":0,"max_hp_loss":0,"event_name":"Mushrooms","floor":11,"gold_loss":0},{"damage_healed":0,"gold_gain":0,"player_choice":"Ignored","damage_taken":0,"max_hp_gain":0,"max_hp_loss":0,"event_name":"The Mausoleum","floor":25,"gold_loss":0},{"damage_healed":0,"gold_gain":0,"player_choice":"Shed Blood","damage_taken":19,"max_hp_gain":5,"max_hp_loss":0,"event_name":"Forgotten Altar","floor":30,"gold_loss":0},{"damage_healed":0,"gold_gain":0,"player_choice":"Max HP","damage_taken":0,"max_hp_gain":0,"max_hp_loss":4,"event_name":"Winding Halls","floor":36,"gold_loss":0},{"cards_removed":["hermit:Coalescence"],"damage_healed":5,"gold_gain":0,"player_choice":"Offered Common","damage_taken":0,"max_hp_gain":0,"max_hp_loss":0,"event_name":"Bonfire Elementals","floor":41,"gold_loss":0},{"cards_removed":["hermit:Coalescence"],"damage_healed":5,"gold_gain":0,"player_choice":"Offered Special","damage_taken":0,"max_hp_gain":0,"max_hp_loss":0,"event_name":"Bonfire Elementals","floor":41,"gold_loss":0}],"is_beta":false,"boss_relics":[{"not_picked":["Runic Dome","SacredBark"],"picked":"Sozu"},{"not_picked":["Cursed Key","Pandora\u0027s Box"],"picked":"Black Star"}],"items_purged_floors":[5,19,38],"is_endless":false,"potions_floor_spawned":[1,3,10,13,14,23,24,28,31,33,37,40],"killed_by":"Nemesis","ascension_level":0}}