{"host":"j1qceugmsvfpp1ru","time":1612776238,"event":{"mods":["2.2 Compatiblity","AchievementEnabler","Act Like it!","BaseMod","Bestiary","Better Altar","Better Third Choice","Block Reminder","Bossed Relics","Colored Map","Conspire","Downfall","Elementarium","Highlight Path","Hubris","Infinite Spire","Lobotomy","LobotomyExtend","Marked Mod","Menagerie","Minty Spire (QoL Compilation)","Reliquary","Replay The Spire","Retaliation","Spicy Shops","StSLib","The Alterego","The Animator","Waifu the Spire"],"gold_per_floor":[100,100,116,46,60,45,45,7,7,7,18,53,73,168,185,289,289,289,289,289,301,315,315,315],"floor_reached":23,"language":"ENG","playtime":3303,"items_purged":["Pain"],"score":239,"play_id":"6a901231-da90-4c35-8b2a-094654ff9820","local_time":"20210208182358","daily_mods":["Heirloom","Time Dilation"],"is_ascension_mode":false,"campfire_choices":[{"data":"alterego_mod:BrynhildrsRune","floor":1,"key":"SMITH"},{"data":"alterego_mod:ChallengeComplete","floor":10,"key":"SMITH"},{"data":"alterego_mod:PainIsPleasure","floor":18,"key":"SMITH"}],"circlet_count":0,"master_deck":["alterego_mod:Strike","alterego_mod:Strike","alterego_mod:Strike","alterego_mod:Defend","alterego_mod:Defend","alterego_mod:Defend","alterego_mod:Defend","alterego_mod:Impale","alterego_mod:BigMeatyClaws","alterego_mod:BrynhildrsRune+1","alterego_mod:ChallengeComplete+1","alterego_mod:Bounce","alterego_mod:Schoolgirl+1","alterego_mod:Smother","alterego_mod:Undulate","alterego_mod:BiFurious","alterego_mod:MagicResistance","alterego_mod:Jiggle","alterego_mod:Rip","alterego_mod:DeftHands","alterego_mod:Cooking","ReplayTheSpireMod:Splinters","alterego_mod:IdEs","alterego_mod:BiFurious","alterego_mod:SakuraLabyrinth","alterego_mod:PainIsPleasure+1","alterego_mod:MagicResistance","alterego_mod:SakuraFive"],"relics":["alterego_mod:MasochisticConstitution","Du-Vu Doll","LetterFromLob","ReplayTheSpireMod:CursedCoin","hubris:PeanutButter","Mango","hexamod:BolsterEngine","Black Star","hubris:Towel","RedMistMask"],"acts_visited":["Exordium","TheCity"],"potions_floor_usage":[12,13,16,16,16],"damage_taken":[{"damage":1,"enemies":"2 Louse","floor":3,"turns":5},{"damage":5,"enemies":"downfall:FleeingMerchant","floor":4,"turns":4},{"damage":1,"enemies":"Cultist","floor":5,"turns":5},{"damage":8,"enemies":"downfall:FleeingMerchant","floor":6,"turns":4},{"damage":6,"enemies":"downfall:FleeingMerchant","floor":8,"turns":4},{"damage":6,"enemies":"Small Slimes","floor":11,"turns":6},{"damage":0,"enemies":"Lagavulin","floor":12,"turns":9},{"damage":36,"enemies":"Gremlin Gang","floor":13,"turns":7},{"damage":4,"enemies":"3 Louse","floor":15,"turns":4},{"damage":12,"enemies":"DF_ARCHETYPE_STREAMLINE","floor":16,"turns":8},{"damage":30,"enemies":"Spheric Guardian","floor":21,"turns":10},{"damage":9,"enemies":"Centurion and Healer","floor":22,"turns":9},{"damage":0,"enemies":"3 Cultists","floor":23,"turns":3}],"seed_played":"8763555420077497063","potions_obtained":[{"floor":3,"key":"Strength Potion"},{"floor":9,"key":"PowerPotion"},{"floor":9,"key":"Fire Potion"},{"floor":9,"key":"DuplicationPotion"},{"floor":12,"key":"SkillPotion"},{"floor":13,"key":"Guardian:BlockOnCardUsePotion"},{"floor":22,"key":"champ:CounterPotion"}],"is_trial":true,"path_per_floor":["R","?","M","$","M","$","T","$","?","R","M","E","M","?","M","B",null,"R","?","?","M","M","M"],"character_chosen":"The_Alterego","items_purchased":["ReplayTheSpireMod:CursedCoin","alterego_mod:Schoolgirl+1","alterego_mod:Smother","alterego_mod:Jiggle"],"campfire_rested":0,"item_purchase_floors":[4,4,4,8],"current_hp_per_floor":[70,70,70,66,73,66,66,61,61,61,63,77,42,42,49,41,93,93,93,66,47,42,42,42],"gold":315,"neow_bonus":"","is_daily":false,"chose_seed":false,"campfire_upgraded":3,"win_rate":0.0,"timestamp":1612776238,"path_taken":["R","?","?","$","M","$","T","?","?","R","M","E","?","?","M","BOSS","R","?","?","M","?","M"],"items_purchased_type":["Relic","Card","Card","Card"],"build_version":"2020-12-22","purchased_purges":1,"victory":false,"max_hp_per_floor":[70,70,71,72,73,74,74,75,75,75,76,90,91,91,92,93,93,93,93,93,94,95,95,95],"card_choices":[{"not_picked":["alterego_mod:Birthday","alterego_mod:PresenceConcealment"],"picked":"alterego_mod:ChallengeComplete","floor":3},{"not_picked":["alterego_mod:Complex","alterego_mod:Skirt"],"picked":"alterego_mod:Bounce","floor":4},{"not_picked":["alterego_mod:Skirt","alterego_mod:PurpleHair"],"picked":"alterego_mod:Undulate","floor":5},{"not_picked":["alterego_mod:DestructionOfProperty","alterego_mod:BoobPocket"],"picked":"alterego_mod:BiFurious","floor":6},{"not_picked":["alterego_mod:Collar","alterego_mod:Lingerie"],"picked":"alterego_mod:MagicResistance","floor":8},{"not_picked":["alterego_mod:Skirt","alterego_mod:Jiggle"],"picked":"alterego_mod:Rip","floor":11},{"not_picked":["alterego_mod:Cycle","alterego_mod:DiscoLights"],"picked":"alterego_mod:DeftHands","floor":12},{"not_picked":["alterego_mod:1TonWallop","alterego_mod:Bloomers"],"picked":"alterego_mod:Cooking","floor":13},{"not_picked":["alterego_mod:GoddessCore","alterego_mod:BreastValley"],"picked":"alterego_mod:IdEs","floor":14},{"not_picked":["alterego_mod:1TonWallop","alterego_mod:PerceptionDisorder"],"picked":"alterego_mod:BiFurious","floor":14},{"not_picked":["alterego_mod:DiscoLights","alterego_mod:Bloomers"],"picked":"alterego_mod:SakuraLabyrinth","floor":15},{"not_picked":["alterego_mod:STier","alterego_mod:VirginLaserPalladion"],"picked":"alterego_mod:PainIsPleasure","floor":16},{"not_picked":["alterego_mod:GoddessCore","alterego_mod:DiscoLights+1"],"picked":"alterego_mod:MagicResistance","floor":21},{"not_picked":["alterego_mod:Undulate","alterego_mod:PainIsPleasure"],"picked":"alterego_mod:SakuraFive","floor":22}],"player_experience":419641,"relics_obtained":[{"floor":3,"key":"LetterFromLob"},{"floor":7,"key":"hubris:PeanutButter"},{"floor":12,"key":"Mango"},{"floor":14,"key":"hexamod:BolsterEngine"},{"floor":22,"key":"RedMistMask"}],"event_choices":[{"cards_removed":["alterego_mod:Strike"],"damage_healed":0,"gold_gain":0,"player_choice":"Offered Basic","damage_taken":0,"max_hp_gain":0,"max_hp_loss":0,"event_name":"Bonfire Elementals","floor":2,"gold_loss":0},{"damage_healed":0,"gold_gain":0,"player_choice":"Got Potions","damage_taken":0,"max_hp_gain":0,"max_hp_loss":0,"event_name":"Lab","floor":9,"gold_loss":0}],"is_beta":false,"boss_relics":[{"not_picked":["hubris:Stopwatch","SacredBark"],"picked":"Black Star"}],"items_purged_floors":[4],"is_endless":false,"potions_floor_spawned":[3,12,13,22],"killed_by":"3 Cultists","ascension_level":0}}