{"host":"i627ldzjvyz252sa","time":1612762432,"event":{"mods":["BaseMod","Colored Map","Curses Come First","Downfall","Marisa????????","Minty Spire (QoL Compilation)","StSLib","The Bug Knight","The Cursed","The Disciple","The Necromancer","The Servant 0.9.4"],"gold_per_floor":[99,111,124,224,236,250,274,307,319,319,333,364,364,180,191,191,191],"floor_reached":16,"language":"ENG","playtime":1910,"items_purged":["downfall:Haunted"],"score":164,"play_id":"63866051-93fb-4b75-957e-2c86f77d4b29","local_time":"20210207213352","is_ascension_mode":false,"campfire_choices":[{"floor":1,"key":"RECALL"}],"circlet_count":0,"master_deck":["Strike_W","Strike_W","Strike_W","Strike_W","Defend_W","Defend_W","Defend_W","Defend_W","Negative_Energy_Arrows","Bone_Wall","Uncharnel","Bone_Armor","downfall:Haunted","Clumsy","Summon_Vampire_Lady","Clumsy","Bones_to_Steel","Bone_Armor","Toxic_Smoke_Screen","Bone_Armory","Negative_Energy_Javelin","Bone_Armor","Death_March_Dance","Summon_Undead","Bone_Bullets","Negative_Energy_Javelin"],"relics":["Vampire_Amulet","Darkstone Periapt","Bag of Marbles","downfall:ShatteredFragment","Bottled Tornado"],"acts_visited":[],"potions_floor_usage":[12],"damage_taken":[{"damage":0,"enemies":"Small Slimes","floor":2,"turns":4},{"damage":1,"enemies":"2 Louse","floor":3,"turns":4},{"damage":10,"enemies":"Jaw Worm","floor":5,"turns":4},{"damage":16,"enemies":"Large Slime","floor":6,"turns":8},{"damage":39,"enemies":"HollowMod:MossKnight","floor":8,"turns":15},{"damage":69,"enemies":"Gremlin Gang","floor":9,"turns":7},{"damage":9,"enemies":"3 Louse","floor":11,"turns":4},{"damage":48,"enemies":"Gremlin Nob","floor":12,"turns":5},{"damage":0,"enemies":"downfall:FleeingMerchant","floor":14,"turns":4},{"damage":1,"enemies":"2 Fungi Beasts","floor":15,"turns":4},{"damage":46,"enemies":"DF_ARCHETYPE_STREAMLINE","floor":16,"turns":6}],"seed_played":"2850259818659395030","potions_obtained":[{"floor":2,"key":"SteroidPotion"},{"floor":3,"key":"FearPotion"},{"floor":8,"key":"Block Potion"}],"is_trial":false,"path_per_floor":["R","M","M","?","M","M","T","E","M","?","M","E","?","$","M","B"],"character_chosen":"NECROMANCER","items_purchased":["Summon_Undead","Bone_Bullets"],"campfire_rested":0,"item_purchase_floors":[14,14],"current_hp_per_floor":[82,82,82,117,117,109,109,112,69,57,57,11,11,23,26,0,0],"gold":191,"neow_bonus":"TEN_PERCENT_HP_BONUS","is_daily":false,"chose_seed":false,"campfire_upgraded":0,"win_rate":0.0,"timestamp":1612762432,"path_taken":["R","M","M","?","M","M","T","E","M","?","M","E","?","$","M","BOSS"],"items_purchased_type":["Card","Card"],"build_version":"2020-12-22","purchased_purges":1,"victory":false,"max_hp_per_floor":[82,82,82,117,117,117,117,117,117,117,117,117,117,117,117,117,117],"card_choices":[{"not_picked":["Plague_Bolt","Toxic_Smoke_Screen"],"picked":"Uncharnel","floor":2},{"not_picked":["Epidemic","Bones_to_Steel"],"picked":"Bone_Armor","floor":3},{"not_picked":["Negative_Energy_Sphere","Blood_Curse"],"picked":"Bones_to_Steel","floor":5},{"not_picked":["Blood_Is_Power","Death_Coil"],"picked":"Bone_Armor","floor":6},{"not_picked":["Blood_Whip","Death_Coil"],"picked":"Toxic_Smoke_Screen","floor":8},{"not_picked":["Scare","Shade_Step"],"picked":"Bone_Armory","floor":9},{"not_picked":["Slay_Living","Vampiric_Strike"],"picked":"Negative_Energy_Javelin","floor":11},{"not_picked":["Life_Drain","Scare"],"picked":"Bone_Armor","floor":12},{"not_picked":["Bone_Armor","Death_Coil"],"picked":"Death_March_Dance","floor":14},{"not_picked":["Bone_Bullets","Summon_Lich"],"picked":"Negative_Energy_Javelin","floor":15}],"player_experience":146730,"relics_obtained":[{"floor":8,"key":"Bag of Marbles"},{"floor":12,"key":"Bottled Tornado"}],"event_choices":[{"cards_removed":["downfall:Icky"],"damage_healed":0,"gold_gain":0,"player_choice":"Card Removal","damage_taken":0,"max_hp_gain":0,"max_hp_loss":0,"event_name":"The Cleric","floor":13,"gold_loss":0}],"is_beta":false,"boss_relics":[],"items_purged_floors":[14],"is_endless":false,"potions_floor_spawned":[2,3,8],"killed_by":"DF_ARCHETYPE_STREAMLINE","ascension_level":0}}