{"host":"6bsan6hkua32tfq7","time":1612766705,"event":{"mods":["BaseMod","Better Third Choice","Colored Map","Highlight Path","Minty Spire (QoL Compilation)","StSLib"],"gold_per_floor":[117,129,142,142,152,152,187,187,187,205,205,238,249,249,249,324,324,343,353,371,86,106,106],"floor_reached":22,"language":"ENG","playtime":537,"items_purged":["Strike_B"],"score":396,"play_id":"8329fa1a-328d-4c06-8f7f-f945b666d063","local_time":"20210208074505","is_ascension_mode":true,"campfire_choices":[{"data":"Zap","floor":6,"key":"SMITH"},{"floor":8,"key":"REST"},{"data":"Go for the Eyes","floor":11,"key":"SMITH"},{"data":"Dualcast","floor":15,"key":"SMITH"}],"circlet_count":0,"master_deck":["AscendersBane","Strike_B","Strike_B","Strike_B","Defend_B","Defend_B","Defend_B","Zap+1","Dualcast+1","Gash","Go for the Eyes+1","FTL","FTL","Gash","Rip and Tear","Cold Snap","Coolheaded","Creative AI","Darkness+1","Steam","Steam"],"relics":["Cracked Core","NeowsBlessing","Calipers","Turnip","White Beast Statue","SacredBark","Medical Kit"],"acts_visited":["Exordium","TheCity"],"potions_floor_usage":[12,16,16,16,16,18,20,22,22],"damage_taken":[{"damage":0,"enemies":"2 Louse","floor":1,"turns":1},{"damage":0,"enemies":"Cultist","floor":2,"turns":1},{"damage":0,"enemies":"Jaw Worm","floor":3,"turns":1},{"damage":9,"enemies":"Blue Slaver","floor":5,"turns":3},{"damage":40,"enemies":"3 Sentries","floor":7,"turns":8},{"damage":1,"enemies":"2 Fungi Beasts","floor":10,"turns":2},{"damage":11,"enemies":"Gremlin Nob","floor":12,"turns":3},{"damage":4,"enemies":"Lots of Slimes","floor":13,"turns":2},{"damage":13,"enemies":"Hexaghost","floor":16,"turns":9},{"damage":5,"enemies":"3 Byrds","floor":18,"turns":4},{"damage":9,"enemies":"Spheric Guardian","floor":19,"turns":3},{"damage":16,"enemies":"Snecko","floor":20,"turns":6},{"damage":29,"enemies":"Chosen and Byrds","floor":22,"turns":5}],"seed_played":"-9109220255812310020","potions_obtained":[{"floor":3,"key":"EntropicBrew"},{"floor":7,"key":"Swift Potion"},{"floor":10,"key":"SkillPotion"},{"floor":12,"key":"Fire Potion"},{"floor":16,"key":"Fire Potion"},{"floor":18,"key":"ColorlessPotion"},{"floor":19,"key":"Ancient Potion"},{"floor":20,"key":"Dexterity Potion"}],"is_trial":false,"path_per_floor":["M","M","M","?","M","R","E","R","T","M","R","E","M","?","R","B",null,"M","M","M","$","M"],"character_chosen":"DEFECT","items_purchased":["Medical Kit","Steam"],"campfire_rested":1,"item_purchase_floors":[21,21],"current_hp_per_floor":[64,64,64,64,55,55,15,36,36,35,35,24,20,20,20,7,55,50,41,25,25,0,0],"gold":106,"neow_bonus":"THREE_ENEMY_KILL","is_daily":false,"chose_seed":false,"campfire_upgraded":3,"win_rate":0.0,"timestamp":1612766705,"path_taken":["M","M","M","?","M","R","E","R","T","M","R","E","?","?","R","BOSS","M","M","M","$","M"],"items_purchased_type":["Relic","Card"],"build_version":"2020-12-22","purchased_purges":1,"victory":false,"max_hp_per_floor":[71,71,71,71,71,71,71,71,71,71,71,71,71,71,71,71,71,71,71,71,71,71,71],"card_choices":[{"not_picked":["Rebound","Melter"],"picked":"Gash","floor":1},{"not_picked":["Aggregate","Rip and Tear"],"picked":"Go for the Eyes","floor":2},{"not_picked":["Compile Driver","Storm"],"picked":"FTL","floor":3},{"not_picked":["Stack","Auto Shields"],"picked":"FTL","floor":5},{"not_picked":["Undo","Blizzard"],"picked":"Gash","floor":7},{"not_picked":["Undo","Hologram"],"picked":"Rip and Tear","floor":10},{"not_picked":["Turbo","Loop"],"picked":"Cold Snap","floor":12},{"not_picked":["Double Energy","Rebound"],"picked":"Coolheaded","floor":13},{"not_picked":["Echo Form","Hyperbeam"],"picked":"Creative AI","floor":16},{"not_picked":["Barrage","Heatsinks"],"picked":"Darkness+1","floor":18},{"not_picked":["Hello World","Fusion"],"picked":"Steam","floor":19},{"not_picked":["Hologram+1","Double Energy","Beam Cell"],"picked":"SKIP","floor":20}],"player_experience":5414368,"relics_obtained":[{"floor":7,"key":"Calipers"},{"floor":9,"key":"Turnip"},{"floor":12,"key":"White Beast Statue"}],"event_choices":[{"cards_removed":["Defend_B"],"damage_healed":0,"gold_gain":0,"player_choice":"Offered Basic","damage_taken":0,"max_hp_gain":0,"max_hp_loss":0,"event_name":"Bonfire Elementals","floor":4,"gold_loss":0},{"damage_healed":20,"gold_gain":0,"player_choice":"Leave","damage_taken":0,"max_hp_gain":0,"max_hp_loss":71,"event_name":"betterThird:BetterShining","floor":14,"gold_loss":0}],"is_beta":false,"boss_relics":[{"not_picked":["Black Star","Coffee Dripper"],"picked":"SacredBark"}],"items_purged_floors":[21],"is_endless":false,"potions_floor_spawned":[3,7,10,12,13,16,18,19,20],"killed_by":"Chosen and Byrds","ascension_level":20}}