{"host":"v3qphhcqhwfpabne","time":1612812599,"event":{"mods":["100% Spire Juice","2.2 Compatiblity","AchievementEnabler","BaseMod","CapriCore","DeckTracker","KinomotoSakuraMod(ÙÊñýÜâ?)","Koishi","Marisa£¨Ùöéë¡¡Øª×âÞÞ£©","Minty Spire (QoL Compilation)","Permanent Neow","Prisma Mod","StSLib","Td1madao Mod","The Bug Knight","The Cursed","The Immortal","The Runesmith","WarShipGirlsR/??á´Ò³R mod"],"gold_per_floor":[111,129,142,154,167,167,194,206,281,292,303,337,337,371,371,371,371],"floor_reached":16,"language":"KOR","playtime":423,"items_purged":[],"score":139,"play_id":"ba510e62-1003-4554-9378-4026128bda57","local_time":"20210209042959","is_ascension_mode":true,"campfire_choices":[{"data":"Immolate","floor":6,"key":"SMITH"},{"floor":15,"key":"REST"}],"circlet_count":0,"master_deck":["Strike_R","Strike_R","Strike_R","Strike_R","Strike_R","Defend_R","Defend_R","Defend_R","Defend_R","Bash","Shame","Immolate+1","Wild Strike","Infernal Blade","Sentinel","Evolve","Carnage","Wild Strike","Immolate"],"relics":["Burning Blood","PreservedInsect","HollowMod:StagPassRelic","Omamori","NlothsMask","Ginger"],"acts_visited":["Exordium"],"potions_floor_usage":[12,12,12,12,16,16],"damage_taken":[{"damage":8,"enemies":"Small Slimes","floor":1,"turns":2},{"damage":0,"enemies":"Cultist","floor":2,"turns":2},{"damage":12,"enemies":"Jaw Worm","floor":3,"turns":2},{"damage":10,"enemies":"Large Slime","floor":4,"turns":4},{"damage":12,"enemies":"Exordium Wildlife","floor":5,"turns":3},{"damage":39,"enemies":"Gremlin Nob","floor":7,"turns":5},{"damage":6,"enemies":"Exordium Thugs","floor":8,"turns":2},{"damage":4,"enemies":"3 Louse","floor":10,"turns":2},{"damage":10,"enemies":"Gremlin Gang","floor":11,"turns":2},{"damage":2,"enemies":"Lagavulin","floor":12,"turns":4},{"damage":16,"enemies":"Gremlin Nob","floor":14,"turns":3},{"damage":47,"enemies":"The Guardian","floor":16,"turns":7}],"seed_played":"-8346952677117922571","potions_obtained":[{"floor":3,"key":"HeartOfIron"},{"floor":4,"key":"EntropicBrew"},{"floor":5,"key":"Swift Potion"},{"floor":10,"key":"Energy Potion"},{"floor":11,"key":"DistilledChaos"}],"is_trial":false,"path_per_floor":["M","M","M","M","M","R","E","M","T","M","M","E","?","E","R","B"],"character_chosen":"IRONCLAD","items_purchased":[],"campfire_rested":1,"item_purchase_floors":[],"current_hp_per_floor":[78,80,74,70,64,64,31,31,31,33,29,33,33,23,47,0,0],"gold":371,"neow_bonus":"THREE_RARE_CARDS","is_daily":false,"chose_seed":false,"campfire_upgraded":1,"win_rate":0.0,"timestamp":1612812599,"path_taken":["M","M","M","M","M","R","E","M","T","M","M","E","?","E","R","BOSS"],"items_purchased_type":[],"build_version":"2020-12-22","purchased_purges":0,"victory":false,"max_hp_per_floor":[80,80,80,80,80,80,80,80,80,80,80,80,80,80,80,80,80],"card_choices":[{"not_picked":["Reaper","Berserk"],"picked":"Immolate","floor":0},{"not_picked":["Havoc","Blood for Blood"],"picked":"Wild Strike","floor":1},{"not_picked":["Rage","Uppercut","Twin Strike"],"picked":"SKIP","floor":2},{"not_picked":["True Grit","Havoc"],"picked":"Infernal Blade","floor":3},{"not_picked":["Flex","Shockwave","Dropkick"],"picked":"SKIP","floor":4},{"not_picked":["Sword Boomerang","Dropkick","Heavy Blade"],"picked":"SKIP","floor":5},{"not_picked":["Disarm","Headbutt"],"picked":"Sentinel","floor":7},{"not_picked":["Battle Trance","Hemokinesis"],"picked":"Evolve","floor":8},{"not_picked":["Evolve","Flex"],"picked":"Carnage","floor":10},{"not_picked":["Warcry","Sever Soul"],"picked":"Wild Strike","floor":11},{"not_picked":["Sword Boomerang","Dark Embrace","Combust"],"picked":"SKIP","floor":12},{"not_picked":["Headbutt","Intimidate"],"picked":"Immolate","floor":14}],"player_experience":128342,"relics_obtained":[{"floor":7,"key":"PreservedInsect"},{"floor":9,"key":"HollowMod:StagPassRelic"},{"floor":12,"key":"Omamori"},{"floor":14,"key":"Ginger"}],"event_choices":[{"damage_healed":0,"gold_gain":0,"player_choice":"Trade","damage_taken":0,"relics_obtained":["NlothsMask"],"max_hp_gain":0,"max_hp_loss":0,"event_name":"FaceTrader","floor":13,"gold_loss":0}],"is_beta":false,"boss_relics":[],"items_purged_floors":[],"is_endless":false,"potions_floor_spawned":[3,4,5,10,11],"killed_by":"The Guardian","ascension_level":2}}