{"host":"Qube","time":1612744487,"event":{"mods":["AchievementEnabler","BaseMod","Colored Map","Colored Powertips","Highlight Path","Minty Spire (QoL Compilation)","Permanent Neow","Quick Restart","Random Character Button","StSLib"],"gold_per_floor":[213,231,231,246,266,300,300,333,358,358,381,20,36,60,60,153,153,168,183,201,126,126,126,165,165,214,245,245,245],"floor_reached":28,"language":"ENG","playtime":1293,"items_purged":["Strike_R"],"score":615,"play_id":"785eeb8f-95ef-40c5-8704-226b9d61fb55","local_time":"20210207163447","is_ascension_mode":true,"campfire_choices":[{"floor":7,"key":"REST"},{"data":"Rampage","floor":10,"key":"SMITH"},{"data":"Corruption","floor":15,"key":"SMITH"},{"floor":23,"key":"REST"},{"floor":25,"key":"REST"}],"circlet_count":0,"master_deck":["AscendersBane","Strike_R","Strike_R","Strike_R","Defend_R","Defend_R","Defend_R","Defend_R","Bash+1","Anger+1","Armaments","Battle Trance","Fire Breathing","True Grit","Rampage+1","Headbutt","Corruption+1","Body Slam","Feed","Shrug It Off","Warcry","Offering","Disarm","Bludgeon"],"relics":["Burning Blood","Golden Idol","Whetstone","Anchor","Pen Nib","Pear","Runic Cube","Oddly Smooth Stone","Potion Belt","The Courier"],"acts_visited":["Exordium","TheCity"],"potions_floor_usage":[8,18,20,24],"damage_taken":[{"damage":9,"enemies":"Jaw Worm","floor":1,"turns":5},{"damage":1,"enemies":"Cultist","floor":2,"turns":3},{"damage":0,"enemies":"2 Louse","floor":4,"turns":3},{"damage":6,"enemies":"Exordium Wildlife","floor":5,"turns":4},{"damage":35,"enemies":"3 Sentries","floor":6,"turns":6},{"damage":0,"enemies":"Gremlin Nob","floor":8,"turns":2},{"damage":8,"enemies":"Exordium Thugs","floor":11,"turns":4},{"damage":0,"enemies":"3 Louse","floor":13,"turns":4},{"damage":6,"enemies":"Looter","floor":14,"turns":3},{"damage":29,"enemies":"The Guardian","floor":16,"turns":12},{"damage":26,"enemies":"3 Byrds","floor":18,"turns":6},{"damage":18,"enemies":"Chosen","floor":19,"turns":5},{"damage":23,"enemies":"3 Cultists","floor":20,"turns":6},{"damage":33,"enemies":"Slavers","floor":24,"turns":5},{"damage":52,"enemies":"Book of Stabbing","floor":27,"turns":5},{"damage":23,"enemies":"Centurion and Healer","floor":28,"turns":4}],"seed_played":"-955116879115792403","potions_obtained":[{"floor":5,"key":"SteroidPotion"},{"floor":13,"key":"AttackPotion"},{"floor":14,"key":"Energy Potion"},{"floor":18,"key":"Strength Potion"}],"is_trial":false,"path_per_floor":["M","M","?","M","M","E","R","E","T","R","M","$","M","M","R","B",null,"M","M","M","?","?","R","E","R","T","E","M"],"character_chosen":"IRONCLAD","items_purchased":["Pear"],"campfire_rested":3,"item_purchase_floors":[12],"current_hp_per_floor":[65,70,44,50,50,21,43,49,49,49,47,57,63,63,63,40,74,58,46,32,32,32,59,35,63,63,17,0,0],"gold":245,"neow_bonus":"HUNDRED_GOLD","is_daily":false,"chose_seed":false,"campfire_upgraded":2,"win_rate":0.0,"timestamp":1612744487,"path_taken":["M","M","?","M","M","E","R","E","T","R","M","?","M","?","R","BOSS","M","M","M","?","?","R","E","R","T","E","?"],"items_purchased_type":["Relic"],"build_version":"2020-12-18","purchased_purges":1,"victory":false,"max_hp_per_floor":[75,75,75,75,75,75,75,75,75,75,75,85,85,85,85,85,85,89,89,92,92,92,92,95,95,95,95,95,95],"card_choices":[{"not_picked":["Sword Boomerang","Warcry"],"picked":"Anger","floor":1},{"not_picked":["True Grit","Blood for Blood"],"picked":"Armaments","floor":2},{"not_picked":["Infernal Blade","Cleave"],"picked":"Battle Trance","floor":4},{"not_picked":["Second Wind","Thunderclap"],"picked":"Fire Breathing","floor":5},{"not_picked":["Hemokinesis","Twin Strike"],"picked":"True Grit","floor":6},{"not_picked":["Infernal Blade","Entrench"],"picked":"Rampage","floor":8},{"not_picked":["Armaments","Twin Strike"],"picked":"Headbutt","floor":11},{"not_picked":["Power Through","Combust"],"picked":"Corruption","floor":13},{"not_picked":["Wild Strike","Clothesline"],"picked":"Body Slam","floor":14},{"not_picked":["Juggernaut","Exhume"],"picked":"Feed","floor":16},{"not_picked":["Armaments","Warcry"],"picked":"Shrug It Off","floor":18},{"not_picked":["Headbutt","Cleave+1","Iron Wave"],"picked":"SKIP","floor":19},{"not_picked":["Cleave","Heavy Blade"],"picked":"Warcry","floor":20},{"not_picked":["Heavy Blade","Pummel"],"picked":"Disarm","floor":24},{"not_picked":["Bloodletting","Havoc"],"picked":"Bludgeon","floor":27}],"player_experience":1112132,"relics_obtained":[{"floor":6,"key":"Whetstone"},{"floor":8,"key":"Anchor"},{"floor":9,"key":"Pen Nib"},{"floor":24,"key":"Oddly Smooth Stone"},{"floor":26,"key":"Potion Belt"},{"floor":27,"key":"The Courier"}],"event_choices":[{"damage_healed":0,"gold_gain":0,"player_choice":"Take Damage","damage_taken":26,"relics_obtained":["Golden Idol"],"max_hp_gain":0,"max_hp_loss":0,"event_name":"Golden Idol","floor":3,"gold_loss":0},{"cards_removed":["Strike_R"],"damage_healed":0,"gold_gain":0,"player_choice":"Gave Gold","damage_taken":0,"max_hp_gain":0,"max_hp_loss":0,"event_name":"Beggar","floor":21,"gold_loss":75},{"damage_healed":0,"gold_gain":0,"player_choice":"1 cards matched","damage_taken":0,"max_hp_gain":0,"max_hp_loss":0,"event_name":"Match and Keep!","floor":22,"gold_loss":0,"cards_obtained":["Offering"]}],"is_beta":true,"boss_relics":[{"not_picked":["Black Star","Astrolabe"],"picked":"Runic Cube"}],"items_purged_floors":[12],"is_endless":false,"potions_floor_spawned":[5,13,14,16,18,19],"killed_by":"Centurion and Healer","ascension_level":20}}