{"host":"s1b9wbrnwri7g9vh","time":1612754737,"event":{"mods":["Act Like it!","BaseMod","Better Note","Hallownest","Hermit","Minty Spire (QoL Compilation)","Pale of the Ancients","Relic Stats","Replay The Spire","StSLib","The Druid","The Exalted","The Servant 0.9.4"],"gold_per_floor":[14,14,24,37,37,37,57,83,108,120,136,150,161,189,189,290,290,302,363,363,207,217,250,250,279,279,199,212,212,236,91,91,190,190,211,246,33,8,8,8],"floor_reached":39,"language":"ENG","playtime":3582,"items_purged":["Strike_G","Strike_G","Strike_G"],"score":720,"play_id":"02784370-3c3e-4bcb-9a76-a5b9ad4ee21f","local_time":"20210208032537","is_ascension_mode":true,"campfire_choices":[{"data":"Infinite Blades","floor":6,"key":"SMITH"},{"data":"Prepared","floor":15,"key":"SMITH"},{"data":"Deflect","floor":29,"key":"SMITH"},{"data":"ReplayTheSpireMod:Speed Training","floor":32,"key":"SMITH"}],"circlet_count":0,"master_deck":["Strike_G","Strike_G","Defend_G","Defend_G","Defend_G","Defend_G","Defend_G","Survivor","Neutralize","Accuracy","Cloak And Dagger+1","Panache","Slice","Infinite Blades+1","Blur","Prepared+1","Backflip","ReplayTheSpireMod:Scrap Shanks","Prepared+1","Reflex","Adrenaline","Infinite Blades","Accuracy","ReplayTheSpireMod:From All Sides","Cloak And Dagger","Deflect","Noxious Fumes","Dodge and Roll","Choke+1","Hallownest:skillCityofTearsMap","Deflect+1","ReplayTheSpireMod:Speed Training+1","Cloak And Dagger","Deflect","Deflect","Prepared","Accuracy","Backflip"],"relics":["Ring of the Snake","Prayer Wheel","Hallownest:DreamNailRelic","Replay:Mystery Machine","War Paint","Juzu Bracelet","Bromod:ArcaneGrace","Mirror","Replay:Bottled Snecko","Red Mask","White Beast Statue","CeramicFish","Philosopher\u0027s Stone"],"acts_visited":["Exordium","Hallownest:Greenpath","Hallownest:CityofTears"],"potions_floor_usage":[16,18,33,33,33,39,39],"damage_taken":[{"damage":1,"enemies":"Hallownest:monsterHuskWarrior","floor":1,"turns":8},{"damage":0,"enemies":"2_ Uuma","floor":3,"turns":4},{"damage":0,"enemies":"Hallownest:2_Tiktiks_and_1_Crawlid","floor":4,"turns":2},{"damage":0,"enemies":"Hallownest:Wandering_and_Horned","floor":7,"turns":5},{"damage":0,"enemies":"Hallownest:eliteMossKnight","floor":8,"turns":7},{"damage":3,"enemies":"Hallownest:Guard_and_Warrior","floor":10,"turns":5},{"damage":3,"enemies":"Hallownest:monsterMossCharger","floor":11,"turns":4},{"damage":12,"enemies":"Hallownest:monsterFoolEater","floor":12,"turns":3},{"damage":0,"enemies":"Hallownest:monsterAspidMother","floor":13,"turns":3},{"damage":5,"enemies":"Hallownest:eliteVengeflyKing","floor":14,"turns":4},{"damage":20,"enemies":"Hallownest:BossFalseKnight","floor":16,"turns":6},{"damage":9,"enemies":"Hallownest:Guard_and_Sentry","floor":18,"turns":4},{"damage":8,"enemies":"Hallownest:3_Youths","floor":22,"turns":4},{"damage":12,"enemies":"Hallownest:eliteSoulWarrior","floor":23,"turns":5},{"damage":0,"enemies":"Hallownest:Nosk","floor":25,"turns":6},{"damage":2,"enemies":"Hallownest:monsterShrumalOgre","floor":28,"turns":3},{"damage":1,"enemies":"Hallownest:BossSoulMaster","floor":33,"turns":9},{"damage":8,"enemies":"Hallownest:Shield_Heavy","floor":35,"turns":5},{"damage":43,"enemies":"Hallownest:2_Littles","floor":36,"turns":6},{"damage":30,"enemies":"Hallownest:2_Primals","floor":39,"turns":2}],"seed_played":"428503633312753388","potions_obtained":[{"floor":1,"key":"PowerPotion"},{"floor":8,"key":"SpeedPotion"},{"floor":11,"key":"Adrenaline Potion"},{"floor":16,"key":"Elixir"},{"floor":18,"key":"Strength Potion"},{"floor":19,"key":"SkillPotion"},{"floor":22,"key":"Dexterity Potion"},{"floor":25,"key":"ColorlessPotion"},{"floor":28,"key":"Adrenaline Potion"},{"floor":33,"key":"Reflective Coating"},{"floor":35,"key":"CultistPotion"},{"floor":36,"key":"PowerPotion"}],"is_trial":false,"path_per_floor":["M","?","M","M","?","R","M","E","T","M","M","M","M","E","R","B",null,"M","?","?","$","M","E","?","E","T","?","M","R","T","$","R","B",null,"M","M","$","?","?"],"character_chosen":"THE_SILENT","items_purchased":["Noxious Fumes","Cloak And Dagger","Accuracy","Backflip"],"campfire_rested":0,"item_purchase_floors":[21,31,37,37],"current_hp_per_floor":[62,62,62,62,62,62,62,62,62,59,56,44,44,39,39,19,57,50,33,33,33,27,16,16,16,16,16,15,15,15,15,15,15,56,49,17,17,27,0,0],"gold":8,"neow_bonus":"ONE_RARE_RELIC","is_daily":false,"chose_seed":false,"campfire_upgraded":4,"win_rate":0.0,"timestamp":1612754737,"path_taken":["M","?","M","M","?","R","M","E","T","M","M","?","M","E","R","BOSS","M","?","?","$","M","E","?","E","T","?","M","R","?","$","R","BOSS","M","M","$","?","?"],"items_purchased_type":["Card","Card","Card","Card"],"build_version":"2020-12-22","purchased_purges":3,"victory":false,"max_hp_per_floor":[70,70,70,70,70,70,70,70,70,70,70,70,70,70,70,70,70,70,70,70,70,70,70,70,70,70,70,70,70,70,70,70,70,70,70,70,70,70,70,70],"relic_stats":{"counters":[20,95],"CeramicFish":54,"Prayer Wheel":13,"Juzu Bracelet":1,"War Paint":["Cloak And Dagger","Prepared"],"obtain_stats":[{"Bromod:ArcaneGrace":17,"CeramicFish":30,"Hallownest:DreamNailRelic":5,"Juzu Bracelet":14,"Replay:Mystery Machine":8,"War Paint":9,"White Beast Statue":25,"Prayer Wheel":0,"Philosopher\u0027s Stone":34,"Red Mask":24,"Replay:Bottled Snecko":23,"Mirror":19,"Ring of the Snake":0},{"Bromod:ArcaneGrace":11,"CeramicFish":16,"Hallownest:DreamNailRelic":3,"Juzu Bracelet":10,"Replay:Mystery Machine":5,"War Paint":5,"White Beast Statue":15,"Prayer Wheel":0,"Philosopher\u0027s Stone":17,"Red Mask":14,"Replay:Bottled Snecko":14,"Mirror":12,"Ring of the Snake":0},{"Bromod:ArcaneGrace":51,"CeramicFish":73,"Hallownest:DreamNailRelic":14,"Juzu Bracelet":45,"Replay:Mystery Machine":26,"War Paint":26,"White Beast Statue":70,"Prayer Wheel":0,"Philosopher\u0027s Stone":82,"Red Mask":64,"Replay:Bottled Snecko":64,"Mirror":55,"Ring of the Snake":0}],"Ring of the Snake":[40]},"card_choices":[{"not_picked":["Catalyst","Hidden Blade"],"picked":"Accuracy","floor":1},{"not_picked":["Deflect","Leg Sweep"],"picked":"Cloak And Dagger","floor":1},{"not_picked":["Impatience","Secret Weapon"],"picked":"Panache","floor":2},{"not_picked":["Poisoned Stab","Fluid Movement"],"picked":"Slice","floor":2},{"not_picked":["Dagger Throw","Masterful Stab"],"picked":"Infinite Blades","floor":3},{"not_picked":["Bane","Outmaneuver","Flying Knee"],"picked":"SKIP","floor":3},{"not_picked":["Quick Slash","All Out Attack"],"picked":"Blur","floor":4},{"not_picked":["Dagger Throw","Hidden Blade"],"picked":"Prepared","floor":4},{"not_picked":["Dagger Spray","Deadly Poison"],"picked":"Backflip","floor":7},{"not_picked":["Bane","ReplayTheSpireMod:Necrosis","Riddle With Holes"],"picked":"SKIP","floor":7},{"not_picked":["PiercingWail","Concentrate","Slice"],"picked":"SKIP","floor":8},{"not_picked":["Underhanded Strike","ReplayTheSpireMod:Exploit Weakness"],"picked":"ReplayTheSpireMod:Scrap Shanks","floor":10},{"not_picked":["Flying Knee","Dagger Throw","Deadly Poison"],"picked":"SKIP","floor":10},{"not_picked":["Dash","Underhanded Strike"],"picked":"Prepared","floor":11},{"not_picked":["ReplayTheSpireMod:The Works","Blade Dance"],"picked":"Reflex","floor":11},{"not_picked":["Flying Knee","Underhanded Strike"],"picked":"Adrenaline","floor":12},{"not_picked":["Heel Hook","Sucker Punch","Dagger Throw"],"picked":"SKIP","floor":12},{"not_picked":["Hidden Blade","Quick Slash"],"picked":"Infinite Blades","floor":13},{"not_picked":["Riddle With Holes","Finisher","ReplayTheSpireMod:Necrosis"],"picked":"SKIP","floor":13},{"not_picked":["Leg Sweep","Poisoned Stab"],"picked":"Accuracy","floor":14},{"not_picked":["Unload","Replay:Bag of Tricks"],"picked":"ReplayTheSpireMod:From All Sides","floor":16},{"not_picked":["Bane+1","Slice"],"picked":"Cloak And Dagger","floor":18},{"not_picked":["Acrobatics","Terror","ReplayTheSpireMod:Exploit Weakness"],"picked":"SKIP","floor":18},{"not_picked":["Cloak And Dagger","Night Terror"],"picked":"Deflect","floor":19},{"not_picked":["Quick Slash","Bane"],"picked":"Dodge and Roll","floor":22},{"not_picked":["Caltrops","Quick Slash","Cloak And Dagger"],"picked":"SKIP","floor":22},{"not_picked":["Outmaneuver","Bane+1","Terror"],"picked":"SKIP","floor":23},{"not_picked":["Flying Knee","Predator"],"picked":"Choke+1","floor":25},{"not_picked":["Outmaneuver","Quick Slash"],"picked":"Deflect","floor":28},{"not_picked":["Cloak And Dagger","Fluid Movement"],"picked":"ReplayTheSpireMod:Speed Training","floor":28},{"not_picked":["Quick Slash","Underhanded Strike+1"],"picked":"Deflect","floor":35},{"not_picked":["Dagger Throw","Deadly Poison+1","Dagger Spray"],"picked":"SKIP","floor":35},{"not_picked":["Terror+1","Dagger Spray+1"],"picked":"Deflect","floor":36},{"not_picked":["Quick Slash+1","Flying Knee+1"],"picked":"Prepared","floor":36}],"player_experience":585490,"relics_obtained":[{"floor":8,"key":"Replay:Mystery Machine"},{"floor":9,"key":"War Paint"},{"floor":14,"key":"Juzu Bracelet"},{"floor":19,"key":"Mirror"},{"floor":23,"key":"Replay:Bottled Snecko"},{"floor":25,"key":"White Beast Statue"},{"floor":30,"key":"CeramicFish"}],"event_choices":[],"is_beta":false,"boss_relics":[{"not_picked":["Cursed Key","SacredBark"],"picked":"Bromod:ArcaneGrace"},{"not_picked":["Replay:Bronze Core","Astrolabe"],"picked":"Philosopher\u0027s Stone"}],"items_purged_floors":[21,31,37],"is_endless":false,"potions_floor_spawned":[1,8,11,12,13,16,18,22,25,28,33,35,36],"killed_by":"Hallownest:2_Primals","ascension_level":9}}