{"host":"tner83jrcdd0m6a5","time":1612765287,"event":{"mods":["AchievementEnabler","BaseMod","Bestiary","Colored Map","Colored Powertips","DeckTracker","Highlight Path","Keyboard Shortcuts","Minty Spire (QoL Compilation)","Quick Restart","Rare Cards Sparkle","Relic Stats","Slay-I","SuperFastMode"],"gold_per_floor":[117,135,210,230,241,241,273,273,273,291,291,307,307,334,334,433,433,445,299,309,328,328,354,354,354,354],"floor_reached":25,"language":"ENG","playtime":1355,"items_purged":["Strike_G"],"score":281,"play_id":"b5fd6262-4a88-40d5-bb04-18152524acf9","local_time":"20210208062127","is_ascension_mode":true,"campfire_choices":[{"data":"Cloak And Dagger","floor":6,"key":"SMITH"},{"data":"Cloak And Dagger","floor":13,"key":"SMITH"},{"data":"Cloak And Dagger","floor":15,"key":"SMITH"},{"floor":24,"key":"REST"}],"circlet_count":0,"master_deck":["Strike_G","Strike_G","Strike_G","Defend_G","Defend_G","Defend_G","Defend_G","Defend_G","Survivor","Neutralize","Cloak And Dagger+1","Escape Plan","Venomology","Glass Knife","Cloak And Dagger+1","Cloak And Dagger+1","Adrenaline","Cloak And Dagger","Footwork","Dagger Spray+1"],"relics":["Ring of the Snake","NeowsBlessing","Anchor","Blood Vial","Molten Egg 2","Black Star","Omamori","Ice Cream"],"acts_visited":["Exordium","TheCity"],"potions_floor_usage":[7,14,14,16,18,18,21,21,23,23,25],"damage_taken":[{"damage":0,"enemies":"Cultist","floor":1,"turns":1},{"damage":0,"enemies":"2 Louse","floor":2,"turns":1},{"damage":0,"enemies":"Small Slimes","floor":4,"turns":1},{"damage":0,"enemies":"2 Fungi Beasts","floor":5,"turns":5},{"damage":6,"enemies":"3 Sentries","floor":7,"turns":9},{"damage":7,"enemies":"Exordium Thugs","floor":10,"turns":5},{"damage":0,"enemies":"Blue Slaver","floor":12,"turns":3},{"damage":14,"enemies":"Lagavulin","floor":14,"turns":7},{"damage":49,"enemies":"The Guardian","floor":16,"turns":23},{"damage":0,"enemies":"Chosen","floor":18,"turns":4},{"damage":3,"enemies":"3 Byrds","floor":20,"turns":6},{"damage":5,"enemies":"Shelled Parasite and Fungi","floor":21,"turns":9},{"damage":64,"enemies":"Book of Stabbing","floor":23,"turns":12},{"damage":55,"enemies":"Gremlin Leader","floor":25,"turns":10}],"seed_played":"-8954754296843460077","potions_obtained":[{"floor":1,"key":"CunningPotion"},{"floor":4,"key":"SkillPotion"},{"floor":5,"key":"AttackPotion"},{"floor":16,"key":"SneckoOil"},{"floor":18,"key":"Dexterity Potion"}],"is_trial":false,"path_per_floor":["M","M","?","M","M","R","E","?","T","M","?","M","R","E","R","B",null,"M","$","M","M","?","E","R","E"],"character_chosen":"THE_SILENT","items_purchased":["Footwork"],"campfire_rested":1,"item_purchase_floors":[19],"current_hp_per_floor":[70,70,59,59,59,59,53,53,53,48,48,50,50,52,52,5,70,70,70,67,64,64,2,23,0,0],"gold":354,"neow_bonus":"THREE_ENEMY_KILL","is_daily":false,"chose_seed":false,"campfire_upgraded":3,"win_rate":0.0,"timestamp":1612765287,"path_taken":["M","?","?","M","M","R","E","?","T","M","?","M","R","E","R","BOSS","M","$","M","M","?","E","R","E"],"items_purchased_type":["Card"],"build_version":"2020-12-22","purchased_purges":1,"victory":false,"max_hp_per_floor":[70,70,70,70,70,70,70,70,70,70,70,70,70,70,70,70,70,70,70,70,70,70,70,70,70,70],"relic_stats":{"Blood Vial":14,"counters":[14,96],"Black Star":1,"obtain_stats":[{"Blood Vial":9,"Ice Cream":23,"Anchor":7,"NeowsBlessing":0,"Molten Egg 2":14,"Black Star":17,"Omamori":23,"Ring of the Snake":0},{"Blood Vial":5,"Ice Cream":13,"Anchor":5,"NeowsBlessing":0,"Molten Egg 2":8,"Black Star":9,"Omamori":13,"Ring of the Snake":0},{"Blood Vial":17,"Ice Cream":86,"Anchor":17,"NeowsBlessing":0,"Molten Egg 2":32,"Black Star":55,"Omamori":86,"Ring of the Snake":0}],"Ring of the Snake":[28]},"card_choices":[{"not_picked":["Setup","Bane","Outmaneuver"],"picked":"SKIP","floor":1},{"not_picked":["Escape Plan","Endless Agony","Distraction"],"picked":"SKIP","floor":2},{"not_picked":["Poisoned Stab","Bane"],"picked":"Cloak And Dagger","floor":4},{"not_picked":["Dodge and Roll","Underhanded Strike"],"picked":"Escape Plan","floor":5},{"not_picked":["Bouncing Flask","Dash"],"picked":"Venomology","floor":7},{"not_picked":["Deflect","Endless Agony","Underhanded Strike"],"picked":"SKIP","floor":10},{"not_picked":["Deadly Poison","Choke"],"picked":"Cloak And Dagger","floor":12},{"not_picked":["Poisoned Stab+1","Flying Knee+1"],"picked":"Cloak And Dagger","floor":14},{"not_picked":["Corpse Explosion","Wraith Form v2"],"picked":"Adrenaline","floor":16},{"not_picked":["Blade Dance+1","Bane+1"],"picked":"Cloak And Dagger","floor":18},{"not_picked":["Concentrate","Cloak And Dagger","Caltrops"],"picked":"SKIP","floor":20},{"not_picked":["Dagger Throw+1","Bullet Time"],"picked":"Dagger Spray+1","floor":21},{"not_picked":["Quick Slash+1","Poisoned Stab+1","Backflip"],"picked":"SKIP","floor":23}],"player_experience":362771,"relics_obtained":[{"floor":7,"key":"Anchor"},{"floor":9,"key":"Blood Vial"},{"floor":14,"key":"Molten Egg 2"},{"floor":23,"key":"Omamori"},{"floor":23,"key":"Ice Cream"}],"event_choices":[{"damage_healed":0,"gold_gain":75,"player_choice":"Gather Gold","damage_taken":11,"max_hp_gain":0,"max_hp_loss":0,"event_name":"World of Goop","floor":3,"gold_loss":0},{"damage_healed":0,"gold_gain":0,"cards_transformed":["Strike_G"],"player_choice":"Change","damage_taken":0,"max_hp_gain":0,"max_hp_loss":0,"event_name":"Living Wall","floor":8,"gold_loss":0,"cards_obtained":["Glass Knife"]},{"damage_healed":0,"gold_gain":0,"player_choice":"Bought 0 Potions","damage_taken":0,"max_hp_gain":0,"max_hp_loss":0,"event_name":"The Woman in Blue","floor":11,"gold_loss":0},{"damage_healed":0,"gold_gain":0,"player_choice":"Ignored","damage_taken":0,"max_hp_gain":0,"max_hp_loss":0,"event_name":"Ghosts","floor":22,"gold_loss":0}],"is_beta":false,"boss_relics":[{"not_picked":["Philosopher\u0027s Stone","Cursed Key"],"picked":"Black Star"}],"items_purged_floors":[19],"is_endless":false,"potions_floor_spawned":[1,4,5,16,18,20],"killed_by":"Gremlin Leader","ascension_level":2}}