{"host":"i70yit5z0kpl303k","time":1612748072,"event":{"mods":["2.2 Compatiblity","Act Like it!","BaseMod","BetterRewards","Evolution","Infinite Spire","Ironclad Rager","Koishi","Marked Mod","Minty Spire (QoL Compilation)","Relic Stats","Reliquary","Replay The Spire","StSLib","The Blue Laboratory","The Marked"],"gold_per_floor":[109,109,129,140,159,159,176,176,202,231,241,260,137,137,137,241,241,257,257,257,276,276,304,304,62,62,62,80,105,120,120,120],"floor_reached":31,"language":"ENG","playtime":1008,"items_purged":[],"score":302,"play_id":"41c652c6-a03d-4efa-b26b-ca339e4fc062","local_time":"20210207173432","is_ascension_mode":false,"campfire_choices":[{"data":"Chaos","floor":6,"key":"SMITH"},{"data":"Zap","floor":8,"key":"SMITH"},{"floor":15,"key":"REST"},{"data":"Genetic Algorithm","floor":24,"key":"SMITH"},{"data":"Barrage","floor":27,"key":"SMITH"}],"circlet_count":0,"master_deck":["Rebound","Strike_B","Strike_B","Strike_B","Defend_B","Defend_B","Defend_B","Zap+1","Dualcast","FIFO Queue","Chaos+1","Self Repair","Self Repair","Gash","Genetic Algorithm+1","Barrage+1","Self Repair","FIFO Queue","Cold Snap","Core Surge","Beam Cell","Storm","Chill","Barrage","Gash","Redo+1","Cold Snap"],"relics":["Cracked Core","EVO:Axolotl","reliquary:TuningFork","PreservedInsect","Philosopher\u0027s Stone","Lee\u0027s Waffle","Prayer Wheel","Pear","reliquary:QuartzCube","Prayer Wheel"],"acts_visited":["Exordium","TheCity"],"potions_floor_usage":[3,30,31],"damage_taken":[{"damage":6,"enemies":"Jaw Worm","floor":1,"turns":3},{"damage":0,"enemies":"2 Louse","floor":3,"turns":2},{"damage":5,"enemies":"Small Slimes","floor":4,"turns":3},{"damage":19,"enemies":"3 Louse","floor":5,"turns":3},{"damage":18,"enemies":"Exordium Wildlife","floor":7,"turns":3},{"damage":6,"enemies":"Lagavulin","floor":10,"turns":8},{"damage":20,"enemies":"Red Slaver","floor":11,"turns":4},{"damage":30,"enemies":"Lots of Slimes","floor":12,"turns":4},{"damage":46,"enemies":"Fading Forest","floor":16,"turns":11},{"damage":25,"enemies":"Chosen","floor":18,"turns":5},{"damage":29,"enemies":"Spheric Guardian","floor":21,"turns":6},{"damage":25,"enemies":"Nightmare","floor":23,"turns":8},{"damage":36,"enemies":"Cultist and Chosen","floor":28,"turns":5},{"damage":42,"enemies":"Book of Stabbing","floor":29,"turns":4},{"damage":35,"enemies":"Sentry and Sphere","floor":30,"turns":5},{"damage":30,"enemies":"Snake Plant","floor":31,"turns":3}],"seed_played":"6699260177619597851","potions_obtained":[{"floor":1,"key":"blueLaboratory:FruitPunch"},{"floor":3,"key":"LiquidBronze"},{"floor":5,"key":"PotionOfCapacity"},{"floor":16,"key":"blueLaboratory:EnragingPotion"}],"is_trial":false,"path_per_floor":["M","?","M","M","M","R","M","R","T","E","M","M","$","?","R","B",null,"M","?","AVR","M","?","NM","R","$","T","R","M","E","M","M"],"character_chosen":"DEFECT","items_purchased":["FIFO Queue","Cold Snap","Pear"],"campfire_rested":1,"item_purchase_floors":[13,13,25],"current_hp_per_floor":[69,69,71,66,54,54,43,43,43,51,45,29,29,29,52,30,77,73,73,84,76,76,72,72,82,82,82,67,39,25,0,0],"gold":120,"neow_bonus":"REMOVE_CARD","is_daily":false,"chose_seed":false,"campfire_upgraded":4,"win_rate":0.0,"timestamp":1612748072,"path_taken":["M","?","M","M","M","R","M","R","T","E","M","M","$","?","R","BOSS","M","?","AVR","M","?","NM","R","?","T","R","M","E","?","M"],"items_purchased_type":["Card","Card","Relic"],"build_version":"2020-12-22","purchased_purges":0,"victory":false,"max_hp_per_floor":[75,75,77,77,77,77,77,77,77,77,77,77,77,77,77,77,77,77,77,84,84,84,84,84,94,94,94,94,94,94,94,94],"relic_stats":{"Lee\u0027s Waffle":11,"counters":[16,77],"Prayer Wheel":2,"PreservedInsect":91,"obtain_stats":[{"Lee\u0027s Waffle":20,"Pear":25,"Philosopher\u0027s Stone":17,"Prayer Wheel":23,"PreservedInsect":10,"reliquary:TuningFork":9,"EVO:Axolotl":0,"Cracked Core":0,"reliquary:QuartzCube":26},{"Lee\u0027s Waffle":10,"Pear":12,"Philosopher\u0027s Stone":9,"Prayer Wheel":12,"PreservedInsect":6,"reliquary:TuningFork":5,"EVO:Axolotl":0,"Cracked Core":0,"reliquary:QuartzCube":12},{"Lee\u0027s Waffle":46,"Pear":60,"Philosopher\u0027s Stone":41,"Prayer Wheel":60,"PreservedInsect":22,"reliquary:TuningFork":14,"EVO:Axolotl":0,"Cracked Core":0,"reliquary:QuartzCube":60}]},"card_choices":[{"not_picked":["Consume","Leap"],"picked":"FIFO Queue","floor":1},{"not_picked":["FTL","Leap"],"picked":"Chaos","floor":3},{"not_picked":["Tempest","Rip and Tear"],"picked":"Self Repair","floor":4},{"not_picked":["Compile Driver","ReplayTheSpireMod:Repulse"],"picked":"Self Repair","floor":5},{"not_picked":["Steam","ReplayTheSpireMod:Repulse"],"picked":"Gash","floor":7},{"not_picked":["Chaos","Chill"],"picked":"Genetic Algorithm","floor":10},{"not_picked":["Lockon","Beam Cell"],"picked":"Barrage","floor":11},{"not_picked":["Turbo","Coolheaded"],"picked":"Self Repair","floor":12},{"not_picked":["Mirror Shield","Machine Learning"],"picked":"Core Surge","floor":16},{"not_picked":["Rip and Tear","Sweeping Beam"],"picked":"Beam Cell","floor":18},{"not_picked":["Glacier","Static Discharge"],"picked":"Storm","floor":21},{"not_picked":["Compile Driver","Stack+1"],"picked":"Chill","floor":23},{"not_picked":["Coolheaded+1","Compile Driver"],"picked":"Barrage","floor":28},{"not_picked":["Sweeping Beam","Redo"],"picked":"Gash","floor":28},{"not_picked":["Skim","Turbo+1"],"picked":"Redo+1","floor":29},{"not_picked":["Panic Button","Redo+1"],"picked":"ReplayTheSpireMod:Fabricate Wheel","floor":30},{"not_picked":["Steam+1","Double Energy"],"picked":"Cold Snap","floor":30}],"player_experience":261739,"relics_obtained":[{"floor":9,"key":"reliquary:TuningFork"},{"floor":10,"key":"PreservedInsect"},{"floor":23,"key":"Prayer Wheel"},{"floor":26,"key":"reliquary:QuartzCube"}],"event_choices":[{"damage_healed":0,"gold_gain":0,"player_choice":"Ignored","damage_taken":0,"max_hp_gain":0,"max_hp_loss":0,"event_name":"Golden Wing","floor":2,"gold_loss":0},{"damage_healed":0,"gold_gain":0,"player_choice":"Ignored","damage_taken":0,"max_hp_gain":0,"max_hp_loss":0,"event_name":"Liars Game","floor":14,"gold_loss":0},{"damage_healed":0,"gold_gain":0,"player_choice":"Ignored","damage_taken":0,"max_hp_gain":0,"max_hp_loss":0,"event_name":"Ghosts","floor":19,"gold_loss":0},{"damage_healed":0,"gold_gain":0,"player_choice":"Ignored","damage_taken":0,"max_hp_gain":0,"max_hp_loss":0,"event_name":"Cursed Tome","floor":22,"gold_loss":0}],"is_beta":false,"boss_relics":[{"not_picked":["Velvet Choker","infinitespire:Cupcake"],"picked":"Philosopher\u0027s Stone"}],"items_purged_floors":[],"is_endless":true,"potions_floor_spawned":[1,3,5,16,28],"killed_by":"Snake Plant","ascension_level":0}}