{"host":"bxn2em57qlx5u4i0","time":1612806474,"event":{"mods":["BaseMod","Colored Map","Colored Powertips","Highlight Path","Minty Spire (QoL Compilation)","Random Character Button","Relic Sorter","Relic Stats","StSLib","SuperFastMode"],"gold_per_floor":[114,126,126,143,143,143,174,174,197,197,213,248,265,282,282,282,282],"floor_reached":16,"language":"ENG","playtime":338,"items_purged":[],"score":224,"play_id":"ffb43397-c2a2-446d-8eff-c11b78d65fc9","local_time":"20210208124754","is_ascension_mode":true,"campfire_choices":[{"data":"Poisoned Stab","floor":6,"key":"SMITH"},{"data":"Dagger Throw","floor":8,"key":"SMITH"},{"data":"Neutralize","floor":10,"key":"SMITH"},{"data":"Crippling Poison","floor":15,"key":"SMITH"}],"circlet_count":0,"master_deck":["AscendersBane","Strike_G","Strike_G","Strike_G","Strike_G","Defend_G","Defend_G","Defend_G","Defend_G","Defend_G","Survivor","Neutralize+1","Dagger Throw+1","Leg Sweep","Poisoned Stab+1","PiercingWail","Crippling Poison+1","Deadly Poison"],"relics":["Ring of the Snake","NeowsBlessing","Orichalcum","Nunchaku","Molten Egg 2"],"acts_visited":["Exordium"],"potions_floor_usage":[7,12,14,16],"damage_taken":[{"damage":0,"enemies":"Cultist","floor":1,"turns":1},{"damage":0,"enemies":"2 Louse","floor":2,"turns":1},{"damage":0,"enemies":"Jaw Worm","floor":4,"turns":1},{"damage":28,"enemies":"3 Sentries","floor":7,"turns":12},{"damage":1,"enemies":"Exordium Wildlife","floor":11,"turns":4},{"damage":15,"enemies":"Lagavulin","floor":12,"turns":6},{"damage":0,"enemies":"Gremlin Gang","floor":13,"turns":5},{"damage":0,"enemies":"Lots of Slimes","floor":14,"turns":1},{"damage":14,"enemies":"The Guardian","floor":16,"turns":5}],"seed_played":"-5461881585286594847","potions_obtained":[{"floor":2,"key":"Explosive Potion"},{"floor":4,"key":"Explosive Potion"},{"floor":7,"key":"BlessingOfTheForge"},{"floor":13,"key":"CunningPotion"}],"is_trial":false,"path_per_floor":["M","M","?","M","?","R","E","R","T","R","M","E","M","M","R","B"],"character_chosen":"THE_SILENT","items_purchased":[],"campfire_rested":0,"item_purchase_floors":[],"current_hp_per_floor":[59,59,52,52,57,57,29,29,29,29,28,13,13,13,13,0,0],"gold":282,"neow_bonus":"THREE_ENEMY_KILL","is_daily":false,"chose_seed":false,"campfire_upgraded":4,"win_rate":0.0,"timestamp":1612806474,"path_taken":["M","?","?","M","?","R","E","R","T","R","M","E","M","M","R","BOSS"],"items_purchased_type":[],"build_version":"2020-12-22","purchased_purges":0,"victory":false,"max_hp_per_floor":[66,66,66,66,71,71,71,71,71,71,71,71,71,71,71,71,71],"relic_stats":{"Nunchaku":[4],"counters":[9,36],"Orichalcum":[60],"obtain_stats":[{"Nunchaku":9,"NeowsBlessing":0,"Molten Egg 2":12,"Orichalcum":7,"Ring of the Snake":0},{"Nunchaku":4,"NeowsBlessing":0,"Molten Egg 2":6,"Orichalcum":4,"Ring of the Snake":0},{"Nunchaku":15,"NeowsBlessing":0,"Molten Egg 2":25,"Orichalcum":15,"Ring of the Snake":0}],"Ring of the Snake":[18]},"card_choices":[{"not_picked":["Caltrops","Reflex"],"picked":"Dagger Throw","floor":1},{"not_picked":["Dagger Spray","Riddle With Holes"],"picked":"Leg Sweep","floor":2},{"not_picked":["Bane","Slice"],"picked":"Poisoned Stab","floor":4},{"not_picked":["Accuracy","Flying Knee","Riddle With Holes"],"picked":"SKIP","floor":7},{"not_picked":["Prepared","Deflect"],"picked":"PiercingWail","floor":11},{"not_picked":["Quick Slash+1","Night Terror"],"picked":"Crippling Poison","floor":12},{"not_picked":["Cloak And Dagger","Dodge and Roll","Slice+1"],"picked":"SKIP","floor":13},{"not_picked":["Poisoned Stab+1","Infinite Blades"],"picked":"Deadly Poison","floor":14}],"player_experience":3010864,"relics_obtained":[{"floor":7,"key":"Orichalcum"},{"floor":9,"key":"Nunchaku"},{"floor":12,"key":"Molten Egg 2"}],"event_choices":[{"cards_removed":["Strike_G"],"damage_healed":0,"gold_gain":0,"player_choice":"Card Removal","damage_taken":7,"max_hp_gain":0,"max_hp_loss":0,"event_name":"Golden Wing","floor":3,"gold_loss":0},{"damage_healed":0,"gold_gain":0,"player_choice":"Donut","damage_taken":0,"max_hp_gain":5,"max_hp_loss":0,"event_name":"Big Fish","floor":5,"gold_loss":0}],"is_beta":false,"boss_relics":[],"items_purged_floors":[],"is_endless":false,"potions_floor_spawned":[2,4,7,13],"killed_by":"The Guardian","ascension_level":20}}