{"host":"04x9isxu4s2lvye3","time":1612749929,"event":{"mods":["BaseMod","Colored Powertips","Highlight Path","Minty Spire (QoL Compilation)"],"gold_per_floor":[111,111,111,71,86,126,301,322,373,373,393,418,439,455,455,578,578,598,523,523,57,0,0],"floor_reached":22,"language":"ENG","playtime":751,"items_purged":["Strike_G"],"score":274,"play_id":"70971894-ae96-4829-9cbc-669549c66a7e","local_time":"20210207210529","is_ascension_mode":true,"campfire_choices":[{"data":"Noxious Fumes","floor":10,"key":"SMITH"},{"floor":15,"key":"REST"}],"circlet_count":0,"master_deck":["Strike_G","Strike_G","Strike_G+1","Strike_G","Defend_G","Defend_G","Defend_G","Defend_G","Defend_G+1","Survivor","Neutralize","Dagger Throw","Noxious Fumes+1","Terror","Calculated Gamble","All Out Attack","Reflex","Outmaneuver","Blur","Flying Knee","Tools of the Trade","CurseOfTheBell","Poisoned Stab","Backflip"],"relics":["Ring of the Snake","NeowsBlessing","Golden Idol","Akabeko","Juzu Bracelet","Calling Bell","Smiling Mask","Blue Candle","Ginger","Nilry\u0027s Codex","Calipers"],"acts_visited":["Exordium","TheCity"],"potions_floor_usage":[11,16,16,21,22],"damage_taken":[{"damage":0,"enemies":"Jaw Worm","floor":1,"turns":1},{"damage":0,"enemies":"2 Louse","floor":5,"turns":1},{"damage":0,"enemies":"Gremlin Nob","floor":6,"turns":1},{"damage":0,"enemies":"Small Slimes","floor":8,"turns":3},{"damage":11,"enemies":"Exordium Wildlife","floor":11,"turns":3},{"damage":3,"enemies":"2 Fungi Beasts","floor":12,"turns":3},{"damage":1,"enemies":"3 Louse","floor":13,"turns":2},{"damage":6,"enemies":"Looter","floor":14,"turns":4},{"damage":41,"enemies":"Hexaghost","floor":16,"turns":11},{"damage":34,"enemies":"3 Byrds","floor":18,"turns":5},{"damage":14,"enemies":"2 Thieves","floor":22,"turns":2}],"seed_played":"8456466753562276110","potions_obtained":[{"floor":5,"key":"DuplicationPotion"},{"floor":6,"key":"CunningPotion"},{"floor":14,"key":"DuplicationPotion"},{"floor":18,"key":"GhostInAJar"}],"is_trial":false,"path_per_floor":["M","?","?","$","M","E","?","M","T","R","M","M","M","M","R","B",null,"M","?","?","$","M"],"character_chosen":"THE_SILENT","items_purchased":["Noxious Fumes","Fruit Juice","Calipers","Backflip"],"campfire_rested":1,"item_purchase_floors":[4,21,21,21],"current_hp_per_floor":[63,63,50,50,50,50,50,50,50,50,39,36,35,29,48,7,51,17,17,1,6,0,0],"gold":0,"neow_bonus":"THREE_ENEMY_KILL","is_daily":false,"chose_seed":false,"campfire_upgraded":1,"win_rate":0.0,"timestamp":1612749929,"path_taken":["M","?","?","$","M","E","?","M","T","R","M","M","M","M","R","BOSS","M","?","?","$","M"],"items_purchased_type":["Card","Potion","Relic","Card"],"build_version":"2020-12-22","purchased_purges":1,"victory":false,"max_hp_per_floor":[70,65,65,65,65,65,65,65,65,65,65,65,65,65,65,65,65,65,65,65,70,70,70],"card_choices":[{"not_picked":["Sucker Punch","PiercingWail"],"picked":"Dagger Throw","floor":1},{"not_picked":["Outmaneuver","Deflect"],"picked":"Terror","floor":5},{"not_picked":["Acrobatics","Setup"],"picked":"Calculated Gamble","floor":6},{"not_picked":["Calculated Gamble","Dagger Throw"],"picked":"All Out Attack","floor":8},{"not_picked":["Noxious Fumes","Crippling Poison"],"picked":"Reflex","floor":11},{"not_picked":["Backstab","Infinite Blades"],"picked":"Outmaneuver","floor":12},{"not_picked":["Riddle With Holes","Backflip"],"picked":"Blur","floor":13},{"not_picked":["Calculated Gamble","Infinite Blades"],"picked":"Flying Knee","floor":14},{"not_picked":["A Thousand Cuts","Storm of Steel"],"picked":"Tools of the Trade","floor":16},{"not_picked":["Escape Plan","Outmaneuver+1"],"picked":"Poisoned Stab","floor":18}],"player_experience":252202,"relics_obtained":[{"floor":6,"key":"Akabeko"},{"floor":9,"key":"Juzu Bracelet"},{"floor":17,"key":"Smiling Mask"},{"floor":17,"key":"Blue Candle"},{"floor":17,"key":"Ginger"},{"floor":20,"key":"Nilry\u0027s Codex"}],"event_choices":[{"damage_healed":0,"gold_gain":0,"player_choice":"Lose Max HP","damage_taken":0,"relics_obtained":["Golden Idol"],"max_hp_gain":0,"max_hp_loss":5,"event_name":"Golden Idol","floor":2,"gold_loss":0},{"damage_healed":0,"gold_gain":0,"player_choice":"Entered Light","damage_taken":13,"max_hp_gain":0,"max_hp_loss":0,"event_name":"Shining Light","floor":3,"gold_loss":0,"cards_upgraded":["Strike_G","Defend_G"]},{"damage_healed":0,"gold_gain":175,"player_choice":"AGREE","damage_taken":0,"max_hp_gain":0,"max_hp_loss":0,"event_name":"Liars Game","floor":7,"gold_loss":0,"cards_obtained":["Doubt"]},{"cards_removed":["Doubt"],"damage_healed":0,"gold_gain":0,"player_choice":"Gave Gold","damage_taken":0,"max_hp_gain":0,"max_hp_loss":0,"event_name":"Beggar","floor":19,"gold_loss":75},{"damage_healed":0,"gold_gain":0,"player_choice":"Obtained Book","damage_taken":16,"max_hp_gain":0,"max_hp_loss":0,"event_name":"Cursed Tome","floor":20,"gold_loss":0}],"is_beta":false,"boss_relics":[{"not_picked":["Velvet Choker","WristBlade"],"picked":"Calling Bell"}],"items_purged_floors":[21],"is_endless":false,"potions_floor_spawned":[5,6,14,18],"killed_by":"2 Thieves","ascension_level":6}}