{"host":"zjpztl3gv3azspk5","time":1612810502,"event":{"mods":["Act Like it!","BaseMod","Better Note","Better Skull","BetterRewards","Card Forge","Colored Powertips","Conspire","Downfall","Hermit","Highlight Path","Infinite Spire","Minty Spire (QoL Compilation)","Quick Restart","Rare Cards Sparkle","Replay The Spire","StSLib","The Exalted","everything is the same but u backflip on backflip"],"gold_per_floor":[99,109,94,114,126,111,111,127,146,165,165,181,196,226,246,350,350,350,365,376,376,376,376,376,376,408,423,323,336,336,336,356,458,458,458,474,484,503,170,200,200,217,245,245,262,278,278,278,292,292,292,292],"floor_reached":50,"language":"ENG","playtime":4715,"items_purged":[],"score":582,"play_id":"ea201b85-5abc-4bee-8c7b-fafe142b0a9d","local_time":"20210208105502","is_ascension_mode":false,"campfire_choices":[{"data":"bronze:Replicate","floor":1.0,"key":"SMITH"},{"data":"bronze:Assembly","floor":23.0,"key":"SMITH"},{"data":"bronze:Constructor","floor":28.0,"key":"SMITH"},{"data":"bronze:Terminator","floor":30.0,"key":"SMITH"},{"data":"Replay:Fractal Strike","floor":35.0,"key":"SMITH"},{"floor":47,"key":"REST"}],"circlet_count":0,"master_deck":["bronze:Strike","bronze:Strike","bronze:Strike","bronze:Strike","bronze:Defend","bronze:Defend","bronze:Defend","bronze:Defend","bronze:Replicate+1","bronze:Goto","bronze:Constructor+1","bronze:BuggyMess","bronze:BronzeOrb","bronze:OilSpill","bronze:Boost","bronze:Separator","bronze:Terminator+1","bronze:OilSpill","bronze:Assembly+1","bronze:InfiniteBeams","bronze:WhirlingStrike","bronze:Flail","bronze:AlphaBuild","bronze:GetLatest+1","bronze:Repair","bronze:ItsAFeature","bronze:Frontload+1","Replay:Fractal Strike+1","bronze:BronzeOrb","bronze:Format","bronze:ClassDefault","bronze:Shield+1","bronze:TinkerersToolbox","bronze:Mutator+1","Parasite"],"relics":["bronze:BronzeCore","Seething Fire","Anvil of the Gods","Divine Protection","Eternal Feather","Bromod:ArcaneEnergize","Nloth\u0027s Gift","Replay:Wax Seal","infinitespire:BottledMercury","Incense Burner","downfall:HeartBlessingGreen","Bromod:ArcaneGrace","HornCleat","Golden Egg","Replay:Baseball","Sling"],"acts_visited":["Exordium","TheCity","TheBeyond"],"potions_floor_usage":[50,50,50],"damage_taken":[{"damage":0.0,"enemies":"2 Louse","floor":2.0,"turns":4.0},{"damage":0.0,"enemies":"downfall:FleeingMerchant","floor":3.0,"turns":4.0},{"damage":0.0,"enemies":"Small Slimes","floor":4.0,"turns":3.0},{"damage":0.0,"enemies":"Cultist","floor":5.0,"turns":3.0},{"damage":0.0,"enemies":"downfall:FleeingMerchant","floor":6.0,"turns":4.0},{"damage":0.0,"enemies":"2 Fungi Beasts","floor":8.0,"turns":3.0},{"damage":5.0,"enemies":"Exordium Wildlife","floor":9.0,"turns":5.0},{"damage":0.0,"enemies":"Gremlin Gang","floor":10.0,"turns":6.0},{"damage":0.0,"enemies":"Blue Slaver","floor":12.0,"turns":2.0},{"damage":0.0,"enemies":"Red Slaver","floor":13.0,"turns":3.0},{"damage":10.0,"enemies":"Lagavulin","floor":14.0,"turns":6.0},{"damage":0.0,"enemies":"2 Fungi Beasts","floor":15.0,"turns":3.0},{"damage":26.0,"enemies":"WA_ARCHETYPE_RETAIN","floor":16.0,"turns":5.0},{"damage":3.0,"enemies":"3 Byrds","floor":19.0,"turns":5.0},{"damage":0.0,"enemies":"Shell Parasite","floor":20.0,"turns":4.0},{"damage":15.0,"enemies":"conspire:Head Lice","floor":26.0,"turns":5.0},{"damage":15.0,"enemies":"Cultist and Chosen","floor":27.0,"turns":8.0},{"damage":2.0,"enemies":"Sentry and Sphere","floor":29.0,"turns":3.0},{"damage":0.0,"enemies":"Snecko","floor":32.0,"turns":4.0},{"damage":3.0,"enemies":"DF_ARCHETYPE_CLAW","floor":33.0,"turns":9.0},{"damage":30.0,"enemies":"3 Darklings","floor":36.0,"turns":7.0},{"damage":0.0,"enemies":"Orb Walker","floor":37.0,"turns":3.0},{"damage":0.0,"enemies":"4 Shapes","floor":38.0,"turns":5.0},{"damage":34.0,"enemies":"Reptomancer","floor":40.0,"turns":7.0},{"damage":2,"enemies":"3 Darklings","floor":42,"turns":9},{"damage":48,"enemies":"Nemesis","floor":43,"turns":9},{"damage":11,"enemies":"Spire Growth","floor":45,"turns":6},{"damage":0,"enemies":"Transient","floor":46,"turns":5},{"damage":7,"enemies":"Writhing Mass","floor":49,"turns":8},{"damage":96,"enemies":"IC_BLOCK_ARCHETYPE","floor":50,"turns":8}],"seed_played":"3269687092065966150","potions_obtained":[{"floor":2.0,"key":"AttackPotion"},{"floor":8.0,"key":"sneckomod:MuddlingPotion"},{"floor":9.0,"key":"SpeedPotion"},{"floor":10.0,"key":"AttackPotion"},{"floor":12.0,"key":"Fire Potion"},{"floor":15.0,"key":"Fruit Juice"},{"floor":16.0,"key":"Adrenaline Potion"},{"floor":18.0,"key":"hexamod:SoulburnPotion"},{"floor":18.0,"key":"Death Potion"},{"floor":27.0,"key":"bronze:CleanCodePotion"},{"floor":33.0,"key":"FearPotion"},{"floor":36.0,"key":"Dexterity Potion"},{"floor":40.0,"key":"hexamod:SoulburnPotion"},{"floor":44,"key":"Reflective Coating"},{"floor":44,"key":"Slimebound:ThreeZeroPotion"},{"floor":45,"key":"LiquidMemories"}],"is_trial":false,"path_per_floor":["R","M","$","M","M","$","T","M","M","M","?","M","M","E","M","B",null,"R","M","M","?","AVR","R","T","?","E","M","R","M","R","?","M","B",null,"R","M","M","M","?","E","T","M","E","?","M","M","R","AVR","M","B"],"character_chosen":"THE_AUTOMATON","items_purchased":[],"campfire_rested":1,"item_purchase_floors":[],"current_hp_per_floor":[77,77,77,77,77,77,77,77,72,72,72,72,72,62,67,41,82,82,79,79,79,79,82,82,82,70,62,77,80,82,63,63,67,82,82,65,72,79,92,69,69,76,36,36,27,34,79,79,79,0,0,0],"gold":292,"neow_bonus":"TEN_PERCENT_HP_BONUS","is_daily":false,"chose_seed":false,"campfire_upgraded":5,"win_rate":0.0,"timestamp":1612810502,"path_taken":["R","M","$","M","M","$","T","M","M","M","?","M","M","E","M","BOSS","R","M","M","?","AVR","R","T","?","E","M","R","M","R","?","M","BOSS","R","M","M","M","?","E","T","M","E","?","?","M","R","AVR","M","BOSS"],"items_purchased_type":[],"build_version":"2020-12-13","purchased_purges":0,"victory":false,"max_hp_per_floor":[77,77,77,77,77,77,77,77,77,77,77,77,77,77,82,82,82,82,82,82,82,82,82,82,82,82,82,82,82,82,82,82,82,82,82,82,82,82,92,92,92,92,92,92,92,92,92,92,92,92,92,92],"card_choices":[{"not_picked":["bronze:DigitalCarnage","bronze:BitShift"],"picked":"bronze:Constructor","floor":2.0},{"not_picked":["bronze:Shield","bronze:Frontload"],"picked":"bronze:BuggyMess","floor":3.0},{"not_picked":["bronze:Overload","bronze:Shield"],"picked":"bronze:BronzeOrb","floor":4.0},{"not_picked":["bronze:WhirlingStrike","bronze:Allocate"],"picked":"bronze:OilSpill","floor":5.0},{"not_picked":["bronze:Invalidate","bronze:DelayedGuard"],"picked":"bronze:Boost","floor":6.0},{"not_picked":["bronze:ItsAFeature","bronze:Frontload"],"picked":"bronze:Separator","floor":8.0},{"not_picked":["bronze:CutThrough","bronze:FineTuning"],"picked":"bronze:Terminator","floor":9.0},{"not_picked":["bronze:MaxOutput","bronze:BuggyMess"],"picked":"bronze:OilSpill","floor":10.0},{"not_picked":["bronze:BitShift","bronze:DigitalCarnage"],"picked":"bronze:Assembly","floor":12.0},{"not_picked":["bronze:BuggyMess","bronze:CutThrough"],"picked":"bronze:InfiniteBeams","floor":13.0},{"not_picked":["bronze:FindAndReplace","bronze:Overload"],"picked":"bronze:WhirlingStrike","floor":14.0},{"not_picked":["bronze:FineTuning","bronze:BronzeArmor"],"picked":"bronze:Flail","floor":15.0},{"not_picked":["bronze:ShipIt","bronze:BurnOut"],"picked":"bronze:AlphaBuild","floor":16.0},{"not_picked":["bronze:Invalidate","bronze:Branch"],"picked":"bronze:GetLatest+1","floor":19.0},{"not_picked":["bronze:Frontload+1","bronze:CutThrough"],"picked":"bronze:Repair","floor":20.0},{"not_picked":["bronze:BuggyMess","bronze:Refactor"],"picked":"bronze:ItsAFeature","floor":26.0},{"not_picked":["bronze:Flail","bronze:NullPointer"],"picked":"bronze:Frontload+1","floor":27.0},{"not_picked":["bronze:Separator","bronze:Safeguard","bronze:Assembly"],"picked":"SKIP","floor":29.0},{"not_picked":["ReplayTheSpireMod:Book of Names","infinitespire:FinalStrike"],"picked":"Replay:Fractal Strike","floor":31.0},{"not_picked":["bronze:WildBeam","bronze:BuggyMess+1"],"picked":"bronze:BronzeOrb","floor":32.0},{"not_picked":["bronze:HardenedForm","bronze:ShipIt"],"picked":"bronze:Format","floor":33.0},{"not_picked":["bronze:DelayedGuard+1","bronze:Deprecate","bronze:Turbo"],"picked":"SKIP","floor":36.0},{"not_picked":["bronze:BugBarrage","bronze:NullPointer+1"],"picked":"bronze:ClassDefault","floor":37.0},{"not_picked":["bronze:FineTuning","bronze:Philosophize"],"picked":"bronze:Shield+1","floor":38.0},{"not_picked":["bronze:ClassDefault","bronze:ThunderWave"],"picked":"bronze:TinkerersToolbox","floor":40.0},{"not_picked":["bronze:Repair+1","bronze:Turbo+1","bronze:Shield"],"picked":"SKIP","floor":42},{"not_picked":["bronze:Separator+1","bronze:Fortify+1"],"picked":"bronze:Mutator","floor":43},{"not_picked":["bronze:Backtrace+1","bronze:Deprecate","bronze:ClassDefault"],"picked":"SKIP","floor":45},{"not_picked":["bronze:FineTuning","bronze:Shell","bronze:Flail"],"picked":"SKIP","floor":46},{"not_picked":["bronze:BuggyMess+1","bronze:BronzeOrb","bronze:Iterate+1"],"picked":"SKIP","floor":49}],"player_experience":204604,"relics_obtained":[{"floor":7.0,"key":"Divine Protection"},{"floor":14.0,"key":"Eternal Feather"},{"floor":24.0,"key":"infinitespire:BottledMercury"},{"floor":26.0,"key":"Incense Burner"},{"floor":40.0,"key":"HornCleat"},{"floor":41,"key":"Golden Egg"},{"floor":43,"key":"Replay:Baseball"}],"event_choices":[{"damage_healed":0.0,"max_hp_gain":0.0,"max_hp_loss":0.0,"gold_gain":0.0,"event_name":"betterNote:BetterNote","player_choice":"Ignored","floor":25.0,"gold_loss":0.0,"damage_taken":0.0,"cards_obtained":["bronze:Strike"]},{"damage_healed":0,"gold_gain":0,"player_choice":"Got Potions","damage_taken":0,"max_hp_gain":0,"max_hp_loss":0,"event_name":"Lab","floor":44,"gold_loss":0}],"is_beta":false,"boss_relics":[{"not_picked":["Replay:Grab Bag","Sozu"],"picked":"Bromod:ArcaneEnergize"},{"not_picked":["Replay:Wanted Poster","Kintsugi"],"picked":"Bromod:ArcaneGrace"}],"items_purged_floors":[],"is_endless":false,"potions_floor_spawned":[2,8,9,10,12,15,16,20,27,33,36,40,45,46],"killed_by":"IC_BLOCK_ARCHETYPE","ascension_level":0}}