{"host":"iwx63wjdqe91ab4t","time":1612750502,"event":{"mods":["AchievementEnabler","Act Like it!","Aspiration","BaseMod","BetterRewards","Downfall","Friendly Minions","Hermit","Hubris","Infinite Spire","Jorbs\u0027s Wanderer Trilogy","Marisa????????","Mimic Mod","Minty Spire (QoL Compilation)","Quick Restart","Reliquary","Replay The Spire","StSLib","The Bug Knight","The Construct","The Cursed","The Disciple","The Hierophant","The Jungle","The Necromancer","The Runesmith","The Servant 0.9.4"],"gold_per_floor":[99,117,128,144,53,81,81,123,123,163,163,163,163,200,227,339,339,339,363,384,384,404,423,423,12,31,52,92,200,200,222,237,334,334,334,344,344,361,511,511,511,544,544,561,561,579,145,177,196,296],"floor_reached":51,"language":"ENG","playtime":4213,"items_purged":["hexamod:Defend","Replay:Hysterical Blindness","hexamod:Strike"],"score":991,"play_id":"78709b06-2d3d-49c8-bf62-d2e6485f9219","local_time":"20210207201502","is_ascension_mode":true,"campfire_choices":[{"data":"hexamod:Strike","floor":1,"key":"PURGE"},{"data":"hexamod:RecurringNightmare","floor":11,"key":"SMITH"},{"floor":13,"key":"REST"},{"floor":18,"key":"DIG"},{"data":"Pride","floor":35,"key":"PURGE"},{"data":"ReplayTheSpireMod:Echoes of Time","floor":40,"key":"SMITH"},{"floor":43,"key":"DIG"}],"circlet_count":0,"master_deck":["hexamod:Strike+1","hexamod:Defend","hexamod:Defend","hexamod:Sear","hexamod:Float+1","hexamod:Hexaguard","hexamod:GhostShield","hexamod:GhostShield","hexamod:SpectersWail","hexamod:Hexaguard","hexamod:GhostLash","hexamod:TimeWarp","hexamod:RecurringNightmare+1","hexamod:SpectersWail+1","hexamod:GhostLash+1","hexamod:GhostOfSpirePresent","hexamod:VolcanoVisage+1","hexamod:FlamesFromBeyond","hexamod:FlamesFromBeyond","hexamod:HeatShield","hexamod:SpectersWail+1","hexamod:Rewind","hexamod:Hexaguard","hexamod:Hexaguard","hexamod:FlamesFromBeyond+1","hexamod:Haunt","hexamod:GiftsFromTheDead","hexamod:GhostLash+1","hexamod:FirstSeal","hexamod:GiftsFromTheDead","hexamod:NightmareStrike+1","ReplayTheSpireMod:Echoes of Time+1","hexamod:NightmareStrike+1","hexamod:RainOfEmbers+1","hexamod:ExtraCrispy+1","hexamod:SearingWound","expansioncontent:DashGenerateEvil+1","hexamod:GhostflameInferno","hexamod:SwordOfDarkness+1","hexamod:Firestarter+1"],"relics":["Empty Cage","Turnip","Sundial","Kunai","reliquary:PartyBalloon","Ring of Peace","Ring of Fury","hexamod:SoulConsumer","infinitespire:Cupcake","HollowMod:PaleOreRelic","Lizard Tail","Molten Egg 2","aspiration:Nostalgia","Runesmith:BrokenRuby","Strawberry","Simple Rune","Replay:Kaleidoscope","Replay:WaspNest","hexamod:TheBrokenSeal","hubris:BlackHole","hubris:Icosahedron","ReplayTheSpireMod:CursedCoin","Shovel","reliquary:Firecrackers","Letter Opener","hubris:Towel","Whetstone","Gremlin Food","Blood Vial"],"acts_visited":["Exordium","TheCity","TheBeyond"],"potions_floor_usage":[5,10,16,16,23,25,28,29,33,38,46,50],"damage_taken":[{"damage":1,"enemies":"Jaw Worm","floor":2,"turns":3},{"damage":0,"enemies":"2 Louse","floor":3,"turns":6},{"damage":2,"enemies":"Small Slimes","floor":4,"turns":4},{"damage":0,"enemies":"downfall:FleeingMerchant","floor":5,"turns":4},{"damage":5,"enemies":"Exordium Wildlife","floor":6,"turns":4},{"damage":16,"enemies":"3 Sentries","floor":8,"turns":11},{"damage":13,"enemies":"Lagavulin","floor":10,"turns":6},{"damage":28,"enemies":"3 Sentries","floor":14,"turns":12},{"damage":0,"enemies":"Large Slime","floor":15,"turns":4},{"damage":8,"enemies":"SI_SHIV_ARCHETYPE","floor":16,"turns":7},{"damage":0,"enemies":"3 Byrds","floor":19,"turns":4},{"damage":13,"enemies":"Chosen and Byrds","floor":20,"turns":6},{"damage":0,"enemies":"Sentry and Sphere","floor":22,"turns":4},{"damage":16,"enemies":"Cultist and Chosen","floor":23,"turns":5},{"damage":4,"enemies":"downfall:FleeingMerchant","floor":25,"turns":4},{"damage":16,"enemies":"Snecko","floor":26,"turns":5},{"damage":16,"enemies":"Centurion and Healer","floor":27,"turns":5},{"damage":2,"enemies":"HollowMod:Nosk","floor":28,"turns":6},{"damage":14,"enemies":"Colosseum Nobs","floor":29,"turns":4},{"damage":28,"enemies":"Cultist and Chosen","floor":31,"turns":5},{"damage":0,"enemies":"Sentry and Sphere","floor":32,"turns":5},{"damage":27,"enemies":"DF_ARCHETYPE_CLAW","floor":33,"turns":6},{"damage":0,"enemies":"3 Shapes","floor":36,"turns":4},{"damage":2,"enemies":"Orb Walker","floor":38,"turns":4},{"damage":189,"enemies":"Nightmare","floor":42,"turns":11},{"damage":0,"enemies":"Maw","floor":44,"turns":5},{"damage":6,"enemies":"3 Darklings","floor":46,"turns":4},{"damage":0,"enemies":"downfall:FleeingMerchant","floor":47,"turns":3},{"damage":0,"enemies":"Giant Head","floor":48,"turns":4},{"damage":19,"enemies":"Sphere and 2 Shapes","floor":49,"turns":3},{"damage":0,"enemies":"WA_ARCHETYPE_DIVINITY","floor":50,"turns":3}],"seed_played":"-340599500569923899","potions_obtained":[{"floor":4,"key":"PowerPotion"},{"floor":6,"key":"sneckomod:MuddlingPotion"},{"floor":8,"key":"Fire Potion"},{"floor":15,"key":"Swift Potion"},{"floor":22,"key":"Fruit Juice"},{"floor":23,"key":"EssenceOfSteel"},{"floor":26,"key":"BlessingOfTheForge"},{"floor":28,"key":"Languid Potion"},{"floor":31,"key":"EssenceOfSteel"},{"floor":32,"key":"Energy Potion"},{"floor":33,"key":"SkillPotion"},{"floor":38,"key":"LiquidMemories"},{"floor":44,"key":"Flashbang"},{"floor":46,"key":"SmokeBomb"}],"is_trial":false,"path_per_floor":["R","M","M","M","$","M","T","E","?","E","R","?","R","E","M","B",null,"R","M","M","?","M","M","T","$","M","M","E","?","?","M","M","B",null,"R","M","?","M","AVR","R","T","NM","R","M","?","M","$","E","M","B",null],"character_chosen":"THE_SPIRIT","items_purchased":["hexamod:SecondSeal","hexamod:Hexaguard","aspiration:Nostalgia","Strawberry","expansioncontent:DashGenerateEvil","Whetstone","hexamod:GhostflameInferno","hexamod:SwordOfDarkness+1","Gremlin Food"],"campfire_rested":1,"item_purchase_floors":[5,25,25,25,47,47,47,47,47],"current_hp_per_floor":[70,69,69,67,67,62,62,46,39,26,26,26,47,19,19,15,70,70,70,61,61,65,58,58,65,53,48,57,54,54,81,81,65,92,92,92,92,92,92,92,92,38,38,49,49,54,61,72,62,75],"gold":296,"neow_bonus":"BOSS_RELIC","is_daily":false,"chose_seed":false,"campfire_upgraded":2,"win_rate":0.0,"timestamp":1612750502,"path_taken":["R","M","M","M","$","M","T","E","?","E","R","?","R","E","M","BOSS","R","M","M","?","M","M","T","$","M","M","E","?","?","M","M","BOSS","R","M","?","M","AVR","R","T","NM","R","M","?","M","$","E","M","BOSS"],"items_purchased_type":["Card","Card","Relic","Relic","Card","Relic","Card","Card","Relic"],"build_version":"2020-12-22","purchased_purges":3,"victory":true,"max_hp_per_floor":[70,70,70,70,70,70,70,70,70,70,70,70,70,70,70,70,70,70,70,70,70,70,75,75,82,82,82,82,82,82,92,92,92,92,92,92,92,92,92,92,92,92,92,92,92,92,92,92,92,92],"card_choices":[{"not_picked":["hexamod:SpectersWail","hexamod:BurningTouch"],"picked":"hexamod:ThirdSeal","floor":2},{"not_picked":["hexamod:ShieldOfDarkness","hexamod:GhostLash"],"picked":"hexamod:Hexaguard","floor":3},{"not_picked":["hexamod:BacktrackSmack","hexamod:ThermalTransfer"],"picked":"hexamod:GhostShield","floor":3},{"not_picked":["hexamod:WildfireWeapon","hexamod:NightmareStrike"],"picked":"hexamod:GhostShield","floor":4},{"not_picked":["hexamod:RecurringNightmare","hexamod:BurningTouch"],"picked":"hexamod:SpectersWail","floor":4},{"not_picked":["hexamod:ShieldOfDarkness","hexamod:InspiringFlames"],"picked":"hexamod:Hexaguard","floor":5},{"not_picked":["hexamod:StepThrough","hexamod:GhostShield","hexamod:HauntingEcho"],"picked":"SKIP","floor":5},{"not_picked":["hexamod:CatchUp","hexamod:RadiantFlame"],"picked":"hexamod:GhostLash","floor":6},{"not_picked":["hexamod:AdvancingGuard","hexamod:ShieldOfDarkness","hexamod:SoulSteal"],"picked":"SKIP","floor":6},{"not_picked":["hexamod:GhostOfSpirePast","hexamod:HeatMetal"],"picked":"hexamod:TimeWarp","floor":8},{"not_picked":["hexamod:TurnItUp","hexamod:SoulSteal","hexamod:Again"],"picked":"SKIP","floor":8},{"not_picked":["hexamod:GhostflameBarrier","hexamod:RetreatToShadows"],"picked":"hexamod:RecurringNightmare","floor":10},{"not_picked":["hexamod:UnlimitedPower","hexamod:AdvancingGuard","hexamod:ChargedBarrage"],"picked":"SKIP","floor":10},{"not_picked":["hexamod:Incineration","hexamod:PhantomFireball"],"picked":"hexamod:SpectersWail","floor":14},{"not_picked":["hexamod:FastForward","hexamod:Incineration","hexamod:StepThrough"],"picked":"SKIP","floor":14},{"not_picked":["hexamod:BacktrackSmack","hexamod:GhostShield"],"picked":"hexamod:GhostLash","floor":15},{"not_picked":["hexamod:SuperheatedStrike","hexamod:Firestarter","hexamod:HeatShield"],"picked":"SKIP","floor":15},{"not_picked":["hexamod:HexaLevel","hexamod:WildfireWeapon"],"picked":"hexamod:GhostOfSpirePresent","floor":16},{"not_picked":["hexamod:SearingWound","hexamod:TurnItUp"],"picked":"hexamod:VolcanoVisage","floor":16},{"not_picked":["hexamod:AdvancingGuard","hexamod:RainOfEmbers"],"picked":"hexamod:FlamesFromBeyond","floor":19},{"not_picked":["hexamod:SwordOfDarkness","hexamod:HeatShield","hexamod:ChargedBarrage+1"],"picked":"SKIP","floor":19},{"not_picked":["hexamod:SwordOfDarkness","hexamod:HeatShield"],"picked":"hexamod:FlamesFromBeyond","floor":20},{"not_picked":["hexamod:GhostOfSpirePast","hexamod:HeatMetal"],"picked":"hexamod:HeatShield","floor":20},{"not_picked":["hexamod:Firestarter","hexamod:Hexaguard"],"picked":"hexamod:SpectersWail+1","floor":22},{"not_picked":["hexamod:BurningTouch+1","hexamod:HeatMetal+1","hexamod:ThermalTransfer"],"picked":"SKIP","floor":22},{"not_picked":["hexamod:SoulSteal","hexamod:RadiantFlame"],"picked":"hexamod:FifthSeal","floor":23},{"not_picked":["hexamod:NightmareStrike","hexamod:NightmareGuise","hexamod:DynamicBlow"],"picked":"SKIP","floor":23},{"not_picked":["hexamod:FirstSeal","hexamod:ThirdSeal"],"picked":"hexamod:SixthSeal","floor":25},{"not_picked":["hexamod:FastForward+1","hexamod:SecondSeal"],"picked":"hexamod:Rewind","floor":25},{"not_picked":["hexamod:Firestarter+1","hexamod:ChargedBarrage+1","hexamod:BurningTouch"],"picked":"SKIP","floor":25},{"not_picked":["hexamod:FourthSeal","hexamod:ThirdSeal"],"picked":"hexamod:FirstSeal","floor":26},{"not_picked":["hexamod:HauntingEcho+1","hexamod:StepThrough+1"],"picked":"hexamod:FlamesFromBeyond+1","floor":26},{"not_picked":["hexamod:GhostShield","hexamod:ChargedBarrage+1"],"picked":"hexamod:Haunt","floor":27},{"not_picked":["hexamod:ThermalTransfer+1","hexamod:HeatMetal+1","hexamod:SkipABeat+1"],"picked":"SKIP","floor":27},{"not_picked":["hexamod:PhantomCloak","hexamod:StepThrough+1"],"picked":"hexamod:GiftsFromTheDead","floor":28},{"not_picked":["hexamod:SpectralSpark","hexamod:NightmareGuise","hexamod:GhostflameBarrier"],"picked":"SKIP","floor":28},{"not_picked":["hexamod:SixthSeal","hexamod:ThirdSeal"],"picked":"hexamod:FourthSeal","floor":29},{"not_picked":["hexamod:BacktrackSmack+1","hexamod:ThermalTransfer+1"],"picked":"hexamod:GhostLash+1","floor":29},{"not_picked":["hexamod:StepThrough+1","hexamod:FastForward","hexamod:ThermalTransfer+1"],"picked":"SKIP","floor":31},{"not_picked":["hexamod:NightmareGuise","hexamod:GhostLash+1"],"picked":"hexamod:FirstSeal","floor":32},{"not_picked":["hexamod:TimeWarp+1","hexamod:ParanormalForm"],"picked":"hexamod:GiftsFromTheDead","floor":33},{"not_picked":["hexamod:SpectralAdrenaline+1","hexamod:ThermalTransfer+1"],"picked":"hexamod:NightmareStrike+1","floor":36},{"not_picked":["hexamod:ThermalTransfer+1","hexamod:SpectralAdrenaline+1","hexamod:HeatMetal+1"],"picked":"SKIP","floor":38},{"not_picked":["hexamod:BurningTouch+1","hexamod:ShieldOfDarkness+1"],"picked":"hexamod:NightmareStrike+1","floor":42},{"not_picked":["hexamod:EmpoweredFlame","hexamod:ExtraCrispy"],"picked":"hexamod:RainOfEmbers+1","floor":44},{"not_picked":["hexamod:EtherealExpedition","hexamod:SuperheatedStrike+1"],"picked":"hexamod:ExtraCrispy+1","floor":46},{"not_picked":["hexamod:GhostflameBarrier","hexamod:Firestarter+1"],"picked":"hexamod:SearingWound","floor":47},{"not_picked":["hexamod:AdvancingGuard+1","hexamod:RadiantFlame","hexamod:HauntingEcho+1"],"picked":"SKIP","floor":48},{"not_picked":["hexamod:StepThrough+1","hexamod:ChargedBarrage+1"],"picked":"hexamod:Firestarter+1","floor":49}],"player_experience":274118,"relics_obtained":[{"floor":7,"key":"Turnip"},{"floor":8,"key":"Sundial"},{"floor":10,"key":"reliquary:PartyBalloon"},{"floor":12,"key":"Ring of Peace"},{"floor":12,"key":"Ring of Fury"},{"floor":14,"key":"hexamod:SoulConsumer"},{"floor":18,"key":"HollowMod:PaleOreRelic"},{"floor":24,"key":"Molten Egg 2"},{"floor":28,"key":"Simple Rune"},{"floor":29,"key":"Replay:Kaleidoscope"},{"floor":29,"key":"Replay:WaspNest"},{"floor":41,"key":"Shovel"},{"floor":42,"key":"reliquary:Firecrackers"},{"floor":43,"key":"Letter Opener"},{"floor":48,"key":"Blood Vial"}],"event_choices":[{"damage_healed":0,"gold_gain":0,"player_choice":"Success","damage_taken":7,"relics_obtained":["Kunai"],"max_hp_gain":0,"max_hp_loss":0,"event_name":"Scrap Ooze","floor":9,"gold_loss":0},{"damage_healed":0,"gold_gain":0,"player_choice":"Stole Relic","damage_taken":0,"relics_obtained":["Lizard Tail"],"max_hp_gain":0,"max_hp_loss":0,"event_name":"Addict","floor":21,"gold_loss":0,"cards_obtained":["Pride"]}],"is_beta":false,"boss_relics":[{"not_picked":["Runesmith:UraniumAnvil","Snecko Eye"],"picked":"infinitespire:Cupcake"},{"not_picked":["Replay:Drink Me","Black Star"],"picked":"hubris:BlackHole"}],"items_purged_floors":[25,39,47],"is_endless":false,"potions_floor_spawned":[4,6,8,15,22,23,26,28,31,32,33,38,44,46],"ascension_level":1}}