{"host":"aq3xpixvif6gmjmv","time":1612754063,"event":{"mods":["BaseMod","CapriCore","Colored Map","Colored Powertips","Friendly Minions","Minty Spire (QoL Compilation)","StSLib","SuperFastMode","The Hierophant"],"gold_per_floor":[119,119,119,44,44,76,108,108,108,135,135],"floor_reached":10,"language":"KOR","playtime":156,"items_purged":["Regret"],"score":139,"play_id":"cde08ac1-e3fc-4ce9-8eb2-aa776421ff65","local_time":"20210208121423","daily_mods":["Vintage","Heirloom","Time Dilation","Flight","DeadlyEvents","Elite Swarm","Lethality"],"is_ascension_mode":true,"campfire_choices":[{"data":"Double Tap","floor":8.0,"key":"SMITH"}],"circlet_count":0,"master_deck":["Strike_R+1","Strike_R","Strike_R","Strike_R","Strike_R","Defend_R","Defend_R","Defend_R+1","Defend_R","Bash","Offering","Double Tap+1"],"relics":["Burning Blood","Pocketwatch","Bag of Preparation","Singing Bowl","Frozen Egg 2","InkBottle","Dead Branch"],"acts_visited":["Exordium"],"potions_floor_usage":[10],"damage_taken":[{"damage":9.0,"enemies":"Jaw Worm","floor":1.0,"turns":2.0},{"damage":9.0,"enemies":"Gremlin Nob","floor":6.0,"turns":3.0},{"damage":27.0,"enemies":"Lagavulin","floor":7.0,"turns":3.0},{"damage":27,"enemies":"3 Sentries","floor":10,"turns":5}],"seed_played":"8596529449701247968","potions_obtained":[{"floor":5.0,"key":"DuplicationPotion"},{"floor":5.0,"key":"Strength Potion"},{"floor":5.0,"key":"Block Potion"}],"is_trial":true,"path_per_floor":["M","?","?","$","?","E","E","R","T","E"],"character_chosen":"IRONCLAD","items_purchased":[],"campfire_rested":0,"item_purchase_floors":[],"current_hp_per_floor":[77,77,61,61,61,58,37,37,37,16,16],"gold":135,"neow_bonus":"","is_daily":false,"chose_seed":false,"campfire_upgraded":1,"win_rate":0.0,"timestamp":1612754063,"path_taken":["M","?","?","$","?","E","E","R","T","E"],"items_purchased_type":[],"build_version":"2020-12-22","purchased_purges":1,"victory":false,"max_hp_per_floor":[80,80,80,80,80,80,80,80,80,80,80],"card_choices":[{"not_picked":["Barricade+1","Impervious"],"picked":"Offering","floor":6.0},{"not_picked":["Fiend Fire","Barricade+1"],"picked":"Double Tap","floor":7.0}],"player_experience":420678,"relics_obtained":[{"floor":1.0,"key":"Bag of Preparation"},{"floor":6.0,"key":"Frozen Egg 2"},{"floor":7.0,"key":"InkBottle"},{"floor":10,"key":"Dead Branch"}],"event_choices":[{"damage_healed":0.0,"max_hp_gain":0.0,"max_hp_loss":0.0,"gold_gain":0.0,"event_name":"Big Fish","player_choice":"Box","floor":2.0,"gold_loss":0.0,"damage_taken":0.0,"relics_obtained":["Singing Bowl"],"cards_obtained":["Regret"]},{"damage_healed":0.0,"max_hp_gain":0.0,"max_hp_loss":0.0,"gold_gain":0.0,"event_name":"Shining Light","player_choice":"Entered Light","floor":3.0,"gold_loss":0.0,"damage_taken":16.0,"cards_upgraded":["Strike_R","Defend_R"]},{"damage_healed":0.0,"max_hp_gain":0.0,"max_hp_loss":0.0,"gold_gain":0.0,"event_name":"Lab","player_choice":"Got Potions","floor":5.0,"gold_loss":0.0,"damage_taken":0.0}],"is_beta":false,"boss_relics":[],"items_purged_floors":[4],"is_endless":true,"potions_floor_spawned":[7],"killed_by":"3 Sentries","ascension_level":1}}