{"host":"eaiphzh066bwqdh7","time":1612802297,"event":{"mods":["BaseMod","Better Note","Halation","Hubris","Minty Spire (QoL Compilation)","Reliquary","Replay The Spire","StSLib"],"gold_per_floor":[114,114,125,144,162,162,181,181,181,181,201,126,156,179,179,179,179],"floor_reached":16,"language":"ENG","playtime":577,"items_purged":["Defend_G"],"score":147,"play_id":"c47eb294-b743-4052-a4ae-86f1002bf280","local_time":"20210208113817","is_ascension_mode":true,"campfire_choices":[{"floor":6,"key":"REST"},{"floor":8,"key":"REST"},{"data":"Poisoned Stab","floor":10,"key":"SMITH"},{"floor":15,"key":"REST"}],"circlet_count":0,"master_deck":["Strike_G","Strike_G","Strike_G","Strike_G","Strike_G","Defend_G+1","Defend_G","Defend_G","Defend_G+1","Survivor+1","Neutralize","Cloak And Dagger","Poisoned Stab+1","Hidden Blade","Deflect+1"],"relics":["Ring of the Snake","Anchor","Gremlin Food","War Paint"],"acts_visited":["Exordium"],"potions_floor_usage":[1,13,13],"damage_taken":[{"damage":10,"enemies":"Small Slimes","floor":1,"turns":4},{"damage":14,"enemies":"Cultist","floor":3,"turns":4},{"damage":1,"enemies":"Jaw Worm","floor":4,"turns":4},{"damage":20,"enemies":"Gremlin Gang","floor":5,"turns":8},{"damage":3,"enemies":"Large Slime","floor":7,"turns":6},{"damage":0,"enemies":"Lots of Slimes","floor":11,"turns":5},{"damage":14,"enemies":"3 Sentries","floor":13,"turns":8},{"damage":86,"enemies":"Slime Boss","floor":16,"turns":19}],"seed_played":"-6756480990961720187","potions_obtained":[{"floor":1,"key":"Fruit Juice"},{"floor":4,"key":"Elixir"},{"floor":11,"key":"SkillPotion"}],"is_trial":false,"path_per_floor":["M","?","M","M","M","R","M","R","T","R","M","$","E","T","R","B"],"character_chosen":"THE_SILENT","items_purchased":[],"campfire_rested":3,"item_purchase_floors":[],"current_hp_per_floor":[58,58,44,43,23,49,46,72,72,72,72,72,58,58,84,0,0],"gold":179,"neow_bonus":"TWENTY_PERCENT_HP_BONUS","is_daily":false,"chose_seed":false,"campfire_upgraded":1,"win_rate":0.0,"timestamp":1612802297,"path_taken":["M","?","M","M","?","R","M","R","T","R","M","$","E","?","R","BOSS"],"items_purchased_type":[],"build_version":"2020-12-22","purchased_purges":1,"victory":false,"max_hp_per_floor":[89,89,89,89,89,89,89,89,89,89,89,89,89,89,89,89,89],"card_choices":[{"not_picked":["ReplayTheSpireMod:Scrap Shanks","Dodge and Roll","Quick Slash"],"picked":"SKIP","floor":1},{"not_picked":["Deflect","Eviscerate"],"picked":"Cloak And Dagger","floor":3},{"not_picked":["Sucker Punch","Leg Sweep","Tactician"],"picked":"SKIP","floor":4},{"not_picked":["ReplayTheSpireMod:The Works","Quick Slash"],"picked":"Poisoned Stab","floor":5},{"not_picked":["Bane","Dagger Spray"],"picked":"Hidden Blade","floor":7},{"not_picked":["Sneak Up","Malaise"],"picked":"Deflect","floor":11},{"not_picked":["hubris:Counter","Expertise","Dodge and Roll"],"picked":"SKIP","floor":13}],"player_experience":282444,"relics_obtained":[{"floor":9,"key":"Anchor"},{"floor":13,"key":"Gremlin Food"},{"floor":14,"key":"War Paint"}],"event_choices":[{"damage_healed":0,"gold_gain":0,"player_choice":"Forge","damage_taken":0,"max_hp_gain":0,"max_hp_loss":0,"event_name":"Accursed Blacksmith","floor":2,"gold_loss":0,"cards_upgraded":["Survivor"]}],"is_beta":false,"boss_relics":[],"items_purged_floors":[12],"is_endless":false,"potions_floor_spawned":[1,4,11],"killed_by":"Slime Boss","ascension_level":4}}