{"host":"6rg8kqrcyg7lkx0e","time":1612797470,"event":{"mods":["BaseMod","Downfall","Minty Spire (QoL Compilation)","Relic Filter Mod","StSLib"],"gold_per_floor":[99,99,162,162,39,39,39,65,79,79,79,99,99,124,137,233,233,233,246,131,131,150,150,150,150,160,190,209,209,219,237,255,356,356,156,168,187,287,147,481,481,508,408,591,591,371,383,263,276,276,276,305,30,30,30,30],"floor_reached":57,"language":"ZHS","playtime":8531,"items_purged":["Regret","Slimebound:Strike_Slimebound","Slimebound:CorrosiveSpit","Slimebound:SpikyOuterGoop"],"score":1438,"play_id":"24df7704-eed8-4149-abc2-121ccbe02421","local_time":"20210208231750","is_ascension_mode":false,"campfire_choices":[{"data":"Slimebound:Split","floor":1.0,"key":"SMITH"},{"data":"Slimebound:LeadByExample","floor":6.0,"key":"SMITH"},{"data":"Slimebound:LevelUp","floor":10.0,"key":"SMITH"},{"data":"Slimebound:SplitSpecialist","floor":13.0,"key":"SMITH"},{"data":"Slimebound:SelfFormingGoo","floor":18.0,"key":"SMITH"},{"floor":23.0,"key":"RECALL"},{"data":"Slimebound:RejuvenatingLick","floor":35.0,"key":"SMITH"},{"data":"Slimebound:LeadByExample","floor":43.0,"key":"SMITH"},{"floor":54,"key":"REST"}],"circlet_count":0,"master_deck":["Slimebound:Split+1","Slimebound:SplitAcid+1","Slimebound:LevelUp+1","Slimebound:LeadByExample+1","Slimebound:SplitMire","Slimebound:GrowthPunch","Slimebound:SplitAcid+1","Slimebound:SplitSpecialist+1","Slimebound:PressTheAttack","Slimebound:SelfFormingGoo+1","Slimebound:SplitLeeching","Slimebound:SplitLeeching","Slimebound:SlimeBarrage+1","Slimebound:TagTeam+1","Slimebound:DivideAndConquer+1","Slimebound:LivingWall","Slimebound:RejuvenatingLick+1","Slimebound:LeadByExample+1","Slimebound:GoopSpray+1","Slimebound:SlimeTap+1","Slimebound:SplitSpecialist+1","Slimebound:ServeAndProtect+1","Sadistic Nature","Slimebound:LevelUp","Slimebound:GrowthPunch+1","Slimebound:LevelUp+1"],"relics":["Slimebound:AbsorbEndCombat","downfall:HeartsMalice","Blue Candle","TungstenRod","HornCleat","Tiny Chest","Philosopher\u0027s Stone","Molten Egg 2","Pen Nib","Turnip","Pandora\u0027s Box","downfall:HeartBlessingGreen","downfall:HeartBlessingRed","downfall:GremlinWheel","Old Coin","Letter Opener","downfall:HeartBlessingBlue","War Paint","Regal Pillow","Membership Card","Anchor","DollysMirror","Mummified Hand","Happy Flower"],"acts_visited":["Exordium","TheCity","TheBeyond","TheEnding"],"potions_floor_usage":[56,56],"damage_taken":[{"damage":0.0,"enemies":"Cultist","floor":2.0,"turns":1.0},{"damage":0.0,"enemies":"Lagavulin Event","floor":3.0,"turns":1.0},{"damage":0.0,"enemies":"downfall:FleeingMerchant","floor":5.0,"turns":1.0},{"damage":15.0,"enemies":"3 Sentries","floor":8.0,"turns":6.0},{"damage":0.0,"enemies":"Small Slimes","floor":9.0,"turns":3.0},{"damage":5.0,"enemies":"2 Louse","floor":12.0,"turns":2.0},{"damage":2.0,"enemies":"Gremlin Nob","floor":14.0,"turns":3.0},{"damage":12.0,"enemies":"Exordium Thugs","floor":15.0,"turns":4.0},{"damage":7.0,"enemies":"SI_SHIV_ARCHETYPE","floor":16.0,"turns":6.0},{"damage":2.0,"enemies":"Chosen","floor":19.0,"turns":4.0},{"damage":2.0,"enemies":"downfall:FleeingMerchant","floor":20.0,"turns":4.0},{"damage":2.0,"enemies":"Spheric Guardian","floor":22.0,"turns":3.0},{"damage":12.0,"enemies":"Snecko","floor":26.0,"turns":5.0},{"damage":2.0,"enemies":"Gremlin Leader","floor":27.0,"turns":7.0},{"damage":6.0,"enemies":"Centurion and Healer","floor":28.0,"turns":4.0},{"damage":17.0,"enemies":"Snake Plant","floor":30.0,"turns":4.0},{"damage":0.0,"enemies":"3 Cultists","floor":31.0,"turns":4.0},{"damage":3.0,"enemies":"Snecko","floor":32.0,"turns":4.0},{"damage":18.0,"enemies":"DF_ARCHETYPE_CLAW","floor":33.0,"turns":5.0},{"damage":11.0,"enemies":"3 Darklings","floor":36.0,"turns":3.0},{"damage":1.0,"enemies":"Orb Walker","floor":37.0,"turns":2.0},{"damage":0.0,"enemies":"Orb Walker","floor":38.0,"turns":3.0},{"damage":0.0,"enemies":"downfall:FleeingMerchant","floor":39.0,"turns":4.0},{"damage":17.0,"enemies":"Nemesis","floor":40.0,"turns":7.0},{"damage":19.0,"enemies":"Reptomancer","floor":42.0,"turns":4.0},{"damage":0.0,"enemies":"downfall:FleeingMerchant","floor":44.0,"turns":1.0},{"damage":3,"enemies":"Spire Growth","floor":47,"turns":3},{"damage":0,"enemies":"Sphere and 2 Shapes","floor":49,"turns":3},{"damage":7,"enemies":"IC_BLOCK_ARCHETYPE","floor":50,"turns":7},{"damage":61,"enemies":"downfall:CharBossMerchant","floor":52,"turns":7},{"damage":0,"enemies":"downfall:NeowBoss","floor":55,"turns":10},{"damage":19,"enemies":"downfall:NeowBossFinal","floor":56,"turns":9}],"seed_played":"3387631768477406545","potions_obtained":[{"floor":9.0,"key":"AttackPotion"},{"floor":12.0,"key":"Fire Potion"},{"floor":14.0,"key":"Slimebound:SpawnSlimePotion"},{"floor":19.0,"key":"DuplicationPotion"},{"floor":37.0,"key":"PowerPotion"}],"is_trial":false,"path_per_floor":["R","M","?","?","$","R","T","E","M","R","?","M","R","E","M","B",null,"R","M","$","?","M","R","T","?","M","E","M","T","M","M","M","B",null,"R","M","M","?","$","E","T","E","R","$","T","$","M","$","M","B",null,"E","$","R","B","B",null],"character_chosen":"SLIMEBOUND","items_purchased":["Slimebound:SplitMire","War Paint","Membership Card","Sadistic Nature","Slimebound:LevelUp","DollysMirror","Mummified Hand","Happy Flower"],"campfire_rested":1,"item_purchase_floors":[5,44,46,48,48,53,53,53],"current_hp_per_floor":[65,65,65,65,65,65,65,54,58,58,58,55,55,57,51,52,65,65,64,63,63,63,63,63,63,55,61,59,59,48,48,53,43,65,65,56,55,61,65,52,52,35,45,45,45,45,42,42,42,43,75,14,14,51,59,48],"gold":30,"neow_bonus":"THREE_ENEMY_KILL","is_daily":false,"chose_seed":false,"campfire_upgraded":7,"win_rate":0.0,"timestamp":1612797470,"path_taken":["R","M","?","?","$","R","T","E","M","R","?","M","R","E","M","BOSS","R","M","$","?","M","R","T","?","M","E","M","?","M","M","M","BOSS","R","M","M","?","?","E","T","E","R","?","?","$","M","$","M","BOSS","E","$","R","BOSS","BOSS"],"items_purchased_type":["Card","Relic","Relic","Card","Card","Relic","Relic","Relic"],"build_version":"2020-12-22","purchased_purges":4,"victory":true,"max_hp_per_floor":[65,65,65,65,65,65,65,65,65,65,65,65,65,65,65,65,65,65,65,65,65,65,65,65,65,65,65,65,65,65,65,65,65,65,65,65,65,65,65,65,65,65,75,75,75,75,75,75,75,75,75,75,75,75,75,75],"card_choices":[{"not_picked":["Slimebound:Prepare","Slimebound:SplitLeeching"],"picked":"Slimebound:SplitAcid","floor":2.0},{"not_picked":["Slimebound:ComboTackle","Slimebound:LeechEnergy"],"picked":"Slimebound:LevelUp","floor":3.0},{"not_picked":["Slimebound:SpikyOuterGoop","Slimebound:Prepare"],"picked":"Slimebound:LeadByExample","floor":5.0},{"not_picked":["Slimebound:Nibble","Slimebound:AcidTongue"],"picked":"Slimebound:GrowthPunch","floor":8.0},{"not_picked":["Slimebound:Dissolve","Slimebound:Prepare"],"picked":"Slimebound:SplitAcid","floor":9.0},{"not_picked":["Slimebound:LeechEnergy","Slimebound:PressTheAttack"],"picked":"Slimebound:SplitSpecialist","floor":12.0},{"not_picked":["Slimebound:GoopTackle","Slimebound:LivingWall","Slimebound:PrepareCrush"],"picked":"SKIP","floor":14.0},{"not_picked":["Slimebound:Schlurp","Slimebound:LivingWall"],"picked":"Slimebound:PressTheAttack","floor":15.0},{"not_picked":["Slimebound:Teamwork","Slimebound:RallyTheTroops"],"picked":"Slimebound:SelfFormingGoo","floor":16.0},{"not_picked":["Slimebound:DisruptingSlam","Slimebound:ViciousTackle","Slimebound:HauntingLick+1"],"picked":"SKIP","floor":19.0},{"not_picked":["Slimebound:SplitAcid","Slimebound:ComboTackle"],"picked":"Slimebound:SplitLeeching","floor":20.0},{"not_picked":["Slimebound:ProtectTheBoss","Slimebound:PressTheAttack","Slimebound:Chomp"],"picked":"SKIP","floor":22.0},{"not_picked":["Slimebound:Schlurp+1","Slimebound:ComboTackle+1"],"picked":"Slimebound:SplitLeeching","floor":26.0},{"not_picked":["Slimebound:LivingWall+1","Slimebound:SplitMire","Slimebound:SplitAcid"],"picked":"SKIP","floor":27.0},{"not_picked":["Slimebound:ViciousTackle+1","Slimebound:SamplingLick+1","Slimebound:ItLooksTasty+1"],"picked":"SKIP","floor":28.0},{"not_picked":["Slimebound:SplitMire","Slimebound:GoopTackle+1","Slimebound:SlimeSpikes"],"picked":"SKIP","floor":30.0},{"not_picked":["Slimebound:LeechEnergy+1","Slimebound:ForwardTackle+1"],"picked":"Slimebound:SlimeBarrage+1","floor":31.0},{"not_picked":["Slimebound:ItLooksTasty+1","Slimebound:MassFeed+1","Slimebound:LeechEnergy+1"],"picked":"SKIP","floor":32.0},{"not_picked":["Slimebound:SelfFormingGoo","Slimebound:Darklings"],"picked":"Slimebound:TagTeam+1","floor":33.0},{"not_picked":["Slimebound:ServeAndProtect","Slimebound:SplitMire"],"picked":"Slimebound:GoopSpray+1","floor":36.0},{"not_picked":["Slimebound:FinishingTackle+1","Slimebound:RollThrough+1"],"picked":"Slimebound:SlimeTap","floor":37.0},{"not_picked":["Slimebound:SlimeSpikes","Slimebound:Grow+1","Slimebound:HauntingLick+1"],"picked":"SKIP","floor":39.0},{"not_picked":["Slimebound:LeadByExample","Slimebound:AcidTongue+1","Slimebound:SplitAcid+1"],"picked":"SKIP","floor":40.0},{"not_picked":["Slimebound:LeechEnergy+1","Slimebound:FormOfPuddle+1","Slimebound:CheckThePlaybook"],"picked":"SKIP","floor":42.0},{"not_picked":["Slimebound:FinishingTackle+1","Slimebound:LivingWall+1"],"picked":"Slimebound:SplitSpecialist+1","floor":44.0},{"not_picked":["Slimebound:Dissolve+1","Slimebound:LivingWall"],"picked":"Slimebound:ServeAndProtect+1","floor":47},{"not_picked":["Slimebound:RainOfGoop+1","Slimebound:RollThrough+1"],"picked":"Slimebound:GrowthPunch+1","floor":49},{"not_picked":["Slimebound:Equalize+1","Slimebound:Prepare","Slimebound:ItLooksTasty+1"],"picked":"SKIP","floor":52}],"player_experience":781476,"relics_obtained":[{"floor":3.0,"key":"Blue Candle"},{"floor":7.0,"key":"HornCleat"},{"floor":8.0,"key":"Tiny Chest"},{"floor":24.0,"key":"Molten Egg 2"},{"floor":27.0,"key":"Pen Nib"},{"floor":29.0,"key":"Turnip"},{"floor":38.0,"key":"downfall:GremlinWheel"},{"floor":40.0,"key":"Old Coin"},{"floor":42.0,"key":"Letter Opener"},{"floor":45.0,"key":"Regal Pillow"},{"floor":52,"key":"Anchor"}],"event_choices":[{"damage_healed":0.0,"max_hp_gain":0.0,"max_hp_loss":0.0,"gold_gain":0.0,"event_name":"Big Fish","player_choice":"Box","floor":4.0,"gold_loss":0.0,"damage_taken":0.0,"relics_obtained":["TungstenRod"],"cards_obtained":["Regret"]},{"cards_removed":["Slimebound:Tackle"],"damage_healed":0.0,"max_hp_gain":0.0,"max_hp_loss":0.0,"gold_gain":0.0,"event_name":"Wheel of Change","player_choice":"Card Removal","floor":43.0,"gold_loss":0.0,"damage_taken":0.0}],"is_beta":false,"boss_relics":[{"not_picked":["Sozu","Black Star"],"picked":"Philosopher\u0027s Stone"},{"not_picked":["Velvet Choker","Tiny House"],"picked":"Pandora\u0027s Box"}],"items_purged_floors":[5,20,39,46],"is_endless":false,"potions_floor_spawned":[9,12,14,19,26,30,31,37,42,47,49,52],"ascension_level":0}}