{"host":"nsc6ozq3atyrdr3m","time":1612824754,"event":{"mods":["BaseMod","Colored Map","Minty Spire (QoL Compilation)"],"gold_per_floor":[114,114,114,127,127,160,160,179,179,219,294,307,307,320,320,439,439,463,378,394,270,270,270,310,354,354,204,217,217,240,273,273,399,399,415,363,363,386,231,231,252,252,277,318,64,89,89,105,105,105,105,105,6,46,46,46],"floor_reached":55,"language":"FRA","playtime":1274,"items_purged":["Defend_R","Rupture"],"score":806,"play_id":"7f439bb2-e48e-4824-b983-37bc635f0d0d","local_time":"20210208235234","is_ascension_mode":true,"campfire_choices":[{"data":"Flex","floor":7,"key":"SMITH"},{"floor":13,"key":"REST"},{"data":"Heavy Blade","floor":15,"key":"SMITH"},{"data":"Pommel Strike","floor":23,"key":"SMITH"},{"floor":29,"key":"REST"},{"floor":32,"key":"REST"},{"floor":40,"key":"RECALL"},{"data":"Heavy Blade","floor":42,"key":"SMITH"},{"data":"Flex","floor":47,"key":"SMITH"},{"data":"Sword Boomerang","floor":49,"key":"SMITH"},{"data":"Double Tap","floor":52,"key":"SMITH"}],"circlet_count":0,"master_deck":["Strike_R+1","Strike_R+1","Strike_R+1","Strike_R+1","Strike_R+1","Defend_R+1","Defend_R+1","Defend_R+1","Bash+1","Pommel Strike+1","Flex+1","Heavy Blade+1","Rage","Double Tap+1","Thunderclap","Whirlwind+1","Flex+1","Shockwave","Inflame","Battle Trance","Sword Boomerang+1","Heavy Blade+1","Spot Weakness"],"relics":["Burning Blood","NeowsBlessing","Golden Idol","Pantograph","Bottled Flame","Ancient Tea Set","HornCleat","Black Star","Pen Nib","Potion Belt","Bag of Marbles","Red Mask","Meat on the Bone","StoneCalendar","Busted Crown","Bag of Preparation","MealTicket","Unceasing Top","Juzu Bracelet","Red Skull","Bird Faced Urn","Nunchaku"],"acts_visited":["Exordium","TheCity","TheBeyond","TheEnding"],"potions_floor_usage":[10,11,16,24,31,33,50,55,55,55,55,55],"damage_taken":[{"damage":0,"enemies":"2 Louse","floor":1,"turns":1},{"damage":0,"enemies":"Small Slimes","floor":4,"turns":1},{"damage":0,"enemies":"3 Sentries","floor":6,"turns":1},{"damage":10,"enemies":"Jaw Worm","floor":8,"turns":4},{"damage":25,"enemies":"Lagavulin","floor":10,"turns":6},{"damage":19,"enemies":"3 Sentries","floor":11,"turns":8},{"damage":0,"enemies":"Large Slime","floor":12,"turns":4},{"damage":1,"enemies":"2 Fungi Beasts","floor":14,"turns":3},{"damage":33,"enemies":"Slime Boss","floor":16,"turns":6},{"damage":20,"enemies":"Shell Parasite","floor":18,"turns":6},{"damage":26,"enemies":"3 Byrds","floor":20,"turns":8},{"damage":21,"enemies":"Gremlin Leader","floor":24,"turns":4},{"damage":16,"enemies":"Masked Bandits","floor":25,"turns":3},{"damage":18,"enemies":"Sentry and Sphere","floor":28,"turns":5},{"damage":3,"enemies":"Shelled Parasite and Fungi","floor":30,"turns":2},{"damage":22,"enemies":"Book of Stabbing","floor":31,"turns":6},{"damage":35,"enemies":"Collector","floor":33,"turns":6},{"damage":0,"enemies":"Orb Walker","floor":35,"turns":2},{"damage":3,"enemies":"3 Shapes","floor":38,"turns":1},{"damage":0,"enemies":"Sphere and 2 Shapes","floor":41,"turns":1},{"damage":37,"enemies":"Giant Head","floor":44,"turns":6},{"damage":0,"enemies":"Spire Growth","floor":46,"turns":1},{"damage":1,"enemies":"4 Shapes","floor":48,"turns":1},{"damage":106,"enemies":"Awakened One","floor":50,"turns":8},{"damage":0,"enemies":"Shield and Spear","floor":54,"turns":4},{"damage":90,"enemies":"The Heart","floor":55,"turns":5}],"seed_played":"-2303275636450298970","potions_obtained":[{"floor":8,"key":"EssenceOfSteel"},{"floor":10,"key":"Fire Potion"},{"floor":11,"key":"FearPotion"},{"floor":14,"key":"Explosive Potion"},{"floor":18,"key":"Regen Potion"},{"floor":25,"key":"Weak Potion"},{"floor":30,"key":"Weak Potion"},{"floor":31,"key":"FearPotion"},{"floor":37,"key":"AttackPotion"},{"floor":41,"key":"FairyPotion"},{"floor":44,"key":"CultistPotion"}],"is_trial":false,"path_per_floor":["M","?","?","M","$","E","R","M","T","E","?","M","R","M","R","B",null,"M","?","M","$","?","R","E","?","T","$","M","R","M","E","R","B",null,"M","$","?","M","$","R","M","R","T","E","$","M","R","M","R","B",null,"R","$","E","B"],"character_chosen":"IRONCLAD","items_purchased":["Flex","Battle Trance","Regen Potion","Strength Potion","Bag of Preparation","Red Skull","Energy Potion","SkillPotion"],"campfire_rested":3,"item_purchase_floors":[21,27,27,36,39,45,53,53],"current_hp_per_floor":[80,64,44,50,50,56,56,52,52,33,20,26,50,55,55,53,80,66,66,46,46,46,46,43,33,33,33,21,45,48,32,56,60,80,80,80,80,80,80,80,80,80,80,49,64,70,70,75,75,23,80,80,80,80,0,0],"gold":46,"neow_bonus":"THREE_ENEMY_KILL","is_daily":false,"chose_seed":false,"campfire_upgraded":7,"win_rate":0.0,"timestamp":1612824754,"path_taken":["M","?","?","?","$","E","R","M","T","E","?","M","R","M","R","BOSS","M","?","M","$","?","R","E","?","T","$","M","R","?","E","R","BOSS","M","$","?","M","?","R","M","R","T","E","$","M","R","M","R","BOSS","R","$","E","BOSS"],"items_purchased_type":["Card","Card","Potion","Potion","Relic","Relic","Potion","Potion"],"build_version":"2020-12-22","purchased_purges":2,"victory":false,"max_hp_per_floor":[80,80,80,80,80,80,80,80,80,80,80,80,80,80,80,80,80,80,80,80,80,80,80,80,80,80,80,80,80,80,80,80,80,80,80,80,80,80,80,80,80,80,80,80,80,80,80,80,80,80,80,80,80,80,80,80],"card_choices":[{"not_picked":["Armaments","Searing Blow"],"picked":"Pommel Strike","floor":1},{"not_picked":["Battle Trance","Armaments"],"picked":"Flex","floor":4},{"not_picked":["Iron Wave","Havoc","Dark Embrace"],"picked":"SKIP","floor":6},{"not_picked":["Armaments","Wild Strike","Intimidate"],"picked":"SKIP","floor":8},{"not_picked":["Intimidate","Warcry"],"picked":"Rupture","floor":10},{"not_picked":["Exhume","Hemokinesis"],"picked":"Heavy Blade","floor":11},{"not_picked":["Pommel Strike","Shrug It Off"],"picked":"Rage","floor":12},{"not_picked":["Infernal Blade","Reckless Charge","Body Slam"],"picked":"SKIP","floor":14},{"not_picked":["Bludgeon","Impervious"],"picked":"Double Tap","floor":16},{"not_picked":["Dark Embrace","Iron Wave"],"picked":"Thunderclap","floor":18},{"not_picked":["Dual Wield","Bloodletting"],"picked":"Whirlwind+1","floor":20},{"not_picked":["Burning Pact","Reckless Charge"],"picked":"Shockwave","floor":24},{"not_picked":["Havoc+1","Dropkick"],"picked":"Inflame","floor":25},{"not_picked":["Shrug It Off","Iron Wave"],"picked":"Sword Boomerang","floor":28},{"not_picked":["Combust","Infernal Blade","Pommel Strike"],"picked":"SKIP","floor":30},{"not_picked":["Rampage+1","Reckless Charge","Searing Blow"],"picked":"SKIP","floor":31},{"not_picked":[],"picked":"Heavy Blade","floor":35},{"not_picked":[],"picked":"Spot Weakness","floor":38},{"not_picked":["Clash+1"],"picked":"SKIP","floor":41},{"not_picked":["Entrench+1"],"picked":"SKIP","floor":44},{"not_picked":["Anger"],"picked":"SKIP","floor":46},{"not_picked":["Evolve+1"],"picked":"SKIP","floor":48},{"not_picked":["Entrench+1"],"picked":"SKIP","floor":54}],"player_experience":384471,"relics_obtained":[{"floor":6,"key":"Pantograph"},{"floor":9,"key":"Bottled Flame"},{"floor":10,"key":"Ancient Tea Set"},{"floor":11,"key":"HornCleat"},{"floor":24,"key":"Potion Belt"},{"floor":24,"key":"Bag of Marbles"},{"floor":25,"key":"Red Mask"},{"floor":31,"key":"Meat on the Bone"},{"floor":31,"key":"StoneCalendar"},{"floor":43,"key":"MealTicket"},{"floor":44,"key":"Unceasing Top"},{"floor":44,"key":"Juzu Bracelet"},{"floor":54,"key":"Bird Faced Urn"},{"floor":54,"key":"Nunchaku"}],"event_choices":[{"damage_healed":0,"gold_gain":0,"player_choice":"Entered Light","damage_taken":16,"max_hp_gain":0,"max_hp_loss":0,"event_name":"Shining Light","floor":2,"gold_loss":0,"cards_upgraded":["Bash","Defend_R"]},{"damage_healed":0,"gold_gain":0,"player_choice":"Take Damage","damage_taken":20,"relics_obtained":["Golden Idol"],"max_hp_gain":0,"max_hp_loss":0,"event_name":"Golden Idol","floor":3,"gold_loss":0},{"damage_healed":0,"gold_gain":0,"player_choice":"Searched \u00271\u0027 times","damage_taken":0,"max_hp_gain":0,"max_hp_loss":0,"event_name":"Dead Adventurer","floor":11,"gold_loss":0},{"damage_healed":0,"gold_gain":0,"player_choice":"Obtained Relic","damage_taken":0,"relics_obtained":["Pen Nib"],"max_hp_gain":0,"max_hp_loss":0,"event_name":"Addict","floor":19,"gold_loss":85},{"damage_healed":0,"gold_gain":0,"player_choice":"Simplicity","damage_taken":0,"max_hp_gain":0,"max_hp_loss":0,"event_name":"Back to Basics","floor":22,"gold_loss":0,"cards_upgraded":["Strike_R","Strike_R","Strike_R","Strike_R","Strike_R","Defend_R","Defend_R"]},{"damage_healed":0,"gold_gain":0,"player_choice":"Fought Bandits","damage_taken":0,"max_hp_gain":0,"max_hp_loss":0,"event_name":"Masked Bandits","floor":25,"gold_loss":0},{"damage_healed":0,"gold_gain":0,"player_choice":"Got Potions","damage_taken":0,"max_hp_gain":0,"max_hp_loss":0,"event_name":"Lab","floor":37,"gold_loss":0}],"is_beta":false,"boss_relics":[{"not_picked":["Snecko Eye","SacredBark"],"picked":"Black Star"},{"not_picked":["Black Blood","Mark of Pain"],"picked":"Busted Crown"}],"items_purged_floors":[21,45],"is_endless":false,"potions_floor_spawned":[8,10,11,14,18,25,30,31,41,44,54],"killed_by":"The Heart","ascension_level":1}}