{"host":"lehbxtjrpalkmwwj","time":1612797080,"event":{"mods":["Aspiration","BaseMod","Colored Map","Colored Powertips","Conspire","GungeonMod","KomeijiMod","Lobotomy","Minty Spire (QoL Compilation)","Quick Restart","Replay The Spire","Shop Mod","StSLib","The Cursed","The Poker Player","[IsaacMod]ÒÔÈö¼âËþ"],"gold_per_floor":[362,438,171,191,208,208,240,253,253,279,354,45,76,76,76,179,179,192,222,260,271,136,136,136],"floor_reached":23,"language":"ZHS","playtime":668,"items_purged":[],"score":282,"play_id":"0d7c0a2e-f8e1-4535-91a4-e04089900498","local_time":"20210208231120","is_ascension_mode":true,"campfire_choices":[{"floor":6.0,"key":"RECALL"},{"data":"Brutality","floor":15,"key":"SMITH"}],"circlet_count":0,"master_deck":["Strike_R","Strike_R","Strike_R","Strike_R","Strike_R","Defend_R","Defend_R","Defend_R","Bash","Clash","Immolate","Flex","Disarm","ReplayTheSpireMod:Corrosion Curse","Brutality+1","Perfected Strike","Strike_G","Barricade","Inflame","ReplayTheSpireMod:Stacked","Offering"],"relics":["Burning Blood","HushsDoor","DemoMod:GnawedKey","aspiration:Nostalgia","DemoMod:Dog","PokeGo","Iron Hammer","Replay:Ringing Soul","DeathBook","DemoMod:PartiallyEatenCheese","Durian","Black Star","Ancient Tea Set","DemoMod:GlassGuonStoneRelic"],"acts_visited":["Exordium","TheCity"],"potions_floor_usage":[20,23],"damage_taken":[{"damage":9.0,"enemies":"Jaw Worm","floor":1.0,"turns":4.0},{"damage":0.0,"enemies":"2 Louse","floor":4.0,"turns":2.0},{"damage":0.0,"enemies":"Small Slimes","floor":5.0,"turns":2.0},{"damage":23.0,"enemies":"Lagavulin","floor":7.0,"turns":5.0},{"damage":13.0,"enemies":"Exordium Thugs","floor":8.0,"turns":2.0},{"damage":2.0,"enemies":"3 Sentries","floor":10.0,"turns":9.0},{"damage":0.0,"enemies":"Gremlin Nob","floor":13.0,"turns":1.0},{"damage":66,"enemies":"Hexaghost","floor":16,"turns":10},{"damage":1,"enemies":"2 Thieves","floor":18,"turns":2},{"damage":27,"enemies":"Shell Parasite","floor":19,"turns":5},{"damage":47,"enemies":"conspire:MimicChest","floor":20,"turns":9},{"damage":14,"enemies":"3 Cultists","floor":21,"turns":4},{"damage":0,"enemies":"Slavers","floor":23,"turns":2}],"seed_played":"-7174367326695772942","potions_obtained":[{"floor":4.0,"key":"Swift Potion"},{"floor":7.0,"key":"SteroidPotion"},{"floor":8.0,"key":"Regen Potion"},{"floor":10.0,"key":"Adrenaline Potion"},{"floor":18,"key":"EssenceOfSteel"}],"is_trial":false,"path_per_floor":["M","?","$","M","M","R","E","M","T","E","?","$","E","?","R","B",null,"M","M","?","M","?","E"],"character_chosen":"IRONCLAD","items_purchased":["DemoMod:GnawedKey","aspiration:Nostalgia","DemoMod:PartiallyEatenCheese"],"campfire_rested":0,"item_purchase_floors":[3,3,12],"current_hp_per_floor":[69,69,69,72,72,72,55,48,48,70,59,59,73,76,76,19,89,89,71,33,28,28,-999999,-999999],"gold":136,"neow_bonus":"TWO_FIFTY_GOLD","is_daily":false,"chose_seed":false,"campfire_upgraded":1,"win_rate":0.0,"timestamp":1612797080,"path_taken":["M","?","$","M","M","R","E","M","T","E","?","$","E","?","R","BOSS","M","M","?","M","?","E"],"items_purchased_type":["Relic","Relic","Relic"],"build_version":"2020-12-22","purchased_purges":0,"victory":false,"max_hp_per_floor":[72,72,72,72,72,72,72,72,72,75,75,75,83,86,86,89,89,89,92,95,98,98,98,98],"card_choices":[{"not_picked":[],"picked":"SuicideKing","floor":0.0},{"not_picked":["ReplayTheSpireMod:Strike From Hell","Dual Wield"],"picked":"Clash","floor":1.0},{"not_picked":["Shrug It Off","Seeing Red"],"picked":"Immolate","floor":4.0},{"not_picked":["ReplayTheSpireMod:Strike From Hell","Anger"],"picked":"Flex","floor":5.0},{"not_picked":["Flex","Hemokinesis"],"picked":"Disarm","floor":7.0},{"not_picked":["Run Through","ReplayTheSpireMod:Strike From Hell"],"picked":"ReplayTheSpireMod:Corrosion Curse","floor":8.0},{"not_picked":["conspire:Charge","Dropkick"],"picked":"Brutality","floor":10.0},{"not_picked":["conspire:HitWhereItHurts","Armaments"],"picked":"Perfected Strike","floor":13.0},{"not_picked":["Brutality","Feed"],"picked":"Barricade","floor":16},{"not_picked":["Shrug It Off","Evolve+1","Warcry"],"picked":"SKIP","floor":18},{"not_picked":["Feel No Pain","Anger"],"picked":"Inflame","floor":19},{"not_picked":["Disarm","Body Slam+1"],"picked":"ReplayTheSpireMod:Stacked","floor":20},{"not_picked":["Wild Strike","Evolve"],"picked":"Offering","floor":21}],"player_experience":143703,"relics_obtained":[{"floor":7.0,"key":"Iron Hammer"},{"floor":9.0,"key":"Replay:Ringing Soul"},{"floor":10.0,"key":"DeathBook"},{"floor":13.0,"key":"Durian"},{"floor":20,"key":"Ancient Tea Set"}],"event_choices":[{"damage_healed":0.0,"max_hp_gain":0.0,"max_hp_loss":0.0,"gold_gain":76.0,"event_name":"Golden Wing","player_choice":"Gained Gold","floor":2.0,"gold_loss":0.0,"damage_taken":0.0},{"damage_healed":0.0,"max_hp_gain":0.0,"max_hp_loss":0.0,"gold_gain":75.0,"event_name":"World of Goop","player_choice":"Gather Gold","floor":11.0,"gold_loss":0.0,"damage_taken":11.0},{"cards_removed":["Defend_R"],"damage_healed":0,"gold_gain":0,"player_choice":"Took Card","damage_taken":0,"max_hp_gain":0,"max_hp_loss":0,"event_name":"NoteForYourself","floor":14,"gold_loss":0,"cards_obtained":["Strike_G"]}],"is_beta":false,"boss_relics":[{"not_picked":["ChampionBelt","Runic Dome"],"picked":"Black Star"},{"not_picked":[]}],"items_purged_floors":[],"is_endless":false,"potions_floor_spawned":[4,7,8,10,18],"killed_by":"Slavers","ascension_level":2}}