{"host":"xkmvu47k9fdstweo","time":1612816033,"event":{"mods":["BaseMod","Colored Map","Conspire","HololiveMod","Hubris","Minty Spire (QoL Compilation)","Quick Restart","Shop Mod","StSLib"],"gold_per_floor":[83,83,33,47,47,77,77,77,77,77,110,121,121,146,146,223,223,237,256,6,22,22,22,363,273,273,293,5,23,55,73,73,145,145,165,179,191,208,219,245,263,4,27,109,129,184,184,202,202,206],"floor_reached":51,"language":"ENG","playtime":1994,"items_purged":["Hololive_Defend"],"score":1824,"play_id":"3b26b86e-6968-4205-9698-d71680bcda2b","local_time":"20210208152713","is_ascension_mode":true,"campfire_choices":[{"data":"Hololive_CallDoris","floor":7.0,"key":"SMITH"},{"data":"Hololive_CallHoshimachiSuisei","floor":10.0,"key":"SMITH"},{"data":"Hololive_CandyCastle","floor":13.0,"key":"SMITH"},{"data":"Hololive_CallKiryuuCoco","floor":15.0,"key":"SMITH"},{"data":"Hololive_CallHimemoriLuna","floor":23.0,"key":"SMITH"},{"data":"Hololive_CallShishiroBotan","floor":32,"key":"SMITH"},{"floor":47,"key":"DIG"},{"floor":49,"key":"DIG"}],"circlet_count":0,"master_deck":["AscendersBane","Hololive_Rebound","Hololive_CallKiryuuCoco+1","Hololive_CallHimemoriLuna+1","Hololive_CallDoris+1","Hololive_CallHoshimachiSuisei+1","Hololive_CallFriendA","Hololive_CallManoAloe","Hololive_OpenUp+1","Hololive_CallOzoraSubaru","Hololive_CandyCastle+1","Hololive_Yoholoon","Hololive_AWSL","Hololive_CallTokinoSora+1","Hololive_CallShishiroBotan+1","Hololive_CallYozoraMel+1","Secret Weapon","Hololive_SoulCatcher","Hololive_CallAkaiHaato","Hololive_Rebirth","Sadistic Nature","Deep Breath","Hololive_SoulCatcher","Hololive_CocoNews","Hololive_Psychosis","Hololive_CallAmaneKanata","Hololive_Recruit","CurseOfTheBell","Hololive_OvertimeWork","Hololive_CallTokoyamiTowa","Hololive_CallAmaneKanata","Hololive_Yoholoon","Hololive_CocoNews+1","Hololive_CallOmaruPolka+1","Hololive_FlyingPonyTail","Master of Strategy","Hololive_CallNekomataOkayu","Hololive_BringToTrial+1","Hololive_CallAZKi"],"relics":["Hololive_TheStar","NeowsBlessing","Nunchaku","Regal Pillow","hubris:TenFootPole","Coffee Dripper","Old Coin","Blue Candle","Toy Ornithopter","Calling Bell","Oddly Smooth Stone","Kunai","hubris:FunFungus","Shovel","hubris:ToyBattleship","Gremlin Horn","CaptainsWheel","FossilizedHelix","Bottled Tornado"],"acts_visited":["Exordium","TheCity","TheBeyond"],"potions_floor_usage":[29,30,37,40,40,46],"damage_taken":[{"damage":0.0,"enemies":"Small Slimes","floor":1.0,"turns":2.0},{"damage":0.0,"enemies":"Jaw Worm","floor":4.0,"turns":1.0},{"damage":0.0,"enemies":"3 Sentries","floor":6.0,"turns":2.0},{"damage":0.0,"enemies":"Gremlin Nob","floor":11.0,"turns":3.0},{"damage":0.0,"enemies":"conspire:RoseBush","floor":12.0,"turns":2.0},{"damage":0.0,"enemies":"Lagavulin","floor":14.0,"turns":4.0},{"damage":0.0,"enemies":"Slime Boss","floor":16.0,"turns":3.0},{"damage":4.0,"enemies":"conspire:FuzzyDice","floor":18.0,"turns":6.0},{"damage":0.0,"enemies":"Spheric Guardian","floor":19.0,"turns":3.0},{"damage":0.0,"enemies":"Centurion and Healer","floor":21.0,"turns":6.0},{"damage":0.0,"enemies":"Book of Stabbing","floor":24.0,"turns":4.0},{"damage":0.0,"enemies":"Snecko","floor":27.0,"turns":4.0},{"damage":0,"enemies":"Snake Plant","floor":29,"turns":3},{"damage":0,"enemies":"Gremlin Leader","floor":30,"turns":5},{"damage":2,"enemies":"Centurion and Healer","floor":31,"turns":6},{"damage":0,"enemies":"conspire:MysteriousRune","floor":33,"turns":5},{"damage":0,"enemies":"Orb Walker","floor":35,"turns":3},{"damage":0,"enemies":"3 Shapes","floor":36,"turns":4},{"damage":9,"enemies":"Jaw Worm Horde","floor":37,"turns":5},{"damage":3,"enemies":"3 Darklings","floor":38,"turns":5},{"damage":0,"enemies":"Maw","floor":39,"turns":6},{"damage":35,"enemies":"Reptomancer","floor":40,"turns":7},{"damage":34,"enemies":"4 Shapes","floor":41,"turns":5},{"damage":0,"enemies":"Transient","floor":45,"turns":5},{"damage":12,"enemies":"2 Orb Walkers","floor":46,"turns":6},{"damage":0,"enemies":"Writhing Mass","floor":48,"turns":4},{"damage":0,"enemies":"Time Eater","floor":50,"turns":9}],"seed_played":"2263452485785744875","potions_obtained":[{"floor":6.0,"key":"Regen Potion"},{"floor":11.0,"key":"LiquidBronze"},{"floor":16.0,"key":"PowerPotion"},{"floor":24.0,"key":"ColorlessPotion"},{"floor":29,"key":"Energy Potion"},{"floor":33,"key":"Explosive Potion"},{"floor":37,"key":"Regen Potion"},{"floor":45,"key":"FearPotion"},{"floor":48,"key":"LiquidBronze"}],"is_trial":false,"path_per_floor":["M","?","?","M","?","E","R","?","T","R","E","M","R","E","R","B",null,"M","M","$","M","?","R","E","?","T","M","$","M","E","M","R","B",null,"M","M","M","M","M","E","M","$","T","T","M","?","R","M","R","B",null],"character_chosen":"Hololive_HololiveCharacter","items_purchased":["Hololive_CallYozoraMel","Secret Weapon","Sadistic Nature","Deep Breath","Hololive_SoulCatcher","Master of Strategy"],"campfire_rested":0,"item_purchase_floors":[20,20,28,28,28,42],"current_hp_per_floor":[27,27,27,27,27,27,27,20,20,20,20,20,20,20,20,20,28,25,26,26,27,27,27,34,34,34,35,35,35,36,37,37,38,38,39,40,38,42,43,44,14,14,14,14,19,25,25,47,47,49],"gold":206,"neow_bonus":"THREE_ENEMY_KILL","is_daily":false,"chose_seed":false,"campfire_upgraded":6,"win_rate":0.0,"timestamp":1612816033,"path_taken":["M","?","?","M","?","E","R","?","T","R","E","M","R","E","R","BOSS","M","M","$","M","?","R","E","?","T","M","$","M","E","?","R","BOSS","M","M","?","M","M","E","M","$","T","?","M","?","R","M","R","BOSS"],"items_purchased_type":["Card","Card","Card","Card","Card","Card"],"build_version":"2020-12-22","purchased_purges":1,"victory":true,"max_hp_per_floor":[30,30,30,30,30,30,30,30,30,30,30,30,30,30,30,30,30,31,32,32,33,33,33,34,34,34,35,35,35,36,37,37,38,38,39,40,41,42,43,44,45,45,45,45,46,47,47,48,48,49],"card_choices":[{"not_picked":["Hololive_Drill","Hololive_StrengthChampion","Hololive_Breathe"],"picked":"Hololive_CallManoAloe","floor":1.0},{"not_picked":["Hololive_Psychosis","Hololive_HuntDinosaur","Hololive_Drill"],"picked":"Hololive_OpenUp","floor":4.0},{"not_picked":["Hololive_Psychosis","Hololive_Drill","Hololive_LuckPotion"],"picked":"Hololive_CallOzoraSubaru","floor":6.0},{"not_picked":["Hololive_Rebound","Hololive_Breathe","Hololive_Sequa","Hololive_LuckPotion"],"picked":"SKIP","floor":11.0},{"not_picked":["Hololive_OvertimeWork","Hololive_Teleport","Hololive_Drill"],"picked":"Hololive_CandyCastle","floor":12.0},{"not_picked":["Hololive_Rebirth","Hololive_Drill","Hololive_CallRoboco"],"picked":"Hololive_Yoholoon","floor":14.0},{"not_picked":["Hololive_Rebirth","Hololive_Recruit","Hololive_HighAtkLowDef"],"picked":"Hololive_AWSL","floor":16.0},{"not_picked":["Hololive_Rebound","Hololive_CallYozoraMel","Hololive_CallYogiri"],"picked":"Hololive_CallTokinoSora+1","floor":18.0},{"not_picked":["Hololive_CocoNews","Hololive_Sequa","Hololive_Psychosis"],"picked":"Hololive_CallShishiroBotan","floor":19.0},{"not_picked":["Hololive_Trident","Hololive_CallUsadaPekora","Hololive_BringToTrial"],"picked":"Hololive_SoulCatcher","floor":21.0},{"not_picked":["Hololive_CocoNews+1","Hololive_Watashimo","Hololive_Rebound"],"picked":"Hololive_CallAkaiHaato","floor":24.0},{"not_picked":["Hololive_OvertimeWork","Hololive_Breathe","Hololive_CallAyundaRisu+1"],"picked":"Hololive_Rebirth","floor":27.0},{"not_picked":["Hololive_StrengthChampion+1","Hololive_Breathe","Hololive_Rebound"],"picked":"Hololive_CocoNews","floor":29},{"not_picked":["Hololive_LuckPotion+1","Hololive_StrengthChampion","Hololive_RevenueBasedLive+1"],"picked":"Hololive_Psychosis","floor":30},{"not_picked":["Hololive_Drill","Hololive_OpenUp","Hololive_Psychosis"],"picked":"Hololive_CallAmaneKanata","floor":31},{"not_picked":["Hololive_WolfAndLamb","Hololive_HighAtkLowDef","Hololive_StarCraft"],"picked":"Hololive_Recruit","floor":33},{"not_picked":["Hololive_Breathe","Hololive_CallAmaneKanata","Hololive_RevenueBasedLive"],"picked":"Hololive_OvertimeWork","floor":35},{"not_picked":["Hololive_OvertimeWork","Hololive_CallUruhaRushia","Hololive_HuntDinosaur"],"picked":"Hololive_CallTokoyamiTowa","floor":36},{"not_picked":["Hololive_AWSL","Hololive_CallTokinoSora","Hololive_Drill"],"picked":"Hololive_CallAmaneKanata","floor":37},{"not_picked":["Hololive_Sequa","Hololive_ManjiGathering","Hololive_Watashimo+1"],"picked":"Hololive_Yoholoon","floor":38},{"not_picked":["Hololive_Psychosis+1","Hololive_CallSakuraMiko+1","Hololive_CallShiroganeNoel"],"picked":"Hololive_CocoNews+1","floor":39},{"not_picked":["Hololive_StrengthChampion+1","Hololive_Breathe","Hololive_CocoNews+1"],"picked":"Hololive_CallOmaruPolka+1","floor":40},{"not_picked":["Hololive_CallOmaruPolka+1","Hololive_RevenueBasedLive","Hololive_CocoNews"],"picked":"Hololive_FlyingPonyTail","floor":41},{"not_picked":["Hololive_CocoNews","Hololive_IdolExercise","Hololive_CallOmaruPolka"],"picked":"Hololive_CallNekomataOkayu","floor":45},{"not_picked":["Hololive_FlyingPonyTail","Hololive_Trident","Hololive_CallUsadaPekora+1"],"picked":"Hololive_BringToTrial+1","floor":46},{"not_picked":["Hololive_Trident","Hololive_OvertimeWork","Hololive_Sequa"],"picked":"Hololive_CallAZKi","floor":48}],"player_experience":340779,"relics_obtained":[{"floor":6.0,"key":"Nunchaku"},{"floor":11.0,"key":"Regal Pillow"},{"floor":14.0,"key":"hubris:TenFootPole"},{"floor":24.0,"key":"Old Coin"},{"floor":26.0,"key":"Blue Candle"},{"floor":30,"key":"Toy Ornithopter"},{"floor":34,"key":"Oddly Smooth Stone"},{"floor":34,"key":"Kunai"},{"floor":34,"key":"hubris:FunFungus"},{"floor":40,"key":"Shovel"},{"floor":43,"key":"hubris:ToyBattleship"},{"floor":44,"key":"Gremlin Horn"},{"floor":46,"key":"CaptainsWheel"},{"floor":47,"key":"FossilizedHelix"},{"floor":49,"key":"Bottled Tornado"}],"event_choices":[{"damage_healed":0.0,"max_hp_gain":0.0,"max_hp_loss":0.0,"gold_gain":0.0,"event_name":"conspire:LoneGhost","player_choice":"Disagree","floor":2.0,"gold_loss":0.0,"damage_taken":0.0},{"cards_removed":["Hololive_Strike"],"damage_healed":0.0,"max_hp_gain":0.0,"max_hp_loss":0.0,"gold_gain":0.0,"event_name":"The Cleric","player_choice":"Card Removal","floor":3.0,"gold_loss":50.0,"damage_taken":0.0},{"cards_removed":["Hololive_Strike"],"damage_healed":0.0,"max_hp_gain":0.0,"max_hp_loss":0.0,"gold_gain":0.0,"event_name":"Golden Wing","player_choice":"Card Removal","floor":8.0,"gold_loss":0.0,"damage_taken":7.0},{"damage_healed":0.0,"max_hp_gain":0.0,"max_hp_loss":0.0,"gold_gain":0.0,"event_name":"Ghosts","player_choice":"Ignored","floor":22.0,"gold_loss":0.0,"damage_taken":0.0},{"cards_removed":["Hololive_Defend"],"damage_healed":0.0,"max_hp_gain":0.0,"max_hp_loss":0.0,"gold_gain":0.0,"event_name":"Designer","player_choice":"Upgrade and Remove","floor":25.0,"gold_loss":90.0,"damage_taken":0.0,"cards_upgraded":["Hololive_CallYozoraMel"]},{"damage_healed":0,"gold_gain":0,"player_choice":"Fight","damage_taken":0,"max_hp_gain":0,"max_hp_loss":0,"event_name":"Mysterious Sphere","floor":46,"gold_loss":0}],"is_beta":false,"boss_relics":[{"not_picked":["Philosopher\u0027s Stone","hubris:CrackedHourglass"],"picked":"Coffee Dripper"},{"not_picked":["Velvet Choker","Empty Cage"],"picked":"Calling Bell"}],"items_purged_floors":[42],"is_endless":false,"potions_floor_spawned":[6,11,16,18,24,29,33,36,37,39,45,48],"ascension_level":14}}