{"host":"gkm149kh1ihaqy0o","time":1612803397,"event":{"mods":["AchievementEnabler","BaseMod","Colored Powertips","Googly Eyes","Key Reminder","Minty Spire (QoL Compilation)","Permanent Neow","Quick Restart","Random Character Button","Rare Cards Sparkle","Relic Sorter","Relic Stats","SuperFastMode","Unceasing Turn Reminder","everything is the same but u backflip on backflip"],"gold_per_floor":[360,107,130,141,161,161,195,214,214,214,230,230,258,258,258,353,353,370,381,381,381],"floor_reached":20,"language":"ENG","playtime":771,"items_purged":["Strike_B"],"score":267,"play_id":"b2d200c7-09b3-4fde-9d69-62228252d467","local_time":"20210208105637","is_ascension_mode":true,"campfire_choices":[{"data":"Loop","floor":6,"key":"SMITH"},{"floor":12,"key":"DIG"},{"floor":15,"key":"REST"}],"circlet_count":0,"master_deck":["Strike_B+1","Strike_B+1","Strike_B","Defend_B","Defend_B","Defend_B","Defend_B","Zap","Dualcast","Conserve Battery","Loop+1","Heatsinks","Sweeping Beam","Buffer","Static Discharge","Go for the Eyes","Double Energy","Echo Form+1","Scrape","Melter"],"relics":["Cracked Core","Lantern","Whetstone","Shovel","Frozen Egg 2","Bronze Scales","Regal Pillow","Philosopher\u0027s Stone"],"acts_visited":["Exordium","TheCity"],"potions_floor_usage":[16,16],"damage_taken":[{"damage":1,"enemies":"Cultist","floor":1,"turns":3},{"damage":0,"enemies":"Small Slimes","floor":4,"turns":2},{"damage":0,"enemies":"2 Louse","floor":5,"turns":1},{"damage":23,"enemies":"3 Sentries","floor":7,"turns":6},{"damage":4,"enemies":"2 Fungi Beasts","floor":8,"turns":3},{"damage":0,"enemies":"Large Slime","floor":11,"turns":5},{"damage":37,"enemies":"Gremlin Nob","floor":13,"turns":5},{"damage":16,"enemies":"Hexaghost","floor":16,"turns":7},{"damage":8,"enemies":"Shell Parasite","floor":18,"turns":5},{"damage":19,"enemies":"2 Thieves","floor":19,"turns":4},{"damage":34,"enemies":"Shelled Parasite and Fungi","floor":20,"turns":5}],"seed_played":"-3785570584137564334","potions_obtained":[{"floor":8,"key":"Weak Potion"},{"floor":11,"key":"ColorlessPotion"},{"floor":16,"key":"PotionOfCapacity"},{"floor":18,"key":"Strength Potion"},{"floor":19,"key":"CultistPotion"}],"is_trial":false,"path_per_floor":["M","$","T","M","M","R","E","M","T","?","M","R","E","?","R","B",null,"M","M","M"],"character_chosen":"DEFECT","items_purchased":["Lantern","Loop"],"campfire_rested":1,"item_purchase_floors":[2,2],"current_hp_per_floor":[67,67,67,67,67,67,44,40,40,57,57,57,20,20,54,38,58,50,31,0,0],"gold":381,"neow_bonus":"TWO_FIFTY_GOLD","is_daily":false,"chose_seed":false,"campfire_upgraded":1,"win_rate":0.0,"timestamp":1612803397,"path_taken":["M","$","?","M","M","R","E","M","T","?","M","R","E","?","R","BOSS","M","?","?"],"items_purchased_type":["Relic","Card"],"build_version":"2020-12-22","purchased_purges":1,"victory":false,"max_hp_per_floor":[68,68,68,68,68,68,68,68,68,68,68,68,68,65,65,65,65,65,65,65,65],"relic_stats":{"Regal Pillow":15,"Shovel":1,"counters":[11,45],"Bronze Scales":[93],"Whetstone":["Strike_B","Strike_B"],"obtain_stats":[{"Lantern":2,"Regal Pillow":13,"Shovel":7,"Bronze Scales":12,"Philosopher\u0027s Stone":17,"Whetstone":3,"Frozen Egg 2":9,"Cracked Core":0},{"Lantern":1,"Regal Pillow":7,"Shovel":4,"Bronze Scales":6,"Philosopher\u0027s Stone":8,"Whetstone":1,"Frozen Egg 2":5,"Cracked Core":0},{"Lantern":3,"Regal Pillow":24,"Shovel":12,"Bronze Scales":20,"Philosopher\u0027s Stone":31,"Whetstone":3,"Frozen Egg 2":15,"Cracked Core":0}]},"card_choices":[{"not_picked":["Stack","Turbo"],"picked":"Conserve Battery","floor":1},{"not_picked":["Ball Lightning","Hologram"],"picked":"Heatsinks","floor":4},{"not_picked":["Streamline","Rebound"],"picked":"Sweeping Beam","floor":5},{"not_picked":["Streamline","Rebound"],"picked":"Buffer","floor":7},{"not_picked":["Coolheaded","Streamline"],"picked":"Static Discharge","floor":8},{"not_picked":["Leap","Sweeping Beam"],"picked":"Go for the Eyes","floor":11},{"not_picked":["Go for the Eyes","Rebound"],"picked":"Double Energy","floor":13},{"not_picked":["Rainbow","Amplify"],"picked":"Echo Form+1","floor":16},{"not_picked":["Ball Lightning","Sweeping Beam+1"],"picked":"Scrape","floor":18},{"not_picked":["Steam","Beam Cell"],"picked":"Melter","floor":19}],"player_experience":642014,"relics_obtained":[{"floor":3,"key":"Whetstone"},{"floor":7,"key":"Shovel"},{"floor":9,"key":"Frozen Egg 2"},{"floor":12,"key":"Bronze Scales"},{"floor":13,"key":"Regal Pillow"}],"event_choices":[{"damage_healed":17,"gold_gain":0,"player_choice":"Healed and dodged fight","damage_taken":0,"max_hp_gain":0,"max_hp_loss":0,"event_name":"Mushrooms","floor":10,"gold_loss":0,"cards_obtained":["Parasite"]},{"cards_removed":["Parasite"],"damage_healed":0,"gold_gain":0,"player_choice":"Purged","damage_taken":0,"max_hp_gain":0,"max_hp_loss":0,"event_name":"Purifier","floor":14,"gold_loss":0}],"is_beta":false,"boss_relics":[{"not_picked":["Ectoplasm","Velvet Choker"],"picked":"Philosopher\u0027s Stone"}],"items_purged_floors":[2],"is_endless":false,"potions_floor_spawned":[8,11,16,18,19],"killed_by":"Shelled Parasite and Fungi","ascension_level":9}}