{"host":"uclt3t1usqzz4m5p","time":1612770915,"event":{"mods":["AchievementEnabler","BaseMod","Booster Modes","Card Forge","Colored Powertips","Displayed Cursed Tome","Downfall","GifTheSpireLib","Gremlin Skip","Minty Spire (QoL Compilation)","Permanent Neow","Quick Restart","StSLib","SuperFastMode"],"gold_per_floor":[219,235,247,263,22,37,61,80,113,113,113,147,47,47,47,149,149,161,175,125,28,28,106,178,178,189,189,189,201,214,214,214,316,316,327,347,38,38,87,87,87,87,101,101,119,139,169,169,169,169],"floor_reached":51,"language":"ENG","playtime":4107,"items_purged":[],"score":787,"play_id":"aa1b9dea-a598-43c6-b22e-43ad9afc0a2f","local_time":"20210207235515","is_ascension_mode":false,"campfire_choices":[{"data":"hexamod:Float","floor":11.0,"key":"SMITH"},{"data":"hexamod:SkipABeat","floor":13,"key":"SMITH"},{"data":"hexamod:Rewind","floor":15,"key":"SMITH"},{"data":"expansioncontent:PrepareCrush","floor":25,"key":"SMITH"},{"data":"hexamod:FlamesFromBeyond","floor":28,"key":"SMITH"},{"data":"hexamod:Incineration","floor":32,"key":"SMITH"},{"data":"hexamod:GiftsFromTheDead","floor":42,"key":"SMITH"},{"data":"hexamod:ApocalypticArmor","floor":44,"key":"SMITH"},{"floor":49,"key":"REST"}],"circlet_count":0,"master_deck":["hexamod:Strike","hexamod:Strike","hexamod:Strike+1","hexamod:Strike+1","hexamod:Defend","hexamod:Defend","hexamod:Defend","hexamod:Defend+1","hexamod:Sear+1","hexamod:Float+1","hexamod:NightmareStrike+1","hexamod:ShieldOfDarkness+1","hexamod:SpectersWail","hexamod:ThirdSeal","hexamod:Incineration+1","hexamod:FastForward+1","hexamod:ExtraCrispy+1","hexamod:PowerFromBeyond+1","Finesse+1","hexamod:SwordOfDarkness+1","hexamod:DynamicBlow+1","hexamod:SixthSeal","hexamod:SoulSteal","hexamod:Rewind+1","hexamod:SkipABeat+1","hexamod:HexaLevel+1","hexamod:FlamesFromBeyond+1","hexamod:BurningTouch","hexamod:GhostflameBarrier+1","hexamod:StepThrough+1","hexamod:GhostShield+1","expansioncontent:PrepareCrush+1","RitualDagger+1","hexamod:GhostOfSpireFuture+1","hexamod:TurnItUp","hexamod:ApocalypticArmor+1","hexamod:GiftsFromTheDead+1","expansioncontent:PrepareCrush","hexamod:RecurringNightmare+1","hexamod:PowerFromBeyond+1"],"relics":["hexamod:SpiritBrand","Hammer of Thor","Seething Fire","Anvil of the Gods","Lantern","Tiny Chest","downfall:HeartBlessingGreen","Slimebound:StickyStick","Sozu","downfall:RedIOU","Pear","Letter Opener","Singing Bowl","expansioncontent:StudyCardRelic","Juzu Bracelet","Lee\u0027s Waffle","Regal Pillow","Pantograph","hexamod:SoulConsumer"],"acts_visited":["Exordium","TheCity","TheBeyond"],"potions_floor_usage":[12,12,30],"damage_taken":[{"damage":1.0,"enemies":"Jaw Worm","floor":1.0,"turns":3.0},{"damage":0.0,"enemies":"2 Louse","floor":2.0,"turns":3.0},{"damage":3.0,"enemies":"Small Slimes","floor":3.0,"turns":4.0},{"damage":4.0,"enemies":"Blue Slaver","floor":4.0,"turns":3.0},{"damage":0.0,"enemies":"downfall:FleeingMerchant","floor":5.0,"turns":4.0},{"damage":0.0,"enemies":"2 Fungi Beasts","floor":6.0,"turns":3.0},{"damage":0.0,"enemies":"Large Slime","floor":8.0,"turns":5.0},{"damage":8.0,"enemies":"Gremlin Nob","floor":9.0,"turns":3.0},{"damage":0,"enemies":"Lagavulin","floor":12,"turns":4},{"damage":17,"enemies":"SI_SHIV_ARCHETYPE","floor":16,"turns":6},{"damage":20,"enemies":"Spheric Guardian","floor":18,"turns":5},{"damage":0,"enemies":"Shell Parasite","floor":19,"turns":3},{"damage":4,"enemies":"downfall:FleeingMerchant","floor":21,"turns":4},{"damage":0,"enemies":"Chosen and Byrds","floor":26,"turns":3},{"damage":0,"enemies":"Sentry and Sphere","floor":29,"turns":3},{"damage":7,"enemies":"3 Cultists","floor":30,"turns":5},{"damage":49,"enemies":"IC_MUSHROOM_ARCHETYPE","floor":33,"turns":10},{"damage":3,"enemies":"3 Darklings","floor":35,"turns":4},{"damage":13,"enemies":"3 Shapes","floor":36,"turns":3},{"damage":2,"enemies":"downfall:FleeingMerchant","floor":37,"turns":4},{"damage":0,"enemies":"Maw","floor":43,"turns":7},{"damage":9,"enemies":"Writhing Mass","floor":45,"turns":3},{"damage":12,"enemies":"Sphere and 2 Shapes","floor":46,"turns":3},{"damage":38,"enemies":"Reptomancer","floor":47,"turns":6},{"damage":80,"enemies":"WA_ARCHETYPE_DIVINITY","floor":50,"turns":9}],"seed_played":"-4329775064154419747","potions_obtained":[{"floor":1.0,"key":"Slimebound:ThreeZeroPotion"},{"floor":4.0,"key":"Slimebound:ThreeZeroPotion"},{"floor":8.0,"key":"champ:CounterPotion"},{"floor":9.0,"key":"hexamod:EctoCoolerPotion"},{"floor":16,"key":"Explosive Potion"}],"is_trial":false,"path_per_floor":["M","M","M","M","$","M","T","M","E","?","R","E","R","?","R","B",null,"M","M","?","$","?","T","T","R","M","?","R","M","M","T","R","B",null,"M","M","$","?","T","?","T","R","M","R","M","M","E","T","R","B",null],"character_chosen":"THE_SPIRIT","items_purchased":["hexamod:ExtraCrispy","hexamod:PowerFromBeyond","Finesse","expansioncontent:PrepareCrush","Juzu Bracelet","Lee\u0027s Waffle"],"campfire_rested":1,"item_purchase_floors":[5,5,5,21,37,37],"current_hp_per_floor":[69,69,66,62,62,62,62,62,54,54,54,54,54,42,42,25,70,50,50,70,66,66,76,76,76,76,76,76,76,69,69,69,20,80,81,72,97,97,97,97,97,97,99,99,90,82,46,46,92,29],"gold":169,"neow_bonus":"HUNDRED_GOLD","is_daily":false,"chose_seed":false,"campfire_upgraded":8,"win_rate":0.0,"timestamp":1612770915,"path_taken":["M","M","M","M","$","M","T","M","E","?","R","E","R","?","R","BOSS","M","M","?","$","?","?","T","R","M","?","R","M","M","?","R","BOSS","M","M","$","?","?","?","T","R","M","R","M","M","E","?","R","BOSS"],"items_purchased_type":["Card","Card","Card","Card","Relic","Relic"],"build_version":"2020-12-22","purchased_purges":0,"victory":true,"max_hp_per_floor":[70,70,70,70,70,70,70,70,70,70,70,70,70,70,70,70,70,70,70,70,70,70,80,80,80,80,80,80,80,80,80,80,80,80,84,88,97,97,97,97,97,97,99,99,99,103,105,105,105,105],"card_choices":[{"not_picked":["hexamod:RecurringNightmare","hexamod:GhostOfSpirePast"],"picked":"hexamod:NightmareStrike","floor":1.0},{"not_picked":["hexamod:InspiringFlames","hexamod:HauntingEcho"],"picked":"hexamod:ShieldOfDarkness","floor":2.0},{"not_picked":["hexamod:HeatMetal","hexamod:EtherealExpedition"],"picked":"hexamod:SpectersWail","floor":3.0},{"not_picked":["hexamod:SecondSeal","hexamod:InspiringFlames"],"picked":"hexamod:ThirdSeal","floor":4.0},{"not_picked":["hexamod:FirstSeal","hexamod:RetreatToShadows"],"picked":"hexamod:Incineration","floor":5.0},{"not_picked":["hexamod:ThirdSeal","hexamod:InspiringFlames"],"picked":"hexamod:FastForward","floor":5.0},{"not_picked":["hexamod:Again","hexamod:NightmareGuise"],"picked":"hexamod:SwordOfDarkness","floor":6.0},{"not_picked":["hexamod:AdvancingGuard","hexamod:SpectralSpark"],"picked":"hexamod:DynamicBlow","floor":6.0},{"not_picked":["hexamod:NightmareStrike","hexamod:Hexaguard"],"picked":"hexamod:SixthSeal","floor":8.0},{"not_picked":["hexamod:EmpoweredFlame","hexamod:ExtraCrispy"],"picked":"hexamod:SoulSteal","floor":9.0},{"not_picked":["hexamod:FastForward","hexamod:PhantomCloak"],"picked":"hexamod:Rewind","floor":9.0},{"not_picked":["hexamod:SpectralAdrenaline","hexamod:Rewind"],"picked":"hexamod:SkipABeat","floor":12},{"not_picked":["hexamod:SpectralAdrenaline","hexamod:ExtraCrispy","hexamod:GhostShield"],"picked":"SKIP","floor":12},{"not_picked":["hexamod:UnlimitedPower","hexamod:TimeOfNeed"],"picked":"hexamod:HexaLevel","floor":16},{"not_picked":["hexamod:AdvancingGuard","hexamod:SpectersWail"],"picked":"hexamod:FlamesFromBeyond","floor":18},{"not_picked":["hexamod:SwordOfDarkness","hexamod:Hexaguard"],"picked":"hexamod:BurningTouch","floor":18},{"not_picked":["hexamod:GhostLash+1","hexamod:SpectralAdrenaline"],"picked":"hexamod:GhostflameBarrier","floor":19},{"not_picked":["hexamod:FastForward","hexamod:Haunt"],"picked":"hexamod:StepThrough+1","floor":21},{"not_picked":["hexamod:ThermalTransfer","hexamod:BurningTouch"],"picked":"hexamod:GhostShield+1","floor":21},{"not_picked":["hexamod:ThermalTransfer","hexamod:BurningTouch","hexamod:SpectersWail"],"picked":"SKIP","floor":26},{"not_picked":["hexamod:BurningTouch+1","hexamod:GhostLash"],"picked":"hexamod:GhostOfSpireFuture+1","floor":29},{"not_picked":["hexamod:FourthSeal","hexamod:SuperheatedStrike","hexamod:FastForward"],"picked":"SKIP","floor":30},{"not_picked":["hexamod:HeatMetal+1","hexamod:TurnItUp","hexamod:FastForward"],"picked":"SKIP","floor":30},{"not_picked":["hexamod:HeatMetal+1","hexamod:FastForward"],"picked":"hexamod:TurnItUp","floor":30},{"not_picked":["hexamod:FourthSeal","hexamod:SuperheatedStrike","hexamod:FastForward"],"picked":"SKIP","floor":30},{"not_picked":["hexamod:FifthSeal","hexamod:HexaLevel"],"picked":"hexamod:ApocalypticArmor","floor":33},{"not_picked":["hexamod:TimeOfNeed","hexamod:ApocalypseNow"],"picked":"hexamod:GiftsFromTheDead","floor":33},{"not_picked":["hexamod:HauntingEcho+1","hexamod:FastForward+1","hexamod:NightmareStrike"],"picked":"Singing Bowl","floor":35},{"not_picked":["hexamod:PowerFromBeyond","hexamod:BurningTouch","hexamod:RainOfEmbers+1"],"picked":"Singing Bowl","floor":35},{"not_picked":["hexamod:InspiringFlames+1","hexamod:AdvancingGuard+1","hexamod:SuperheatedStrike"],"picked":"Singing Bowl","floor":36},{"not_picked":["hexamod:SpectersWail","hexamod:GhostLash+1","hexamod:BacktrackSmack"],"picked":"Singing Bowl","floor":36},{"not_picked":["hexamod:ThermalTransfer","hexamod:EtherealExpedition+1","hexamod:Toasty"],"picked":"Singing Bowl","floor":37},{"not_picked":["expansioncontent:GuardianWhirl","expansioncontent:Chronoboost"],"picked":"expansioncontent:PrepareCrush","floor":38},{"not_picked":["hexamod:FourthSeal","hexamod:GhostLash","hexamod:SoulSteal"],"picked":"Singing Bowl","floor":43},{"not_picked":["hexamod:Hexaguard+1","hexamod:ShieldOfDarkness"],"picked":"hexamod:RecurringNightmare+1","floor":43},{"not_picked":["hexamod:ShieldOfDarkness","hexamod:HeatShield"],"picked":"hexamod:PowerFromBeyond+1","floor":45},{"not_picked":["hexamod:BurningTouch","hexamod:Firestarter","hexamod:SwordOfDarkness+1"],"picked":"Singing Bowl","floor":46},{"not_picked":["hexamod:ThermalTransfer+1","hexamod:AdvancingGuard","hexamod:HauntingEcho+1"],"picked":"Singing Bowl","floor":46},{"not_picked":["hexamod:Firestarter+1","hexamod:RecurringNightmare","hexamod:HexaLevel"],"picked":"Singing Bowl","floor":47}],"player_experience":642265,"relics_obtained":[{"floor":7.0,"key":"Lantern"},{"floor":9.0,"key":"Bronze Scales"},{"floor":12,"key":"Tiny Chest"},{"floor":23,"key":"Pear"},{"floor":24,"key":"Letter Opener"},{"floor":31,"key":"Singing Bowl"},{"floor":39,"key":"Regal Pillow"},{"floor":41,"key":"Pantograph"},{"floor":48,"key":"hexamod:SoulConsumer"}],"event_choices":[{"damage_healed":0,"gold_gain":0,"player_choice":"Success","damage_taken":12,"relics_obtained":["Slimebound:StickyStick"],"max_hp_gain":0,"max_hp_loss":0,"event_name":"Scrap Ooze","floor":14,"gold_loss":0},{"damage_healed":0,"gold_gain":0,"player_choice":"Ignored","damage_taken":0,"max_hp_gain":0,"max_hp_loss":0,"event_name":"NoteForYourself","floor":40,"gold_loss":0}],"is_beta":false,"boss_relics":[{"not_picked":["Runic Pyramid","Black Star"],"picked":"Sozu"},{"not_picked":["Snecko Eye","SlaversCollar"],"picked":"expansioncontent:StudyCardRelic"}],"items_purged_floors":[],"is_endless":false,"potions_floor_spawned":[1,4,8,9,16,18,19,29,36,43,45,46],"ascension_level":0}}