{"host":"mqhvlr3kpxebko0t","time":1612793236,"event":{"mods":["AchievementEnabler","BaseMod","Colored Map","Colored Powertips","KOR Keyword Fix","Keyboard Shortcuts","Minty Spire (QoL Compilation)","StSLib","SuperFastMode"],"gold_per_floor":[118,118,128,53,18,50,50,76,76,76,126,144,144,159,159,234,234,248,25,25,37,47,47,47,58,58,58,83,92,92,114,114,202,261,280,300,218,237,83,83,83,110,110,110,110,128,40,40,40],"floor_reached":48,"language":"KOR","playtime":832,"items_purged":["Strike_G","Strike_G","Strike_G","Shame","Strike_G"],"score":866,"play_id":"307c4397-7df3-4457-a233-1061cff894c8","local_time":"20210208230716","is_ascension_mode":true,"campfire_choices":[{"data":"Neutralize","floor":7.0,"key":"SMITH"},{"data":"Masterful Stab","floor":10.0,"key":"SMITH"},{"data":"Blade Dance","floor":13.0,"key":"SMITH"},{"data":"Survivor","floor":15.0,"key":"SMITH"},{"data":"Cloak And Dagger","floor":24.0,"key":"SMITH"},{"data":"Cloak And Dagger","floor":27,"key":"SMITH"},{"data":"Envenom","floor":30,"key":"SMITH"},{"data":"Choke","floor":32,"key":"SMITH"},{"data":"Footwork","floor":40,"key":"SMITH"},{"data":"Finesse","floor":45,"key":"SMITH"}],"circlet_count":0,"master_deck":["AscendersBane","Defend_G","Defend_G+1","Defend_G","Defend_G","Defend_G","Survivor+1","Neutralize+1","PiercingWail","Masterful Stab+1","Blade Dance+1","Envenom+1","Cloak And Dagger+1","Cloak And Dagger+1","Choke+1","Reflex","Malaise","Footwork+1","Finisher+1","Blade Dance","Flash of Steel","Finesse","Finesse+1"],"relics":["Ring of the Snake","NeowsBlessing","Meat on the Bone","Thread and Needle","Shuriken","Sozu","Membership Card","Lizard Tail","CeramicFish","Tiny House","Medical Kit","Tough Bandages"],"acts_visited":["Exordium","TheCity","TheBeyond"],"potions_floor_usage":[33],"damage_taken":[{"damage":0.0,"enemies":"Jaw Worm","floor":1.0,"turns":1.0},{"damage":0.0,"enemies":"Cultist","floor":3.0,"turns":1.0},{"damage":0.0,"enemies":"Lagavulin","floor":6.0,"turns":1.0},{"damage":46.0,"enemies":"Gremlin Nob","floor":8.0,"turns":6.0},{"damage":0.0,"enemies":"Small Slimes","floor":12.0,"turns":2.0},{"damage":0.0,"enemies":"2 Fungi Beasts","floor":14.0,"turns":3.0},{"damage":15.0,"enemies":"Hexaghost","floor":16.0,"turns":9.0},{"damage":0.0,"enemies":"3 Byrds","floor":18.0,"turns":5.0},{"damage":0.0,"enemies":"Chosen","floor":21.0,"turns":4.0},{"damage":22.0,"enemies":"Snecko","floor":22.0,"turns":5.0},{"damage":0.0,"enemies":"Shelled Parasite and Fungi","floor":25.0,"turns":4.0},{"damage":5,"enemies":"Slavers","floor":28,"turns":6},{"damage":0,"enemies":"Chosen and Byrds","floor":31,"turns":4},{"damage":46,"enemies":"Collector","floor":33,"turns":9},{"damage":14,"enemies":"3 Darklings","floor":35,"turns":10},{"damage":13,"enemies":"Orb Walker","floor":36,"turns":4},{"damage":1,"enemies":"Jaw Worm Horde","floor":38,"turns":4},{"damage":0,"enemies":"Transient","floor":46,"turns":5},{"damage":68,"enemies":"Giant Head","floor":48,"turns":7}],"seed_played":"7370135741380883574","potions_obtained":[{"floor":1.0,"key":"Energy Potion"},{"floor":12.0,"key":"Swift Potion"}],"is_trial":false,"path_per_floor":["M","?","M","$","?","E","R","E","T","R","?","M","R","M","R","B",null,"M","$","?","M","M","?","R","M","T","R","E","?","R","M","R","B",null,"M","M","$","M","$","R","?","?","T","?","R","M","$","E"],"character_chosen":"THE_SILENT","items_purchased":["Membership Card","Cloak And Dagger","Blade Dance","Medical Kit"],"campfire_rested":0,"item_purchase_floors":[19,19,37,39],"current_hp_per_floor":[59,55,55,55,66,66,66,32,32,32,26,38,38,38,38,35,58,58,58,40,40,30,30,30,42,42,42,37,37,37,37,37,47,70,56,43,43,42,42,42,42,32,32,32,32,44,44,0,0],"gold":40,"neow_bonus":"THREE_ENEMY_KILL","is_daily":false,"chose_seed":false,"campfire_upgraded":10,"win_rate":0.0,"timestamp":1612793236,"path_taken":["M","?","?","?","?","E","R","E","T","R","?","M","R","?","R","BOSS","M","$","?","M","M","?","R","M","T","R","E","?","R","M","R","BOSS","M","M","$","M","$","R","?","?","T","?","R","M","$","E"],"items_purchased_type":["Relic","Card","Card","Relic"],"build_version":"2020-12-22","purchased_purges":5,"victory":false,"max_hp_per_floor":[66,66,66,66,66,66,66,66,66,66,66,66,66,66,66,66,66,66,66,71,71,71,71,71,71,71,71,71,71,71,71,71,71,76,76,76,76,76,76,76,76,76,76,72,72,72,72,72,72],"card_choices":[{"not_picked":["Dash","Leg Sweep"],"picked":"Dagger Throw","floor":1.0},{"not_picked":["Dodge and Roll","Heel Hook","PiercingWail"],"picked":"SKIP","floor":3.0},{"not_picked":["Dodge and Roll","Heel Hook"],"picked":"PiercingWail","floor":3.0},{"not_picked":["Eviscerate","Sucker Punch","Setup"],"picked":"SKIP","floor":6.0},{"not_picked":["Catalyst","Terror"],"picked":"Masterful Stab","floor":8.0},{"not_picked":["Crippling Poison","Prepared"],"picked":"Blade Dance","floor":12.0},{"not_picked":["Endless Agony","All Out Attack","Slice"],"picked":"SKIP","floor":14.0},{"not_picked":["Corpse Explosion","Bullet Time"],"picked":"Envenom","floor":16.0},{"not_picked":["Blur","Deadly Poison+1"],"picked":"Cloak And Dagger","floor":18.0},{"not_picked":["Underhanded Strike","Masterful Stab","Slice"],"picked":"SKIP","floor":21.0},{"not_picked":["Slice","Sucker Punch","Leg Sweep"],"picked":"SKIP","floor":22.0},{"not_picked":["Poisoned Stab","PiercingWail","Sucker Punch"],"picked":"SKIP","floor":25.0},{"not_picked":["Cloak And Dagger","Concentrate"],"picked":"Choke","floor":28},{"not_picked":["Deflect","Storm of Steel"],"picked":"Reflex","floor":31},{"not_picked":["Phantasmal Killer","Night Terror"],"picked":"Malaise","floor":33},{"not_picked":["Dagger Spray+1","Masterful Stab"],"picked":"Footwork","floor":34},{"not_picked":["Heel Hook+1","Dagger Spray","Dodge and Roll"],"picked":"SKIP","floor":35},{"not_picked":["Escape Plan+1","Prepared"],"picked":"Finisher+1","floor":36},{"not_picked":["Flechettes","Quick Slash","Crippling Poison"],"picked":"SKIP","floor":38},{"not_picked":["Madness","PanicButton"],"picked":"Flash of Steel","floor":42},{"not_picked":["Magnetism","Madness"],"picked":"Finesse","floor":42},{"not_picked":["Apotheosis","Jack Of All Trades"],"picked":"Finesse","floor":42},{"not_picked":["Noxious Fumes","Underhanded Strike","Flying Knee"],"picked":"SKIP","floor":46}],"player_experience":696657,"relics_obtained":[{"floor":6.0,"key":"Meat on the Bone"},{"floor":8.0,"key":"Thread and Needle"},{"floor":9.0,"key":"Shuriken"},{"floor":28,"key":"Lizard Tail"},{"floor":43,"key":"Tough Bandages"}],"event_choices":[{"damage_healed":0.0,"max_hp_gain":0.0,"max_hp_loss":0.0,"gold_gain":0.0,"event_name":"The Woman in Blue","player_choice":"Bought 0 Potions","floor":2.0,"gold_loss":0.0,"damage_taken":0.0},{"damage_healed":16.0,"max_hp_gain":0.0,"max_hp_loss":0.0,"gold_gain":0.0,"event_name":"The Cleric","player_choice":"Healed","floor":5.0,"gold_loss":35.0,"damage_taken":0.0},{"damage_healed":0.0,"max_hp_gain":0.0,"max_hp_loss":0.0,"gold_gain":50.0,"event_name":"FaceTrader","player_choice":"Touch","floor":11.0,"gold_loss":0.0,"damage_taken":6.0},{"damage_healed":0.0,"max_hp_gain":5.0,"max_hp_loss":0.0,"gold_gain":0.0,"event_name":"Forgotten Altar","player_choice":"Shed Blood","floor":20.0,"gold_loss":0.0,"damage_taken":23.0},{"cards_removed":["Strike_G"],"damage_healed":0.0,"max_hp_gain":0.0,"max_hp_loss":0.0,"gold_gain":0.0,"event_name":"Back to Basics","player_choice":"Elegance","floor":23.0,"gold_loss":0.0,"damage_taken":0.0},{"damage_healed":0,"gold_gain":0,"player_choice":"Stole Relic","damage_taken":0,"relics_obtained":["CeramicFish"],"max_hp_gain":0,"max_hp_loss":0,"event_name":"Addict","floor":29,"gold_loss":0,"cards_obtained":["Shame"]},{"cards_removed":["Dagger Throw"],"damage_healed":0,"gold_gain":0,"player_choice":"Removed Attack","damage_taken":0,"max_hp_gain":0,"max_hp_loss":0,"event_name":"Falling","floor":41,"gold_loss":0},{"damage_healed":0,"gold_gain":0,"player_choice":"Memory 3","damage_taken":10,"max_hp_gain":0,"max_hp_loss":0,"event_name":"SensoryStone","floor":42,"gold_loss":0},{"damage_healed":0,"gold_gain":0,"player_choice":"Max HP","damage_taken":0,"max_hp_gain":0,"max_hp_loss":4,"event_name":"Winding Halls","floor":44,"gold_loss":0}],"is_beta":false,"boss_relics":[{"not_picked":["Ectoplasm","Snecko Eye"],"picked":"Sozu"},{"not_picked":["Runic Pyramid","Philosopher\u0027s Stone"],"picked":"Tiny House"}],"items_purged_floors":[4,19,37,39,47],"is_endless":false,"potions_floor_spawned":[1,12,21,25,33,36,38],"killed_by":"Giant Head","ascension_level":16}}