{"host":"zwezhz46a5cjkxff","time":1612773498,"event":{"mods":["AchievementEnabler","BaseMod","Colored Map","Colored Powertips","DeckTracker","Minty Spire (QoL Compilation)","Permanent Neow","Quick Restart","Rare Cards Sparkle","Relic Stats","StSLib","SuperFastMode"],"gold_per_floor":[119,119,131,146,96,96,128,128,180,180,355,388,388,406,406,505,505,522,403,417,430,430,459,459,139,162,178,210,210,225,225,225,328,328,343,355,305,305,305,305,305],"floor_reached":40,"language":"ENG","playtime":1285,"items_purged":["Strike_B","Strike_B","Strike_B"],"score":475,"play_id":"413d04b4-bbe6-4ef7-a4a4-00a8c93595df","local_time":"20210208023818","is_ascension_mode":true,"campfire_choices":[{"floor":6,"key":"RECALL"},{"floor":8,"key":"REST"},{"data":"Genetic Algorithm","floor":13,"key":"SMITH"},{"floor":15,"key":"REST"},{"floor":24,"key":"REST"},{"floor":29,"key":"REST"},{"data":"Blizzard","floor":32,"key":"SMITH"}],"circlet_count":0,"master_deck":["Defend_B","Defend_B","Defend_B","Dualcast","Genetic Algorithm+1","Cold Snap","Cold Snap","Coolheaded","Electrodynamics","Echo Form","Blizzard","Hologram","Self Repair","Blizzard","Blizzard+1","Madness","Madness"],"relics":["Cracked Core","TungstenRod","Omamori","The Courier","Juzu Bracelet","Sozu","Bottled Lightning","Nunchaku","Smiling Mask","Torii","SlaversCollar"],"acts_visited":["Exordium","TheCity","TheBeyond"],"potions_floor_usage":[16,20,20],"damage_taken":[{"damage":6,"enemies":"Jaw Worm","floor":1,"turns":3},{"damage":9,"enemies":"Cultist","floor":3,"turns":4},{"damage":0,"enemies":"Small Slimes","floor":4,"turns":3},{"damage":27,"enemies":"Lagavulin","floor":7,"turns":7},{"damage":11,"enemies":"Gremlin Nob","floor":12,"turns":5},{"damage":5,"enemies":"2 Fungi Beasts","floor":14,"turns":4},{"damage":29,"enemies":"Slime Boss","floor":16,"turns":10},{"damage":8,"enemies":"Shell Parasite","floor":18,"turns":5},{"damage":3,"enemies":"3 Byrds","floor":20,"turns":3},{"damage":9,"enemies":"Centurion and Healer","floor":21,"turns":6},{"damage":47,"enemies":"Book of Stabbing","floor":23,"turns":7},{"damage":10,"enemies":"Chosen and Byrds","floor":27,"turns":6},{"damage":20,"enemies":"Slavers","floor":28,"turns":5},{"damage":19,"enemies":"3 Cultists","floor":30,"turns":5},{"damage":73,"enemies":"Automaton","floor":33,"turns":13},{"damage":8,"enemies":"3 Shapes","floor":35,"turns":7},{"damage":23,"enemies":"3 Darklings","floor":36,"turns":4},{"damage":60,"enemies":"Reptomancer","floor":40,"turns":7}],"seed_played":"3561443745400784932","potions_obtained":[{"floor":4,"key":"Explosive Potion"},{"floor":7,"key":"LiquidBronze"},{"floor":16,"key":"AttackPotion"}],"is_trial":false,"path_per_floor":["M","?","M","M","?","R","E","R","T","?","?","E","R","M","R","B",null,"M","$","M","M","?","E","R","$","T","M","E","R","M","?","R","B",null,"M","M","$","?","?","E"],"character_chosen":"DEFECT","items_purchased":["Blizzard","Nunchaku","Blizzard","Blizzard"],"campfire_rested":4,"item_purchase_floors":[19,25,25,25],"current_hp_per_floor":[48,48,39,39,39,39,12,34,34,34,34,23,23,18,40,11,75,67,67,64,55,55,8,30,30,30,34,21,43,38,75,75,9,75,75,59,59,59,51,0,0],"gold":305,"neow_bonus":"ONE_RARE_RELIC","is_daily":false,"chose_seed":false,"campfire_upgraded":2,"win_rate":0.0,"timestamp":1612773498,"path_taken":["M","?","?","?","?","R","E","R","T","?","?","E","R","M","R","BOSS","M","$","M","M","?","E","R","$","T","M","E","R","M","?","R","BOSS","M","M","?","?","?","E"],"items_purchased_type":["Card","Relic","Card","Card"],"build_version":"2020-12-22","purchased_purges":3,"victory":false,"max_hp_per_floor":[75,75,75,75,75,75,75,75,75,75,75,75,75,75,75,75,75,75,75,75,75,75,75,75,75,75,75,75,75,75,75,75,75,75,75,75,75,75,75,75,75],"relic_stats":{"Sozu":5,"Nunchaku":[6],"Torii":21,"counters":[18,104],"Juzu Bracelet":0,"Smiling Mask":50,"obtain_stats":[{"Sozu":17,"SlaversCollar":34,"Nunchaku":25,"Torii":28,"The Courier":10,"Omamori":7,"Juzu Bracelet":12,"Bottled Lightning":23,"Cracked Core":0,"Smiling Mask":26,"TungstenRod":0},{"Sozu":7,"SlaversCollar":15,"Nunchaku":11,"Torii":13,"The Courier":4,"Omamori":4,"Juzu Bracelet":5,"Bottled Lightning":11,"Cracked Core":0,"Smiling Mask":11,"TungstenRod":0},{"Sozu":36,"SlaversCollar":86,"Nunchaku":57,"Torii":68,"The Courier":17,"Omamori":17,"Juzu Bracelet":22,"Bottled Lightning":57,"Cracked Core":0,"Smiling Mask":57,"TungstenRod":0}],"TungstenRod":62},"card_choices":[{"not_picked":["Hologram","Turbo"],"picked":"Genetic Algorithm","floor":1},{"not_picked":["Stack","White Noise"],"picked":"Cold Snap","floor":3},{"not_picked":["Stack","Redo"],"picked":"Cold Snap","floor":4},{"not_picked":["Static Discharge","Go for the Eyes"],"picked":"Coolheaded","floor":7},{"not_picked":["Ball Lightning","Reinforced Body","Redo"],"picked":"SKIP","floor":12},{"not_picked":["Sweeping Beam","Coolheaded"],"picked":"Electrodynamics","floor":14},{"not_picked":["Machine Learning","Core Surge"],"picked":"Echo Form","floor":16},{"not_picked":["Tempest","Beam Cell","Genetic Algorithm"],"picked":"SKIP","floor":18},{"not_picked":["Double Energy","Sweeping Beam"],"picked":"Hologram","floor":20},{"not_picked":["Undo","Scrape+1","Aggregate"],"picked":"SKIP","floor":21},{"not_picked":["Meteor Strike","Gash+1"],"picked":"Self Repair","floor":23},{"not_picked":["Rebound","Ball Lightning","Conserve Battery"],"picked":"SKIP","floor":27},{"not_picked":["Barrage","Recycle+1","Stack"],"picked":"SKIP","floor":28},{"not_picked":["Beam Cell","Barrage","Compile Driver"],"picked":"SKIP","floor":30},{"not_picked":["Aggregate+1","Beam Cell","Stack"],"picked":"SKIP","floor":35},{"not_picked":["Recycle+1","Double Energy+1","Leap"],"picked":"SKIP","floor":36}],"player_experience":81701,"relics_obtained":[{"floor":7,"key":"Omamori"},{"floor":12,"key":"Juzu Bracelet"},{"floor":23,"key":"Bottled Lightning"},{"floor":26,"key":"Smiling Mask"},{"floor":28,"key":"Torii"}],"event_choices":[{"cards_removed":["Defend_B"],"damage_healed":0,"gold_gain":0,"player_choice":"Offered Basic","damage_taken":0,"max_hp_gain":0,"max_hp_loss":0,"event_name":"Bonfire Elementals","floor":2,"gold_loss":0},{"cards_removed":["Strike_B"],"damage_healed":0,"gold_gain":0,"player_choice":"Card Removal","damage_taken":0,"max_hp_gain":0,"max_hp_loss":0,"event_name":"The Cleric","floor":5,"gold_loss":50},{"damage_healed":0,"gold_gain":0,"player_choice":"Box","damage_taken":0,"relics_obtained":["The Courier"],"max_hp_gain":0,"max_hp_loss":0,"event_name":"Big Fish","floor":10,"gold_loss":0,"cards_obtained":["Regret"]},{"damage_healed":0,"gold_gain":175,"player_choice":"AGREE","damage_taken":0,"max_hp_gain":0,"max_hp_loss":0,"event_name":"Liars Game","floor":11,"gold_loss":0,"cards_obtained":["Doubt"]},{"damage_healed":0,"gold_gain":0,"player_choice":"Ignored","damage_taken":0,"max_hp_gain":0,"max_hp_loss":0,"event_name":"Ghosts","floor":22,"gold_loss":0},{"damage_healed":37,"gold_gain":0,"player_choice":"Full Heal","damage_taken":0,"max_hp_gain":0,"max_hp_loss":0,"event_name":"Wheel of Change","floor":31,"gold_loss":0},{"cards_removed":["Zap"],"damage_healed":0,"gold_gain":0,"player_choice":"Removed Skill","damage_taken":0,"max_hp_gain":0,"max_hp_loss":0,"event_name":"Falling","floor":38,"gold_loss":0},{"damage_healed":0,"gold_gain":0,"player_choice":"Embrace Madness","damage_taken":9,"max_hp_gain":0,"max_hp_loss":0,"event_name":"Winding Halls","floor":39,"gold_loss":0,"cards_obtained":["Madness","Madness"]}],"is_beta":false,"boss_relics":[{"not_picked":["Calling Bell","Fusion Hammer"],"picked":"Sozu"},{"not_picked":["Tiny House","Velvet Choker"],"picked":"SlaversCollar"}],"items_purged_floors":[19,25,37],"is_endless":false,"potions_floor_spawned":[4,7,16,18,21,30,33,36],"killed_by":"Reptomancer","ascension_level":2}}