{"host":"tpad8qsc9e0g0pa5","time":1612790613,"event":{"mods":["BaseMod","Minty Spire (QoL Compilation)","Quick Restart","StSLib","The Bug Knight"],"gold_per_floor":[117,117,41,58,58,58,90,90,90,107,118,147,47,47,47,149,149,160,160,360,39,49,49,67,67,113,129,129,147,0,12,12,117,117,130,130,130,130,143,143,143],"floor_reached":40,"language":"ZHS","playtime":4512,"items_purged":[],"score":453,"play_id":"7c465d4f-a3f6-4511-9df8-0d062aa078fc","local_time":"20210208212333","is_ascension_mode":true,"campfire_choices":[{"data":"HollowMod:GrimmsGift","floor":6.0,"key":"SMITH"},{"data":"HollowMod:MantisMark","floor":8.0,"key":"SMITH"},{"floor":15.0,"key":"REST"},{"data":"HollowMod:CrystalDash","floor":23.0,"key":"SMITH"},{"data":"HollowMod:MonarchWings","floor":25.0,"key":"SMITH"},{"floor":28.0,"key":"REST"},{"floor":32.0,"key":"REST"}],"circlet_count":0,"master_deck":["HollowMod:NailStrikeStart+1","HollowMod:NailStrikeStart","HollowMod:NailStrikeStart+1","HollowMod:QuickDashStart","HollowMod:QuickDashStart","HollowMod:QuickDashStart+1","HollowMod:FocusHealStart+1","HollowMod:AwokenDreamNail","HollowMod:SoulSplash","HollowMod:HowlingWraiths","HollowMod:GrimmsGift+1","HollowMod:MantisMark+1","HollowMod:LifebloodCocoon","HollowMod:MonarchWings+1","HollowMod:GoodIntentions","HollowMod:CoiledNail","HollowMod:CloakDash","HollowMod:ZotesMagnificence","HollowMod:ChannelNail+1","HollowMod:MawleksShell+1","HollowMod:SharpenedNail+1","Sadistic Nature","HollowMod:CrystalDash+1","HollowMod:NewLittleFool","HollowMod:NewJinnsSoul+1","HollowMod:HornetsHelp","Forethought"],"relics":["HollowMod:KingsSoulRelic","Turnip","War Paint","Pocketwatch","Boot","Astrolabe","Akabeko","Nunchaku","Membership Card"],"acts_visited":["Exordium","TheCity","TheBeyond"],"potions_floor_usage":[40],"damage_taken":[{"damage":0.0,"enemies":"Small Slimes","floor":1.0,"turns":3.0},{"damage":6.0,"enemies":"2 Louse","floor":4.0,"turns":3.0},{"damage":5.0,"enemies":"3 Sentries","floor":7.0,"turns":3.0},{"damage":0.0,"enemies":"Cultist","floor":10.0,"turns":3.0},{"damage":14.0,"enemies":"Looter","floor":11.0,"turns":4.0},{"damage":14.0,"enemies":"Lagavulin","floor":12.0,"turns":6.0},{"damage":29.0,"enemies":"Slime Boss","floor":16.0,"turns":7.0},{"damage":29.0,"enemies":"3 Byrds","floor":18.0,"turns":6.0},{"damage":15.0,"enemies":"2 Thieves","floor":22.0,"turns":4.0},{"damage":6.0,"enemies":"Sentry and Sphere","floor":24.0,"turns":10.0},{"damage":28.0,"enemies":"Snake Plant","floor":27.0,"turns":4.0},{"damage":24.0,"enemies":"Shelled Parasite and Fungi","floor":29.0,"turns":5.0},{"damage":18.0,"enemies":"Snecko","floor":31.0,"turns":4.0},{"damage":23.0,"enemies":"HollowMod:NKGrimm","floor":33.0,"turns":8.0},{"damage":24.0,"enemies":"3 Shapes","floor":35.0,"turns":3.0},{"damage":21.0,"enemies":"Orb Walker","floor":39.0,"turns":3.0},{"damage":50,"enemies":"Giant Head","floor":40,"turns":6}],"seed_played":"6540580088592905545","potions_obtained":[{"floor":1.0,"key":"Weak Potion"},{"floor":4.0,"key":"DuplicationPotion"},{"floor":5.0,"key":"SkillPotion"},{"floor":5.0,"key":"SteroidPotion"},{"floor":10.0,"key":"Energy Potion"},{"floor":16.0,"key":"Regen Potion"},{"floor":24.0,"key":"EssenceOfSteel"},{"floor":31.0,"key":"AttackPotion"},{"floor":39.0,"key":"Swift Potion"}],"is_trial":false,"path_per_floor":["M","?","$","M","?","R","E","R","T","M","M","E","$","?","R","B",null,"M","?","?","$","M","R","M","R","T","M","R","M","$","M","R","B",null,"M","?","?","?","M","E"],"character_chosen":"THE_BUGKNIGHT","items_purchased":["HollowMod:HowlingWraiths","HollowMod:NewJinnsSoul","HollowMod:CoiledNail","HollowMod:CloakDash","Akabeko","Sadistic Nature","Membership Card"],"campfire_rested":3,"item_purchase_floors":[3,3,13,13,21,21,30],"current_hp_per_floor":[75,68,68,62,62,62,57,57,57,67,59,45,45,30,52,23,75,64,64,64,64,55,55,61,61,61,33,55,37,37,19,41,18,75,51,51,51,51,36,0,0],"gold":143,"neow_bonus":"ONE_RANDOM_RARE_CARD","is_daily":false,"chose_seed":false,"campfire_upgraded":4,"win_rate":0.0,"timestamp":1612790613,"path_taken":["M","?","$","M","?","R","E","R","T","M","?","E","$","?","R","BOSS","M","?","?","$","?","R","?","R","T","M","R","M","$","M","R","BOSS","M","?","?","?","M","E"],"items_purchased_type":["Card","Card","Card","Card","Relic","Card","Relic"],"build_version":"2020-12-22","purchased_purges":0,"victory":false,"max_hp_per_floor":[75,75,75,75,75,75,75,75,75,75,75,75,75,75,75,75,75,75,75,75,75,75,75,75,75,75,75,75,75,75,75,75,75,75,75,75,75,75,75,75,75],"card_choices":[{"not_picked":["HollowMod:VengefulVoid","HollowMod:CloakDash"],"picked":"HollowMod:SoulSplash","floor":1.0},{"not_picked":["HollowMod:ShadowDash","HollowMod:RecoilStrike"],"picked":"HollowMod:GrimmsGift","floor":4.0},{"not_picked":["HollowMod:CycloneSlash","HollowMod:VengefulVoid"],"picked":"HollowMod:MantisMark","floor":7.0},{"not_picked":["HollowMod:SoulStrike","HollowMod:ChannelNail"],"picked":"HollowMod:LifebloodCocoon","floor":10.0},{"not_picked":["HollowMod:DashSlash","HollowMod:DesolateDive"],"picked":"HollowMod:MonarchWings","floor":11.0},{"not_picked":["HollowMod:theNailsmith","HollowMod:SoulEater"],"picked":"HollowMod:GoodIntentions","floor":12.0},{"not_picked":["HollowMod:VoidDash","HollowMod:LordofShades"],"picked":"HollowMod:ZotesMagnificence","floor":16.0},{"not_picked":["HollowMod:ChannelNail","HollowMod:DescendingDark+1","HollowMod:TaintedHusks+1"],"picked":"SKIP","floor":18.0},{"not_picked":["HollowMod:ShadowDash","HollowMod:CloakDash"],"picked":"HollowMod:CrystalDash","floor":22.0},{"not_picked":["HollowMod:ShapeofUnn","HollowMod:SiblingsShadow"],"picked":"HollowMod:NewLittleFool","floor":24.0},{"not_picked":["HollowMod:TaintedHusks","HollowMod:SharpenedShadows","HollowMod:RecoilStrike"],"picked":"SKIP","floor":27.0},{"not_picked":["HollowMod:CloakDash","HollowMod:CycloneSlash"],"picked":"HollowMod:NewJinnsSoul+1","floor":29.0},{"not_picked":["HollowMod:RadiancesLament","HollowMod:GrimmsGift","HollowMod:DescendingDark"],"picked":"SKIP","floor":31.0},{"not_picked":["HollowMod:Hiveblood","HollowMod:RadiancesLament"],"picked":"HollowMod:HornetsHelp","floor":33.0},{"not_picked":["HollowMod:DreamGate","HollowMod:SoulStrike","HollowMod:HeavyBlow+1"],"picked":"SKIP","floor":35.0},{"not_picked":["Impatience","Good Instincts"],"picked":"Forethought","floor":36.0},{"not_picked":["HollowMod:SoulStrike","HollowMod:VengefulVoid+1","HollowMod:SharpenedNail"],"picked":"SKIP","floor":39.0}],"player_experience":309195,"relics_obtained":[{"floor":7.0,"key":"War Paint"},{"floor":9.0,"key":"Pocketwatch"},{"floor":12.0,"key":"Boot"},{"floor":26.0,"key":"Nunchaku"}],"event_choices":[{"damage_healed":0.0,"max_hp_gain":0.0,"max_hp_loss":0.0,"gold_gain":0.0,"event_name":"Scrap Ooze","player_choice":"Success","floor":2.0,"gold_loss":0.0,"damage_taken":7.0,"relics_obtained":["Turnip"]},{"damage_healed":0.0,"max_hp_gain":0.0,"max_hp_loss":0.0,"gold_gain":0.0,"event_name":"Lab","player_choice":"Got Potions","floor":5.0,"gold_loss":0.0,"damage_taken":0.0},{"damage_healed":0.0,"max_hp_gain":0.0,"max_hp_loss":0.0,"gold_gain":0.0,"event_name":"Shining Light","player_choice":"Entered Light","floor":14.0,"gold_loss":0.0,"damage_taken":15.0,"cards_upgraded":["HollowMod:NailStrikeStart","HollowMod:NailStrikeStart"]},{"damage_healed":0.0,"max_hp_gain":0.0,"max_hp_loss":0.0,"gold_gain":250.0,"event_name":"The Joust","player_choice":"Bet on Owner","floor":20.0,"gold_loss":50.0,"damage_taken":0.0},{"damage_healed":0.0,"max_hp_gain":0.0,"max_hp_loss":0.0,"gold_gain":0.0,"event_name":"SensoryStone","player_choice":"Memory 1","floor":36.0,"gold_loss":0.0,"damage_taken":0.0},{"cards_removed":["HollowMod:PogoStrike"],"damage_healed":0.0,"max_hp_gain":0.0,"max_hp_loss":0.0,"gold_gain":0.0,"event_name":"Falling","player_choice":"Removed Attack","floor":37.0,"gold_loss":0.0,"damage_taken":0.0},{"damage_healed":0.0,"max_hp_gain":0.0,"max_hp_loss":0.0,"gold_gain":0.0,"event_name":"Mysterious Sphere","player_choice":"Ignored","floor":38.0,"gold_loss":0.0,"damage_taken":0.0}],"is_beta":false,"boss_relics":[{"not_picked":["Runic Pyramid","Runic Dome"],"picked":"Astrolabe"},{"not_picked":["HollowMod:VoidIdolRelic","Tiny House"],"picked":"HollowMod:KingsSoulRelic"}],"items_purged_floors":[],"is_endless":false,"potions_floor_spawned":[1,4,10,16,24,31,39],"killed_by":"Giant Head","ascension_level":3}}