{"host":"8fl9fk3sx00hvnsh","time":1612762835,"event":{"mods":["BaseMod","Bestiary","Bossed Relics","Custom Start","Downfall","Minty Spire (QoL Compilation)","Reliquary","Replay The Spire","StSLib","The Blue Laboratory","The Marked","The Wild Card"],"gold_per_floor":[99,117,140,140,34,34,34,25,69,95,95,114,14,40,58,162,162,162,184,190,44,44,76,76,104,4,4,4,4,4,4,4,4,4,4,4,4,4,4,4,4,4,4,4,4,4,4,4,4,4,4,4,4,4,4,4,4,4,4,4,4,4,4,4,4,4,4,4,4,4,4,4,4,4,4,4,4,4,4,4,4,4,4,4,4,4,4,4,4,4,4,4,4,4,4,4,4,4,4,4,4,4,4,4,4,4,4,4,4,0,0,23,27,27,27],"floor_reached":113,"language":"ENG","playtime":2420,"items_purged":[],"score":672,"play_id":"c5f28dd5-756c-4ffa-a4fa-c60a65079f63","local_time":"20210208004035","is_ascension_mode":false,"campfire_choices":[{"floor":1,"key":"DIG"},{"floor":6,"key":"RECALL"},{"floor":13,"key":"REST"},{"data":"hexamod:FastForward","floor":18,"key":"SMITH"},{"floor":26,"key":"REST"},{"floor":29,"key":"REST"},{"data":"hexamod:Strike","floor":32,"key":"SMITH"},{"data":"hexamod:Strike","floor":35,"key":"SMITH"},{"data":"hexamod:Strike","floor":38,"key":"SMITH"},{"data":"hexamod:Strike","floor":41,"key":"SMITH"},{"data":"hexamod:Defend","floor":44,"key":"SMITH"},{"data":"hexamod:Defend","floor":47,"key":"SMITH"},{"data":"hexamod:Defend","floor":50,"key":"SMITH"},{"data":"hexamod:Sear","floor":53,"key":"SMITH"},{"data":"hexamod:Float","floor":56,"key":"SMITH"},{"data":"hexamod:NightmareGuise","floor":59,"key":"SMITH"},{"data":"hexamod:PhantomCloak","floor":62,"key":"SMITH"},{"data":"hexamod:SwordOfDarkness","floor":65,"key":"SMITH"},{"data":"hexamod:EtherealExpedition","floor":68,"key":"SMITH"},{"data":"hexamod:GhostOfSpireFuture","floor":71,"key":"SMITH"},{"data":"hexamod:TimeOfNeed","floor":74,"key":"SMITH"},{"data":"hexamod:GhostLash","floor":77,"key":"SMITH"},{"data":"hexamod:AdvancingGuard","floor":80,"key":"SMITH"},{"data":"hexamod:ShieldOfDarkness","floor":83,"key":"SMITH"},{"data":"hexamod:WildfireWeapon","floor":86,"key":"SMITH"},{"data":"hexamod:GhostOfSpirePresent","floor":89,"key":"SMITH"},{"data":"hexamod:InspiringFlames","floor":92,"key":"SMITH"},{"data":"hexamod:ExtraCrispy","floor":95,"key":"SMITH"},{"data":"hexamod:HeatMetal","floor":98,"key":"SMITH"},{"data":"hexamod:HexaLevel","floor":101,"key":"SMITH"},{"data":"hexamod:NecessarySacrifice","floor":104,"key":"SMITH"},{"floor":107,"key":"REST"},{"floor":111,"key":"REST"}],"circlet_count":0,"master_deck":["hexamod:Strike+1","hexamod:Strike+1","hexamod:Strike+1","hexamod:Strike+1","hexamod:Defend+1","hexamod:Defend+1","hexamod:Defend+1","hexamod:Sear+1","hexamod:Float+1","hexamod:FastForward+1","hexamod:NightmareGuise+1","hexamod:PhantomCloak+1","hexamod:SwordOfDarkness+1","hexamod:EtherealExpedition+1","hexamod:ThirdSeal","hexamod:GhostOfSpireFuture+1","hexamod:TimeOfNeed+1","hexamod:GhostLash+1","hexamod:AdvancingGuard+1","hexamod:ShieldOfDarkness+1","hexamod:HeatCrush+1","hexamod:WildfireWeapon+1","hexamod:GhostOfSpirePresent+1","hexamod:InspiringFlames+1","hexamod:ExtraCrispy+1","hexamod:HeatMetal+1","hexamod:NecessarySacrifice+1","hexamod:SpectralAdrenaline+1","hexamod:FourthSeal","hexamod:HexaLevel+1","hexamod:FirstSeal","hexamod:FastForward"],"relics":["hexamod:SpiritBrand","Replay:Bandana","Gremlin Horn","Akabeko","downfall:HeartBlessingRed","Sozu","Sling","downfall:HeartBlessingBlue"],"acts_visited":["Exordium","TheCity"],"potions_floor_usage":[],"damage_taken":[{"damage":1,"enemies":"Jaw Worm","floor":2,"turns":3},{"damage":0,"enemies":"Cultist","floor":3,"turns":3},{"damage":0,"enemies":"downfall:FleeingMerchant","floor":5,"turns":4},{"damage":0,"enemies":"downfall:FleeingMerchant","floor":8,"turns":4},{"damage":26,"enemies":"Lagavulin","floor":9,"turns":5},{"damage":0,"enemies":"Small Slimes","floor":10,"turns":3},{"damage":15,"enemies":"Blue Slaver","floor":12,"turns":5},{"damage":8,"enemies":"Red Slaver","floor":14,"turns":3},{"damage":7,"enemies":"Large Slime","floor":15,"turns":6},{"damage":16,"enemies":"SI_SHIV_ARCHETYPE","floor":16,"turns":9},{"damage":11,"enemies":"Spheric Guardian","floor":19,"turns":5},{"damage":15,"enemies":"Shell Parasite","floor":20,"turns":7},{"damage":10,"enemies":"downfall:FleeingMerchant","floor":21,"turns":4},{"damage":28,"enemies":"Cultist and Chosen","floor":23,"turns":9},{"damage":4,"enemies":"Centurion and Healer","floor":25,"turns":5},{"damage":9,"enemies":"downfall:FleeingMerchant","floor":110,"turns":4},{"damage":19,"enemies":"Snake Plant","floor":112,"turns":4},{"damage":81,"enemies":"Gremlin Leader","floor":113,"turns":4}],"seed_played":"-520631887052654497","potions_obtained":[{"floor":2,"key":"Swift Potion"},{"floor":9,"key":"blueLaboratory:FrostheartPotion"},{"floor":10,"key":"Dexterity Potion"}],"is_trial":false,"path_per_floor":["R","M","M","?","$","R","T","$","E","M","?","M","R","M","M","B",null,"R","M","M","$","?","M","T","M","R","PTL","PTL","R","PTL","PTL","R","PTL","PTL","R","PTL","PTL","R","PTL","PTL","R","PTL","PTL","R","PTL","PTL","R","PTL","PTL","R","PTL","PTL","R","PTL","PTL","R","PTL","PTL","R","PTL","PTL","R","PTL","PTL","R","PTL","PTL","R","PTL","PTL","R","PTL","PTL","R","PTL","PTL","R","PTL","PTL","R","PTL","PTL","R","PTL","PTL","R","PTL","PTL","R","PTL","PTL","R","PTL","PTL","R","PTL","PTL","R","PTL","PTL","R","PTL","PTL","R","PTL","PTL","R","PTL","PTL","$","R","M","E"],"character_chosen":"THE_SPIRIT","items_purchased":["hexamod:PhantomCloak","hexamod:SwordOfDarkness","Sling"],"campfire_rested":5,"item_purchase_floors":[5,5,21],"current_hp_per_floor":[77,76,76,77,77,77,77,77,51,51,51,36,59,51,44,28,77,77,66,51,41,41,13,13,9,45,45,45,71,71,71,71,71,71,71,71,71,71,71,71,71,71,71,71,71,71,71,71,71,71,71,71,71,71,71,71,71,71,71,71,71,71,71,71,71,71,71,71,71,71,71,71,71,71,71,71,71,71,71,71,71,71,71,71,71,71,71,71,71,71,71,71,71,71,71,71,71,71,71,71,71,71,71,71,71,71,87,87,87,78,87,75,0,0,0],"gold":27,"neow_bonus":"TEN_PERCENT_HP_BONUS","is_daily":false,"chose_seed":false,"campfire_upgraded":26,"win_rate":0.0,"timestamp":1612762835,"path_taken":["R","M","M","?","$","R","T","?","E","?","?","M","R","M","M","BOSS","R","M","M","$","?","M","T","?","R","PTL","PTL","R","PTL","PTL","R","PTL","PTL","R","PTL","PTL","R","PTL","PTL","R","PTL","PTL","R","PTL","PTL","R","PTL","PTL","R","PTL","PTL","R","PTL","PTL","R","PTL","PTL","R","PTL","PTL","R","PTL","PTL","R","PTL","PTL","R","PTL","PTL","R","PTL","PTL","R","PTL","PTL","R","PTL","PTL","R","PTL","PTL","R","PTL","PTL","R","PTL","PTL","R","PTL","PTL","R","PTL","PTL","R","PTL","PTL","R","PTL","PTL","R","PTL","PTL","R","PTL","PTL","R","PTL","PTL","$","R","M","E"],"items_purchased_type":["Card","Card","Relic"],"build_version":"2020-12-22","purchased_purges":0,"victory":false,"max_hp_per_floor":[77,77,77,77,77,77,77,77,77,77,77,77,77,77,77,77,77,77,77,77,77,77,77,77,77,87,87,87,87,87,87,87,87,87,87,87,87,87,87,87,87,87,87,87,87,87,87,87,87,87,87,87,87,87,87,87,87,87,87,87,87,87,87,87,87,87,87,87,87,87,87,87,87,87,87,87,87,87,87,87,87,87,87,87,87,87,87,87,87,87,87,87,87,87,87,87,87,87,87,87,87,87,87,87,87,87,87,87,87,87,87,87,87,87,87],"card_choices":[{"not_picked":["hexamod:GhostOfSpirePast","hexamod:ShieldOfDarkness"],"picked":"hexamod:SwordOfDarkness","floor":2},{"not_picked":["hexamod:HeatCrush","hexamod:NightmareStrike"],"picked":"hexamod:FastForward","floor":3},{"not_picked":["hexamod:InspiringFlames","hexamod:RecurringNightmare"],"picked":"hexamod:NightmareGuise","floor":5},{"not_picked":["hexamod:FirstSeal","hexamod:HeatShield"],"picked":"hexamod:EtherealExpedition","floor":8},{"not_picked":["hexamod:ThermalTransfer","hexamod:RetreatToShadows"],"picked":"hexamod:ThirdSeal","floor":9},{"not_picked":["hexamod:HauntingEcho","hexamod:EmpoweredFlame"],"picked":"hexamod:GhostOfSpireFuture","floor":10},{"not_picked":["hexamod:HauntingEcho","hexamod:SpectersWail"],"picked":"hexamod:TimeOfNeed","floor":10},{"not_picked":["hexamod:GhostShield","hexamod:ThirdSeal"],"picked":"hexamod:GhostLash","floor":12},{"not_picked":["hexamod:SpectersWail","hexamod:ShieldOfDarkness"],"picked":"hexamod:AdvancingGuard","floor":12},{"not_picked":["hexamod:HeatShield","hexamod:NightmareGuise"],"picked":"hexamod:ShieldOfDarkness","floor":14},{"not_picked":["hexamod:GhostShield","hexamod:Firestarter"],"picked":"hexamod:HeatCrush","floor":15},{"not_picked":["hexamod:TurnItUp","hexamod:SearingWound"],"picked":"hexamod:WildfireWeapon","floor":16},{"not_picked":["hexamod:HexaLevel","hexamod:GhostflameInferno"],"picked":"hexamod:GhostOfSpirePresent","floor":16},{"not_picked":["hexamod:RecurringNightmare+1","hexamod:NightmareStrike"],"picked":"hexamod:InspiringFlames","floor":19},{"not_picked":["hexamod:ShieldOfDarkness","hexamod:DynamicBlow"],"picked":"hexamod:ExtraCrispy","floor":19},{"not_picked":["hexamod:SpectersWail+1","hexamod:BacktrackSmack"],"picked":"hexamod:HeatMetal","floor":20},{"not_picked":["hexamod:Firestarter","hexamod:NightmareStrike","hexamod:DynamicBlow"],"picked":"SKIP","floor":20},{"not_picked":["hexamod:CatchUp","hexamod:InspiringFlames"],"picked":"hexamod:NecessarySacrifice","floor":21},{"not_picked":["hexamod:RetreatToShadows+1","hexamod:StepThrough","hexamod:HeatMetal"],"picked":"SKIP","floor":21},{"not_picked":["hexamod:EtherealExpedition","hexamod:SpectersWail"],"picked":"hexamod:SpectralAdrenaline+1","floor":23},{"not_picked":["hexamod:Again","hexamod:SkipABeat"],"picked":"hexamod:FourthSeal","floor":23},{"not_picked":["hexamod:AdvancingGuard","hexamod:BacktrackSmack"],"picked":"hexamod:HexaLevel","floor":25},{"not_picked":["hexamod:RetreatToShadows","hexamod:InspiringFlames","hexamod:SkipABeat+1"],"picked":"SKIP","floor":25},{"not_picked":["hexamod:RecurringNightmare+1","hexamod:PhantomFireball"],"picked":"hexamod:FirstSeal","floor":110},{"not_picked":["hexamod:Firestarter","hexamod:HauntingEcho+1","hexamod:GhostLash+1"],"picked":"SKIP","floor":110},{"not_picked":["hexamod:Incineration","hexamod:ThermalTransfer+1"],"picked":"hexamod:FastForward","floor":112},{"not_picked":["hexamod:BurningTouch","hexamod:Firestarter","hexamod:RainOfEmbers"],"picked":"SKIP","floor":112}],"player_experience":220581,"relics_obtained":[{"floor":1,"key":"Replay:Bandana"},{"floor":7,"key":"Gremlin Horn"},{"floor":9,"key":"Akabeko"}],"event_choices":[{"cards_removed":["hexamod:SwordOfDarkness"],"damage_healed":5,"gold_gain":0,"player_choice":"Offered Common","damage_taken":0,"max_hp_gain":0,"max_hp_loss":0,"event_name":"Bonfire Elementals","floor":4,"gold_loss":0},{"cards_removed":["hexamod:SwordOfDarkness"],"damage_healed":5,"gold_gain":0,"player_choice":"Offered Special","damage_taken":0,"max_hp_gain":0,"max_hp_loss":0,"event_name":"Bonfire Elementals","floor":4,"gold_loss":0},{"damage_healed":0,"gold_gain":0,"player_choice":"Forge","damage_taken":0,"max_hp_gain":0,"max_hp_loss":0,"event_name":"Accursed Blacksmith","floor":22,"gold_loss":0,"cards_upgraded":["hexamod:HeatCrush"]}],"is_beta":false,"boss_relics":[{"not_picked":["hexamod:UnbrokenSoul","Replay:Bronze Core"],"picked":"Sozu"}],"items_purged_floors":[],"is_endless":false,"potions_floor_spawned":[2,9,10,16,19,20,23],"killed_by":"Gremlin Leader","ascension_level":0}}