{"host":"gk5m6v7zec9neb0j","time":1612755642,"event":{"mods":["AchievementEnabler","AlwaysNeverKeys","BaseMod","BetterRewards","Block Reminder","Minty Spire (QoL Compilation)","Rare Cards Sparkle","Relic Stats","StSLib"],"gold_per_floor":[118,132,132,147,164,164,198,198,276,202,225,30,92,120,132,241,253,281,56,156,169,169,169,221,221,289,289,301,321,334,347,347,447,447,466,466,391,405,332,332,352,371,371,386,386,386,165,182,182,182,182],"floor_reached":50,"language":"ENG","playtime":1725,"items_purged":["Strike_R"],"score":494,"play_id":"c728e6d1-395d-4cf2-a62e-1baff87331c5","local_time":"20210207224042","is_ascension_mode":false,"campfire_choices":[{"data":"Metallicize","floor":6,"key":"SMITH"},{"data":"Strike_R","floor":8,"key":"PURGE"},{"data":"Strike_R","floor":15,"key":"PURGE"},{"data":"Strike_R","floor":23,"key":"PURGE"},{"data":"BattleHymn","floor":25,"key":"SMITH"},{"data":"Metallicize","floor":27,"key":"SMITH"},{"floor":32,"key":"REST"},{"data":"Demon Form","floor":40,"key":"SMITH"},{"data":"Inflame","floor":46,"key":"SMITH"},{"data":"Fire Breathing","floor":49,"key":"SMITH"}],"circlet_count":0,"master_deck":["Strike_R","Defend_R","Defend_R","Defend_R","Bash+1","Metallicize+1","Armaments","Clash","Inflame+1","Metallicize+1","Fire Breathing","Demon Form+1","Metallicize+1","Fire Breathing+1","BattleHymn+1","White Noise+1","DeusExMachina","Evolve","Heatsinks+1","Evolve"],"relics":["Burning Blood","FossilizedHelix","Mummified Hand","Peace Pipe","Paper Frog","Odd Mushroom","OrangePellets","MawBank","Black Star","PrismaticShard","Nunchaku","Question Card","Runic Cube","Ancient Tea Set","Toolbox"],"acts_visited":["Exordium","TheCity","TheBeyond"],"potions_floor_usage":[11,18,33,33],"damage_taken":[{"damage":1,"enemies":"Cultist","floor":1,"turns":4},{"damage":0,"enemies":"Jaw Worm","floor":2,"turns":3},{"damage":0,"enemies":"2 Louse","floor":4,"turns":3},{"damage":0,"enemies":"Exordium Thugs","floor":5,"turns":5},{"damage":4,"enemies":"Lagavulin","floor":7,"turns":6},{"damage":6,"enemies":"The Mushroom Lair","floor":11,"turns":3},{"damage":7,"enemies":"Gremlin Nob","floor":13,"turns":4},{"damage":0,"enemies":"Blue Slaver","floor":14,"turns":2},{"damage":0,"enemies":"Slime Boss","floor":16,"turns":8},{"damage":39,"enemies":"3 Byrds","floor":18,"turns":11},{"damage":0,"enemies":"Spheric Guardian","floor":21,"turns":9},{"damage":11,"enemies":"Snake Plant","floor":28,"turns":5},{"damage":8,"enemies":"Centurion and Healer","floor":29,"turns":5},{"damage":14,"enemies":"Shelled Parasite and Fungi","floor":30,"turns":5},{"damage":0,"enemies":"Snecko","floor":31,"turns":5},{"damage":56,"enemies":"Collector","floor":33,"turns":10},{"damage":14,"enemies":"Orb Walker","floor":35,"turns":4},{"damage":12,"enemies":"3 Darklings","floor":38,"turns":6},{"damage":2,"enemies":"Maw","floor":41,"turns":7},{"damage":1,"enemies":"4 Shapes","floor":42,"turns":5},{"damage":16,"enemies":"3 Darklings","floor":44,"turns":7},{"damage":0,"enemies":"Maw","floor":48,"turns":6},{"damage":73,"enemies":"Awakened One","floor":50,"turns":4}],"seed_played":"3994597578995349035","potions_obtained":[{"floor":4,"key":"ElixirPotion"},{"floor":7,"key":"AttackPotion"},{"floor":11,"key":"BlessingOfTheForge"},{"floor":14,"key":"SkillPotion"},{"floor":21,"key":"Strength Potion"},{"floor":38,"key":"SteroidPotion"}],"is_trial":false,"path_per_floor":["M","M","?","M","M","R","E","R","T","$","?","$","?","M","R","B",null,"M","$","?","M","$","R","T","R","T","R","M","M","M","M","R","B",null,"M","?","$","M","$","R","M","M","T","M","?","R","$","M","R","B"],"character_chosen":"IRONCLAD","items_purchased":["Mummified Hand","Metallicize","Inflame","Metallicize","OrangePellets","Fire Breathing","PrismaticShard","Evolve","Toolbox","Evolve"],"campfire_rested":1,"item_purchase_floors":[0,0,10,12,12,19,19,39,47,47],"current_hp_per_floor":[49,55,55,61,67,67,69,69,69,69,69,69,68,74,74,80,80,47,47,47,53,53,53,53,53,53,53,48,46,38,44,68,18,80,72,72,72,66,66,66,70,75,75,65,65,65,65,71,71,0,0],"gold":182,"neow_bonus":"","is_daily":false,"chose_seed":false,"campfire_upgraded":6,"win_rate":0.0,"timestamp":1612755642,"path_taken":["M","M","?","M","M","R","E","R","T","$","?","$","?","M","R","BOSS","M","$","?","M","?","R","?","R","T","R","M","?","M","M","R","BOSS","M","?","$","M","?","R","M","M","T","M","?","R","$","M","R","BOSS"],"items_purchased_type":["Relic","Card","Card","Card","Relic","Card","Relic","Card","Relic","Card"],"build_version":"2020-12-22","purchased_purges":1,"victory":false,"max_hp_per_floor":[80,80,80,80,80,80,80,80,80,80,80,80,80,80,80,80,80,80,80,80,80,80,80,80,80,80,80,80,80,80,80,80,80,80,80,80,80,80,80,80,80,80,80,80,80,80,80,80,80,80,80],"relic_stats":{"Peace Pipe":3,"OrangePellets":[9],"Nunchaku":[10],"counters":[128,720],"Mummified Hand":[143],"Black Star":0,"MawBank":72,"Question Card":11,"obtain_stats":[{"Calipers":24,"Gremlin Horn":13,"Vajra":0,"Whetstone":43,"Bottled Tornado":31,"Sundial":11,"DollysMirror":0,"Strawberry":44,"MealTicket":9,"Prayer Wheel":0,"Kunai":10,"Toxic Egg 2":43,"Runic Cube":34,"Happy Flower":0,"Oddly Smooth Stone":0,"War Paint":6,"Question Card":26,"OrangePellets":12,"CultistMask":27,"Black Star":17,"Pocketwatch":17,"Darkstone Periapt":26,"Regal Pillow":41,"Singing Bowl":0,"SacredBark":34,"Black Blood":17,"Magic Flower":0,"StoneCalendar":22,"Juzu Bracelet":25,"Bag of Preparation":54,"PrismaticShard":19,"Empty Cage":34,"Ancient Tea Set":43,"Burning Blood":0,"ClockworkSouvenir":0,"Dream Catcher":17,"Nunchaku":23,"Shovel":0,"Mummified Hand":0,"Pantograph":9,"Toolbox":47,"Tiny Chest":24,"Red Mask":47,"Paper Frog":0,"Frozen Egg 2":0,"Odd Mushroom":8,"Orichalcum":6,"MawBank":13,"White Beast Statue":22,"Mercury Hourglass":26,"Calling Bell":17,"Peace Pipe":7,"Busted Crown":17,"Ornamental Fan":17,"Turnip":14,"Bag of Marbles":12,"Champion Belt":0,"Bottled Lightning":26,"Toy Ornithopter":30,"FossilizedHelix":0},{"Calipers":64,"Gremlin Horn":84,"Vajra":0,"Whetstone":20,"Bottled Tornado":15,"Sundial":45,"DollysMirror":77,"Strawberry":74,"MealTicket":3,"Prayer Wheel":39,"Kunai":45,"Toxic Egg 2":74,"Runic Cube":121,"Happy Flower":77,"Oddly Smooth Stone":0,"War Paint":57,"Question Card":116,"OrangePellets":111,"CultistMask":65,"Black Star":47,"Pocketwatch":31,"Darkstone Periapt":65,"Regal Pillow":73,"Singing Bowl":0,"SacredBark":93,"Black Blood":7,"Magic Flower":77,"StoneCalendar":50,"Juzu Bracelet":35,"Bag of Preparation":104,"PrismaticShard":32,"Empty Cage":69,"Ancient Tea Set":125,"Burning Blood":0,"ClockworkSouvenir":0,"Dream Catcher":31,"Nunchaku":90,"Shovel":0,"Mummified Hand":105,"Pantograph":28,"Toolbox":126,"Tiny Chest":90,"Red Mask":101,"Paper Frog":0,"Frozen Egg 2":0,"Odd Mushroom":45,"Orichalcum":82,"MawBank":111,"White Beast Statue":63,"Mercury Hourglass":13,"Calling Bell":31,"Peace Pipe":110,"Busted Crown":86,"Ornamental Fan":31,"Turnip":60,"Bag of Marbles":5,"Champion Belt":0,"Bottled Lightning":35,"Toy Ornithopter":92,"FossilizedHelix":105},{"Calipers":355,"Gremlin Horn":481,"Vajra":0,"Whetstone":116,"Bottled Tornado":78,"Sundial":234,"DollysMirror":452,"Strawberry":424,"MealTicket":13,"Prayer Wheel":208,"Kunai":234,"Toxic Egg 2":424,"Runic Cube":681,"Happy Flower":452,"Oddly Smooth Stone":0,"War Paint":318,"Question Card":651,"OrangePellets":617,"CultistMask":361,"Black Star":256,"Pocketwatch":170,"Darkstone Periapt":361,"Regal Pillow":419,"Singing Bowl":0,"SacredBark":524,"Black Blood":34,"Magic Flower":452,"StoneCalendar":278,"Juzu Bracelet":186,"Bag of Preparation":588,"PrismaticShard":173,"Empty Cage":387,"Ancient Tea Set":703,"Burning Blood":0,"ClockworkSouvenir":0,"Dream Catcher":170,"Nunchaku":508,"Shovel":0,"Mummified Hand":593,"Pantograph":155,"Toolbox":710,"Tiny Chest":508,"Red Mask":569,"Paper Frog":0,"Frozen Egg 2":0,"Odd Mushroom":234,"Orichalcum":472,"MawBank":617,"White Beast Statue":347,"Mercury Hourglass":64,"Calling Bell":170,"Peace Pipe":614,"Busted Crown":491,"Ornamental Fan":170,"Turnip":328,"Bag of Marbles":23,"Champion Belt":0,"Bottled Lightning":186,"Toy Ornithopter":516,"FossilizedHelix":593}],"Burning Blood":903,"Runic Cube":[13]},"card_choices":[{"not_picked":["Shrug It Off","Searing Blow"],"picked":"Armaments","floor":1},{"not_picked":["True Grit","Spot Weakness","Wild Strike"],"picked":"SKIP","floor":2},{"not_picked":["Warcry","Searing Blow"],"picked":"Clash","floor":4},{"not_picked":["Havoc","Wild Strike","Entrench"],"picked":"SKIP","floor":5},{"not_picked":["Intimidate","Spot Weakness","Body Slam"],"picked":"SKIP","floor":7},{"not_picked":["Anger","Disarm"],"picked":"Fire Breathing","floor":13},{"not_picked":["Thunderclap","Havoc","Heavy Blade"],"picked":"SKIP","floor":14},{"not_picked":["Reaper","Brutality"],"picked":"Demon Form","floor":16},{"not_picked":["Cleave+1","Perfected Strike"],"picked":"Metallicize","floor":18},{"not_picked":["Sucker Punch+1","True Grit"],"picked":"BattleHymn","floor":21},{"not_picked":["Bane+1","Rebound+1","Steam","WheelKick"],"picked":"SKIP","floor":28},{"not_picked":["Worship","Perfected Strike","HandOfGreed"],"picked":"White Noise+1","floor":29},{"not_picked":["Masterful Stab","Swivel","Flechettes+1","Forethought"],"picked":"SKIP","floor":30},{"not_picked":["Halt","Quick Slash","Calculated Gamble","Auto Shields+1"],"picked":"SKIP","floor":31},{"not_picked":["Omniscience","Offering","Wraith Form v2"],"picked":"DeusExMachina","floor":33},{"not_picked":["Blood for Blood","FollowUp","Shockwave","Consecrate"],"picked":"SKIP","floor":35},{"not_picked":["Adaptation","FollowUp+1","Dodge and Roll+1","Evaluate+1"],"picked":"SKIP","floor":38},{"not_picked":["Leap+1","Thunderclap+1","FlurryOfBlows","Streamline"],"picked":"SKIP","floor":41},{"not_picked":["Warcry","Sword Boomerang+1","Consume+1","Pummel"],"picked":"SKIP","floor":42},{"not_picked":["Doom and Gloom","Scrape+1","Panacea"],"picked":"Heatsinks+1","floor":44},{"not_picked":["Consecrate","FTL","BattleHymn+1","Sucker Punch"],"picked":"SKIP","floor":48}],"player_experience":800242,"relics_obtained":[{"floor":7,"key":"Peace Pipe"},{"floor":9,"key":"Paper Frog"},{"floor":11,"key":"Odd Mushroom"},{"floor":24,"key":"Nunchaku"},{"floor":26,"key":"Question Card"},{"floor":43,"key":"Ancient Tea Set"}],"event_choices":[{"damage_healed":0,"gold_gain":0,"player_choice":"Grow","damage_taken":0,"max_hp_gain":0,"max_hp_loss":0,"event_name":"Living Wall","floor":3,"gold_loss":0,"cards_upgraded":["Bash"]},{"damage_healed":0,"gold_gain":0,"player_choice":"Fought Mushrooms","damage_taken":0,"max_hp_gain":0,"max_hp_loss":0,"event_name":"Mushrooms","floor":11,"gold_loss":0},{"damage_healed":0,"gold_gain":0,"player_choice":"Searched \u00273\u0027 times","damage_taken":0,"relics_obtained":["MawBank"],"max_hp_gain":0,"max_hp_loss":0,"event_name":"Dead Adventurer","floor":13,"gold_loss":0},{"damage_healed":0,"gold_gain":100,"player_choice":"Pray","damage_taken":0,"max_hp_gain":0,"max_hp_loss":0,"event_name":"Golden Shrine","floor":20,"gold_loss":0},{"damage_healed":0,"gold_gain":0,"player_choice":"Upgraded","damage_taken":0,"max_hp_gain":0,"max_hp_loss":0,"event_name":"Upgrade Shrine","floor":36,"gold_loss":0,"cards_upgraded":["Metallicize"]},{"cards_removed":["Defend_R"],"damage_healed":0,"gold_gain":0,"player_choice":"Offered Basic","damage_taken":0,"max_hp_gain":0,"max_hp_loss":0,"event_name":"Bonfire Elementals","floor":45,"gold_loss":0}],"is_beta":false,"boss_relics":[{"not_picked":["Snecko Eye","Sozu"],"picked":"Black Star"},{"not_picked":["Cursed Key","Coffee Dripper"],"picked":"Runic Cube"}],"items_purged_floors":[37],"is_endless":false,"potions_floor_spawned":[4,7,11,14,21,28,29,30,38,41,44],"killed_by":"Awakened One","ascension_level":0}}