{"host":"wbs0wzz0alz01mnq","time":1612742899,"event":{"mods":["BaseMod","Bestiary","GifTheSpireLib","Googly Eyes","Highlight Path","Minty Spire (QoL Compilation)","Quick Restart","StSLib","Waifu the Spire","[IsaacMod]????"],"gold_per_floor":[111,111,111,126,142,142,142,155,182,201,50,50,82,101,101,198,198,198,198],"floor_reached":18,"language":"ENG","playtime":424,"items_purged":[],"score":187,"play_id":"6dc200f8-e0d4-487b-bc38-7c66880cd7da","local_time":"20210207190819","is_ascension_mode":false,"campfire_choices":[{"data":"BloodyBrimstone","floor":6,"key":"SMITH"},{"data":"Whirlwind","floor":12,"key":"SMITH"},{"data":"Sword Boomerang","floor":15,"key":"SMITH"}],"circlet_count":0,"master_deck":["Strike_R","Strike_R","Strike_R+1","Strike_R","Strike_R","Defend_R+1","Defend_R","Defend_R","Defend_R","Bash","BloodyBrimstone+1","Whirlwind+1","Iron Wave","Sever Soul","Shrug It Off","Sword Boomerang+1","Carnage","Body Slam","Fiend Fire"],"relics":["Burning Blood","HushsDoor","SteamSale","NeowsBlessing","Boot","EdensBlessing","GuppysPaw","Black Star"],"acts_visited":["Exordium","TheCity"],"potions_floor_usage":[],"damage_taken":[{"damage":0,"enemies":"2 Louse","floor":1,"turns":1},{"damage":0,"enemies":"Jaw Worm","floor":4,"turns":1},{"damage":0,"enemies":"Cultist","floor":5,"turns":1},{"damage":18,"enemies":"Exordium Wildlife","floor":8,"turns":2},{"damage":14,"enemies":"2 Fungi Beasts","floor":10,"turns":3},{"damage":0,"enemies":"3 Sentries","floor":13,"turns":2},{"damage":4,"enemies":"Lots of Slimes","floor":14,"turns":2},{"damage":40,"enemies":"Hexaghost","floor":16,"turns":8},{"damage":5,"enemies":"Chosen","floor":18,"turns":1}],"seed_played":"6791124948081499791","potions_obtained":[{"floor":1,"key":"EssenceOfSteel"},{"floor":5,"key":"Strength Potion"}],"is_trial":false,"path_per_floor":["M","?","$","M","M","R","?","M","T","M","$","R","E","M","R","B",null,"M"],"character_chosen":"IRONCLAD","items_purchased":["EdensBlessing"],"campfire_rested":0,"item_purchase_floors":[11],"current_hp_per_floor":[80,64,64,70,76,76,81,69,69,61,61,61,67,69,69,35,1,0,0],"gold":198,"neow_bonus":"THREE_ENEMY_KILL","is_daily":false,"chose_seed":false,"campfire_upgraded":3,"win_rate":0.0,"timestamp":1612742899,"path_taken":["M","?","$","M","M","R","?","M","T","?","$","R","E","M","R","BOSS","M"],"items_purchased_type":["Relic"],"build_version":"2020-12-22","purchased_purges":0,"victory":false,"max_hp_per_floor":[80,80,80,80,80,80,85,82,82,82,82,82,79,76,76,61,1,1,1],"card_choices":[{"not_picked":[],"picked":"BloodyBrimstone","floor":0},{"not_picked":["Rampage","Clothesline"],"picked":"Whirlwind","floor":1},{"not_picked":["Bloodletting","Warcry"],"picked":"Iron Wave","floor":4},{"not_picked":["Clash","Thunderclap"],"picked":"Sever Soul","floor":5},{"not_picked":["Twin Strike","Sword Boomerang"],"picked":"Shrug It Off","floor":8},{"not_picked":["Headbutt","Flex"],"picked":"Sword Boomerang","floor":10},{"not_picked":["Thunderclap","True Grit"],"picked":"Carnage","floor":13},{"not_picked":["Pommel Strike","Pummel"],"picked":"Body Slam","floor":14},{"not_picked":["Barricade","Demon Form"],"picked":"Fiend Fire","floor":16}],"player_experience":9060,"relics_obtained":[{"floor":9,"key":"Boot"},{"floor":13,"key":"GuppysPaw"}],"event_choices":[{"damage_healed":0,"gold_gain":0,"player_choice":"Entered Light","damage_taken":16,"max_hp_gain":0,"max_hp_loss":0,"event_name":"Shining Light","floor":2,"gold_loss":0,"cards_upgraded":["Defend_R","Strike_R"]},{"damage_healed":0,"gold_gain":0,"player_choice":"Donut","damage_taken":0,"max_hp_gain":5,"max_hp_loss":0,"event_name":"Big Fish","floor":7,"gold_loss":0}],"is_beta":false,"boss_relics":[{"not_picked":["Runic Dome","Runic Pyramid"],"picked":"Black Star"},{"not_picked":[]}],"items_purged_floors":[],"is_endless":false,"potions_floor_spawned":[1,5],"killed_by":"Chosen","ascension_level":0}}