{"host":"vyjryxuuuxkt43k4","time":1612771306,"event":{"mods":["AchievementEnabler","BaseMod","Colored Map","DeckTracker","Keyboard Shortcuts","Minty Spire (QoL Compilation)","Permanent Neow","Quick Restart","StSLib","SuperFastMode","everything is the same but u backflip on backflip"],"gold_per_floor":[110,129,204,222,8,8,25,175,256,5,5,24,24,56,68,80,80],"floor_reached":16,"language":"KOR","playtime":569,"items_purged":["Pain","Doubt"],"score":184,"play_id":"18a0b1d4-909c-4e66-a9ff-84ad71588ae3","local_time":"20210208170146","is_ascension_mode":true,"campfire_choices":[{"floor":6.0,"key":"REST"},{"floor":11.0,"key":"REST"},{"floor":15.0,"key":"REST"}],"circlet_count":0,"master_deck":["AscendersBane","Strike_G","Strike_G","Strike_G","Defend_G","Defend_G","Defend_G","Defend_G","Defend_G","Survivor","Neutralize","Caltrops","Prepared","Escape Plan","Dagger Throw","Calculated Gamble","Crippling Poison","Quick Slash","Bouncing Flask","Well Laid Plans","Acrobatics","Flechettes"],"relics":["Ring of the Snake","Darkstone Periapt","MawBank"],"acts_visited":["Exordium"],"potions_floor_usage":[16],"damage_taken":[{"damage":16.0,"enemies":"Cultist","floor":1.0,"turns":6.0},{"damage":15.0,"enemies":"Jaw Worm","floor":2.0,"turns":7.0},{"damage":9.0,"enemies":"Small Slimes","floor":4.0,"turns":3.0},{"damage":21.0,"enemies":"Exordium Wildlife","floor":7.0,"turns":6.0},{"damage":11.0,"enemies":"Large Slime","floor":12.0,"turns":8.0},{"damage":0.0,"enemies":"2 Fungi Beasts","floor":14.0,"turns":4.0},{"damage":22,"enemies":"The Guardian","floor":16,"turns":7}],"seed_played":"-6755846429046611206","potions_obtained":[{"floor":2.0,"key":"EntropicBrew"},{"floor":12.0,"key":"Dexterity Potion"}],"is_trial":false,"path_per_floor":["M","M","?","M","$","R","M","?","T","$","R","M","?","M","R","B"],"character_chosen":"THE_SILENT","items_purchased":["Crippling Poison","Quick Slash","Well Laid Plans","GhostInAJar"],"campfire_rested":3,"item_purchase_floors":[5,5,10,10],"current_hp_per_floor":[43,28,17,8,8,27,6,6,6,6,25,14,3,3,22,0,0],"gold":80,"neow_bonus":"TRANSFORM_TWO_CARDS","is_daily":false,"chose_seed":false,"campfire_upgraded":0,"win_rate":0.0,"timestamp":1612771306,"path_taken":["M","?","?","M","$","R","M","?","T","$","R","M","?","M","R","BOSS"],"items_purchased_type":["Card","Card","Card","Potion"],"build_version":"2020-12-22","purchased_purges":2,"victory":false,"max_hp_per_floor":[66,66,66,66,66,66,66,66,66,66,66,66,66,66,66,66,66],"card_choices":[{"not_picked":["Dagger Spray","Skewer"],"picked":"Escape Plan","floor":1.0},{"not_picked":["Expertise","Deflect"],"picked":"Dagger Throw","floor":2.0},{"not_picked":["Deflect","Riddle With Holes"],"picked":"Calculated Gamble","floor":4.0},{"not_picked":["Venomology","Cloak And Dagger"],"picked":"Bouncing Flask","floor":7.0},{"not_picked":["Cloak And Dagger","Riddle With Holes"],"picked":"Acrobatics","floor":12.0},{"not_picked":["Dagger Spray","Underhanded Strike"],"picked":"Flechettes","floor":14.0}],"player_experience":833529,"relics_obtained":[{"floor":9.0,"key":"Darkstone Periapt"}],"event_choices":[{"damage_healed":0.0,"max_hp_gain":0.0,"max_hp_loss":0.0,"gold_gain":75.0,"event_name":"World of Goop","player_choice":"Gather Gold","floor":3.0,"gold_loss":0.0,"damage_taken":11.0},{"damage_healed":0.0,"max_hp_gain":0.0,"max_hp_loss":0.0,"gold_gain":150.0,"event_name":"Liars Game","player_choice":"AGREE","floor":8.0,"gold_loss":0.0,"damage_taken":0.0,"cards_obtained":["Doubt"]},{"damage_healed":0.0,"max_hp_gain":0.0,"max_hp_loss":0.0,"gold_gain":0.0,"event_name":"Scrap Ooze","player_choice":"Success","floor":13.0,"gold_loss":0.0,"damage_taken":11.0,"relics_obtained":["MawBank"]}],"is_beta":false,"boss_relics":[],"items_purged_floors":[5,10],"is_endless":false,"potions_floor_spawned":[2,12],"killed_by":"The Guardian","ascension_level":20}}