{"host":"c6u7e77myxvw4d0m","time":1612822070,"event":{"mods":["AchievementEnabler","BaseMod","Bestiary","Colored Map","Colored Powertips","Minty Spire (QoL Compilation)","Rare Cards Sparkle","Relic Stats","everything is the same but u backflip on backflip"],"gold_per_floor":[116,132,149,169,187,215,215,215,215,225,242,242,258,25,25,25,25],"floor_reached":16,"language":"ENG","playtime":928,"items_purged":["Strike_G"],"score":212,"play_id":"db29d519-3236-4fca-8a9e-ee8ec4493ff0","local_time":"20210209000750","is_ascension_mode":true,"campfire_choices":[{"floor":8,"key":"REST"},{"data":"Predator","floor":12,"key":"SMITH"},{"data":"Bouncing Flask","floor":15,"key":"SMITH"}],"circlet_count":0,"master_deck":["AscendersBane","Strike_G","Strike_G","Strike_G","Strike_G","Defend_G","Defend_G","Defend_G","Defend_G","Defend_G","Survivor","Neutralize","Predator+1","Slice","Poisoned Stab+1","Backflip","Cloak And Dagger","Bouncing Flask+1","Leg Sweep","Heel Hook","Prepared"],"relics":["Ring of the Snake","FossilizedHelix","Calipers","Bottled Lightning","TwistedFunnel"],"acts_visited":["Exordium"],"potions_floor_usage":[6,10,16],"damage_taken":[{"damage":0.0,"enemies":"Jaw Worm","floor":1.0,"turns":4.0},{"damage":0.0,"enemies":"Small Slimes","floor":2.0,"turns":3.0},{"damage":0.0,"enemies":"2 Louse","floor":3.0,"turns":2.0},{"damage":0.0,"enemies":"2 Fungi Beasts","floor":4.0,"turns":3.0},{"damage":0.0,"enemies":"Blue Slaver","floor":5.0,"turns":4.0},{"damage":28,"enemies":"Lagavulin","floor":6,"turns":7},{"damage":2,"enemies":"Large Slime","floor":10,"turns":6},{"damage":4,"enemies":"Exordium Wildlife","floor":11,"turns":5},{"damage":0,"enemies":"Looter","floor":13,"turns":3},{"damage":40,"enemies":"Slime Boss","floor":16,"turns":11}],"seed_played":"8357935313540481100","potions_obtained":[{"floor":3.0,"key":"DistilledChaos"},{"floor":4.0,"key":"GamblersBrew"},{"floor":6,"key":"AttackPotion"}],"is_trial":false,"path_per_floor":["M","M","M","M","M","E","?","R","T","M","M","R","M","$","R","B"],"character_chosen":"THE_SILENT","items_purchased":["TwistedFunnel"],"campfire_rested":1,"item_purchase_floors":[14],"current_hp_per_floor":[44,44,44,44,44,16,16,35,35,33,29,29,29,29,29,0,0],"gold":25,"neow_bonus":"ONE_RARE_RELIC","is_daily":false,"chose_seed":false,"campfire_upgraded":2,"win_rate":0.0,"timestamp":1612822070,"path_taken":["M","M","M","M","M","E","?","R","T","M","M","R","M","$","R","BOSS"],"items_purchased_type":["Relic"],"build_version":"2020-12-22","purchased_purges":1,"victory":false,"max_hp_per_floor":[66,66,66,66,66,66,66,66,66,66,66,66,66,66,66,66,66],"relic_stats":{"counters":[10,48],"obtain_stats":[{"TwistedFunnel":14,"Calipers":6,"Bottled Lightning":9,"FossilizedHelix":0,"Ring of the Snake":0},{"TwistedFunnel":9,"Calipers":6,"Bottled Lightning":6,"FossilizedHelix":0,"Ring of the Snake":0},{"TwistedFunnel":37,"Calipers":23,"Bottled Lightning":23,"FossilizedHelix":0,"Ring of the Snake":0}],"Ring of the Snake":[20]},"card_choices":[{"not_picked":["Outmaneuver","Concentrate"],"picked":"Predator","floor":1.0},{"not_picked":["PiercingWail","Acrobatics"],"picked":"Slice","floor":2.0},{"not_picked":["PiercingWail","Dagger Throw"],"picked":"Poisoned Stab","floor":3.0},{"not_picked":["Outmaneuver","Dagger Throw"],"picked":"Backflip","floor":4.0},{"not_picked":["Caltrops","Catalyst"],"picked":"Cloak And Dagger","floor":5.0},{"not_picked":["Prepared","Dagger Throw"],"picked":"Bouncing Flask","floor":6},{"not_picked":["Poisoned Stab","Choke"],"picked":"Leg Sweep","floor":10},{"not_picked":["Flechettes","Poisoned Stab"],"picked":"Heel Hook","floor":11},{"not_picked":["Expertise","Flying Knee"],"picked":"Prepared","floor":13}],"player_experience":733365,"relics_obtained":[{"floor":6,"key":"Calipers"},{"floor":9,"key":"Bottled Lightning"}],"event_choices":[{"damage_healed":0,"gold_gain":0,"player_choice":"Grow","damage_taken":0,"max_hp_gain":0,"max_hp_loss":0,"event_name":"Living Wall","floor":7,"gold_loss":0,"cards_upgraded":["Poisoned Stab"]}],"is_beta":false,"boss_relics":[],"items_purged_floors":[14],"is_endless":false,"potions_floor_spawned":[3,4,6],"killed_by":"Slime Boss","ascension_level":20}}