{"host":"b68zjtx2wn01pixa","time":1612759291,"event":{"mods":["BaseMod","Colored Map","Infinite Spire","Minty Spire (QoL Compilation)","Relic Stats","StSLib","SuperFastMode"],"gold_per_floor":[118,136,155,174,193,228,153,153,180,215,230,257,257,257,257,361,361,381,480,23,34,34,66,66,78,102,102,136,149,169,183,183,280,280,296,349,349,349,399,430,446,456,456,483,483,514,514,526,526,526],"floor_reached":51,"language":"ENG","playtime":3037,"items_purged":["Outmaneuver"],"score":1123,"play_id":"d8186c97-23d2-4e63-81d8-4a677ee86aeb","local_time":"20210207234131","is_ascension_mode":true,"campfire_choices":[{"data":"Glass Knife","floor":8.0,"key":"SMITH"},{"floor":13.0,"key":"REST"},{"data":"Crippling Poison","floor":15.0,"key":"SMITH"},{"data":"Bullet Time","floor":24.0,"key":"SMITH"},{"data":"Leg Sweep","floor":27.0,"key":"SMITH"},{"data":"Footwork","floor":32.0,"key":"SMITH"},{"data":"infinitespire:UltimateForm","floor":49,"key":"SMITH"}],"circlet_count":0,"master_deck":["Survivor","Neutralize+1","Unload+1","Noxious Fumes","Tools of the Trade","Well Laid Plans","Deadly Poison+1","Calculated Gamble+1","After Image","Crippling Poison+1","Glass Knife+1","Reflex","Reflex","Escape Plan","Dodge and Roll","Deadly Poison","Leg Sweep+1","Dodge and Roll","Adrenaline+1","Dodge and Roll+1","Bullet Time+1","PiercingWail+1","Footwork+1","infinitespire:UltimateForm+1","Catalyst","Crippling Poison+1"],"relics":["Pandora\u0027s Box","Singing Bowl","Bag of Preparation","War Paint","Blood Vial","SacredBark","TwistedFunnel","StoneCalendar","Art of War","Whetstone","infinitespire:Satchel","HoveringKite","Turnip","infinitespire:Joker Card","White Beast Statue","infinitespire:EmpoweringShard","HornCleat","Darkstone Periapt"],"acts_visited":["Exordium","TheCity","TheBeyond"],"potions_floor_usage":[50,50,50,50,50],"damage_taken":[{"damage":0.0,"enemies":"Cultist","floor":1.0,"turns":3.0},{"damage":0.0,"enemies":"Small Slimes","floor":2.0,"turns":3.0},{"damage":0.0,"enemies":"2 Louse","floor":3.0,"turns":1.0},{"damage":4.0,"enemies":"Red Slaver","floor":4.0,"turns":3.0},{"damage":3.0,"enemies":"Exordium Wildlife","floor":5.0,"turns":4.0},{"damage":6.0,"enemies":"Lagavulin","floor":6.0,"turns":6.0},{"damage":28.0,"enemies":"Gremlin Nob","floor":10.0,"turns":5.0},{"damage":5.0,"enemies":"Blue Slaver","floor":11.0,"turns":4.0},{"damage":8.0,"enemies":"Lagavulin","floor":12.0,"turns":4.0},{"damage":0.0,"enemies":"The Guardian","floor":16.0,"turns":7.0},{"damage":5.0,"enemies":"Spheric Guardian","floor":18.0,"turns":3.0},{"damage":11.0,"enemies":"2 Thieves","floor":21.0,"turns":3.0},{"damage":14.0,"enemies":"Gremlin Leader","floor":23.0,"turns":5.0},{"damage":0.0,"enemies":"Centurion and Healer","floor":25.0,"turns":4.0},{"damage":3.0,"enemies":"Book of Stabbing","floor":28.0,"turns":6.0},{"damage":0.0,"enemies":"Snecko","floor":29.0,"turns":5.0},{"damage":0.0,"enemies":"Snake Plant","floor":30.0,"turns":3.0},{"damage":0.0,"enemies":"3 Cultists","floor":31.0,"turns":4.0},{"damage":0.0,"enemies":"Automaton","floor":33.0,"turns":9.0},{"damage":2.0,"enemies":"Orb Walker","floor":35.0,"turns":4.0},{"damage":19.0,"enemies":"2 Orb Walkers","floor":36.0,"turns":7.0},{"damage":1.0,"enemies":"Mind Bloom Boss Battle","floor":39.0,"turns":7.0},{"damage":19.0,"enemies":"Nightmare","floor":40.0,"turns":7.0},{"damage":0.0,"enemies":"3 Shapes","floor":41.0,"turns":4.0},{"damage":0.0,"enemies":"Spire Growth","floor":42.0,"turns":5.0},{"damage":0.0,"enemies":"Nemesis","floor":44.0,"turns":7.0},{"damage":0,"enemies":"Reptomancer","floor":46,"turns":7},{"damage":0,"enemies":"Jaw Worm Horde","floor":48,"turns":5},{"damage":0,"enemies":"infinitespire:MassOfShapes","floor":50,"turns":8}],"seed_played":"33975614085128711","potions_obtained":[{"floor":3.0,"key":"ColorlessPotion"},{"floor":4.0,"key":"SteroidPotion"},{"floor":5.0,"key":"DistilledChaos"},{"floor":11.0,"key":"Explosive Potion"},{"floor":16.0,"key":"GamblersBrew"},{"floor":18.0,"key":"Regen Potion"},{"floor":23.0,"key":"PowerPotion"},{"floor":28.0,"key":"DistilledChaos"},{"floor":29.0,"key":"Explosive Potion"},{"floor":30.0,"key":"LiquidBronze"},{"floor":44.0,"key":"EntropicBrew"},{"floor":46,"key":"Dexterity Potion"}],"is_trial":false,"path_per_floor":["M","M","M","M","M","E","$","R","T","E","M","E","R","$","R","B",null,"M","?","$","M","?","E","R","M","T","R","E","M","M","M","R","B",null,"M","?","?","?","?","NM","M","M","T","E","?","E","?","M","R","B",null],"character_chosen":"THE_SILENT","items_purchased":["TwistedFunnel","StoneCalendar"],"campfire_rested":1,"item_purchase_floors":[20,20],"current_hp_per_floor":[70,70,70,66,63,59,59,59,59,31,26,18,39,39,39,41,72,69,69,69,60,60,48,48,52,52,52,53,80,80,80,80,82,82,82,67,69,48,51,36,40,42,42,46,46,48,48,52,52,54],"gold":526,"neow_bonus":"BOSS_RELIC","is_daily":false,"chose_seed":false,"campfire_upgraded":6,"win_rate":0.0,"timestamp":1612759291,"path_taken":["M","M","M","M","?","E","$","R","T","E","M","E","R","$","R","BOSS","M","?","$","M","?","E","R","M","T","R","E","M","M","M","R","BOSS","M","?","?","?","?","NM","M","M","T","E","?","E","?","M","R","BOSS"],"items_purchased_type":["Relic","Relic"],"build_version":"2020-12-22","purchased_purges":1,"victory":true,"max_hp_per_floor":[70,70,70,70,70,72,72,72,72,72,72,72,72,72,72,72,72,74,74,74,74,74,74,74,76,76,76,78,80,80,80,80,82,82,84,86,88,88,90,92,94,94,94,96,91,91,91,93,93,93],"relic_stats":{"Darkstone Periapt":0,"Singing Bowl":28,"counters":[29,143],"HoveringKite":[50],"StoneCalendar":[275],"Bag of Preparation":[46],"Whetstone":["Unload","Neutralize"],"War Paint":["Calculated Gamble","Deadly Poison"],"Blood Vial":30,"Pandora\u0027s Box":["Unload","Noxious Fumes","Tools of the Trade","Well Laid Plans","Deadly Poison","Calculated Gamble","Outmaneuver","After Image","Crippling Poison","Glass Knife"],"Turnip":[0],"Art of War":[24],"obtain_stats":[{"TwistedFunnel":20,"Darkstone Periapt":46,"Singing Bowl":6,"SacredBark":17,"HoveringKite":34,"StoneCalendar":20,"infinitespire:Joker Card":39,"Bag of Preparation":9,"Whetstone":26,"War Paint":10,"White Beast Statue":40,"Blood Vial":12,"HornCleat":44,"infinitespire:Satchel":28,"Pandora\u0027s Box":0,"Turnip":36,"Art of War":23,"infinitespire:EmpoweringShard":43,"Ring of the Snake":0},{"TwistedFunnel":11,"Darkstone Periapt":27,"Singing Bowl":6,"SacredBark":10,"HoveringKite":19,"StoneCalendar":11,"infinitespire:Joker Card":22,"Bag of Preparation":6,"Whetstone":14,"War Paint":7,"White Beast Statue":23,"Blood Vial":9,"HornCleat":26,"infinitespire:Satchel":15,"Pandora\u0027s Box":0,"Turnip":21,"Art of War":13,"infinitespire:EmpoweringShard":25,"Ring of the Snake":0},{"TwistedFunnel":43,"Darkstone Periapt":130,"Singing Bowl":20,"SacredBark":40,"HoveringKite":82,"StoneCalendar":43,"infinitespire:Joker Card":100,"Bag of Preparation":20,"Whetstone":55,"War Paint":25,"White Beast Statue":107,"Blood Vial":33,"HornCleat":123,"infinitespire:Satchel":61,"Pandora\u0027s Box":0,"Turnip":93,"Art of War":51,"infinitespire:EmpoweringShard":116,"Ring of the Snake":0}]},"card_choices":[{"not_picked":["Prepared","Outmaneuver"],"picked":"Reflex","floor":1.0},{"not_picked":["Backflip","Caltrops"],"picked":"Reflex","floor":2.0},{"not_picked":["Outmaneuver","Deadly Poison","Dagger Throw"],"picked":"SKIP","floor":3.0},{"not_picked":["Outmaneuver","Deadly Poison","Dagger Throw"],"picked":"SKIP","floor":3.0},{"not_picked":["Quick Slash","Blade Dance"],"picked":"Escape Plan","floor":4.0},{"not_picked":["Cloak And Dagger","Dagger Spray"],"picked":"Dodge and Roll","floor":5.0},{"not_picked":["Quick Slash","Reflex","Masterful Stab"],"picked":"Singing Bowl","floor":6.0},{"not_picked":["Expertise","Bullet Time"],"picked":"Deadly Poison","floor":10.0},{"not_picked":["Flying Knee","Outmaneuver"],"picked":"Leg Sweep","floor":11.0},{"not_picked":["Cloak And Dagger","Caltrops"],"picked":"Dodge and Roll","floor":12.0},{"not_picked":["Unload","infinitespire:Neurotoxin"],"picked":"Adrenaline","floor":16.0},{"not_picked":["Terror","Backflip","Riddle With Holes+1"],"picked":"Singing Bowl","floor":18.0},{"not_picked":["Blade Dance","Acrobatics"],"picked":"Dodge and Roll+1","floor":21.0},{"not_picked":["Deadly Poison","Dodge and Roll+1"],"picked":"Bullet Time","floor":23.0},{"not_picked":["Acrobatics","Blade Dance","Poisoned Stab"],"picked":"Singing Bowl","floor":25.0},{"not_picked":["Dagger Spray+1","Crippling Poison","Flying Knee+1"],"picked":"Singing Bowl","floor":28.0},{"not_picked":["Underhanded Strike","Die Die Die","Sucker Punch"],"picked":"Singing Bowl","floor":29.0},{"not_picked":["Blade Dance","Deflect"],"picked":"PiercingWail+1","floor":30.0},{"not_picked":["Prepared","Dagger Throw+1"],"picked":"Footwork","floor":31.0},{"not_picked":["Envenom","Phantasmal Killer","Grand Finale"],"picked":"Singing Bowl","floor":33.0},{"not_picked":["Sucker Punch+1","Flying Knee","Slice+1"],"picked":"Singing Bowl","floor":35.0},{"not_picked":["Distraction+1","Sucker Punch+1","Quick Slash"],"picked":"Singing Bowl","floor":36.0},{"not_picked":["Chrysalis","Good Instincts","Jack Of All Trades"],"picked":"Singing Bowl","floor":37.0},{"not_picked":["infinitespire:NeuralNetwork","infinitespire:TheBestDefense"],"picked":"infinitespire:UltimateForm","floor":38.0},{"not_picked":["Flying Knee+1","Backflip","Dodge and Roll+1"],"picked":"Singing Bowl","floor":39.0},{"not_picked":["Finisher+1","Choke","Endless Agony"],"picked":"Singing Bowl","floor":40.0},{"not_picked":["Cloak And Dagger","Caltrops+1","Poisoned Stab+1"],"picked":"Singing Bowl","floor":41.0},{"not_picked":["Backflip","Bane"],"picked":"Catalyst","floor":42.0},{"not_picked":["Finisher+1","Flechettes+1","Backflip+1"],"picked":"Singing Bowl","floor":44.0},{"not_picked":["Underhanded Strike+1","After Image"],"picked":"Crippling Poison+1","floor":46},{"not_picked":["Dagger Spray","Predator+1","Slice+1"],"picked":"Singing Bowl","floor":48}],"player_experience":800853,"relics_obtained":[{"floor":6.0,"key":"Singing Bowl"},{"floor":9.0,"key":"Bag of Preparation"},{"floor":10.0,"key":"War Paint"},{"floor":12.0,"key":"Blood Vial"},{"floor":23.0,"key":"Art of War"},{"floor":26.0,"key":"Whetstone"},{"floor":28.0,"key":"infinitespire:Satchel"},{"floor":36.0,"key":"Turnip"},{"floor":39.0,"key":"infinitespire:Joker Card"},{"floor":40.0,"key":"White Beast Statue"},{"floor":43.0,"key":"infinitespire:EmpoweringShard"},{"floor":44.0,"key":"HornCleat"},{"floor":46,"key":"Darkstone Periapt"}],"event_choices":[{"damage_healed":0.0,"max_hp_gain":0.0,"max_hp_loss":0.0,"gold_gain":99.0,"event_name":"Nest","player_choice":"Stole From Cult","floor":19.0,"gold_loss":0.0,"damage_taken":0.0},{"damage_healed":0.0,"max_hp_gain":0.0,"max_hp_loss":0.0,"gold_gain":0.0,"event_name":"Upgrade Shrine","player_choice":"Upgraded","floor":22.0,"gold_loss":0.0,"damage_taken":0.0,"cards_upgraded":["Adrenaline"]},{"damage_healed":0.0,"max_hp_gain":0.0,"max_hp_loss":0.0,"gold_gain":0.0,"event_name":"Mysterious Sphere","player_choice":"Fight","floor":36.0,"gold_loss":0.0,"damage_taken":0.0},{"damage_healed":0.0,"max_hp_gain":0.0,"max_hp_loss":0.0,"gold_gain":0.0,"event_name":"SensoryStone","player_choice":"Memory 1","floor":37.0,"gold_loss":0.0,"damage_taken":0.0},{"damage_healed":0.0,"max_hp_gain":0.0,"max_hp_loss":0.0,"gold_gain":0.0,"event_name":"MindBloom","player_choice":"Fight","floor":39.0,"gold_loss":0.0,"damage_taken":0.0},{"damage_healed":0.0,"max_hp_gain":0.0,"max_hp_loss":5.0,"gold_gain":0.0,"event_name":"Winding Halls","player_choice":"Max HP","floor":45.0,"gold_loss":0.0,"damage_taken":0.0},{"damage_healed":0,"gold_gain":0,"player_choice":"Ignored","damage_taken":0,"max_hp_gain":0,"max_hp_loss":0,"event_name":"Tomb of Lord Red Mask","floor":47,"gold_loss":0}],"is_beta":false,"boss_relics":[{"not_picked":["Ectoplasm","Coffee Dripper"],"picked":"SacredBark"},{"not_picked":["SlaversCollar","Sozu"],"picked":"HoveringKite"}],"items_purged_floors":[7],"is_endless":false,"potions_floor_spawned":[3,4,5,11,16,18,23,28,29,30,35,41,42,44,46,48],"ascension_level":1}}