{"host":"osk2oboccoevp2u5","time":1612758687,"event":{"mods":["AchievementEnabler","Alarm Clock","BaseMod","Colored Powertips","Disable Question Mark Monsters","Displayed Cursed Tome","Key Reminder","Minty Spire (QoL Compilation)","Potion Indicator Mod","Quick Restart","Rare Cards Sparkle","Reorder Act Four","StSLib","The Cursed","Useless Jewels Mod"],"gold_per_floor":[116,291,2,11,36,36,78,78,103,103,127,149,169,189,189,300,300,321,15,15,482,496,496,528,528,551,567,567,588,614,574,574,707,707,758,758,767,781,481,481,513,513,513,532,546,561,590,600,600,600],"floor_reached":51,"language":"ENG","playtime":4111,"items_purged":["Doubt","Pain","TheCursedMod:Strike_TheCursed"],"score":1109,"play_id":"d8627d8a-a5cf-430c-9339-132525773b46","local_time":"20210208003127","is_ascension_mode":true,"campfire_choices":[{"data":"TheCursedMod:CursedWand","floor":6,"key":"SMITH"},{"floor":8,"key":"REST"},{"data":"TheCursedMod:TroublousMinions","floor":10,"key":"SMITH"},{"floor":15,"key":"REST"},{"data":"TheCursedMod:ReleasedKnowledge","floor":23,"key":"SMITH"},{"data":"TheCursedMod:BlessingInDisguise","floor":25,"key":"SMITH"},{"data":"TheCursedMod:CircleOfCorruption","floor":32,"key":"SMITH"},{"data":"TheCursedMod:CleanUpWorkshop","floor":40,"key":"SMITH"},{"floor":42,"key":"REST"},{"data":"TheCursedMod:DoubleShield","floor":49,"key":"SMITH"}],"circlet_count":0,"master_deck":["AscendersBane","TheCursedMod:Strike_TheCursed+1","TheCursedMod:Strike_TheCursed+1","TheCursedMod:Strike_TheCursed+1","TheCursedMod:Defend_TheCursed+1","TheCursedMod:Defend_TheCursed+1","TheCursedMod:Defend_TheCursed+1","TheCursedMod:Defend_TheCursed+1","TheCursedMod:CursedWand+1","TheCursedMod:CleanUpWorkshop+1","TheCursedMod:Dregs","TheCursedMod:TacticalStrike+1","TheCursedMod:TacticalStrike+1","TheCursedMod:TroublousMinions+1","TheCursedMod:SmokeScreen","TheCursedMod:CursedAmulet","TheCursedMod:RavingStaff+1","TheCursedMod:BlessingInDisguise+1","TheCursedMod:AbyssShockwave+1","TheCursedMod:ReleasedKnowledge+1","TheCursedMod:CursedAmulet","TheCursedMod:SmokeScreen","TheCursedMod:HellfireBreathing","TheCursedMod:CircleOfCorruption+1","TheCursedMod:CursedShiv+1","Flash of Steel+1","Transmutation","TheCursedMod:CursedStaff+1","TheCursedMod:SpitefulStrike+1","TheCursedMod:ShockAndAwe+1","TheCursedMod:CircleOfCorruption+1","TheCursedMod:CleanUpWorkshop+1","TheCursedMod:CursedStaff+1","TheCursedMod:DoubleShield+1","HandOfGreed+1","TheCursedMod:CircleOfCorruption+1","TheCursedMod:SpitefulStrike+1"],"relics":["TheCursedMod:BlackMagic101","Membership Card","CeramicFish","WarpedTongs","Art of War","Happy Flower","Snecko Eye","Molten Egg 2","Dream Catcher","Chemical X","Gambling Chip","Centennial Puzzle","Regal Pillow","Blood Vial","Busted Crown","Whetstone","Strawberry","Pen Nib","Nunchaku"],"acts_visited":["Exordium","TheCity","TheBeyond"],"potions_floor_usage":[7,14,16,24,27,35,41,45,50,50],"damage_taken":[{"damage":0,"enemies":"Cultist","floor":1,"turns":4},{"damage":6,"enemies":"Jaw Worm","floor":5,"turns":3},{"damage":28,"enemies":"Gremlin Nob","floor":7,"turns":4},{"damage":4,"enemies":"2 Louse","floor":11,"turns":3},{"damage":9,"enemies":"Exordium Thugs","floor":12,"turns":5},{"damage":2,"enemies":"Looter","floor":13,"turns":3},{"damage":0,"enemies":"3 Louse","floor":14,"turns":1},{"damage":29,"enemies":"Hexaghost","floor":16,"turns":14},{"damage":17,"enemies":"Spheric Guardian","floor":18,"turns":4},{"damage":0,"enemies":"Shell Parasite","floor":22,"turns":5},{"damage":17,"enemies":"Gremlin Leader","floor":24,"turns":6},{"damage":10,"enemies":"Centurion and Healer","floor":27,"turns":5},{"damage":0,"enemies":"3 Cultists","floor":29,"turns":5},{"damage":8,"enemies":"Shelled Parasite and Fungi","floor":30,"turns":6},{"damage":39,"enemies":"Automaton","floor":33,"turns":11},{"damage":12,"enemies":"3 Darklings","floor":35,"turns":3},{"damage":0,"enemies":"Orb Walker","floor":38,"turns":2},{"damage":35,"enemies":"Nemesis","floor":41,"turns":5},{"damage":0,"enemies":"Spire Growth","floor":44,"turns":4},{"damage":27,"enemies":"Writhing Mass","floor":45,"turns":3},{"damage":0,"enemies":"4 Shapes","floor":46,"turns":2},{"damage":0,"enemies":"3 Darklings","floor":47,"turns":3},{"damage":0,"enemies":"Jaw Worm Horde","floor":48,"turns":3},{"damage":55,"enemies":"Time Eater","floor":50,"turns":10}],"seed_played":"-8538740051077174683","potions_obtained":[{"floor":1,"key":"DistilledChaos"},{"floor":7,"key":"SneckoOil"},{"floor":14,"key":"BlessingOfTheForge"},{"floor":16,"key":"Regen Potion"},{"floor":18,"key":"FearPotion"},{"floor":33,"key":"GamblersBrew"},{"floor":41,"key":"PowerPotion"},{"floor":44,"key":"SpeedPotion"},{"floor":46,"key":"ColorlessPotion"},{"floor":48,"key":"Ancient Potion"}],"is_trial":false,"path_per_floor":["M","?","$","?","M","R","E","R","T","R","M","M","M","M","R","B",null,"M","$","?","$","M","R","E","R","T","M","?","M","M","?","R","B",null,"M","?","?","M","$","R","E","R","T","M","M","M","M","M","R","B",null],"character_chosen":"THE_CURSED","items_purchased":["Membership Card","Explosive Potion","CeramicFish","Molten Egg 2","Dream Catcher","TheCursedMod:AbyssShockwave+1","TheCursedMod:ReleasedKnowledge","TheCursedMod:CursedAmulet","Chemical X","TheCursedMod:SmokeScreen","TheCursedMod:HellfireBreathing","Gambling Chip","Centennial Puzzle","TheCursedMod:CircleOfCorruption","TheCursedMod:CursedShiv+1","Flash of Steel+1","Transmutation","Whetstone","Strawberry","TheCursedMod:CursedStaff+1","TheCursedMod:DoubleShield","HandOfGreed+1","Block Potion"],"campfire_rested":3,"item_purchase_floors":[3,3,3,19,19,19,19,19,21,21,21,21,21,21,21,21,21,39,39,39,39,39,39],"current_hp_per_floor":[68,68,68,68,62,62,34,56,56,56,52,43,41,41,63,34,65,48,48,85,85,85,85,68,68,68,74,74,76,70,70,70,33,72,62,62,62,64,71,71,38,80,80,82,57,59,61,63,63,10],"gold":600,"neow_bonus":"UPGRADE_CARD","is_daily":false,"chose_seed":false,"campfire_upgraded":7,"win_rate":0.0,"timestamp":1612758687,"path_taken":["M","?","$","?","?","R","E","R","T","R","M","M","M","M","R","BOSS","M","$","?","?","M","R","E","R","T","M","?","M","M","?","R","BOSS","M","?","?","M","$","R","E","R","T","M","?","M","M","M","R","BOSS"],"items_purchased_type":["Relic","Potion","Relic","Relic","Relic","Card","Card","Card","Relic","Card","Card","Relic","Relic","Card","Card","Card","Card","Relic","Relic","Card","Card","Card","Potion"],"build_version":"2020-12-22","purchased_purges":3,"victory":true,"max_hp_per_floor":[75,75,75,75,75,75,75,75,75,75,75,75,75,75,75,75,75,75,75,85,85,85,85,85,85,85,85,85,85,85,85,85,85,85,85,85,85,85,92,92,92,92,92,92,92,92,92,92,92,92],"card_choices":[{"not_picked":["TheCursedMod:Evocation","TheCursedMod:CircleOfCorruption"],"picked":"TheCursedMod:TacticalStrike","floor":1},{"not_picked":["TheCursedMod:WearCloak","TheCursedMod:CursedSpellbook"],"picked":"TheCursedMod:TacticalStrike","floor":5},{"not_picked":["TheCursedMod:StunningStrike","TheCursedMod:VitalStrike"],"picked":"TheCursedMod:TroublousMinions","floor":7},{"not_picked":["TheCursedMod:AbyssShockwave","TheCursedMod:Wield"],"picked":"TheCursedMod:SmokeScreen","floor":11},{"not_picked":["TheCursedMod:Mangle","TheCursedMod:SoulReap"],"picked":"TheCursedMod:CursedAmulet","floor":12},{"not_picked":["TheCursedMod:TroublousMinions","TheCursedMod:RavingStaff","TheCursedMod:CircleOfCorruption"],"picked":"SKIP","floor":13},{"not_picked":["TheCursedMod:Stigma","TheCursedMod:CircleOfWindfury"],"picked":"TheCursedMod:RavingStaff","floor":14},{"not_picked":["TheCursedMod:StunningStrike","TheCursedMod:CursedRelics"],"picked":"TheCursedMod:VoidForm","floor":16},{"not_picked":["TheCursedMod:AshesToAshes","TheCursedMod:CircleOfFocus"],"picked":"TheCursedMod:BlessingInDisguise","floor":18},{"not_picked":["TheCursedMod:ReleasedStrength","TheCursedMod:Mangle+1","TheCursedMod:CircleOfFocus"],"picked":"SKIP","floor":22},{"not_picked":["TheCursedMod:RapidMovement","TheCursedMod:SmokeScreen+1","TheCursedMod:CursedBlade+1"],"picked":"SKIP","floor":24},{"not_picked":["TheCursedMod:VitalStrike+1","TheCursedMod:SurpriseAttack+1","TheCursedMod:Wield+1"],"picked":"SKIP","floor":27},{"not_picked":["TheCursedMod:TroublousMinions","TheCursedMod:CursedBlade+1"],"picked":"TheCursedMod:CursedStaff+1","floor":29},{"not_picked":["TheCursedMod:SmokeScreen","TheCursedMod:CursedArmor"],"picked":"TheCursedMod:SpitefulStrike+1","floor":30},{"not_picked":["TheCursedMod:DemonicPact","TheCursedMod:ForbiddenAlchemy"],"picked":"TheCursedMod:ShockAndAwe+1","floor":33},{"not_picked":[],"picked":"TheCursedMod:CircleOfCorruption+1","floor":35},{"not_picked":["TheCursedMod:FleshFromBone"],"picked":"SKIP","floor":38},{"not_picked":["TheCursedMod:FleshFromBone"],"picked":"SKIP","floor":38},{"not_picked":["TheCursedMod:PrepareRite+1"],"picked":"SKIP","floor":41},{"not_picked":[],"picked":"TheCursedMod:CircleOfCorruption+1","floor":44},{"not_picked":["TheCursedMod:DoubleShield+1"],"picked":"SKIP","floor":45},{"not_picked":["TheCursedMod:Hemoplague+1"],"picked":"SKIP","floor":46},{"not_picked":[],"picked":"TheCursedMod:SpitefulStrike+1","floor":47},{"not_picked":["TheCursedMod:Obscuration+1"],"picked":"SKIP","floor":48}],"player_experience":1033996,"relics_obtained":[{"floor":7,"key":"Art of War"},{"floor":9,"key":"Happy Flower"},{"floor":24,"key":"Regal Pillow"},{"floor":26,"key":"Blood Vial"},{"floor":41,"key":"Pen Nib"},{"floor":43,"key":"Nunchaku"}],"event_choices":[{"damage_healed":0,"gold_gain":175,"player_choice":"AGREE","damage_taken":0,"max_hp_gain":0,"max_hp_loss":0,"event_name":"Liars Game","floor":2,"gold_loss":0,"cards_obtained":["Doubt"]},{"damage_healed":0,"gold_gain":0,"player_choice":"Rummage","damage_taken":0,"relics_obtained":["WarpedTongs"],"max_hp_gain":0,"max_hp_loss":0,"event_name":"Accursed Blacksmith","floor":4,"gold_loss":0,"cards_obtained":["Pain"]},{"cards_removed":["TheCursedMod:VoidForm"],"damage_healed":27,"gold_gain":0,"player_choice":"Offered Rare","damage_taken":0,"max_hp_gain":10,"max_hp_loss":0,"event_name":"Bonfire Elementals","floor":20,"gold_loss":0},{"damage_healed":0,"gold_gain":0,"player_choice":"Simplicity","damage_taken":0,"max_hp_gain":0,"max_hp_loss":0,"event_name":"Back to Basics","floor":28,"gold_loss":0,"cards_upgraded":["TheCursedMod:Strike_TheCursed","TheCursedMod:Strike_TheCursed","TheCursedMod:Strike_TheCursed","TheCursedMod:Defend_TheCursed","TheCursedMod:Defend_TheCursed","TheCursedMod:Defend_TheCursed","TheCursedMod:Defend_TheCursed"]},{"damage_healed":0,"gold_gain":0,"player_choice":"Upgrade","damage_taken":0,"max_hp_gain":0,"max_hp_loss":0,"event_name":"Designer","floor":31,"gold_loss":40,"cards_upgraded":["TheCursedMod:RavingStaff"]},{"damage_healed":0,"gold_gain":0,"player_choice":"Ignored","damage_taken":0,"max_hp_gain":0,"max_hp_loss":0,"event_name":"Tomb of Lord Red Mask","floor":36,"gold_loss":0},{"damage_healed":0,"gold_gain":0,"player_choice":"1 cards matched","damage_taken":0,"max_hp_gain":0,"max_hp_loss":0,"event_name":"Match and Keep!","floor":37,"gold_loss":0,"cards_obtained":["TheCursedMod:CleanUpWorkshop"]}],"is_beta":false,"boss_relics":[{"not_picked":["Cursed Key","SacredBark"],"picked":"Snecko Eye"},{"not_picked":["Empty Cage","Tiny House"],"picked":"Busted Crown"}],"items_purged_floors":[3,19,21],"is_endless":false,"potions_floor_spawned":[1,7,14,16,18,22,33,41,44,46,48],"ascension_level":11}}