{"host":"pletss163z7s8pvv","time":1612765340,"event":{"mods":["AchievementEnabler","BaseMod","Better Altar","Better Match","Better Note","Better Sensory Stone","Better Skull","Better Third Choice","BetterRewards","CapriCore","ChefMod","Colored Map","Colored Powertips","Conspire","Energized Spire","Evolution","GifTheSpireLib","Hermit","Ironclad Rager","Jedi Mod","Marked Mod","Minty Spire (QoL Compilation)","Retaliation","Spicy Shops","StS++","StSLib","The Alterego","The Blue Laboratory","The Cursed","The Disciple","The Forsaken"],"gold_per_floor":[110,129,129,129,129,129,129,129,154,167,21,39,99,99,99,99,99,99,99,99,99,99,99,99,45,45,45,45,45,45,11,11,11,11],"floor_reached":33,"language":"ENG","playtime":870,"items_purged":["Shame"],"score":410,"play_id":"c32204a8-13b4-411c-9263-31a191fd6689","local_time":"20210208002220","is_ascension_mode":false,"campfire_choices":[{"floor":6,"key":"RECALL"},{"data":"Poisoned Stab","floor":8,"key":"SMITH"},{"floor":15,"key":"REST"},{"floor":23,"key":"REST"},{"floor":28,"key":"REST"},{"floor":32,"key":"REST"}],"circlet_count":0,"master_deck":["Poisoned Stab+1","Poisoned Stab","Poisoned Stab","Poisoned Stab","Poisoned Stab","Backflip","Backflip","Backflip","Backflip","Backflip","Survivor","Neutralize","Prepared","Bane","Burn","jedi:unstablefumes","jedi:poisonivy","Noxious Fumes","Bane","StSpp:FiercePoison","Dagger Spray","Caltrops","Dagger Spray","Bouncing Flask","jedi:rejectivetoxin","Quick Slash","Acrobatics","Outmaneuver","Dodge and Roll","PiercingWail","Setup+1","Acrobatics","Sucker Punch+1","Slice","Bane","jedi:collectorvenom","jedi:pocketpoison+1","theForsaken:DesperatePlea","Bane","jedi:pocketpoison","Venomology","Slice","StSpp:TimeParadox+1","Terror+1","Catalyst+1","Footwork","Escape Plan+1","Finisher"],"relics":["Ring of the Snake","EVO:Axolotl","jedi:rubbersling","Happy Flower","jedi:shrinkray","jedi:ominousloannote","Orrery","jedi:HeartOfTheCards","energizedSpire:StickyHand","Juzu Bracelet","StSpp:ChessPiece","Blood Vial"],"acts_visited":["Exordium","TheCity"],"potions_floor_usage":[21,27,27,33,33,33],"damage_taken":[{"damage":0,"enemies":"Small Slimes","floor":1,"turns":2},{"damage":1,"enemies":"conspire:RoseBush","floor":2,"turns":2},{"damage":6,"enemies":"2 Louse","floor":10,"turns":2},{"damage":10,"enemies":"Looter","floor":12,"turns":2},{"damage":16,"enemies":"Gremlin Nob","floor":14,"turns":3},{"damage":49,"enemies":"Hexaghost","floor":16,"turns":6},{"damage":2,"enemies":"Spheric Guardian","floor":18,"turns":2},{"damage":14,"enemies":"Shell Parasite","floor":19,"turns":3},{"damage":46,"enemies":"Centurion and Healer","floor":20,"turns":4},{"damage":16,"enemies":"Snecko","floor":21,"turns":4},{"damage":20,"enemies":"Slavers","floor":24,"turns":3},{"damage":0,"enemies":"conspire:SneckoGhost","floor":27,"turns":2},{"damage":5,"enemies":"conspire:HollyBat","floor":29,"turns":7},{"damage":18,"enemies":"Centurion and Healer","floor":30,"turns":4},{"damage":48,"enemies":"Champ","floor":33,"turns":5}],"seed_played":"-1063293176759756522","potions_obtained":[{"floor":12,"key":"PowerPotion"},{"floor":16,"key":"Swift Potion"},{"floor":21,"key":"AttackPotion"},{"floor":24,"key":"Explosive Potion"},{"floor":27,"key":"Fruit Juice"}],"is_trial":false,"path_per_floor":["M","M","?","?","$","R","T","R","T","M","$","M","$","E","R","B",null,"M","M","M","M","?","R","E","$","T","E","R","M","M","$","R","B"],"character_chosen":"THE_SILENT","items_purchased":["jedi:shrinkray","jedi:ominousloannote","Noxious Fumes","Orrery","Slice","Finisher"],"campfire_rested":4,"item_purchase_floors":[11,13,13,13,25,31],"current_hp_per_floor":[79,78,78,78,78,78,78,78,78,72,72,62,62,46,69,20,79,77,63,17,1,1,24,4,4,4,9,34,31,15,15,40,0,0],"gold":11,"neow_bonus":"RANDOM_COMMON_RELIC","is_daily":false,"chose_seed":false,"campfire_upgraded":1,"win_rate":0.0,"timestamp":1612765340,"path_taken":["M","M","?","?","?","R","?","R","T","M","$","M","?","E","R","BOSS","M","?","M","M","?","R","E","$","T","E","R","M","M","$","R","BOSS"],"items_purchased_type":["Relic","Relic","Card","Relic","Card","Card"],"build_version":"2020-12-22","purchased_purges":1,"victory":false,"max_hp_per_floor":[79,79,79,79,79,79,79,79,79,79,79,79,79,79,79,79,79,79,79,79,79,79,79,79,79,79,84,84,84,84,84,84,84,84],"card_choices":[{"not_picked":["Tactician","Slice"],"picked":"Prepared","floor":1},{"not_picked":["Setup","StSpp:TimeParadox"],"picked":"Bane","floor":2},{"not_picked":["Dodge and Roll","Cloak And Dagger"],"picked":"jedi:unstablefumes","floor":10},{"not_picked":["Expertise","StSpp:TimeParadox"],"picked":"jedi:poisonivy","floor":12},{"not_picked":["Tactician","Dagger Spray"],"picked":"Bane","floor":13},{"not_picked":["Eviscerate","Dagger Spray"],"picked":"StSpp:FiercePoison","floor":13},{"not_picked":["Reflex","Well Laid Plans"],"picked":"Dagger Spray","floor":13},{"not_picked":["StSpp:Anticipation","Quick Slash"],"picked":"Caltrops","floor":13},{"not_picked":["Deflect","Sucker Punch"],"picked":"Dagger Spray","floor":13},{"not_picked":["Eviscerate","StSpp:ChainedTrap"],"picked":"Bouncing Flask","floor":14},{"not_picked":["StSpp:SwitchWeapon","Glass Knife"],"picked":"jedi:rejectivetoxin","floor":16},{"not_picked":["Acrobatics","Outmaneuver"],"picked":"Quick Slash","floor":18},{"not_picked":["Dodge and Roll","PiercingWail"],"picked":"Setup+1","floor":19},{"not_picked":["Acrobatics","Slice"],"picked":"Sucker Punch+1","floor":20},{"not_picked":["Bane","jedi:collectorvenom"],"picked":"jedi:pocketpoison+1","floor":21},{"not_picked":["Bane","jedi:pocketpoison"],"picked":"Venomology","floor":24},{"not_picked":["StSpp:TimeParadox+1","Terror+1"],"picked":"jedi:collectorvenom","floor":27},{"not_picked":["Footwork","jedi:collectorvenom"],"picked":"Catalyst+1","floor":29},{"not_picked":["jedi:collectorvenom","Escape Plan+1"],"picked":"jedi:collectorvenom","floor":30}],"player_experience":508535,"relics_obtained":[{"floor":9,"key":"Happy Flower"},{"floor":14,"key":"jedi:HeartOfTheCards"},{"floor":24,"key":"Juzu Bracelet"},{"floor":26,"key":"StSpp:ChessPiece"},{"floor":27,"key":"Blood Vial"}],"event_choices":[{"damage_healed":78,"gold_gain":0,"player_choice":"Embrace Burn","damage_taken":0,"max_hp_gain":0,"max_hp_loss":79,"event_name":"betterThird:BetterShining","floor":3,"gold_loss":0},{"cards_removed":["jedi:rejectivetoxin"],"damage_healed":0,"gold_gain":0,"player_choice":"Take \u0026 Give","damage_taken":0,"max_hp_gain":0,"max_hp_loss":0,"event_name":"betterNote:BetterNote","floor":22,"gold_loss":0,"cards_obtained":["theForsaken:DesperatePlea"]}],"is_beta":false,"boss_relics":[{"not_picked":["Runic Dome","StSpp:Magatama"],"picked":"energizedSpire:StickyHand"}],"items_purged_floors":[13],"is_endless":false,"potions_floor_spawned":[12,16,21,24,27,29],"killed_by":"Champ","ascension_level":0}}