{"host":"9d9dhukr2jywmy0f","time":1612752714,"event":{"mods":["2.2 Compatiblity","Alarm Clock","BaseMod","Bestiary","Block Reminder","Colored Map","Colored Powertips","Curses Come First","DeckTracker","GifTheSpireLib","Highlight Path","Key Reminder","Minty Spire (QoL Compilation)","Quick Restart","Rare Cards Sparkle","Relic Sorter","Relic Stats","Spire Birthday Party","StSLib","Stuff the Spire","SuperFastMode","Synergy Search","Unceasing Turn Reminder","Unknown Chances"],"gold_per_floor":[113,27,27,27,41,41,75,75,123,140,140,65,95,95,95,168,168,187,187,212,212,212,212,245,245,291,310,310,345,359,388,388,461,461,461,461],"floor_reached":35,"language":"ZHS","playtime":2565,"items_purged":[],"score":984,"play_id":"44007dca-9b80-43c5-a318-549dd1752864","local_time":"20210208105154","is_ascension_mode":true,"campfire_choices":[{"data":"Perfected Strike","floor":6.0,"key":"SMITH"},{"data":"Armaments","floor":11.0,"key":"SMITH"},{"data":"Fire Breathing","floor":15.0,"key":"SMITH"},{"data":"StuffTheSpire:Innocence","floor":23.0,"key":"SMITH"},{"data":"StuffTheSpire:CelestialWarden","floor":25.0,"key":"SMITH"},{"floor":28.0,"key":"RECALL"},{"data":"Disarm","floor":32.0,"key":"SMITH"}],"circlet_count":0,"master_deck":["AscendersBane","Strike_R","Strike_R+1","Strike_R","Strike_R","Defend_R","Defend_R","Defend_R","Bash","Disarm+1","Perfected Strike+1","Pommel Strike","Fire Breathing+1","Armaments+1","StuffTheSpire:Innocence+1","Disarm","StuffTheSpire:CelestialWarden+1","Impervious","Entrench","Entrench","Flame Barrier","Pommel Strike+1","Pommel Strike","Feed","Exhume","Shrug It Off"],"relics":["Burning Blood","NeowsBlessing","StuffTheSpire:NeowsTribute","Snecko Eye","StuffTheSpire:OldFever","MealTicket","StuffTheSpire:Mouthbags","Whetstone","Frozen Egg 2","StuffTheSpire:RunicConfusion"],"acts_visited":["Exordium","TheCity","TheBeyond"],"potions_floor_usage":[],"damage_taken":[{"damage":0.0,"enemies":"2 Louse","floor":1.0,"turns":1.0},{"damage":0.0,"enemies":"Small Slimes","floor":5.0,"turns":1.0},{"damage":0.0,"enemies":"Gremlin Nob","floor":7.0,"turns":1.0},{"damage":0.0,"enemies":"Jaw Worm","floor":10.0,"turns":3.0},{"damage":39.0,"enemies":"Lagavulin","floor":13.0,"turns":8.0},{"damage":9.0,"enemies":"Hexaghost","floor":16.0,"turns":10.0},{"damage":7.0,"enemies":"3 Byrds","floor":18.0,"turns":9.0},{"damage":1.0,"enemies":"Gremlin Leader","floor":24.0,"turns":8.0},{"damage":7.0,"enemies":"Shell Parasite","floor":27.0,"turns":7.0},{"damage":0.0,"enemies":"Slavers","floor":29.0,"turns":4.0},{"damage":0.0,"enemies":"Centurion and Healer","floor":30.0,"turns":7.0},{"damage":0.0,"enemies":"Gremlin Leader","floor":31.0,"turns":5.0},{"damage":31.0,"enemies":"Champ","floor":33.0,"turns":16.0},{"damage":0,"enemies":"3 Darklings","floor":35,"turns":1}],"seed_played":"6728795199481996676","potions_obtained":[{"floor":1.0,"key":"Swift Potion"},{"floor":7.0,"key":"Swift Potion"},{"floor":10.0,"key":"LiquidMemories"},{"floor":29.0,"key":"GamblersBrew"},{"floor":30.0,"key":"Block Potion"},{"floor":33.0,"key":"SpeedPotion"}],"is_trial":false,"path_per_floor":["M","$","?","?","M","R","E","?","T","M","R","?","E","?","R","B",null,"M","?","T","?","?","R","E","R","T","M","R","E","M","E","R","B",null,"M"],"character_chosen":"IRONCLAD","items_purchased":["Perfected Strike","Pommel Strike"],"campfire_rested":0,"item_purchase_floors":[2,2],"current_hp_per_floor":[74,74,67,72,78,78,80,70,70,76,76,76,43,43,43,40,70,69,69,69,69,69,69,74,74,74,73,73,79,80,80,80,59,78,78,78],"gold":461,"neow_bonus":"THREE_ENEMY_KILL","is_daily":false,"chose_seed":false,"campfire_upgraded":6,"win_rate":0.0,"timestamp":1612752714,"path_taken":["M","$","?","?","M","R","E","?","T","M","R","?","E","?","R","BOSS","M","?","?","?","?","R","E","R","T","M","R","E","M","E","R","BOSS","M"],"items_purchased_type":["Card","Card"],"build_version":"2020-12-22","purchased_purges":0,"victory":false,"max_hp_per_floor":[75,75,75,80,80,80,80,80,80,80,80,80,80,80,80,80,80,80,80,80,80,80,80,80,80,80,80,80,80,80,80,80,84,84,84,84],"relic_stats":{"counters":[14,81],"Snecko Eye":[106,121,121,106],"MealTicket":0,"Whetstone":["Strike_R","Pommel Strike"],"obtain_stats":[{"keyreminder:keyreminder":9,"StuffTheSpire:RunicConfusion":34,"NeowsBlessing":0,"StuffTheSpire:Mouthbags":26,"Snecko Eye":17,"MealTicket":24,"Whetstone":29,"Frozen Egg 2":31,"Ancient Tea Set":7,"Burning Blood":0,"StuffTheSpire:NeowsTribute":13,"StuffTheSpire:OldFever":20},{"keyreminder:keyreminder":3,"StuffTheSpire:RunicConfusion":13,"NeowsBlessing":0,"StuffTheSpire:Mouthbags":8,"Snecko Eye":6,"MealTicket":8,"Whetstone":10,"Frozen Egg 2":12,"Ancient Tea Set":3,"Burning Blood":0,"StuffTheSpire:NeowsTribute":5,"StuffTheSpire:OldFever":7},{"keyreminder:keyreminder":3,"StuffTheSpire:RunicConfusion":80,"NeowsBlessing":0,"StuffTheSpire:Mouthbags":41,"Snecko Eye":24,"MealTicket":41,"Whetstone":52,"Frozen Egg 2":64,"Ancient Tea Set":3,"Burning Blood":0,"StuffTheSpire:NeowsTribute":14,"StuffTheSpire:OldFever":33}],"Burning Blood":63},"card_choices":[{"not_picked":["Thunderclap","Seeing Red"],"picked":"Disarm","floor":1.0},{"not_picked":["Inflame","StuffTheSpire:Slingshot"],"picked":"Fire Breathing","floor":5.0},{"not_picked":["Pummel","Sword Boomerang"],"picked":"Armaments","floor":7.0},{"not_picked":["Iron Wave","Rage"],"picked":"Disarm","floor":10.0},{"not_picked":["StuffTheSpire:RagingBull","Body Slam"],"picked":"Shrug It Off","floor":13.0},{"not_picked":["StuffTheSpire:Ambrosia","StuffTheSpire:Harmony"],"picked":"StuffTheSpire:CelestialWarden","floor":14.0},{"not_picked":["Juggernaut","Reaper"],"picked":"Impervious","floor":16.0},{"not_picked":["Fire Breathing","Thunderclap","Sentinel"],"picked":"SKIP","floor":18.0},{"not_picked":["Clash","Clothesline"],"picked":"Flame Barrier","floor":24.0},{"not_picked":["Entrench","Pummel+1","Clash"],"picked":"SKIP","floor":27.0},{"not_picked":["Heavy Blade","Warcry+1"],"picked":"Pommel Strike","floor":29.0},{"not_picked":["Havoc","Iron Wave"],"picked":"Pommel Strike","floor":30.0},{"not_picked":["Infernal Blade","Clothesline+1"],"picked":"Feed","floor":31.0},{"not_picked":["Reaper","Bludgeon"],"picked":"Exhume","floor":33.0}],"player_experience":889587,"relics_obtained":[{"floor":7.0,"key":"Ancient Tea Set"},{"floor":13.0,"key":"StuffTheSpire:NeowsTribute"},{"floor":20.0,"key":"StuffTheSpire:OldFever"},{"floor":24.0,"key":"MealTicket"},{"floor":26.0,"key":"StuffTheSpire:Mouthbags"},{"floor":29.0,"key":"Whetstone"},{"floor":31.0,"key":"Frozen Egg 2"}],"event_choices":[{"cards_removed":["Strike_R"],"damage_healed":0.0,"max_hp_gain":0.0,"max_hp_loss":0.0,"gold_gain":0.0,"event_name":"Golden Wing","player_choice":"Card Removal","floor":3.0,"gold_loss":0.0,"damage_taken":7.0},{"damage_healed":0.0,"max_hp_gain":5.0,"max_hp_loss":0.0,"gold_gain":0.0,"event_name":"Big Fish","player_choice":"Donut","floor":4.0,"gold_loss":0.0,"damage_taken":0.0},{"cards_removed":["Defend_R"],"damage_healed":0.0,"max_hp_gain":0.0,"max_hp_loss":0.0,"gold_gain":0.0,"event_name":"The Cleric","player_choice":"Card Removal","floor":12.0,"gold_loss":75.0,"damage_taken":0.0},{"damage_healed":0.0,"max_hp_gain":0.0,"max_hp_loss":0.0,"gold_gain":0.0,"event_name":"The Mausoleum","player_choice":"Ignored","floor":19.0,"gold_loss":0.0,"damage_taken":0.0},{"damage_healed":0.0,"max_hp_gain":0.0,"max_hp_loss":0.0,"gold_gain":0.0,"event_name":"The Library","player_choice":"Read","floor":21.0,"gold_loss":0.0,"damage_taken":0.0,"cards_obtained":["Entrench"]},{"damage_healed":0.0,"max_hp_gain":0.0,"max_hp_loss":0.0,"gold_gain":0.0,"event_name":"Duplicator","player_choice":"Copied","floor":22.0,"gold_loss":0.0,"damage_taken":0.0,"cards_obtained":["Entrench"]}],"is_beta":false,"boss_relics":[{"not_picked":["Velvet Choker","Philosopher\u0027s Stone"],"picked":"Snecko Eye"},{"not_picked":["Tiny House","Black Star"],"picked":"StuffTheSpire:RunicConfusion"}],"items_purged_floors":[],"is_endless":false,"potions_floor_spawned":[1,7,10,16,18,29,30,33],"killed_by":"3 Darklings","ascension_level":20}}