{"host":"msfr2axb1w9025n0","time":1612781388,"event":{"mods":["BaseMod","Bestiary","Block Reminder","Colored Map","DeckTracker","Minty Spire (QoL Compilation)","Relic Stats","Weighted Paths"],"gold_per_floor":[115,129,54,68,87,87,115,115,115,150,162,193,204,204,204,301,301,317,317,317,242,265,265,294,309,333,333,333,361,393,405,417,526,538,592,604,628,690,153,153,153],"floor_reached":40,"language":"ENG","playtime":1585,"items_purged":["Writhe","Defend_P"],"score":610,"play_id":"ef9a0240-ea32-4766-a130-46b78c58fec5","local_time":"20210208174948","is_ascension_mode":true,"campfire_choices":[{"data":"Eruption","floor":6.0,"key":"SMITH"},{"data":"Prostrate","floor":8.0,"key":"SMITH"},{"floor":15.0,"key":"REST"},{"data":"Prostrate","floor":23.0,"key":"SMITH"},{"data":"Prostrate","floor":27.0,"key":"SMITH"},{"floor":32,"key":"REST"}],"circlet_count":0,"master_deck":["Defend_P","Defend_P","Eruption+1","Vigilance","TalkToTheHand","FlyingSleeves","Consecrate","Prostrate+1","FollowUp","SashWhip","Protect","Protect","Prostrate+1","SandsOfTime","Prostrate+1","Prostrate","Tantrum+1","Brilliance","Crescendo","Pray+1","Bite","Bite+1","Bite","Bite","Bite","BowlingBash","SandsOfTime","BattleHymn","Wish","TalkToTheHand"],"relics":["PureWater","Prayer Wheel","Dream Catcher","Happy Flower","Eternal Feather","Tiny Chest","SlaversCollar","Yang","Nunchaku","Pen Nib","Whetstone","MawBank","Runic Pyramid","Letter Opener","Pocketwatch","Calipers","Lee\u0027s Waffle"],"acts_visited":["Exordium","TheCity","TheBeyond"],"potions_floor_usage":[37],"damage_taken":[{"damage":0.0,"enemies":"Cultist","floor":1.0,"turns":3.0},{"damage":1.0,"enemies":"2 Louse","floor":2.0,"turns":2.0},{"damage":1.0,"enemies":"Jaw Worm","floor":4.0,"turns":3.0},{"damage":0.0,"enemies":"Blue Slaver","floor":5.0,"turns":4.0},{"damage":11.0,"enemies":"Gremlin Nob","floor":7.0,"turns":4.0},{"damage":12.0,"enemies":"Lagavulin","floor":10.0,"turns":8.0},{"damage":0.0,"enemies":"Large Slime","floor":11.0,"turns":4.0},{"damage":5.0,"enemies":"Gremlin Nob","floor":12.0,"turns":3.0},{"damage":5.0,"enemies":"3 Louse","floor":13.0,"turns":2.0},{"damage":6.0,"enemies":"The Guardian","floor":16.0,"turns":10.0},{"damage":1.0,"enemies":"Shell Parasite","floor":18.0,"turns":5.0},{"damage":19.0,"enemies":"Book of Stabbing","floor":24.0,"turns":5.0},{"damage":10.0,"enemies":"Spheric Guardian","floor":25.0,"turns":4.0},{"damage":48.0,"enemies":"Slavers","floor":29.0,"turns":5.0},{"damage":11,"enemies":"Shelled Parasite and Fungi","floor":30,"turns":4},{"damage":58,"enemies":"Automaton","floor":33,"turns":8},{"damage":39,"enemies":"3 Shapes","floor":35,"turns":4},{"damage":0,"enemies":"Orb Walker","floor":37,"turns":3},{"damage":12,"enemies":"Mind Bloom Boss Battle","floor":38,"turns":4},{"damage":104,"enemies":"Reptomancer","floor":40,"turns":3}],"seed_played":"-3471048878047558012","potions_obtained":[{"floor":1.0,"key":"ColorlessPotion"},{"floor":4.0,"key":"Swift Potion"},{"floor":7.0,"key":"Fire Potion"},{"floor":10.0,"key":"SkillPotion"},{"floor":12.0,"key":"Energy Potion"},{"floor":24.0,"key":"FearPotion"},{"floor":30,"key":"Explosive Potion"},{"floor":33,"key":"LiquidMemories"},{"floor":37,"key":"AttackPotion"}],"is_trial":false,"path_per_floor":["M","M","$","M","M","R","E","R","T","E","M","E","M","?","R","B",null,"M","?","?","?","T","R","E","M","T","R","?","E","M","$","R","B",null,"M","T","M","?","$","E"],"character_chosen":"WATCHER","items_purchased":["Calipers","Lee\u0027s Waffle"],"campfire_rested":2,"item_purchase_floors":[39,39],"current_hp_per_floor":[72,71,71,70,70,70,59,59,59,47,47,42,39,6,39,35,72,71,71,71,71,71,72,57,55,55,70,70,33,26,26,62,20,72,40,40,47,41,79,0,0],"gold":153,"neow_bonus":"ONE_RARE_RELIC","is_daily":false,"chose_seed":false,"campfire_upgraded":4,"win_rate":0.0,"timestamp":1612781388,"path_taken":["M","M","$","M","M","R","E","R","T","E","?","E","M","?","R","BOSS","M","?","?","?","?","R","E","M","T","R","?","E","?","?","R","BOSS","M","?","M","?","$","E"],"items_purchased_type":["Relic","Relic"],"build_version":"2020-12-22","purchased_purges":2,"victory":false,"max_hp_per_floor":[72,72,72,72,72,72,72,72,72,72,72,72,72,72,72,72,72,72,72,72,72,72,72,72,72,72,72,72,72,72,72,72,72,72,72,72,72,72,79,79,79],"relic_stats":{"Lee\u0027s Waffle":38,"Happy Flower":[24],"counters":[20,88],"Eternal Feather":43,"Yang":[93],"Pen Nib":[8],"Whetstone":["Tantrum","Bite"],"Letter Opener":[45],"MawBank":120,"Dream Catcher":2,"Nunchaku":[9],"Prayer Wheel":11,"Tiny Chest":2,"obtain_stats":[{"Lee\u0027s Waffle":39,"Calipers":39,"Happy Flower":9,"Eternal Feather":10,"Yang":20,"Pen Nib":24,"Whetstone":26,"Letter Opener":36,"MawBank":29,"Blood Vial":12,"SlaversCollar":17,"Dream Catcher":7,"Nunchaku":22,"Prayer Wheel":0,"Tiny Chest":14,"PureWater":0,"Runic Pyramid":34,"Pocketwatch":38},{"Lee\u0027s Waffle":19,"Calipers":19,"Happy Flower":5,"Eternal Feather":6,"Yang":11,"Pen Nib":12,"Whetstone":13,"Letter Opener":17,"MawBank":14,"Blood Vial":8,"SlaversCollar":10,"Dream Catcher":5,"Nunchaku":11,"Prayer Wheel":0,"Tiny Chest":9,"PureWater":0,"Runic Pyramid":16,"Pocketwatch":19},{"Lee\u0027s Waffle":85,"Calipers":85,"Happy Flower":16,"Eternal Feather":24,"Yang":48,"Pen Nib":53,"Whetstone":57,"Letter Opener":78,"MawBank":62,"Blood Vial":31,"SlaversCollar":43,"Dream Catcher":16,"Nunchaku":48,"Prayer Wheel":0,"Tiny Chest":33,"PureWater":0,"Runic Pyramid":74,"Pocketwatch":85}],"Pocketwatch":[2]},"card_choices":[{"not_picked":["InnerPeace","EmptyBody"],"picked":"TalkToTheHand","floor":1.0},{"not_picked":["EmptyFist","Wallop"],"picked":"FlyingSleeves","floor":1.0},{"not_picked":["Fasting2","EmptyBody"],"picked":"Consecrate","floor":2.0},{"not_picked":["SashWhip","Study"],"picked":"Prostrate","floor":2.0},{"not_picked":["JustLucky","Perseverance"],"picked":"FollowUp","floor":4.0},{"not_picked":["ThirdEye","CrushJoints"],"picked":"SashWhip","floor":4.0},{"not_picked":["FollowUp","CrushJoints"],"picked":"Protect","floor":5.0},{"not_picked":["Evaluate","DeusExMachina"],"picked":"Protect","floor":5.0},{"not_picked":["SashWhip","Protect"],"picked":"Prostrate","floor":7.0},{"not_picked":["FlurryOfBlows","WreathOfFlame","Wireheading"],"picked":"SKIP","floor":10.0},{"not_picked":["Tantrum","FlyingSleeves"],"picked":"SandsOfTime","floor":11.0},{"not_picked":["Wireheading","Weave","SashWhip"],"picked":"SKIP","floor":11.0},{"not_picked":["WheelKick","CrushJoints","LikeWater"],"picked":"SKIP","floor":12.0},{"not_picked":["DeceiveReality","FlyingSleeves"],"picked":"Prostrate","floor":13.0},{"not_picked":["TalkToTheHand","Halt"],"picked":"Prostrate","floor":13.0},{"not_picked":["SashWhip","Crescendo"],"picked":"Tantrum","floor":15.0},{"not_picked":["LessonLearned","ConjureBlade"],"picked":"Brilliance","floor":16.0},{"not_picked":["SashWhip","ClearTheMind"],"picked":"Crescendo","floor":18.0},{"not_picked":["BowlingBash","Halt"],"picked":"Pray+1","floor":18.0},{"not_picked":["Prostrate","FlurryOfBlows+1","ThirdEye"],"picked":"SKIP","floor":24.0},{"not_picked":["WreathOfFlame+1","Consecrate"],"picked":"BowlingBash","floor":25.0},{"not_picked":["Scrawl","EmptyBody","ClearTheMind+1"],"picked":"SKIP","floor":25.0},{"not_picked":["FlyingSleeves","Crescendo","Vengeance+1"],"picked":"SKIP","floor":29.0},{"not_picked":["TalkToTheHand","Evaluate"],"picked":"SandsOfTime","floor":30},{"not_picked":["FollowUp","Crescendo+1","Halt"],"picked":"SKIP","floor":30},{"not_picked":["WaveOfTheHand+1","FlyingSleeves"],"picked":"BattleHymn","floor":32},{"not_picked":["SpiritShield","Omniscience"],"picked":"Wish","floor":33},{"not_picked":["PathToVictory+1","EmptyFist","SashWhip+1"],"picked":"SKIP","floor":35},{"not_picked":["SandsOfTime+1","SignatureMove+1","FlurryOfBlows"],"picked":"SKIP","floor":35},{"not_picked":["Protect+1","BattleHymn"],"picked":"TalkToTheHand","floor":37},{"not_picked":["ClearTheMind","CutThroughFate+1","EmptyBody+1"],"picked":"SKIP","floor":37}],"player_experience":297139,"relics_obtained":[{"floor":7.0,"key":"Dream Catcher"},{"floor":9.0,"key":"Happy Flower"},{"floor":10.0,"key":"Eternal Feather"},{"floor":12.0,"key":"Blood Vial"},{"floor":22.0,"key":"Nunchaku"},{"floor":24.0,"key":"Pen Nib"},{"floor":26.0,"key":"Whetstone"},{"floor":29.0,"key":"MawBank"},{"floor":36,"key":"Letter Opener"},{"floor":38,"key":"Pocketwatch"}],"event_choices":[{"damage_healed":0.0,"max_hp_gain":0.0,"max_hp_loss":0.0,"gold_gain":0.0,"event_name":"Scrap Ooze","player_choice":"Success","floor":14.0,"gold_loss":0.0,"damage_taken":33.0,"relics_obtained":["Tiny Chest"]},{"damage_healed":0.0,"max_hp_gain":0.0,"max_hp_loss":0.0,"gold_gain":0.0,"event_name":"Vampires","player_choice":"Became a vampire (Vial)","floor":19.0,"relics_lost":["Blood Vial"],"gold_loss":0.0,"damage_taken":0.0,"cards_obtained":["Bite","Bite","Bite","Bite","Bite"]},{"damage_healed":0.0,"max_hp_gain":0.0,"max_hp_loss":0.0,"gold_gain":0.0,"event_name":"The Mausoleum","player_choice":"Opened","floor":20.0,"gold_loss":0.0,"damage_taken":0.0,"relics_obtained":["Yang"],"cards_obtained":["Writhe"]},{"cards_removed":["Writhe"],"damage_healed":0.0,"max_hp_gain":0.0,"max_hp_loss":0.0,"gold_gain":0.0,"event_name":"Beggar","player_choice":"Gave Gold","floor":21.0,"gold_loss":75.0,"damage_taken":0.0},{"cards_removed":["Defend_P"],"damage_healed":0.0,"max_hp_gain":0.0,"max_hp_loss":0.0,"gold_gain":0.0,"event_name":"Bonfire Elementals","player_choice":"Offered Basic","floor":28.0,"gold_loss":0.0,"damage_taken":0.0},{"damage_healed":0,"gold_gain":0,"player_choice":"Fight","damage_taken":0,"max_hp_gain":0,"max_hp_loss":0,"event_name":"MindBloom","floor":38,"gold_loss":0}],"is_beta":false,"boss_relics":[{"not_picked":["Tiny House","Snecko Eye"],"picked":"SlaversCollar"},{"not_picked":["Coffee Dripper","Fusion Hammer"],"picked":"Runic Pyramid"}],"items_purged_floors":[3,39],"is_endless":false,"potions_floor_spawned":[1,4,7,10,12,24,30,33,37],"killed_by":"Reptomancer","ascension_level":4}}