{"host":"ydg0vn0pu4pubmdt","time":1612806147,"event":{"mods":["AchievementEnabler","BaseMod","Colored Map","Gold Saver","Minty Spire (QoL Compilation)","Quick Restart","SuperFastMode"],"gold_per_floor":[901,91,109,123,141,141,169,184,184,215,215,231,231,270,270,391,391,411,432,332,332,247,247,122,122,145,168,18,53,53,84,84,212,212,233,251,272,124,185,225,225,225,225,131,131,131,170,194,194,194],"floor_reached":51,"language":"KOR","playtime":1285,"items_purged":["Strike_P","Strike_P","Defend_P","Strike_P"],"score":997,"play_id":"63b4874a-3fd7-4c1c-b302-9cfba8fd1592","local_time":"20210209024227","is_ascension_mode":true,"campfire_choices":[{"data":"Eruption","floor":6.0,"key":"SMITH"},{"data":"1","floor":15.0,"key":"LIFT"},{"data":"Adaptation","floor":23,"key":"SMITH"},{"data":"2","floor":25,"key":"LIFT"},{"data":"3","floor":30,"key":"LIFT"},{"data":"MentalFortress","floor":32,"key":"SMITH"},{"data":"Vault","floor":42,"key":"SMITH"},{"data":"FlurryOfBlows","floor":45,"key":"SMITH"},{"data":"EmptyMind","floor":49,"key":"SMITH"}],"circlet_count":0,"master_deck":["Strike_P","Defend_P","Defend_P","Defend_P","Eruption+1","Vigilance","TalkToTheHand","Adaptation+1","FlurryOfBlows+1","EmptyBody","MentalFortress+1","EmptyFist","FearNoEvil","EmptyMind+1","Vault+1","InnerPeace+1","Adaptation+1","MentalFortress+1"],"relics":["PureWater","Girya","Prayer Wheel","Pen Nib","Mummified Hand","Sundial","Golden Idol","HornCleat","VioletLotus","Turnip","Bag of Preparation","Vajra","Bird Faced Urn","Runic Pyramid","DollysMirror","Du-Vu Doll","PreservedInsect","Ginger","Damaru","Bag of Marbles"],"acts_visited":["Exordium","TheCity","TheBeyond"],"potions_floor_usage":[50],"damage_taken":[{"damage":4.0,"enemies":"Jaw Worm","floor":1.0,"turns":3.0},{"damage":1.0,"enemies":"Cultist","floor":3.0,"turns":3.0},{"damage":2.0,"enemies":"2 Louse","floor":4.0,"turns":2.0},{"damage":14.0,"enemies":"Large Slime","floor":5.0,"turns":7.0},{"damage":0.0,"enemies":"Lagavulin","floor":7.0,"turns":5.0},{"damage":7.0,"enemies":"Blue Slaver","floor":8.0,"turns":4.0},{"damage":2.0,"enemies":"Gremlin Nob","floor":10.0,"turns":4.0},{"damage":0.0,"enemies":"2 Fungi Beasts","floor":12.0,"turns":2.0},{"damage":7.0,"enemies":"Lagavulin","floor":14.0,"turns":6.0},{"damage":5.0,"enemies":"Hexaghost","floor":16.0,"turns":10.0},{"damage":2.0,"enemies":"Shell Parasite","floor":18.0,"turns":5.0},{"damage":1.0,"enemies":"Chosen","floor":19.0,"turns":4.0},{"damage":2,"enemies":"Snake Plant","floor":27,"turns":3},{"damage":1,"enemies":"Slavers","floor":29,"turns":5},{"damage":4,"enemies":"Gremlin Leader","floor":31,"turns":4},{"damage":6,"enemies":"Collector","floor":33,"turns":7},{"damage":0,"enemies":"3 Darklings","floor":35,"turns":3},{"damage":0,"enemies":"Orb Walker","floor":36,"turns":2},{"damage":0,"enemies":"Jaw Worm Horde","floor":37,"turns":3},{"damage":0,"enemies":"2 Orb Walkers","floor":39,"turns":4},{"damage":0,"enemies":"Giant Head","floor":40,"turns":6},{"damage":0,"enemies":"Reptomancer","floor":47,"turns":3},{"damage":0,"enemies":"Maw","floor":48,"turns":3},{"damage":0,"enemies":"Donu and Deca","floor":50,"turns":3}],"seed_played":"-6102479635020995838","potions_obtained":[{"floor":0.0,"key":"SpeedPotion"},{"floor":0.0,"key":"Regen Potion"},{"floor":0.0,"key":"ColorlessPotion"},{"floor":3.0,"key":"Strength Potion"},{"floor":4.0,"key":"DistilledChaos"},{"floor":7.0,"key":"Ambrosia"},{"floor":12.0,"key":"AttackPotion"},{"floor":27,"key":"Dexterity Potion"},{"floor":33,"key":"SpeedPotion"},{"floor":36,"key":"Block Potion"}],"is_trial":false,"path_per_floor":["M","$","M","M","M","R","E","M","T","E","?","M","?","E","R","B",null,"M","M","$","?","?","R","$","R","T","M","$","E","R","E","R","B",null,"M","M","M","$","?","E","?","R","T","?","R","$","E","M","R","B",null],"character_chosen":"WATCHER","items_purchased":["Girya","Adaptation","Prayer Wheel","FlurryOfBlows","DollysMirror"],"campfire_rested":0,"item_purchase_floors":[2,2,2,2,38],"current_hp_per_floor":[68,68,67,65,51,51,51,44,44,42,42,42,24,17,17,27,72,70,69,69,69,69,69,69,69,69,67,67,66,66,62,62,60,72,72,72,72,72,72,72,68,68,68,68,68,68,68,68,68,68],"gold":194,"neow_bonus":"THREE_SMALL_POTIONS","is_daily":false,"chose_seed":false,"campfire_upgraded":6,"win_rate":0.0,"timestamp":1612806147,"path_taken":["M","$","M","M","M","R","E","M","T","E","?","?","?","E","R","BOSS","M","M","$","?","?","R","$","R","T","M","$","E","R","E","R","BOSS","M","M","M","$","?","E","?","R","T","?","R","$","E","M","R","BOSS"],"items_purchased_type":["Relic","Card","Relic","Card","Relic"],"build_version":"2020-12-22","purchased_purges":4,"victory":true,"max_hp_per_floor":[72,72,72,72,72,72,72,72,72,72,72,72,72,72,72,72,72,72,72,72,72,72,72,72,72,72,72,72,72,72,72,72,72,72,72,72,72,72,72,72,68,68,68,68,68,68,68,68,68,68],"card_choices":[{"not_picked":["WaveOfTheHand","Swivel"],"picked":"TalkToTheHand","floor":1.0},{"not_picked":["Prostrate","Vengeance"],"picked":"EmptyBody","floor":3.0},{"not_picked":["JustLucky","PathToVictory","CutThroughFate"],"picked":"SKIP","floor":3.0},{"not_picked":["FlyingSleeves","TalkToTheHand"],"picked":"MentalFortress","floor":4.0},{"not_picked":["FlyingSleeves","CrushJoints","Establishment"],"picked":"SKIP","floor":4.0},{"not_picked":["SandsOfTime","EmptyBody","Consecrate"],"picked":"SKIP","floor":5.0},{"not_picked":["WreathOfFlame","CrushJoints","SignatureMove"],"picked":"SKIP","floor":5.0},{"not_picked":["JustLucky","ThirdEye","EmptyBody"],"picked":"SKIP","floor":7.0},{"not_picked":["Blasphemy","ClearTheMind"],"picked":"EmptyFist","floor":8.0},{"not_picked":["Fasting2","PathToVictory","BattleHymn"],"picked":"SKIP","floor":8.0},{"not_picked":["EmptyFist","ForeignInfluence","Weave"],"picked":"SKIP","floor":10.0},{"not_picked":["FlurryOfBlows","Halt"],"picked":"FearNoEvil","floor":12.0},{"not_picked":["Consecrate","TalkToTheHand","Worship"],"picked":"SKIP","floor":12.0},{"not_picked":["Meditate","CrushJoints","Crescendo"],"picked":"SKIP","floor":14.0},{"not_picked":["ReachHeaven","Perseverance"],"picked":"EmptyMind","floor":18.0},{"not_picked":["BowlingBash+1","Protect+1","CrushJoints"],"picked":"SKIP","floor":18.0},{"not_picked":["Swivel+1","ThirdEye","Wallop"],"picked":"SKIP","floor":19.0},{"not_picked":["TalkToTheHand","ThirdEye","Protect"],"picked":"SKIP","floor":19.0},{"not_picked":["Consecrate","Perseverance","CrushJoints"],"picked":"SKIP","floor":27},{"not_picked":["Consecrate+1","EmptyMind","SashWhip+1"],"picked":"SKIP","floor":27},{"not_picked":["Consecrate","WindmillStrike","DeceiveReality"],"picked":"SKIP","floor":29},{"not_picked":["DeusExMachina","Fasting2+1","Collect"],"picked":"SKIP","floor":31},{"not_picked":["LessonLearned","Omniscience"],"picked":"Vault","floor":33},{"not_picked":["Crescendo+1","Vengeance","Evaluate+1"],"picked":"SKIP","floor":35},{"not_picked":["DeceiveReality","JustLucky","CarveReality+1"],"picked":"SKIP","floor":35},{"not_picked":["Protect","Prostrate","Evaluate"],"picked":"SKIP","floor":36},{"not_picked":["Protect+1","SpiritShield","Vengeance"],"picked":"SKIP","floor":36},{"not_picked":["CutThroughFate+1","WaveOfTheHand"],"picked":"InnerPeace+1","floor":37},{"not_picked":["EmptyFist+1","Halt+1","FlyingSleeves"],"picked":"SKIP","floor":37},{"not_picked":["JustLucky","Sanctity+1","Prostrate"],"picked":"SKIP","floor":40},{"not_picked":["Fasting2+1","DeceiveReality","TalkToTheHand"],"picked":"SKIP","floor":47},{"not_picked":["EmptyBody+1","SignatureMove+1"],"picked":"MentalFortress+1","floor":48},{"not_picked":["Indignation+1","BowlingBash+1","FlyingSleeves"],"picked":"SKIP","floor":48}],"player_experience":504228,"relics_obtained":[{"floor":7.0,"key":"Pen Nib"},{"floor":9.0,"key":"Mummified Hand"},{"floor":10.0,"key":"Sundial"},{"floor":14.0,"key":"HornCleat"},{"floor":26,"key":"Bag of Preparation"},{"floor":29,"key":"Vajra"},{"floor":31,"key":"Bird Faced Urn"},{"floor":39,"key":"Du-Vu Doll"},{"floor":40,"key":"PreservedInsect"},{"floor":43,"key":"Ginger"},{"floor":47,"key":"Bag of Marbles"}],"event_choices":[{"damage_healed":0.0,"max_hp_gain":0.0,"max_hp_loss":0.0,"gold_gain":0.0,"event_name":"Match and Keep!","player_choice":"0 cards matched","floor":11.0,"gold_loss":0.0,"damage_taken":0.0,"cards_obtained":[]},{"damage_healed":0.0,"max_hp_gain":0.0,"max_hp_loss":0.0,"gold_gain":0.0,"event_name":"Golden Idol","player_choice":"Take Damage","floor":13.0,"gold_loss":0.0,"damage_taken":18.0,"relics_obtained":["Golden Idol"]},{"damage_healed":0,"gold_gain":0,"player_choice":"Ignored","damage_taken":0,"max_hp_gain":0,"max_hp_loss":0,"event_name":"Cursed Tome","floor":21,"gold_loss":0},{"damage_healed":0,"gold_gain":0,"player_choice":"Obtained Relic","damage_taken":0,"relics_obtained":["Turnip"],"max_hp_gain":0,"max_hp_loss":0,"event_name":"Addict","floor":22,"gold_loss":85},{"damage_healed":0,"gold_gain":0,"player_choice":"Fight","damage_taken":0,"max_hp_gain":0,"max_hp_loss":0,"event_name":"Mysterious Sphere","floor":39,"gold_loss":0},{"damage_healed":0,"gold_gain":0,"player_choice":"Max HP","damage_taken":0,"max_hp_gain":0,"max_hp_loss":4,"event_name":"Winding Halls","floor":41,"gold_loss":0},{"damage_healed":0,"gold_gain":0,"player_choice":"Paid Gold","damage_taken":0,"relics_obtained":["Damaru"],"max_hp_gain":0,"max_hp_loss":0,"event_name":"WeMeetAgain","floor":44,"gold_loss":94}],"is_beta":false,"boss_relics":[{"not_picked":["Runic Dome","Snecko Eye"],"picked":"VioletLotus"},{"not_picked":["SlaversCollar","Busted Crown"],"picked":"Runic Pyramid"}],"items_purged_floors":[2,20,24,28],"is_endless":false,"potions_floor_spawned":[3,4,7,12,27,33,36,39,47,48],"ascension_level":2}}