{"host":"d76q0rb9a0s9bgr5","time":1612788150,"event":{"mods":["BaseMod","Downfall","Hubris","Minty Spire (QoL Compilation)","StSLib"],"gold_per_floor":[99,99,99,99,99,116,143,153,153,179,197,227,227,27,41,41,41],"floor_reached":16,"language":"ENG","playtime":1437,"items_purged":[],"score":98,"play_id":"c1f56055-6e16-430f-b81c-4df2a1d4ae61","local_time":"20210208134230","is_ascension_mode":false,"campfire_choices":[],"circlet_count":0,"master_deck":["sneckomod:Strike","sneckomod:Strike","sneckomod:Strike","sneckomod:Defend","sneckomod:Defend","sneckomod:Defend","sneckomod:TailWhip","sneckomod:SnekBite","Slimebound:Gluttony","sneckomod:QuickMove+1","sneckomod:ImprovisedGuard","sneckomod:UnendingSupply","sneckomod:SoulCleanse","Slimebound:TongueLash","sneckomod:CheapStock","Panache","sneckomod:Unknown2Cost"],"relics":["sneckomod:SneckoSoul","downfall:HeartsMalice","Regal Pillow","Kunai","Bag of Preparation"],"acts_visited":["Exordium"],"potions_floor_usage":[16,16],"damage_taken":[{"damage":0,"enemies":"Jaw Worm","floor":2,"turns":1},{"damage":0,"enemies":"Cultist","floor":4,"turns":1},{"damage":0,"enemies":"Small Slimes","floor":5,"turns":1},{"damage":2,"enemies":"2 Fungi Beasts","floor":6,"turns":3},{"damage":6,"enemies":"Large Slime","floor":8,"turns":8},{"damage":42,"enemies":"3 Sentries","floor":10,"turns":11},{"damage":7,"enemies":"3 Louse","floor":11,"turns":4},{"damage":10,"enemies":"downfall:FleeingMerchant","floor":14,"turns":4},{"damage":6,"enemies":"Lots of Slimes","floor":15,"turns":4},{"damage":26,"enemies":"WA_ARCHETYPE_RETAIN","floor":16,"turns":5}],"seed_played":"-7664258688498118272","potions_obtained":[{"floor":6,"key":"DuplicationPotion"},{"floor":8,"key":"hexamod:SoulburnPotion"},{"floor":15,"key":"GamblersBrew"}],"is_trial":false,"path_per_floor":["R","M","?","M","M","M","T","M","?","E","M","?","R","$","M","B"],"character_chosen":"THE_SNECKO","items_purchased":["Panache"],"campfire_rested":0,"item_purchase_floors":[14],"current_hp_per_floor":[90,90,90,90,90,88,88,82,82,40,33,33,33,23,17,0,0,0],"gold":41,"neow_bonus":"THREE_ENEMY_KILL","is_daily":false,"chose_seed":false,"campfire_upgraded":0,"win_rate":0.0,"timestamp":1612788150,"path_taken":["R","M","?","M","?","M","T","M","?","E","M","?","R","$","M","BOSS"],"items_purchased_type":["Card"],"build_version":"2020-12-22","purchased_purges":0,"victory":false,"max_hp_per_floor":[90,90,90,90,90,90,90,90,90,90,90,90,90,90,90,90,90,90],"card_choices":[{"not_picked":["sneckomod:SerpentIdol","sneckomod:Unknown1Cost"],"picked":"sneckomod:QuickMove","floor":2},{"not_picked":["sneckomod:UnknownCommonSkill","sneckomod:UnknownVulnerable","sneckomod:Unknown1Cost"],"picked":"SKIP","floor":4},{"not_picked":["sneckomod:IronFang","sneckomod:UnknownBlock"],"picked":"sneckomod:ImprovisedGuard","floor":5},{"not_picked":["sneckomod:IronFang","sneckomod:Unknown1Cost"],"picked":"sneckomod:UnendingSupply","floor":6},{"not_picked":["sneckomod:ImprovisedGuard","sneckomod:Cheat"],"picked":"sneckomod:SoulCleanse","floor":8},{"not_picked":["sneckomod:SoulCleanse","sneckomod:UnknownVulnerable","sneckomod:RainOfDice"],"picked":"SKIP","floor":10},{"not_picked":["sneckomod:UnknownUncommonPower","sneckomod:QuickBite","sneckomod:UnknownCommonSkill"],"picked":"SKIP","floor":11},{"not_picked":["sneckomod:RainOfDice","sneckomod:UnknownBlock"],"picked":"sneckomod:CheapStock","floor":14},{"not_picked":["sneckomod:MasterEye","sneckomod:UnknownDraw"],"picked":"sneckomod:Unknown2Cost","floor":15}],"player_experience":111349,"relics_obtained":[{"floor":7,"key":"Regal Pillow"},{"floor":10,"key":"Kunai"}],"event_choices":[{"damage_healed":0,"gold_gain":0,"player_choice":"Forge","damage_taken":0,"max_hp_gain":0,"max_hp_loss":0,"event_name":"Accursed Blacksmith","floor":3,"gold_loss":0,"cards_upgraded":["sneckomod:QuickMove"]}],"is_beta":false,"boss_relics":[],"items_purged_floors":[],"is_endless":false,"potions_floor_spawned":[6,8,15],"killed_by":"WA_ARCHETYPE_RETAIN","ascension_level":0}}