{"host":"rdzumd18d10m7do1","time":1612745370,"event":{"mods":["100% Spire Juice","Act Like it!","Arknights","Ascension Reborn","BaseMod","Downfall","Friendly Minions","KinomotoSakuraMod(木之本樱)","Kiyohime（清姬）","Luminous","Minty Spire (QoL Compilation)","MostiFishMod","Nova Terra(诺娃・泰拉)","READ ME - Guardian Mod","Remilia（蕾米莉亚）","Ryuuou龙王","Shop Mod","StSLib","Td1madao Mod","The Animator","The Servant 0.9.4","UnlockEverythingMod","Waifu the Spire","WarShipGirlsR/战舰少女R mod","noobMod"],"gold_per_floor":[110,110,125,125,144,169,169,183,252,267,39,71,71,4,4,105,105,119,130,143,160,235,260,260,279,330,87,106,117,131,5,5,106,106,116,2,52,72,82,82,82,82,108,135,152,152,152,162,162,162,162,162,13,42,42],"floor_reached":56,"language":"ZHS","playtime":3223,"items_purged":["downfall:Malfunctioning","downfall:Malfunctioning","downfall:Haunted","downfall:Haunted"],"score":1336,"play_id":"5e443f86-b58d-4163-a94b-12cb5b48df39","local_time":"20210208084930","is_ascension_mode":true,"campfire_choices":[{"data":"ats:Magnetic Hammer","floor":7,"key":"SMITH"},{"data":"ats:Guard Mode","floor":13,"key":"SMITH"},{"data":"ats:Charging Defense","floor":15,"key":"SMITH"},{"data":"ats:Composite Medical Shells","floor":24,"key":"SMITH"},{"floor":32,"key":"RECALL"},{"data":"ats:Strike S","floor":40,"key":"PURGE"},{"data":"ats:Strike V","floor":42,"key":"PURGE"},{"data":"ats:Strike G","floor":47,"key":"PURGE"},{"data":"ats:Defend","floor":49,"key":"PURGE"},{"data":"ats:Emotion Absorption","floor":52,"key":"PURGE"}],"circlet_count":0,"master_deck":["ats:Strike C","ats:Armor Crushing Shot","ats:Defend","ats:Defend","ats:Defend","ats:Charging Defense+1","ats:Disruption Kick","ats:Thermite Blade","ats:Very Hot Blade","ats:Nebulous Foxfire","ats:Magnetic Hammer+1","ats:Beaten Up","ats:Apocalypse","ats:Guard Mode+1","ats:Rat Pack","ats:Healing Drone","ats:Composite Medical Shells+1","ats:Revitalization","ats:Shell Defense","ats:Echo Reverb","ats:Sashimi Platter+1","ats:Thorns","ats:Part Time Job+1"],"relics":["ats:Sanity","ice","DaveBox","RhineCircuit","NeowsBlessing","SynthV:TestCard","ats:Originium","MerchantsRug","Happy Flower","PatriotShield","Regal Pillow","Chi","Ling","ats:Spiritual Recovery","RhineSuit","Peace Pipe","Bronze Scales","Ancient Tea Set","Bag of Preparation","ats:Omniscience"],"acts_visited":["Exordium","TheCity","TheBeyond","TheEnding"],"potions_floor_usage":[11,16],"damage_taken":[{"damage":0,"enemies":"Jaw Worm","floor":1,"turns":1},{"damage":0,"enemies":"ats:Genji","floor":3,"turns":1},{"damage":0,"enemies":"Cultist","floor":5,"turns":1},{"damage":15,"enemies":"Gremlin Nob","floor":6,"turns":5},{"damage":11,"enemies":"Red Slaver","floor":8,"turns":3},{"damage":0,"enemies":"3 Louse","floor":10,"turns":4},{"damage":22,"enemies":"Lagavulin","floor":12,"turns":8},{"damage":104,"enemies":"Hexaghost","floor":16,"turns":13},{"damage":0,"enemies":"Chosen","floor":18,"turns":2},{"damage":0,"enemies":"Shell Parasite","floor":19,"turns":3},{"damage":7,"enemies":"Centurion and Healer","floor":20,"turns":6},{"damage":0,"enemies":"Sentry and Sphere","floor":21,"turns":4},{"damage":28,"enemies":"Gremlin Leader","floor":23,"turns":5},{"damage":0,"enemies":"Cultist and Chosen","floor":25,"turns":4},{"damage":5,"enemies":"Chosen and Byrds","floor":28,"turns":2},{"damage":0,"enemies":"Centurion and Healer","floor":29,"turns":3},{"damage":0,"enemies":"3 Cultists","floor":30,"turns":3},{"damage":21,"enemies":"Champ","floor":33,"turns":10},{"damage":1,"enemies":"3 Shapes","floor":35,"turns":4},{"damage":3,"enemies":"Mind Bloom Boss Battle","floor":37,"turns":4},{"damage":0,"enemies":"Orb Walker","floor":38,"turns":3},{"damage":0,"enemies":"4 Shapes","floor":39,"turns":3},{"damage":7,"enemies":"Nemesis","floor":44,"turns":6},{"damage":18,"enemies":"Maw","floor":45,"turns":6},{"damage":0,"enemies":"Jaw Worm Horde","floor":48,"turns":2},{"damage":11,"enemies":"Time Eater","floor":50,"turns":8},{"damage":42,"enemies":"Shield and Spear","floor":54,"turns":5},{"damage":119,"enemies":"The Heart","floor":55,"turns":10}],"seed_played":"8688196356049843270","potions_obtained":[{"floor":1,"key":"Strength Potion"},{"floor":3,"key":"CultistPotion"},{"floor":12,"key":"Energy Potion"},{"floor":21,"key":"FairyPotion"}],"is_trial":false,"path_per_floor":["M","?","M","?","M","E","R","M","T","M","$","E","R","?","R","B",null,"M","M","M","M","?","E","R","M","T","$","M","M","M","$","R","B",null,"M","$","?","M","M","R","?","R","T","E","M","?","R","M","R","B",null,"R","$","E","B",null],"character_chosen":"DOCTOR_CLASS","items_purchased":["MerchantsRug","Fruit Juice","ChiLing","ats:Spiritual Recovery","Bag of Preparation"],"campfire_rested":0,"item_purchase_floors":[11,11,27,31,53],"current_hp_per_floor":[72,101,101,101,101,91,91,84,84,94,99,104,104,104,104,28,113,113,113,113,113,102,85,85,95,95,95,100,111,113,113,113,111,113,113,113,113,113,113,113,107,107,107,105,98,98,98,107,107,107,107,107,107,107,84],"gold":42,"neow_bonus":"THREE_ENEMY_KILL","is_daily":false,"chose_seed":false,"campfire_upgraded":4,"win_rate":0.0,"timestamp":1612745370,"path_taken":["M","?","M","?","?","E","R","M","T","M","?","E","R","?","R","BOSS","M","?","M","M","?","E","R","?","T","$","M","M","M","$","R","BOSS","M","$","?","M","M","R","?","R","T","E","M","?","R","M","R","BOSS","R","$","E","BOSS"],"items_purchased_type":["Relic","Potion","Relic","Relic","Relic"],"build_version":"2020-12-22","purchased_purges":4,"victory":true,"max_hp_per_floor":[72,101,101,101,101,101,101,101,101,101,106,113,113,113,113,113,113,113,113,113,113,113,113,113,113,113,113,113,113,113,113,113,113,113,113,113,113,113,113,113,107,107,107,107,107,107,107,107,107,107,107,107,107,107,107],"card_choices":[{"not_picked":["ats:Neurotoxin","ats:Poison Spread"],"picked":"ats:Charging Defense","floor":1},{"not_picked":["ats:Poison Spread","ats:Leaping Hammer","ats:Revitalization","ats:Absolute Focus"],"picked":"ats:Thermite Blade","floor":3},{"not_picked":["ats:Shell Defense","ats:Cat Scratch","ats:Red Shift","ats:Very Hot Blade"],"picked":"ats:Nebulous Foxfire","floor":5},{"not_picked":["ats:Cat Scratch","ats:Durian","ats:Encircling Forest","ats:Assault Order"],"picked":"ats:Magnetic Hammer","floor":6},{"not_picked":["ats:Blood Oath","ats:Powerful Strike","ats:Automatic Cover","ats:Cat Scratch"],"picked":"ats:Beaten Up","floor":8},{"not_picked":["ats:Leaping Hammer","ats:Phantom","ats:Charging Defense","ats:Hammer On"],"picked":"ats:Apocalypse","floor":10},{"not_picked":["ats:Chain Hook","ats:Explosion Area Strengthen","ats:Very Hot Blade","ats:Apocalypse"],"picked":"ats:Guard Mode","floor":12},{"not_picked":["ats:Shadow Assault","ats:Disruption Kick","ats:Echo Reverb","ats:Roar Of Ursus"],"picked":"ats:Rat Pack","floor":16},{"not_picked":["ats:Counter Healing Mode+1","ats:Guard Mode","ats:Burning Ground","ats:Magnetic Hammer"],"picked":"ats:Healing Drone","floor":18},{"not_picked":["ats:Burning Ground","ats:Flexible Camouflage","ats:Leaping Hammer+1","ats:Counter Healing Mode"],"picked":"ats:Composite Medical Shells","floor":19},{"not_picked":["ats:Beaten Up","ats:Curse Doll","ats:Apocalypse","ats:Charging Defense","ats:Assault Order+1"],"picked":"SKIP","floor":20},{"not_picked":["ats:Support Order","ats:Composite Medical Shells","ats:Spore Proliferation","ats:Chain Hook"],"picked":"ats:Revitalization","floor":21},{"not_picked":["ats:Song Of Battle","ats:Explosion Area Strengthen","ats:Hook Shot","ats:Rat Pack"],"picked":"ats:Shell Defense","floor":23},{"not_picked":["ats:Composite Medical Shells","ats:Revitalization","ats:Hammer On","ats:Assault Order","ats:Apocalypse"],"picked":"SKIP","floor":25},{"not_picked":["ats:Absolute Focus+1","ats:Powerful Strike","ats:Cat Scratch","ats:Assault Order+1","ats:Literary Storm"],"picked":"SKIP","floor":28},{"not_picked":["ats:Powerful Strike","ats:Volcano","ats:Very Hot Blade","ats:Hook Shot","ats:Explosion Area Strengthen"],"picked":"SKIP","floor":29},{"not_picked":["ats:Demon Strength","ats:Spore Proliferation","ats:Explosion Area Strengthen","ats:Powerful Strike","ats:Ignite"],"picked":"SKIP","floor":30},{"not_picked":["ats:Soul Rend","ats:Durian","ats:True Silver Slash","ats:Ambush"],"picked":"ats:Echo Reverb","floor":33},{"not_picked":["ats:Song Of Battle+1","ats:Blood Oath","ats:Poison Spread","ats:Assault Order+1"],"picked":"ats:Sashimi Platter+1","floor":35},{"not_picked":["ats:Spore Proliferation+1","ats:Curse Doll","ats:Chain Hook+1","ats:Cat Scratch+1"],"picked":"ats:Counter Healing Mode","floor":37},{"not_picked":["ats:Encircling Forest+1","ats:Steam Pump","ats:Counter Healing Mode+1","ats:Healing Drone","ats:Guard Mode+1"],"picked":"SKIP","floor":38},{"not_picked":["ats:Absolute Focus","ats:Thermite Blade","ats:Hook Shot+1","ats:Ambush","ats:Leaping Hammer+1"],"picked":"SKIP","floor":39},{"not_picked":["ats:Flexible Camouflage+1","ats:Hammer On+1","ats:Blood Oath+1","ats:Flame Of Heaven"],"picked":"ats:Thorns","floor":44},{"not_picked":["ats:Thermite Blade+1","ats:LN2 Cannon+1","ats:Poison Spread+1","ats:Blood Oath+1","ats:Assault Order"],"picked":"SKIP","floor":45},{"not_picked":["ats:Burning Ground","ats:Absolute Focus","ats:Collapsing Strike","ats:Assault Order","ats:Chain Hook"],"picked":"SKIP","floor":48},{"not_picked":["ats:True Silver Slash","ats:Composite Medical Shells","ats:Poison Spread","ats:Steam Pump"],"picked":"ats:Part Time Job+1","floor":54}],"player_experience":106819,"relics_obtained":[{"floor":1,"key":"SynthV:TestCard"},{"floor":6,"key":"ats:Originium"},{"floor":6,"key":"HollowDreamFlower"},{"floor":12,"key":"ats:Originium"},{"floor":12,"key":"Strawberry"},{"floor":23,"key":"ats:Originium"},{"floor":23,"key":"Bag of Marbles"},{"floor":26,"key":"Regal Pillow"},{"floor":37,"key":"Peace Pipe"},{"floor":43,"key":"Bronze Scales"},{"floor":44,"key":"ats:Originium"},{"floor":44,"key":"Ancient Tea Set"},{"floor":54,"key":"ats:Omniscience"}],"event_choices":[{"damage_healed":0,"gold_gain":0,"player_choice":"1 cards matched","damage_taken":0,"max_hp_gain":0,"max_hp_loss":0,"event_name":"Match and Keep!","floor":4,"gold_loss":0,"cards_obtained":["ats:Very Hot Blade"]},{"damage_healed":0,"gold_gain":0,"player_choice":"Paid Gold","damage_taken":0,"relics_obtained":["Happy Flower"],"max_hp_gain":0,"max_hp_loss":0,"event_name":"WeMeetAgain","floor":14,"gold_loss":67},{"damage_healed":0,"gold_gain":75,"player_choice":"Touch","damage_taken":11,"max_hp_gain":0,"max_hp_loss":0,"event_name":"FaceTrader","floor":22,"gold_loss":0},{"damage_healed":0,"gold_gain":0,"player_choice":"Fight","damage_taken":0,"max_hp_gain":0,"max_hp_loss":0,"event_name":"MindBloom","floor":37,"gold_loss":0},{"damage_healed":0,"gold_gain":0,"player_choice":"Max HP","damage_taken":0,"max_hp_gain":0,"max_hp_loss":6,"event_name":"Winding Halls","floor":41,"gold_loss":0},{"cards_removed":["ats:Counter Healing Mode"],"damage_healed":0,"gold_gain":0,"player_choice":"Removed Power","damage_taken":0,"max_hp_gain":0,"max_hp_loss":0,"event_name":"Falling","floor":46,"gold_loss":0}],"is_beta":false,"boss_relics":[{"not_picked":["TimeKeys","Snecko Eye"],"picked":"PatriotShield"},{"not_picked":["Astrolabe","Cursed Key"],"picked":"RhineSuit"}],"items_purged_floors":[11,27,31,36],"is_endless":false,"potions_floor_spawned":[1,3,8,12,20,21,25,35,45,48],"ascension_level":0}}