{"host":"5kirneupyg4uzd3w","time":1612769221,"event":{"mods":["BaseMod","Colored Map","Custom Start","Minty Spire (QoL Compilation)","StSLib","SuperFastMode"],"gold_per_floor":[113,131,131,146,146,146,161,179,203,203,237,262,331,331,331],"floor_reached":14,"language":"KOR","playtime":281,"items_purged":[],"score":184,"play_id":"b59601ea-d561-4854-a3b8-d929a5a31496","local_time":"20210208162701","is_ascension_mode":true,"campfire_choices":[{"data":"Hemokinesis","floor":6,"key":"SMITH"},{"data":"Carnage","floor":10,"key":"SMITH"}],"circlet_count":0,"master_deck":["AscendersBane","Strike_R","Strike_R","Strike_R","Strike_R","Strike_R","Defend_R","Defend_R","Defend_R","Defend_R","Bash","Violence","Hemokinesis+1","Shockwave","Carnage+1","Shrug It Off","Battle Trance"],"relics":["Burning Blood","Golden Idol","Strawberry","Toy Ornithopter"],"acts_visited":["Exordium"],"potions_floor_usage":[12],"damage_taken":[{"damage":5,"enemies":"2 Louse","floor":1,"turns":4},{"damage":1,"enemies":"Cultist","floor":2,"turns":3},{"damage":19,"enemies":"Small Slimes","floor":4,"turns":4},{"damage":10,"enemies":"2 Fungi Beasts","floor":7,"turns":3},{"damage":15,"enemies":"Lots of Slimes","floor":8,"turns":6},{"damage":24,"enemies":"3 Sentries","floor":11,"turns":8},{"damage":15,"enemies":"Exordium Wildlife","floor":12,"turns":4},{"damage":26,"enemies":"Lagavulin","floor":14,"turns":3}],"seed_played":"-5957418862393375956","potions_obtained":[{"floor":4,"key":"ColorlessPotion"},{"floor":5,"key":"DuplicationPotion"},{"floor":11,"key":"HeartOfIron"},{"floor":12,"key":"BlessingOfTheForge"}],"is_trial":false,"path_per_floor":["M","M","?","M","?","R","M","M","T","R","E","M","?","E"],"character_chosen":"IRONCLAD","items_purchased":[],"campfire_rested":0,"item_purchase_floors":[],"current_hp_per_floor":[51,56,56,43,43,43,39,30,37,37,19,15,15,0,0],"gold":331,"neow_bonus":"RANDOM_COLORLESS_2","is_daily":false,"chose_seed":false,"campfire_upgraded":2,"win_rate":0.0,"timestamp":1612769221,"path_taken":["M","M","?","M","?","R","M","?","T","R","E","M","?","E"],"items_purchased_type":[],"build_version":"2020-12-22","purchased_purges":0,"victory":false,"max_hp_per_floor":[75,75,68,68,68,68,68,68,75,75,75,75,75,75,75],"card_choices":[{"not_picked":["Secret Technique","Sadistic Nature"],"picked":"Violence","floor":0},{"not_picked":["Seeing Red","Body Slam"],"picked":"Hemokinesis","floor":1},{"not_picked":["Sword Boomerang","Thunderclap"],"picked":"Shockwave","floor":2},{"not_picked":["Dual Wield","Infernal Blade","Armaments"],"picked":"SKIP","floor":4},{"not_picked":["Heavy Blade","Battle Trance"],"picked":"Carnage","floor":7},{"not_picked":["Headbutt","Anger","Clash"],"picked":"SKIP","floor":8},{"not_picked":["Feel No Pain","Clash"],"picked":"Shrug It Off","floor":11},{"not_picked":["Thunderclap","Perfected Strike"],"picked":"Battle Trance","floor":12}],"player_experience":307669,"relics_obtained":[{"floor":9,"key":"Strawberry"},{"floor":11,"key":"Toy Ornithopter"}],"event_choices":[{"damage_healed":0,"gold_gain":0,"player_choice":"Lose Max HP","damage_taken":0,"relics_obtained":["Golden Idol"],"max_hp_gain":0,"max_hp_loss":7,"event_name":"Golden Idol","floor":3,"gold_loss":0},{"damage_healed":0,"gold_gain":0,"player_choice":"Got Potions","damage_taken":0,"max_hp_gain":0,"max_hp_loss":0,"event_name":"Lab","floor":5,"gold_loss":0},{"damage_healed":0,"gold_gain":69,"player_choice":"Gained Gold","damage_taken":0,"max_hp_gain":0,"max_hp_loss":0,"event_name":"Golden Wing","floor":13,"gold_loss":0}],"is_beta":false,"boss_relics":[],"items_purged_floors":[],"is_endless":false,"potions_floor_spawned":[4,11,12],"killed_by":"Lagavulin","ascension_level":20}}