{"host":"8anmd7ibyxevnonj","time":1612796595,"event":{"mods":["BaseMod","Curses Come First","Downfall","Minty Spire (QoL Compilation)","StSLib"],"gold_per_floor":[99,116,133,143,159,174,174,5,5,5,20,20,37,49,63,63,63,63],"floor_reached":16,"language":"ENG","playtime":3082,"items_purged":["Pain"],"score":98,"play_id":"626e23b5-7589-42e1-9523-adb70634fd55","local_time":"20210208160315","is_ascension_mode":false,"campfire_choices":[{"data":"Guardian:StasisField","floor":1,"key":"SMITH"},{"data":"Guardian:FloatingOrbs","floor":9,"key":"SMITH"},{"floor":12,"key":"REST"}],"circlet_count":0,"master_deck":["Guardian:Strike_Guardian","Guardian:Strike_Guardian","Guardian:Strike_Guardian","Guardian:Strike_Guardian","Guardian:Defend_Guardian","Guardian:Defend_Guardian","Guardian:Defend_Guardian","Guardian:Defend_Guardian","Guardian:CurlUp","Guardian:TwinSlam","Guardian:StasisField+1","Guardian:Preprogram+1","Guardian:Suspension","Guardian:Emergency+1","Guardian:RevengeProtocol+1","Guardian:FloatingOrbs+1","downfall:Malfunctioning","Guardian:ShieldSpikes","Guardian:Gem_Lightblue","Guardian:Reroute","Guardian:ChargeCore"],"relics":["Guardian:ModeShifter","Bird Faced Urn"],"acts_visited":["Exordium"],"potions_floor_usage":[13,16],"damage_taken":[{"damage":6,"enemies":"Cultist","floor":2,"turns":5},{"damage":6,"enemies":"Small Slimes","floor":3,"turns":5},{"damage":10,"enemies":"Jaw Worm","floor":4,"turns":4},{"damage":12,"enemies":"Blue Slaver","floor":5,"turns":5},{"damage":13,"enemies":"Large Slime","floor":6,"turns":9},{"damage":7,"enemies":"downfall:FleeingMerchant","floor":8,"turns":4},{"damage":6,"enemies":"2 Fungi Beasts","floor":11,"turns":4},{"damage":7,"enemies":"Blue Slaver","floor":13,"turns":4},{"damage":0,"enemies":"Red Slaver","floor":14,"turns":7},{"damage":12,"enemies":"Lots of Slimes","floor":15,"turns":7},{"damage":74,"enemies":"DF_ARCHETYPE_STREAMLINE","floor":16,"turns":14}],"seed_played":"6276993428084351326","potions_obtained":[{"floor":3,"key":"champ:CounterPotion"},{"floor":11,"key":"Fruit Juice"},{"floor":13,"key":"Guardian:AcceleratePotion"},{"floor":14,"key":"Weak Potion"}],"is_trial":false,"path_per_floor":["R","M","M","M","M","M","T","$","R","?","M","R","M","M","M","B"],"character_chosen":"GUARDIAN","items_purchased":["Guardian:FloatingOrbs"],"campfire_rested":1,"item_purchase_floors":[8],"current_hp_per_floor":[80,74,68,58,46,33,33,26,26,26,24,48,48,52,44,0,0,0],"gold":63,"neow_bonus":"THREE_RARE_CARDS","is_daily":false,"chose_seed":false,"campfire_upgraded":2,"win_rate":0.0,"timestamp":1612796595,"path_taken":["R","M","?","M","?","?","T","$","R","?","M","R","M","M","M","BOSS"],"items_purchased_type":["Card"],"build_version":"2020-12-13","purchased_purges":1,"victory":false,"max_hp_per_floor":[80,80,80,80,80,80,80,80,80,80,80,80,85,85,85,85,85,85],"card_choices":[{"not_picked":["Guardian:Gem_Orange","Guardian:ExploitGems"],"picked":"Guardian:StasisField","floor":0},{"not_picked":["Guardian:Suspension","Guardian:Gem_Green"],"picked":"Guardian:Preprogram","floor":2},{"not_picked":["Guardian:Gem_Lightblue","Guardian:ChargeCore"],"picked":"Guardian:Gem_Red","floor":3},{"not_picked":["Guardian:PrimingBeam","Guardian:GuardianWhirl"],"picked":"Guardian:Suspension","floor":4},{"not_picked":["Guardian:PrimingBeam","Guardian:Preprogram"],"picked":"Guardian:Gem_Crimson","floor":5},{"not_picked":["Guardian:CrystalBeam","Guardian:PrismaticBarrier"],"picked":"Guardian:Emergency","floor":6},{"not_picked":["Guardian:CrystalBeam","Guardian:TemporalShield"],"picked":"Guardian:RevengeProtocol","floor":8},{"not_picked":["Guardian:WalkerClaw","Guardian:Gem_Green"],"picked":"Guardian:ShieldSpikes","floor":11},{"not_picked":["Guardian:PrimingBeam","Guardian:Planning"],"picked":"Guardian:Gem_Lightblue","floor":13},{"not_picked":["Guardian:BronzeOrb","Guardian:Gem_Lightblue"],"picked":"Guardian:Reroute","floor":14},{"not_picked":["Guardian:ShieldSpikes","Guardian:TemporalShield"],"picked":"Guardian:ChargeCore","floor":15}],"player_experience":90521,"relics_obtained":[{"floor":7,"key":"Bird Faced Urn"}],"event_choices":[],"is_beta":false,"boss_relics":[],"items_purged_floors":[8],"is_endless":false,"potions_floor_spawned":[3,11,13,14],"killed_by":"DF_ARCHETYPE_STREAMLINE","ascension_level":0}}