{"host":"8fl9fk3sx00hvnsh","time":1612755934,"event":{"mods":["BaseMod","Bestiary","Bossed Relics","Custom Start","Downfall","Minty Spire (QoL Compilation)","Reliquary","Replay The Spire","StSLib","The Blue Laboratory","The Marked","The Wild Card"],"gold_per_floor":[99,109,25,25,37,68,93,93,104,4,24,39,68,68,78,176,176,176,187,203,216,230,264,264,284,15,38,38,38,53,74,94,205,205,5,33,45,72,98,125,125,155,177,177,177,177,177,177,195,209,209,209],"floor_reached":50,"language":"ENG","playtime":3741,"items_purged":[],"score":534,"play_id":"efc48666-9ea7-44a7-9b68-0e15c896f39d","local_time":"20210207224534","is_ascension_mode":false,"campfire_choices":[{"floor":1,"key":"RECALL"},{"floor":8,"key":"REST"},{"data":"Slimebound:Split","floor":10,"key":"SMITH"},{"data":"1","floor":18,"key":"LIFT"},{"floor":29,"key":"REST"},{"data":"2","floor":35,"key":"LIFT"},{"data":"3","floor":45,"key":"LIFT"},{"floor":47,"key":"REST"}],"circlet_count":0,"master_deck":["Slimebound:Strike_Slimebound","Slimebound:Strike_Slimebound","Slimebound:Strike_Slimebound","Slimebound:Defend_Slimebound","Slimebound:Defend_Slimebound","Slimebound:Defend_Slimebound","Slimebound:Defend_Slimebound","Slimebound:Split+1","Slimebound:CorrosiveSpit","Slimebound:LeechEnergy","Slimebound:ItLooksTasty","Slimebound:Repurpose","Slimebound:ItLooksTasty","Slimebound:LivingWall","Slimebound:SplitLeeching","Slimebound:Equalize","Slimebound:LevelUp","Slimebound:Prepare","CurseOfTheBell","Slimebound:LeechingTouch","Slimebound:HauntingLick+1","Slimebound:SplitAcid","Slimebound:MassRepurpose","Slimebound:SplitAcid+1","Slimebound:Equalize","Slimebound:Repurpose","expansioncontent:DashGenerateEvil","Slimebound:GoopSpray+1","Slimebound:LevelUp","Slimebound:LivingWall","Slimebound:LeadByExample","Slimebound:SlimeTap+1","Slimebound:OozeBath","Slimebound:SplitAcid+1","Slimebound:SplitBruiser","Slimebound:LeechLife","Looming Evil","Slimebound:Darklings","Slimebound:LeadByExample"],"relics":["Slimebound:AbsorbEndCombat","Regal Pillow","downfall:HeartBlessingRed","Blood Vial","Calling Bell","Orichalcum","Girya","Replay:Bandana","reliquary:RedPaperclip","downfall:HeartBlessingGreen","downfall:HeartBlessingBlue","Bag of Marbles","Singing Bowl","Ring of Hypnosis","Ring of Chaos"],"acts_visited":["Exordium","TheCity","TheBeyond"],"potions_floor_usage":[12,13,23,23,23,23,23,25,27,32,32,50,50],"damage_taken":[{"damage":13,"enemies":"2 Louse","floor":2,"turns":4},{"damage":3,"enemies":"downfall:FleeingMerchant","floor":3,"turns":4},{"damage":4,"enemies":"Cultist","floor":5,"turns":3},{"damage":31,"enemies":"3 Sentries","floor":6,"turns":11},{"damage":8,"enemies":"Small Slimes","floor":9,"turns":3},{"damage":24,"enemies":"Gremlin Gang","floor":11,"turns":4},{"damage":22,"enemies":"Exordium Thugs","floor":12,"turns":5},{"damage":17,"enemies":"Lagavulin","floor":13,"turns":5},{"damage":4,"enemies":"Blue Slaver","floor":15,"turns":3},{"damage":27,"enemies":"IC_STATUS_ARCHETYPE","floor":16,"turns":7},{"damage":4,"enemies":"Spheric Guardian","floor":19,"turns":3},{"damage":8,"enemies":"Chosen","floor":20,"turns":5},{"damage":19,"enemies":"Centurion and Healer","floor":21,"turns":6},{"damage":15,"enemies":"Snake Plant","floor":22,"turns":3},{"damage":57,"enemies":"Book of Stabbing","floor":23,"turns":6},{"damage":12,"enemies":"Cultist and Chosen","floor":25,"turns":6},{"damage":0,"enemies":"downfall:FleeingMerchant","floor":26,"turns":4},{"damage":6,"enemies":"Snecko","floor":27,"turns":5},{"damage":5,"enemies":"Sentry and Sphere","floor":30,"turns":4},{"damage":5,"enemies":"Cultist and Chosen","floor":31,"turns":6},{"damage":10,"enemies":"3 Cultists","floor":32,"turns":5},{"damage":16,"enemies":"WA_ARCHETYPE_CALM","floor":33,"turns":7},{"damage":20,"enemies":"3 Darklings","floor":36,"turns":6},{"damage":19,"enemies":"Orb Walker","floor":37,"turns":5},{"damage":19,"enemies":"Spire Growth","floor":38,"turns":4},{"damage":21,"enemies":"Maw","floor":39,"turns":7},{"damage":22,"enemies":"Jaw Worm Horde","floor":42,"turns":3},{"damage":9,"enemies":"3 Darklings","floor":43,"turns":5},{"damage":22,"enemies":"Spire Growth","floor":49,"turns":5},{"damage":108,"enemies":"DF_ARCHETYPE_ORBS","floor":50,"turns":6}],"seed_played":"6734941718092914049","potions_obtained":[{"floor":6,"key":"blueLaboratory:Moonshine"},{"floor":9,"key":"DuplicationPotion"},{"floor":11,"key":"EntropicBrew"},{"floor":12,"key":"Fruit Juice"},{"floor":13,"key":"blueLaboratory:HorrorPotion"},{"floor":16,"key":"Swift Potion"},{"floor":22,"key":"Fire Potion"},{"floor":23,"key":"FearPotion"},{"floor":25,"key":"Energy Potion"},{"floor":27,"key":"AttackPotion"},{"floor":31,"key":"AttackPotion"},{"floor":32,"key":"BlessingOfTheForge"},{"floor":36,"key":"blueLaboratory:Moonshine"},{"floor":43,"key":"Energy Potion"}],"is_trial":false,"path_per_floor":["R","M","$","?","M","E","T","R","M","R","M","M","E","?","M","B",null,"R","M","M","M","M","E","T","M","$","M","?","R","M","M","M","B",null,"R","M","M","M","M","?","T","M","M","?","R","?","R","?","M","B"],"character_chosen":"SLIMEBOUND","items_purchased":["Slimebound:Repurpose","Slimebound:Repurpose","expansioncontent:DashGenerateEvil"],"campfire_rested":3,"item_purchase_floors":[3,26,26],"current_hp_per_floor":[71,60,61,61,61,34,34,70,65,65,49,43,47,76,76,59,76,76,72,68,65,57,14,14,16,34,32,32,70,73,79,79,63,79,89,83,68,67,68,68,68,70,77,77,77,77,91,91,79,0,0,0],"gold":209,"neow_bonus":"TEN_PERCENT_HP_BONUS","is_daily":false,"chose_seed":false,"campfire_upgraded":1,"win_rate":0.0,"timestamp":1612755934,"path_taken":["R","M","$","?","M","E","T","R","M","R","M","?","E","?","M","BOSS","R","M","M","M","M","E","T","M","$","?","?","R","M","M","M","BOSS","R","M","M","M","M","?","T","M","M","?","R","?","R","?","M","BOSS"],"items_purchased_type":["Card","Card","Card"],"build_version":"2020-12-22","purchased_purges":0,"victory":false,"max_hp_per_floor":[71,71,71,71,71,71,71,71,71,71,71,71,76,76,76,76,76,76,76,76,76,79,79,79,79,79,79,79,79,79,79,79,79,79,89,89,89,89,89,89,89,89,91,91,91,91,91,91,91,91,91,91],"card_choices":[{"not_picked":["Slimebound:RollThrough","Slimebound:ForwardTackle"],"picked":"Slimebound:LeechEnergy","floor":2},{"not_picked":["Slimebound:TongueLash","Slimebound:WasteNot"],"picked":"Slimebound:ItLooksTasty","floor":3},{"not_picked":["Slimebound:FinishingTackle","Slimebound:AcidTongue"],"picked":"Slimebound:ItLooksTasty","floor":5},{"not_picked":["Slimebound:GoopSpray","Slimebound:BestDefense"],"picked":"Slimebound:LivingWall","floor":6},{"not_picked":["Slimebound:Grow","Slimebound:SamplingLick"],"picked":"Slimebound:SplitLeeching","floor":9},{"not_picked":["Slimebound:HauntingLick","Slimebound:DisruptingSlam"],"picked":"Slimebound:Equalize","floor":11},{"not_picked":["Slimebound:Nibble","Slimebound:PressTheAttack"],"picked":"Slimebound:Grow","floor":12},{"not_picked":["Slimebound:MassFeed","Slimebound:SplitAcid"],"picked":"Slimebound:LevelUp","floor":13},{"not_picked":["Slimebound:RollThrough","Slimebound:SamplingLick"],"picked":"Slimebound:Prepare","floor":15},{"not_picked":["Slimebound:SlimeSlap","Slimebound:OozeBath"],"picked":"Slimebound:MassFeed","floor":16},{"not_picked":["Slimebound:ProtectTheBoss+1","Slimebound:GoopTackle"],"picked":"Slimebound:LeechingTouch","floor":19},{"not_picked":["Slimebound:ComboTackle","Slimebound:TongueLash"],"picked":"Slimebound:HauntingLick+1","floor":20},{"not_picked":["Slimebound:GoopTackle+1","Slimebound:ForwardTackle"],"picked":"Slimebound:SplitAcid","floor":21},{"not_picked":["Slimebound:RejuvenatingLick","Slimebound:SlimeTap"],"picked":"Slimebound:MassRepurpose","floor":22},{"not_picked":["Slimebound:FinishingTackle","Slimebound:SlimeBrawl"],"picked":"Slimebound:SplitAcid+1","floor":23},{"not_picked":["Slimebound:ViciousTackle","Slimebound:SlimeBarrage","Slimebound:FormOfPuddle"],"picked":"SKIP","floor":25},{"not_picked":["Slimebound:GoopTackle","Slimebound:MegaLick+1"],"picked":"Slimebound:Equalize","floor":26},{"not_picked":["Slimebound:Nibble","Slimebound:SlimeTap"],"picked":"Slimebound:GoopSpray+1","floor":27},{"not_picked":["Slimebound:SplitAcid","Slimebound:DisruptingSlam"],"picked":"Slimebound:LivingWall","floor":30},{"not_picked":["Slimebound:LeechEnergy","Slimebound:PressTheAttack"],"picked":"Slimebound:LeadByExample","floor":31},{"not_picked":["Slimebound:GoopSpray","Slimebound:ComboTackle"],"picked":"Slimebound:SlimeTap+1","floor":32},{"not_picked":["Slimebound:DuplicatedForm","Slimebound:SlimeSlap"],"picked":"Slimebound:OozeBath","floor":33},{"not_picked":["Slimebound:RollThrough","Slimebound:FinishingTackle"],"picked":"Slimebound:SplitAcid+1","floor":36},{"not_picked":["Slimebound:PressTheAttack+1","Slimebound:ViciousTackle"],"picked":"Slimebound:SplitBruiser","floor":37},{"not_picked":["Slimebound:RejuvenatingLick","Slimebound:SplitMire+1","Slimebound:SplitBruiser"],"picked":"SKIP","floor":38},{"not_picked":["Slimebound:HauntingLick","Slimebound:Gluttony","Slimebound:DisruptingSlam"],"picked":"SKIP","floor":39},{"not_picked":["Slimebound:LeechEnergy+1","Slimebound:SlimeBrawl+1"],"picked":"Slimebound:LeechLife","floor":42},{"not_picked":["Slimebound:LivingWall+1","Slimebound:Dissolve+1","Slimebound:SplitMire+1"],"picked":"Singing Bowl","floor":43},{"not_picked":["Slimebound:Schlurp+1","Slimebound:GrowthPunch+1"],"picked":"Slimebound:LeadByExample","floor":49}],"player_experience":212470,"relics_obtained":[{"floor":6,"key":"Regal Pillow"},{"floor":7,"key":"reliquary:Stiletto"},{"floor":13,"key":"Blood Vial"},{"floor":17,"key":"Orichalcum"},{"floor":17,"key":"Mercury Hourglass"},{"floor":17,"key":"Girya"},{"floor":23,"key":"Replay:Bandana"},{"floor":40,"key":"Bag of Marbles"},{"floor":41,"key":"Singing Bowl"},{"floor":44,"key":"Ring of Hypnosis"},{"floor":44,"key":"Ring of Chaos"}],"event_choices":[{"cards_removed":["Slimebound:Grow"],"damage_healed":29,"gold_gain":0,"player_choice":"Offered Uncommon","damage_taken":0,"max_hp_gain":0,"max_hp_loss":0,"event_name":"Bonfire Elementals","floor":14,"gold_loss":0},{"damage_healed":0,"gold_gain":0,"player_choice":"Read","damage_taken":0,"max_hp_gain":0,"max_hp_loss":0,"event_name":"The Library","floor":28,"gold_loss":0,"cards_obtained":["Slimebound:LevelUp"]},{"cards_removed":["Slimebound:Tackle"],"damage_healed":0,"gold_gain":0,"player_choice":"Removed Attack","damage_taken":0,"max_hp_gain":0,"max_hp_loss":0,"event_name":"Falling","floor":48,"gold_loss":0}],"is_beta":false,"boss_relics":[{"not_picked":["reliquary:Craggleroot","Black Star"],"picked":"Calling Bell"},{"not_picked":["ChewingGum","Replay:Bronze Core"],"picked":"reliquary:RedPaperclip"}],"items_purged_floors":[],"is_endless":false,"potions_floor_spawned":[6,9,11,12,13,16,22,23,25,27,31,32,36,42,43],"killed_by":"DF_ARCHETYPE_ORBS","ascension_level":0}}