{"host":"v3qphhcqhwfpabne","time":1612789230,"event":{"mods":["100% Spire Juice","2.2 Compatiblity","AchievementEnabler","BaseMod","CapriCore","DeckTracker","KinomotoSakuraMod(ÙÊñýÜâ?)","Koishi","Marisa£¨Ùöéë¡¡Øª×âÞÞ£©","Minty Spire (QoL Compilation)","Permanent Neow","Prisma Mod","StSLib","Td1madao Mod","The Bug Knight","The Cursed","The Immortal","The Runesmith","WarShipGirlsR/??á´Ò³R mod"],"gold_per_floor":[13,23,40,58,58,58,18,18,18,18,18,29,39,56,56,400,450,470,485,259,276,276,276,276],"floor_reached":23,"language":"KOR","playtime":881,"items_purged":["Strike_R"],"score":204,"play_id":"fdcb63ea-7bc8-4ce1-a587-cbf9f7f879c9","local_time":"20210208220030","is_ascension_mode":true,"campfire_choices":[{"data":"Apotheosis","floor":6,"key":"SMITH"},{"data":"Dual Wield","floor":8,"key":"SMITH"},{"data":"Whirlwind","floor":11,"key":"SMITH"},{"data":"Bloodletting","floor":15,"key":"SMITH"}],"circlet_count":0,"master_deck":["Strike_R","Strike_R","Strike_R","Strike_R","Defend_R","Defend_R","Defend_R+1","Defend_R","Bash","Apotheosis+1","Headbutt","Whirlwind+1","Headbutt","Dual Wield+1","Bloodletting+1","Bludgeon","Armaments","Headbutt+1"],"relics":["Burning Blood","InkBottle","HollowMod:StagPassRelic","Tiny House","Orrery"],"acts_visited":["Exordium","TheCity"],"potions_floor_usage":[16,16,21,23],"damage_taken":[{"damage":6,"enemies":"Cultist","floor":1,"turns":3},{"damage":0,"enemies":"Small Slimes","floor":2,"turns":3},{"damage":6,"enemies":"2 Louse","floor":3,"turns":2},{"damage":38,"enemies":"Large Slime","floor":4,"turns":5},{"damage":12,"enemies":"Exordium Wildlife","floor":12,"turns":2},{"damage":7,"enemies":"Looter","floor":13,"turns":4},{"damage":0,"enemies":"Gremlin Gang","floor":14,"turns":1},{"damage":44,"enemies":"Hexaghost","floor":16,"turns":10},{"damage":38,"enemies":"Shell Parasite","floor":18,"turns":5},{"damage":25,"enemies":"3 Byrds","floor":19,"turns":4},{"damage":36,"enemies":"Snecko","floor":21,"turns":6},{"damage":17,"enemies":"Book of Stabbing","floor":23,"turns":4}],"seed_played":"-1130276916770093307","potions_obtained":[{"floor":1,"key":"LiquidMemories"},{"floor":12,"key":"LiquidBronze"},{"floor":16,"key":"Strength Potion"},{"floor":17,"key":"BlessingOfTheForge"},{"floor":18,"key":"Dexterity Potion"},{"floor":19,"key":"Regen Potion"}],"is_trial":false,"path_per_floor":["M","M","M","M","T","R","$","R","T","?","R","M","M","M","R","B",null,"M","M","$","M","?","E"],"character_chosen":"IRONCLAD","items_purchased":["Dual Wield","Orrery"],"campfire_rested":0,"item_purchase_floors":[7,20],"current_hp_per_floor":[80,80,80,48,48,48,48,48,48,48,48,42,41,47,47,9,85,53,34,34,16,16,0,0],"gold":276,"neow_bonus":"RANDOM_COLORLESS_2","is_daily":false,"chose_seed":false,"campfire_upgraded":4,"win_rate":0.0,"timestamp":1612789230,"path_taken":["M","M","M","M","?","R","?","R","T","?","R","M","M","M","R","BOSS","M","M","$","M","?","E"],"items_purchased_type":["Card","Relic"],"build_version":"2020-12-22","purchased_purges":1,"victory":false,"max_hp_per_floor":[80,80,80,80,80,80,80,80,80,80,80,80,80,80,80,80,85,85,85,85,85,85,85,85],"card_choices":[{"not_picked":["Magnetism","Secret Weapon"],"picked":"Apotheosis","floor":0},{"not_picked":["Ghostly Armor","Body Slam"],"picked":"Headbutt","floor":1},{"not_picked":["Bloodletting","Heavy Blade"],"picked":"Whirlwind","floor":2},{"not_picked":["Shrug It Off","Anger"],"picked":"Headbutt","floor":3},{"not_picked":["Pommel Strike","Armaments","Entrench"],"picked":"SKIP","floor":4},{"not_picked":["Reckless Charge","Shrug It Off","Power Through"],"picked":"SKIP","floor":12},{"not_picked":["Cleave","Shrug It Off"],"picked":"Bloodletting","floor":13},{"not_picked":["Armaments","Reckless Charge","Whirlwind"],"picked":"SKIP","floor":14},{"not_picked":["Immolate","Fiend Fire"],"picked":"Bludgeon","floor":16},{"not_picked":["Clothesline","Bloodletting"],"picked":"Armaments","floor":17},{"not_picked":["Carnage","Iron Wave","Clothesline"],"picked":"SKIP","floor":18},{"not_picked":["Clash","Iron Wave"],"picked":"Headbutt+1","floor":19},{"not_picked":["Second Wind","Blood for Blood+1","Flex"],"picked":"SKIP","floor":21}],"player_experience":112900,"relics_obtained":[{"floor":5,"key":"InkBottle"},{"floor":9,"key":"HollowMod:StagPassRelic"}],"event_choices":[{"damage_healed":0,"gold_gain":0,"player_choice":"Ignored","damage_taken":0,"max_hp_gain":0,"max_hp_loss":0,"event_name":"Shining Light","floor":10,"gold_loss":0},{"damage_healed":0,"gold_gain":0,"player_choice":"Ignored","damage_taken":0,"max_hp_gain":0,"max_hp_loss":0,"event_name":"Vampires","floor":22,"gold_loss":0}],"is_beta":false,"boss_relics":[{"not_picked":["Empty Cage","SacredBark"],"picked":"Tiny House"}],"items_purged_floors":[20],"is_endless":false,"potions_floor_spawned":[1,12,16,18,19],"killed_by":"Book of Stabbing","ascension_level":2}}