{"host":"jx3f6ezc0g3s9edc","time":1612749608,"event":{"mods":["AchievementEnabler","BaseMod","Bestiary","Colored Map","Highlight Path","Minty Spire (QoL Compilation)","StSLib"],"gold_per_floor":[119,132,207,207,225,225,225,225,225,225,245,277,291,291,291,393,393,409,423,522,550,209,38,38,52,52,85,96,96,109,109,109,214,214,228,247,100,117,72,72,88,88,112,31,50,50,60,60,60,60,60],"floor_reached":50,"language":"ENG","playtime":3289,"items_purged":["Strike_G","Strike_G"],"score":512,"play_id":"20eeae66-911c-4128-b7cc-42a9157b0eaf","local_time":"20210207210008","is_ascension_mode":false,"campfire_choices":[{"data":"Deadly Poison","floor":6.0,"key":"SMITH"},{"data":"Neutralize","floor":8.0,"key":"SMITH"},{"data":"Poisoned Stab","floor":10.0,"key":"SMITH"},{"data":"Dagger Spray","floor":15.0,"key":"SMITH"},{"data":"Apotheosis","floor":24.0,"key":"SMITH"},{"floor":29.0,"key":"REST"},{"floor":32.0,"key":"REST"},{"data":"Footwork","floor":40.0,"key":"SMITH"},{"floor":42.0,"key":"REST"},{"floor":46,"key":"REST"},{"floor":49,"key":"REST"}],"circlet_count":0,"master_deck":["Strike_G","Strike_G","Strike_G","Defend_G","Defend_G","Defend_G","Defend_G","Defend_G","Survivor","Neutralize+1","Deadly Poison+1","Poisoned Stab+1","Prepared+1","Dagger Spray+1","Catalyst","Well Laid Plans","Die Die Die","Predator","Apotheosis+1","Footwork+1","Catalyst","PiercingWail+1","Envenom","Dash+1","Blur","Deadly Poison+1","Malaise","Prepared","Acrobatics","Poisoned Stab+1","Dodge and Roll+1","Bouncing Flask","Madness","Madness"],"relics":["Ring of the Snake","NeowsBlessing","The Specimen","Mercury Hourglass","Ninja Scroll","Philosopher\u0027s Stone","Red Mask","Oddly Smooth Stone","Molten Egg 2","Sozu","Blood Vial"],"acts_visited":["Exordium","TheCity","TheBeyond"],"potions_floor_usage":[50,50,50],"damage_taken":[{"damage":0.0,"enemies":"2 Louse","floor":1.0,"turns":1.0},{"damage":0.0,"enemies":"Jaw Worm","floor":2.0,"turns":1.0},{"damage":0.0,"enemies":"Cultist","floor":5.0,"turns":1.0},{"damage":6.0,"enemies":"3 Louse","floor":11.0,"turns":3.0},{"damage":24.0,"enemies":"Gremlin Nob","floor":12.0,"turns":4.0},{"damage":0.0,"enemies":"Looter","floor":13.0,"turns":2.0},{"damage":0.0,"enemies":"Slime Boss","floor":16.0,"turns":6.0},{"damage":14.0,"enemies":"Shell Parasite","floor":18.0,"turns":4.0},{"damage":18.0,"enemies":"2 Thieves","floor":19.0,"turns":3.0},{"damage":7.0,"enemies":"Masked Bandits","floor":21.0,"turns":3.0},{"damage":9.0,"enemies":"Sentry and Sphere","floor":25.0,"turns":4.0},{"damage":12.0,"enemies":"Slavers","floor":27.0,"turns":4.0},{"damage":0.0,"enemies":"Snake Plant","floor":28.0,"turns":4.0},{"damage":0.0,"enemies":"Centurion and Healer","floor":30.0,"turns":4.0},{"damage":33.0,"enemies":"Automaton","floor":33.0,"turns":9.0},{"damage":0.0,"enemies":"3 Shapes","floor":35.0,"turns":3.0},{"damage":0.0,"enemies":"Orb Walker","floor":36.0,"turns":3.0},{"damage":0.0,"enemies":"Maw","floor":38.0,"turns":6.0},{"damage":29.0,"enemies":"Writhing Mass","floor":41.0,"turns":6.0},{"damage":27,"enemies":"Sphere and 2 Shapes","floor":45,"turns":7},{"damage":23,"enemies":"Spire Growth","floor":47,"turns":6},{"damage":64,"enemies":"Awakened One","floor":50,"turns":9}],"seed_played":"477477627484465786","potions_obtained":[{"floor":13.0,"key":"LiquidMemories"},{"floor":16.0,"key":"EssenceOfSteel"},{"floor":18.0,"key":"LiquidBronze"},{"floor":25.0,"key":"Weak Potion"},{"floor":33.0,"key":"PowerPotion"}],"is_trial":false,"path_per_floor":["M","M","?","T","M","R","?","R","T","R","M","E","M","?","R","B",null,"M","M","?","?","$","$","R","M","T","E","M","R","M","?","R","B",null,"M","M","$","M","$","R","M","R","T","$","M","R","M","?","R","B"],"character_chosen":"THE_SILENT","items_purchased":["Apotheosis","Footwork","Catalyst","Blood Vial","Poisoned Stab+1","Bouncing Flask"],"campfire_rested":5,"item_purchase_floors":[22,22,23,37,39,44],"current_hp_per_floor":[70,70,59,59,59,59,59,59,59,59,53,29,29,29,29,29,70,56,38,38,31,31,31,31,22,22,10,10,31,31,31,52,19,70,70,70,70,70,70,70,41,62,62,62,37,58,37,28,49,0,0],"gold":60,"neow_bonus":"THREE_ENEMY_KILL","is_daily":false,"chose_seed":false,"campfire_upgraded":6,"win_rate":0.0,"timestamp":1612749608,"path_taken":["M","M","?","?","M","R","?","R","T","R","M","E","?","?","R","BOSS","M","M","?","?","?","$","R","M","T","E","M","R","M","?","R","BOSS","M","?","$","M","?","R","?","R","T","$","M","R","M","?","R","BOSS"],"items_purchased_type":["Card","Card","Card","Relic","Card","Card"],"build_version":"2020-12-22","purchased_purges":2,"victory":false,"max_hp_per_floor":[70,70,70,70,70,70,70,70,70,70,70,70,70,70,70,70,70,70,70,70,70,70,70,70,70,70,70,70,70,70,70,70,70,70,70,70,70,70,70,70,70,70,70,70,70,70,70,70,70,70,70],"card_choices":[{"not_picked":["Sucker Punch","Acrobatics"],"picked":"Deadly Poison","floor":1.0},{"not_picked":["Acrobatics","Setup"],"picked":"Poisoned Stab","floor":2.0},{"not_picked":["Quick Slash","Eviscerate"],"picked":"Prepared","floor":5.0},{"not_picked":["Heel Hook","Masterful Stab"],"picked":"Dagger Spray","floor":11.0},{"not_picked":["Dash","Blur"],"picked":"Catalyst","floor":12.0},{"not_picked":["Choke","Dash"],"picked":"Well Laid Plans","floor":13.0},{"not_picked":["Corpse Explosion","After Image"],"picked":"Die Die Die","floor":16.0},{"not_picked":["Prepared","Flying Knee"],"picked":"Predator","floor":18.0},{"not_picked":["Dagger Throw","Well Laid Plans","Setup"],"picked":"SKIP","floor":19.0},{"not_picked":["Underhanded Strike","Poisoned Stab"],"picked":"PiercingWail+1","floor":25.0},{"not_picked":["Blade Dance+1","Choke+1"],"picked":"Envenom","floor":27.0},{"not_picked":["Underhanded Strike+1","Bane+1"],"picked":"Dash+1","floor":28.0},{"not_picked":["Prepared","Caltrops"],"picked":"Blur","floor":30.0},{"not_picked":["Storm of Steel","Tools of the Trade"],"picked":"Malaise","floor":33.0},{"not_picked":["Quick Slash+1","Cloak And Dagger+1"],"picked":"Prepared","floor":35.0},{"not_picked":["Blade Dance+1","Deflect+1"],"picked":"Acrobatics","floor":36.0},{"not_picked":["Deflect+1","PiercingWail+1","Tools of the Trade"],"picked":"SKIP","floor":38.0},{"not_picked":["Terror","Heel Hook+1"],"picked":"Dodge and Roll+1","floor":41.0},{"not_picked":["Deflect+1","PiercingWail","Slice+1"],"picked":"SKIP","floor":45},{"not_picked":["Caltrops+1","Tactician+1","Blade Dance+1"],"picked":"SKIP","floor":47}],"player_experience":833416,"relics_obtained":[{"floor":4.0,"key":"The Specimen"},{"floor":9.0,"key":"Mercury Hourglass"},{"floor":12.0,"key":"Ninja Scroll"},{"floor":21.0,"key":"Red Mask"},{"floor":26.0,"key":"Oddly Smooth Stone"},{"floor":27.0,"key":"Molten Egg 2"}],"event_choices":[{"damage_healed":0.0,"max_hp_gain":0.0,"max_hp_loss":0.0,"gold_gain":75.0,"event_name":"World of Goop","player_choice":"Gather Gold","floor":3.0,"gold_loss":0.0,"damage_taken":11.0},{"damage_healed":0.0,"max_hp_gain":0.0,"max_hp_loss":0.0,"gold_gain":0.0,"event_name":"Accursed Blacksmith","player_choice":"Forge","floor":7.0,"gold_loss":0.0,"damage_taken":0.0,"cards_upgraded":["Prepared"]},{"damage_healed":0.0,"max_hp_gain":0.0,"max_hp_loss":0.0,"gold_gain":0.0,"event_name":"Liars Game","player_choice":"Ignored","floor":14.0,"gold_loss":0.0,"damage_taken":0.0},{"damage_healed":0.0,"max_hp_gain":0.0,"max_hp_loss":0.0,"gold_gain":99.0,"event_name":"Nest","player_choice":"Stole From Cult","floor":20.0,"gold_loss":0.0,"damage_taken":0.0},{"damage_healed":0.0,"max_hp_gain":0.0,"max_hp_loss":0.0,"gold_gain":0.0,"event_name":"Masked Bandits","player_choice":"Fought Bandits","floor":21.0,"gold_loss":0.0,"damage_taken":0.0},{"damage_healed":0.0,"max_hp_gain":0.0,"max_hp_loss":0.0,"gold_gain":0.0,"event_name":"Duplicator","player_choice":"Copied","floor":31.0,"gold_loss":0.0,"damage_taken":0.0,"cards_obtained":["Deadly Poison"]},{"damage_healed":0,"gold_gain":0,"player_choice":"Embrace Madness","damage_taken":9,"max_hp_gain":0,"max_hp_loss":0,"event_name":"Winding Halls","floor":48,"gold_loss":0,"cards_obtained":["Madness","Madness"]}],"is_beta":false,"boss_relics":[{"not_picked":["SacredBark","Snecko Eye"],"picked":"Philosopher\u0027s Stone"},{"not_picked":["Fusion Hammer","Busted Crown"],"picked":"Sozu"}],"items_purged_floors":[22,23],"is_endless":false,"potions_floor_spawned":[13,16,18,25,27,33,35,38,41,47],"killed_by":"Awakened One","ascension_level":0}}