{"host":"e1pm3b7xpcm97e5w","time":1612814846,"event":{"mods":["BaseMod","Better Skull","Googly Eyes","Minty Spire (QoL Compilation)","Relic Stats","Shop Mod","Spicy Shops","StSLib"],"gold_per_floor":[119,69,80,80,80,80,110,110,137,167,182,201,228,228,228,305,305,294,313,313,313],"floor_reached":20,"language":"ENG","playtime":661,"items_purged":[],"score":326,"play_id":"084f4f3c-beca-426c-8415-6aafda48cb8b","local_time":"20210208150726","is_ascension_mode":true,"campfire_choices":[{"floor":6.0,"key":"REST"},{"data":"Eruption","floor":8.0,"key":"SMITH"},{"data":"TalkToTheHand","floor":15.0,"key":"SMITH"}],"circlet_count":0,"master_deck":["AscendersBane","Strike_P","Strike_P","Strike_P","Strike_P","Defend_P+1","Defend_P","Defend_P","Eruption+1","Vigilance","Secret Weapon","Consecrate","WindmillStrike","CutThroughFate","TalkToTheHand+1","CutThroughFate","PathToVictory","JustLucky","Decay","LessonLearned","EmptyFist","ThirdEye+1"],"relics":["PureWater","Bottled Lightning","PreservedInsect","Art of War","Singing Bowl","Black Star"],"acts_visited":["Exordium","TheCity"],"potions_floor_usage":[],"damage_taken":[{"damage":0.0,"enemies":"Small Slimes","floor":1.0,"turns":2.0},{"damage":12.0,"enemies":"Jaw Worm","floor":3.0,"turns":4.0},{"damage":12.0,"enemies":"3 Sentries","floor":7.0,"turns":4.0},{"damage":7.0,"enemies":"Lagavulin","floor":10.0,"turns":3.0},{"damage":0.0,"enemies":"Cultist","floor":11.0,"turns":2.0},{"damage":0.0,"enemies":"Blue Slaver","floor":12.0,"turns":3.0},{"damage":2.0,"enemies":"3 Sentries","floor":13.0,"turns":3.0},{"damage":25.0,"enemies":"Hexaghost","floor":16.0,"turns":9.0},{"damage":21,"enemies":"2 Thieves","floor":18,"turns":4},{"damage":8,"enemies":"Chosen","floor":19,"turns":6},{"damage":19,"enemies":"Snecko","floor":20,"turns":5}],"seed_played":"-3690674906437277025","potions_obtained":[{"floor":3.0,"key":"Swift Potion"},{"floor":11.0,"key":"PowerPotion"},{"floor":12.0,"key":"LiquidBronze"},{"floor":19,"key":"Ambrosia"}],"is_trial":false,"path_per_floor":["M","?","M","$","?","R","E","R","T","E","M","M","E","?","R","B",null,"M","M","M"],"character_chosen":"WATCHER","items_purchased":[],"campfire_rested":1,"item_purchase_floors":[],"current_hp_per_floor":[43,43,31,31,31,51,39,39,39,32,32,32,30,30,30,5,52,31,23,4,4],"gold":313,"neow_bonus":"RANDOM_COLORLESS_2","is_daily":false,"chose_seed":false,"campfire_upgraded":2,"win_rate":0.0,"timestamp":1612814846,"path_taken":["M","?","M","$","?","R","E","R","T","E","M","M","E","?","R","BOSS","M","M","M"],"items_purchased_type":[],"build_version":"2020-12-22","purchased_purges":0,"victory":false,"max_hp_per_floor":[68,68,68,68,68,68,68,68,68,68,68,68,68,68,68,68,68,68,68,68,68],"relic_stats":{"Singing Bowl":0,"counters":[11,45],"PreservedInsect":63,"Art of War":[1],"Black Star":0,"obtain_stats":[{"Singing Bowl":13,"PreservedInsect":9,"Art of War":10,"Black Star":17,"Bottled Lightning":7,"PureWater":0},{"Singing Bowl":7,"PreservedInsect":3,"Art of War":4,"Black Star":8,"Bottled Lightning":3,"PureWater":0},{"Singing Bowl":21,"PreservedInsect":10,"Art of War":13,"Black Star":30,"Bottled Lightning":10,"PureWater":0}]},"card_choices":[{"not_picked":["Thinking Ahead","Chrysalis"],"picked":"Secret Weapon","floor":0.0},{"not_picked":["EmptyBody","FlyingSleeves"],"picked":"Consecrate","floor":1.0},{"not_picked":["EmptyMind","Evaluate"],"picked":"WindmillStrike","floor":3.0},{"not_picked":["Protect","EmptyBody"],"picked":"CutThroughFate","floor":7.0},{"not_picked":["Wish","ReachHeaven"],"picked":"TalkToTheHand","floor":10.0},{"not_picked":["SignatureMove","EmptyFist"],"picked":"CutThroughFate","floor":11.0},{"not_picked":["EmptyFist","FollowUp"],"picked":"PathToVictory","floor":12.0},{"not_picked":["Consecrate","CrushJoints"],"picked":"JustLucky","floor":13.0},{"not_picked":["Blasphemy","DeusExMachina"],"picked":"LessonLearned","floor":16.0},{"not_picked":["EmptyBody","Sanctity"],"picked":"EmptyFist","floor":18},{"not_picked":["Pray","Halt+1"],"picked":"ThirdEye+1","floor":19}],"player_experience":714410,"relics_obtained":[{"floor":7.0,"key":"Bottled Lightning"},{"floor":9.0,"key":"PreservedInsect"},{"floor":10.0,"key":"Art of War"},{"floor":13.0,"key":"Singing Bowl"}],"event_choices":[{"cards_removed":["Defend_P"],"damage_healed":0.0,"max_hp_gain":0.0,"max_hp_loss":0.0,"gold_gain":0.0,"event_name":"The Cleric","player_choice":"Card Removal","floor":2.0,"gold_loss":50.0,"damage_taken":0.0},{"damage_healed":0.0,"max_hp_gain":0.0,"max_hp_loss":0.0,"gold_gain":0.0,"event_name":"Liars Game","player_choice":"Ignored","floor":5.0,"gold_loss":0.0,"damage_taken":0.0},{"damage_healed":0.0,"max_hp_gain":0.0,"max_hp_loss":0.0,"gold_gain":0.0,"event_name":"Wheel of Change","player_choice":"Cursed","floor":14.0,"gold_loss":0.0,"damage_taken":0.0,"cards_obtained":["Decay"]}],"is_beta":false,"boss_relics":[{"not_picked":["SacredBark","Astrolabe"],"picked":"Black Star"}],"items_purged_floors":[],"is_endless":false,"potions_floor_spawned":[3,11,12,19],"killed_by":"Snecko","ascension_level":14}}