{"host":"v3oldak69fx1zt0p","time":1612758310,"event":{"mods":["BaseMod","Downfall","Hermit","Minty Spire (QoL Compilation)","Quick Restart","StSLib","The Cursed","Waifu the Spire","noobMod"],"gold_per_floor":[112,126,126,126,141,175,211,135,135,135,216,231,231,231,231,357,357,376,376,391,21,36,36,36,36,109,120,20,20,52,69,69,173,173,187,187,13,13,27,57,5,5,5,5,21,57,133,133,133,133],"floor_reached":51,"language":"ENG","playtime":2417,"items_purged":["champ:GladiatorForm","bronze:Verify","hexamod:HexaLevel"],"score":976,"play_id":"3440642b-e9f3-4358-b1cf-5182974f1140","local_time":"20210207222510","daily_mods":["Heirloom","Flight","Cursed Run"],"is_ascension_mode":false,"campfire_choices":[{"data":"DevaForm","floor":10,"key":"SMITH"},{"data":"Echo Form","floor":15,"key":"SMITH"},{"data":"Slimebound:DuplicatedForm","floor":23,"key":"SMITH"},{"data":"TheCursedMod:VoidForm","floor":32,"key":"SMITH"},{"data":"1","floor":42,"key":"LIFT"},{"data":"2","floor":44,"key":"LIFT"},{"data":"3","floor":49,"key":"LIFT"}],"circlet_count":0,"master_deck":["Demon Form","Wraith Form v2","Echo Form+1","DevaForm+1","Guardian:ConstructionForm","Slimebound:DuplicatedForm+1","TheCursedMod:Strike_TheCursed","TheCursedMod:Strike_TheCursed","TheCursedMod:Strike_TheCursed","TheCursedMod:Defend_TheCursed","TheCursedMod:Defend_TheCursed+1","TheCursedMod:Defend_TheCursed","TheCursedMod:Defend_TheCursed","TheCursedMod:CursedWand","TheCursedMod:CleanUpWorkshop+1","TheCursedMod:Dregs","TheCursedMod:BlessingInDisguise","TheCursedMod:SaltUponWound","Injury","TheCursedMod:Stigma","TheCursedMod:CircleOfFocus","TheCursedMod:CursedBoomerang","TheCursedMod:Hemoplague","downfall:Bewildered","TheCursedMod:SaltUponWound","TheCursedMod:HellfireBreathing","Parasite","Regret","TheCursedMod:OutForBlood","TheCursedMod:VitalStrike","TheCursedMod:CursedBlade","TheCursedMod:CursedShiv","Slimebound:CheckThePlaybook","downfall:Icky","Clumsy","TheCursedMod:Torture","TheCursedMod:VoidForm+1","TheCursedMod:Torture","Parasite","TheCursedMod:OutForBlood","TheCursedMod:CursedAmulet+1","Jack Of All Trades","Madness","Madness","TheCursedMod:LuckyCharm+1","TheCursedMod:LuckyCharm+1","downfall:Haunted","TheCursedMod:CircleOfCorruption","Regret","Writhe","downfall:Bewildered"],"relics":["Cursed Key","Darkstone Periapt","Du-Vu Doll","ice","CaptainsWheel","Bloody Idol","War Paint","Gambling Chip","Toy Ornithopter","TheCursedMod:BloodyHarpoon","Anchor","Shuriken","Coffee Dripper","MutagenicStrength","Ginger","White Beast Statue","Bottled Tornado","TheCursedMod:OminousMark","Girya","Question Card","Kunai"],"acts_visited":["Exordium","TheCity","TheBeyond"],"potions_floor_usage":[6,7,18,27,30,33,39,40,45,45,46,50],"damage_taken":[{"damage":41,"enemies":"2 Louse","floor":1,"turns":4},{"damage":1,"enemies":"Cultist","floor":2,"turns":5},{"damage":22,"enemies":"Small Slimes","floor":5,"turns":4},{"damage":15,"enemies":"Gremlin Nob","floor":6,"turns":4},{"damage":0,"enemies":"Lagavulin","floor":7,"turns":5},{"damage":18,"enemies":"Lagavulin Event","floor":11,"turns":5},{"damage":15,"enemies":"Looter","floor":12,"turns":3},{"damage":20,"enemies":"Slime Boss","floor":16,"turns":6},{"damage":38,"enemies":"3 Byrds","floor":18,"turns":4},{"damage":15,"enemies":"2 Thieves","floor":20,"turns":3},{"damage":16,"enemies":"Centurion and Healer","floor":22,"turns":5},{"damage":4,"enemies":"3 Cultists","floor":27,"turns":4},{"damage":25,"enemies":"Gremlin Leader","floor":30,"turns":4},{"damage":0,"enemies":"Snecko","floor":31,"turns":4},{"damage":16,"enemies":"Automaton","floor":33,"turns":7},{"damage":5,"enemies":"Orb Walker","floor":35,"turns":4},{"damage":23,"enemies":"3 Darklings","floor":39,"turns":5},{"damage":77,"enemies":"Giant Head","floor":40,"turns":8},{"damage":0,"enemies":"Maw","floor":45,"turns":4},{"damage":22,"enemies":"Spire Growth","floor":46,"turns":5},{"damage":87,"enemies":"Donu and Deca","floor":50,"turns":6}],"seed_played":"8929293561157395845","potions_obtained":[{"floor":5,"key":"champ:CounterPotion"},{"floor":6,"key":"EssenceOfSteel"},{"floor":7,"key":"FairyPotion"},{"floor":16,"key":"Explosive Potion"},{"floor":22,"key":"PowerPotion"},{"floor":27,"key":"sneckomod:MuddlingPotion"},{"floor":30,"key":"Energy Potion"},{"floor":31,"key":"SteroidPotion"},{"floor":33,"key":"FearPotion"},{"floor":39,"key":"champ:CounterPotion"},{"floor":40,"key":"DuplicationPotion"},{"floor":45,"key":"BlessingOfTheForge"},{"floor":46,"key":"Strength Potion"}],"is_trial":true,"path_per_floor":["M","M","?","?","M","E","E","$","T","R","?","M","?","?","R","B",null,"M","?","M","$","M","R","?","?","T","M","$","?","E","M","R","B",null,"M","?","$","?","M","E","$","R","T","R","M","M","T","?","R","B",null],"character_chosen":"THE_CURSED","items_purchased":["TheCursedMod:Hemoplague","Ginger","sneckomod:MuddlingPotion","PowerPotion"],"campfire_rested":0,"item_purchase_floors":[8,21,37,41],"current_hp_per_floor":[64,63,69,69,62,62,81,81,87,87,69,69,66,93,93,79,99,76,76,61,61,45,45,45,51,62,68,68,105,90,95,95,95,117,117,117,117,107,94,27,27,27,33,33,48,41,52,90,90,29],"gold":133,"neow_bonus":"","is_daily":false,"chose_seed":false,"campfire_upgraded":4,"win_rate":0.0,"timestamp":1612758310,"path_taken":["M","M","?","?","?","E","E","$","T","R","?","M","?","?","R","BOSS","M","?","M","$","M","R","?","?","T","M","?","?","E","?","R","BOSS","M","?","$","?","M","E","?","R","T","R","M","?","?","?","R","BOSS"],"items_purchased_type":["Card","Relic","Potion","Potion"],"build_version":"2020-12-22","purchased_purges":3,"victory":true,"max_hp_per_floor":[75,75,81,81,81,81,81,81,87,87,87,87,87,93,93,99,99,99,99,99,99,99,99,99,105,111,111,111,111,111,111,111,117,117,117,117,117,117,117,117,117,117,123,123,123,123,129,135,135,141],"card_choices":[{"not_picked":["TheCursedMod:Stretching","TheCursedMod:Wield"],"picked":"TheCursedMod:BlessingInDisguise","floor":1},{"not_picked":["TheCursedMod:CursedShiv","TheCursedMod:RavingStaff"],"picked":"TheCursedMod:SaltUponWound","floor":2},{"not_picked":["TheCursedMod:SurpriseAttack","TheCursedMod:Wield"],"picked":"TheCursedMod:Stigma","floor":5},{"not_picked":["TheCursedMod:CursedArmor","TheCursedMod:RapidMovement"],"picked":"TheCursedMod:CircleOfFocus","floor":6},{"not_picked":["TheCursedMod:Obscuration","TheCursedMod:SmokeScreen"],"picked":"TheCursedMod:CursedBoomerang","floor":7},{"not_picked":["TheCursedMod:SpitefulPray","TheCursedMod:SoulCrush"],"picked":"TheCursedMod:SaltUponWound","floor":11},{"not_picked":["TheCursedMod:VitalStrike","TheCursedMod:FleshFromBone"],"picked":"TheCursedMod:HellfireBreathing","floor":12},{"not_picked":["TheCursedMod:ManaCirculation","TheCursedMod:DemonicPact"],"picked":"TheCursedMod:OutForBlood","floor":16},{"not_picked":["TheCursedMod:Stretching","TheCursedMod:FleshFromBone"],"picked":"TheCursedMod:VitalStrike","floor":18},{"not_picked":["TheCursedMod:ReleasedStrength","TheCursedMod:SpitefulStrike"],"picked":"TheCursedMod:CursedBlade","floor":20},{"not_picked":["TheCursedMod:Stretching","TheCursedMod:Obscuration+1"],"picked":"TheCursedMod:CursedShiv","floor":22},{"not_picked":["TheCursedMod:CursedAmulet+1","TheCursedMod:CursedBoomerang"],"picked":"TheCursedMod:Torture","floor":27},{"not_picked":["TheCursedMod:Wield","TheCursedMod:RavingStaff+1"],"picked":"TheCursedMod:VoidForm","floor":30},{"not_picked":["TheCursedMod:BlessingInDisguise","TheCursedMod:CursedSpellbook"],"picked":"TheCursedMod:Torture","floor":31},{"not_picked":["TheCursedMod:AntiAging","TheCursedMod:CollectTribute"],"picked":"TheCursedMod:OutForBlood","floor":33},{"not_picked":["TheCursedMod:ManaBullet","TheCursedMod:PrepareRite"],"picked":"TheCursedMod:CursedAmulet+1","floor":35},{"not_picked":["Swift Strike","Madness"],"picked":"Jack Of All Trades","floor":38},{"not_picked":["Dark Shackles","Panacea"],"picked":"Madness","floor":38},{"not_picked":["Forethought","Dark Shackles"],"picked":"Madness","floor":38},{"not_picked":["TheCursedMod:ManaBullet","TheCursedMod:CursedBlade+1"],"picked":"TheCursedMod:LuckyCharm+1","floor":39},{"not_picked":["TheCursedMod:Grudge+1","TheCursedMod:FleshFromBone"],"picked":"TheCursedMod:LuckyCharm+1","floor":40},{"not_picked":["TheCursedMod:RapidMovement+1","TheCursedMod:Obscuration+1","TheCursedMod:SpitefulStrike"],"picked":"TheCursedMod:CircleOfCorruption","floor":45},{"not_picked":["TheCursedMod:SurpriseAttack+1","TheCursedMod:SmokeScreen","TheCursedMod:RavingStaff+1","TheCursedMod:Obscuration+1"],"picked":"SKIP","floor":46}],"player_experience":177652,"relics_obtained":[{"floor":6,"key":"Gambling Chip"},{"floor":7,"key":"Toy Ornithopter"},{"floor":9,"key":"TheCursedMod:BloodyHarpoon"},{"floor":11,"key":"Anchor"},{"floor":26,"key":"White Beast Statue"},{"floor":30,"key":"Bottled Tornado"},{"floor":40,"key":"Girya"},{"floor":43,"key":"Question Card"},{"floor":47,"key":"Kunai"}],"event_choices":[{"damage_healed":0,"gold_gain":0,"player_choice":"Take Wound","damage_taken":0,"relics_obtained":["Golden Idol"],"max_hp_gain":0,"max_hp_loss":0,"event_name":"Golden Idol","floor":3,"gold_loss":0,"cards_obtained":["Injury"]},{"cards_removed":["sneckomod:SerpentMind"],"damage_healed":0,"gold_gain":0,"player_choice":"Gave Card","damage_taken":0,"relics_obtained":["War Paint"],"max_hp_gain":0,"max_hp_loss":0,"event_name":"WeMeetAgain","floor":4,"gold_loss":0},{"damage_healed":0,"gold_gain":0,"player_choice":"Searched \u00271\u0027 times","damage_taken":0,"max_hp_gain":0,"max_hp_loss":0,"event_name":"Dead Adventurer","floor":11,"gold_loss":0},{"damage_healed":0,"gold_gain":0,"player_choice":"Success","damage_taken":3,"relics_obtained":["Shuriken"],"max_hp_gain":0,"max_hp_loss":0,"event_name":"Scrap Ooze","floor":13,"gold_loss":0},{"damage_healed":21,"gold_gain":0,"player_choice":"Healed and dodged fight","damage_taken":0,"max_hp_gain":0,"max_hp_loss":0,"event_name":"Mushrooms","floor":14,"gold_loss":0,"cards_obtained":["Parasite"]},{"damage_healed":0,"gold_gain":0,"player_choice":"Inject Mutagens","damage_taken":0,"relics_obtained":["MutagenicStrength"],"max_hp_gain":0,"max_hp_loss":0,"event_name":"Drug Dealer","floor":19,"gold_loss":0},{"damage_healed":0,"gold_gain":0,"player_choice":"Gave Idol","damage_taken":0,"relics_obtained":["Bloody Idol"],"max_hp_gain":0,"max_hp_loss":0,"event_name":"Forgotten Altar","floor":24,"relics_lost":["Golden Idol"],"gold_loss":0},{"damage_healed":37,"gold_gain":0,"player_choice":"Heal","damage_taken":0,"max_hp_gain":0,"max_hp_loss":0,"event_name":"The Library","floor":29,"gold_loss":0},{"cards_removed":["TheCursedMod:Strike_TheCursed"],"damage_healed":0,"gold_gain":0,"player_choice":"Removed Attack","damage_taken":0,"max_hp_gain":0,"max_hp_loss":0,"event_name":"Falling","floor":36,"gold_loss":0},{"damage_healed":0,"gold_gain":0,"player_choice":"Memory 3","damage_taken":10,"max_hp_gain":0,"max_hp_loss":0,"event_name":"SensoryStone","floor":38,"gold_loss":0},{"damage_healed":32,"gold_gain":0,"player_choice":"Writhe","damage_taken":0,"max_hp_gain":0,"max_hp_loss":0,"event_name":"Winding Halls","floor":48,"gold_loss":0,"cards_obtained":["Writhe"]}],"is_beta":false,"boss_relics":[{"not_picked":["Runic Dome","bronze:MakeshiftBattery"],"picked":"Coffee Dripper"},{"not_picked":["Astrolabe","Tiny House"],"picked":"TheCursedMod:OminousMark"}],"items_purged_floors":[21,28,37],"is_endless":false,"potions_floor_spawned":[5,6,7,16,22,27,30,31,33,35,39,40,45,46],"ascension_level":0}}