{"host":"BK","time":1612773543,"event":{"mods":["BaseMod","Highlight Path","Minty Spire (QoL Compilation)","StSLib"],"gold_per_floor":[110,3,3,53,67,67,100,100,152,164,164,192,192,204,204,277,277,288,23,73,73,86,119,119,444,444,444,70,70,84,111,111,190,190,206,96,116,41,64,64,97,97,97,112,112,3,3,36,36,36,36,36,36,36,65,65,65],"floor_reached":56,"language":"ENG","playtime":2876,"items_purged":["Strike_B","Strike_B","Defend_B"],"score":2005,"play_id":"22e4f257-4967-4ff1-94b4-646939f92083","local_time":"20210208013903","is_ascension_mode":true,"campfire_choices":[{"data":"Ball Lightning","floor":6.0,"key":"SMITH"},{"floor":8.0,"key":"REST"},{"data":"Defragment","floor":13.0,"key":"SMITH"},{"floor":15.0,"key":"REST"},{"floor":24.0,"key":"REST"},{"floor":27.0,"key":"REST"},{"floor":32.0,"key":"REST"},{"floor":40.0,"key":"RECALL"},{"floor":45,"key":"REST"},{"floor":47,"key":"REST"},{"floor":49,"key":"REST"},{"floor":53,"key":"REST"}],"circlet_count":0,"master_deck":["AscendersBane","Defend_B","Defend_B+1","Defend_B","Zap","Defragment+1","Ball Lightning+1","Glacier","Multi-Cast","Sweeping Beam","Redo+1","Core Surge","Hologram+1","Redo+1","FTL","Genetic Algorithm+1","Undo+1","Capacitor","Coolheaded+1","Master of Strategy+1","Cold Snap+1","Turbo+1","Biased Cognition","Consume+1","Seek+1","Barrage","Coolheaded+1","Doom and Gloom"],"relics":["Cracked Core","Tiny Chest","Smiling Mask","Toxic Egg 2","PreservedInsect","Fusion Hammer","Art of War","Orichalcum","Old Coin","Gremlin Horn","White Beast Statue","Bird Faced Urn","Inserter","Omamori","Mercury Hourglass","Pantograph","Anchor","Bottled Tornado"],"acts_visited":["Exordium","TheCity","TheBeyond","TheEnding"],"potions_floor_usage":[41,41,41,48,56,56],"damage_taken":[{"damage":7.0,"enemies":"Jaw Worm","floor":1.0,"turns":3.0},{"damage":5.0,"enemies":"2 Louse","floor":5.0,"turns":3.0},{"damage":20.0,"enemies":"3 Sentries","floor":7.0,"turns":5.0},{"damage":6.0,"enemies":"Cultist","floor":10.0,"turns":3.0},{"damage":15.0,"enemies":"Lagavulin","floor":12.0,"turns":7.0},{"damage":6.0,"enemies":"Looter","floor":14.0,"turns":2.0},{"damage":4.0,"enemies":"The Guardian","floor":16.0,"turns":13.0},{"damage":11.0,"enemies":"3 Byrds","floor":18.0,"turns":4.0},{"damage":0.0,"enemies":"Shell Parasite","floor":22.0,"turns":4.0},{"damage":27.0,"enemies":"Gremlin Leader","floor":23.0,"turns":6.0},{"damage":19.0,"enemies":"Slavers","floor":25.0,"turns":4.0},{"damage":0.0,"enemies":"Snecko","floor":30.0,"turns":6.0},{"damage":8.0,"enemies":"Book of Stabbing","floor":31.0,"turns":6.0},{"damage":42.0,"enemies":"Collector","floor":33.0,"turns":19.0},{"damage":0.0,"enemies":"Orb Walker","floor":35.0,"turns":3.0},{"damage":17.0,"enemies":"3 Shapes","floor":37.0,"turns":5.0},{"damage":0,"enemies":"Reptomancer","floor":41,"turns":5},{"damage":0,"enemies":"Maw","floor":44,"turns":8},{"damage":17,"enemies":"Nemesis","floor":48,"turns":7},{"damage":17,"enemies":"Time Eater","floor":50,"turns":17},{"damage":23,"enemies":"Awakened One","floor":51,"turns":14},{"damage":61,"enemies":"Shield and Spear","floor":55,"turns":8},{"damage":46,"enemies":"The Heart","floor":56,"turns":3}],"seed_played":"-6608659058613650397","potions_obtained":[{"floor":1.0,"key":"PowerPotion"},{"floor":7.0,"key":"Dexterity Potion"},{"floor":25.0,"key":"PotionOfCapacity"},{"floor":33.0,"key":"EntropicBrew"},{"floor":41,"key":"BlessingOfTheForge"},{"floor":48,"key":"PotionOfCapacity"}],"is_trial":false,"path_per_floor":["M","$","?","?","M","R","E","R","T","M","T","E","R","M","R","B",null,"M","$","?","?","M","E","R","E","T","R","$","T","M","E","R","B",null,"M","?","M","$","T","R","E","?","T","M","R","$","R","E","R","B","B",null,"R","$","E","B"],"character_chosen":"DEFECT","items_purchased":["Ball Lightning","FocusPotion","Art of War","Redo+1","Capacitor","Coolheaded+1","Master of Strategy+1","Consume+1","Coolheaded+1"],"campfire_rested":9,"item_purchase_floors":[2,2,19,19,28,28,28,38,46],"current_hp_per_floor":[57,57,50,50,45,45,25,46,46,40,40,25,25,19,40,36,62,51,51,51,51,51,24,45,26,26,47,47,47,47,39,60,22,59,65,65,54,54,54,54,60,60,60,66,71,71,71,60,71,60,54,67,71,71,16,0,0],"gold":65,"neow_bonus":"RANDOM_COMMON_RELIC","is_daily":false,"chose_seed":false,"campfire_upgraded":2,"win_rate":0.0,"timestamp":1612773543,"path_taken":["M","$","?","?","?","R","E","R","T","M","?","E","R","?","R","BOSS","M","$","?","?","M","E","R","E","T","R","$","?","?","E","R","BOSS","M","?","?","$","?","R","E","?","T","M","R","$","R","E","R","BOSS","BOSS","R","$","E","BOSS"],"items_purchased_type":["Card","Potion","Relic","Card","Card","Card","Card","Card","Card"],"build_version":"2020-12-18","purchased_purges":3,"victory":false,"max_hp_per_floor":[71,71,71,71,71,71,71,71,71,71,71,71,71,71,71,71,71,71,71,71,71,71,71,71,71,71,71,71,71,71,71,71,71,71,71,71,71,71,71,71,71,71,71,71,71,71,71,71,71,71,71,71,71,71,71,71,71],"card_choices":[{"not_picked":["Beam Cell","Darkness"],"picked":"Defragment","floor":1.0},{"not_picked":["Stack","Sunder","Hologram"],"picked":"SKIP","floor":5.0},{"not_picked":["Steam","Melter"],"picked":"Glacier","floor":7.0},{"not_picked":["Steam","Redo"],"picked":"Multi-Cast","floor":10.0},{"not_picked":["Storm","Force Field+1"],"picked":"Sweeping Beam","floor":12.0},{"not_picked":["Beam Cell","Sweeping Beam"],"picked":"Redo+1","floor":14.0},{"not_picked":["Buffer","Multi-Cast+1"],"picked":"Core Surge","floor":16.0},{"not_picked":["Stack+1","Barrage"],"picked":"Hologram+1","floor":18.0},{"not_picked":["Rebound","Conserve Battery+1"],"picked":"FTL","floor":22.0},{"not_picked":["Self Repair","Thunder Strike"],"picked":"Genetic Algorithm+1","floor":23.0},{"not_picked":["Gash","Fusion+1"],"picked":"Undo+1","floor":25.0},{"not_picked":["Redo+1","Beam Cell"],"picked":"Cold Snap+1","floor":30.0},{"not_picked":["Melter","Sweeping Beam"],"picked":"Turbo+1","floor":31.0},{"not_picked":["Echo Form","Seek+1"],"picked":"Biased Cognition","floor":33.0},{"not_picked":["Ball Lightning","Redo+1","Hologram+1"],"picked":"SKIP","floor":35.0},{"not_picked":["Cold Snap+1","Sweeping Beam","Conserve Battery+1"],"picked":"SKIP","floor":37.0},{"not_picked":["Reinforced Body+1","Sunder"],"picked":"Seek+1","floor":41},{"not_picked":["Reprogram+1","Sunder+1"],"picked":"Barrage","floor":44},{"not_picked":["Compile Driver","Turbo+1"],"picked":"Doom and Gloom","floor":48},{"not_picked":["Gash","Steam Power+1","Fusion+1"],"picked":"SKIP","floor":55}],"player_experience":2527954,"relics_obtained":[{"floor":7.0,"key":"Smiling Mask"},{"floor":11.0,"key":"Toxic Egg 2"},{"floor":12.0,"key":"PreservedInsect"},{"floor":23.0,"key":"Orichalcum"},{"floor":25.0,"key":"Old Coin"},{"floor":26.0,"key":"Gremlin Horn"},{"floor":29.0,"key":"White Beast Statue"},{"floor":31.0,"key":"Bird Faced Urn"},{"floor":39.0,"key":"Omamori"},{"floor":41,"key":"Mercury Hourglass"},{"floor":43,"key":"Pantograph"},{"floor":48,"key":"Anchor"},{"floor":55,"key":"Bottled Tornado"}],"event_choices":[{"cards_removed":["Strike_B"],"damage_healed":0.0,"max_hp_gain":0.0,"max_hp_loss":0.0,"gold_gain":0.0,"event_name":"Golden Wing","player_choice":"Card Removal","floor":3.0,"gold_loss":0.0,"damage_taken":7.0},{"damage_healed":0.0,"max_hp_gain":0.0,"max_hp_loss":0.0,"gold_gain":50.0,"event_name":"Golden Shrine","player_choice":"Pray","floor":4.0,"gold_loss":0.0,"damage_taken":0.0},{"damage_healed":0.0,"max_hp_gain":0.0,"max_hp_loss":0.0,"gold_gain":50.0,"event_name":"Nest","player_choice":"Stole From Cult","floor":20.0,"gold_loss":0.0,"damage_taken":0.0},{"damage_healed":0.0,"max_hp_gain":0.0,"max_hp_loss":0.0,"gold_gain":0.0,"event_name":"The Mausoleum","player_choice":"Ignored","floor":21.0,"gold_loss":0.0,"damage_taken":0.0},{"cards_removed":["Strike_B"],"damage_healed":0.0,"max_hp_gain":0.0,"max_hp_loss":0.0,"gold_gain":0.0,"event_name":"Designer","player_choice":"Upgrade and Remove","floor":36.0,"gold_loss":110.0,"damage_taken":0.0,"cards_upgraded":["Defend_B"]},{"cards_removed":["Dualcast"],"damage_healed":0,"gold_gain":0,"player_choice":"Removed Skill","damage_taken":0,"max_hp_gain":0,"max_hp_loss":0,"event_name":"Falling","floor":42,"gold_loss":0}],"is_beta":true,"boss_relics":[{"not_picked":["Philosopher\u0027s Stone","Velvet Choker"],"picked":"Fusion Hammer"},{"not_picked":["Runic Dome","Tiny House"],"picked":"Inserter"}],"items_purged_floors":[19,28,46],"is_endless":false,"potions_floor_spawned":[1,7,12,14,18,23,25,30,31,33,35,37,41,44,48,55],"killed_by":"The Heart","ascension_level":20}}