{"host":"8d3fefv2347kqkpz","time":1612757536,"event":{"mods":["AchievementEnabler","Act Like it!","BaseMod","Better Vampires","Colored Map","Colored Powertips","Downfall","GifTheSpireLib","Highlight Path","Minty Spire (QoL Compilation)","Quick Restart","Rare Cards Sparkle","Relic Stats","Replay The Spire","Spicy Shops","StSLib","Waifu the Spire"],"gold_per_floor":[99,112,112,112,130,130,130,141,160,173,7,27,27,360,374,374,374,374],"floor_reached":16,"language":"ZHS","playtime":741,"items_purged":["Slimebound:SpikyOuterGoop"],"score":104,"play_id":"53392065-e146-494b-aea4-98f643dad08f","local_time":"20210208121216","is_ascension_mode":false,"campfire_choices":[{"data":"Slimebound:Split","floor":1.0,"key":"SMITH"},{"data":"Slimebound:BestDefense","floor":6,"key":"SMITH"},{"floor":13,"key":"REST"}],"circlet_count":0,"master_deck":["Slimebound:Strike_Slimebound","Slimebound:Strike_Slimebound","Slimebound:Strike_Slimebound","Slimebound:Tackle","Slimebound:Defend_Slimebound","Slimebound:Defend_Slimebound","Slimebound:Defend_Slimebound","Slimebound:Defend_Slimebound","Slimebound:Split+1","Slimebound:CorrosiveSpit","Slimebound:BestDefense+1","Slimebound:SlimeBarrage","Slimebound:Repurpose","Slimebound:RollThrough+1","Slimebound:LevelUp","Slimebound:Equalize","Slimebound:DouseInSlime"],"relics":["Slimebound:AbsorbEndCombat","Gremlin Food","Old Coin"],"acts_visited":["Exordium"],"potions_floor_usage":[16],"damage_taken":[{"damage":4.0,"enemies":"Cultist","floor":2.0,"turns":4.0},{"damage":7,"enemies":"Small Slimes","floor":5,"turns":4},{"damage":3,"enemies":"2 Louse","floor":8,"turns":3},{"damage":16,"enemies":"Lots of Slimes","floor":9,"turns":4},{"damage":9,"enemies":"Large Slime","floor":10,"turns":6},{"damage":7,"enemies":"downfall:FleeingMerchant","floor":11,"turns":4},{"damage":16,"enemies":"3 Louse","floor":12,"turns":4},{"damage":23,"enemies":"3 Sentries","floor":14,"turns":6},{"damage":18,"enemies":"Lots of Slimes","floor":15,"turns":4},{"damage":16,"enemies":"SI_SHIV_ARCHETYPE","floor":16,"turns":4}],"seed_played":"4798549727202056795","potions_obtained":[{"floor":2.0,"key":"Fire Potion"},{"floor":5,"key":"CultistPotion"},{"floor":9,"key":"DuplicationPotion"}],"is_trial":false,"path_per_floor":["R","M","?","?","M","R","T","M","M","M","$","M","R","E","M","B"],"character_chosen":"SLIMEBOUND","items_purchased":["Slimebound:LevelUp"],"campfire_rested":1,"item_purchase_floors":[11],"current_hp_per_floor":[71,70,70,75,70,70,70,67,51,46,41,27,49,26,12,0,0,0],"gold":374,"neow_bonus":"TEN_PERCENT_HP_BONUS","is_daily":false,"chose_seed":false,"campfire_upgraded":2,"win_rate":0.0,"timestamp":1612757536,"path_taken":["R","M","?","?","M","R","T","M","M","M","$","M","R","E","M","BOSS"],"items_purchased_type":["Card"],"build_version":"2020-12-22","purchased_purges":1,"victory":false,"max_hp_per_floor":[71,71,71,76,76,76,76,76,76,76,76,76,76,76,76,76,76,76],"relic_stats":{"counters":[10,42],"obtain_stats":[{"Gremlin Food":7,"Slimebound:AbsorbEndCombat":0,"Old Coin":14},{"Gremlin Food":2,"Slimebound:AbsorbEndCombat":0,"Old Coin":8},{"Gremlin Food":8,"Slimebound:AbsorbEndCombat":0,"Old Coin":34}]},"card_choices":[{"not_picked":["Slimebound:SplitAcid","Slimebound:TongueLash"],"picked":"Slimebound:BestDefense","floor":2.0},{"not_picked":["Slimebound:SplitLeeching","Slimebound:RejuvenatingLick"],"picked":"Slimebound:SpikyOuterGoop","floor":5},{"not_picked":["Slimebound:SplitBruiser","Slimebound:DisruptingSlam"],"picked":"Slimebound:SlimeBarrage","floor":8},{"not_picked":["Slimebound:Prepare","Slimebound:ItLooksTasty"],"picked":"Slimebound:Repurpose","floor":9},{"not_picked":["Slimebound:SplitMire","Slimebound:ComboTackle"],"picked":"Slimebound:RollThrough","floor":10},{"not_picked":["Slimebound:Gluttony","Slimebound:SplitBruiser","Slimebound:SlimeBarrage"],"picked":"SKIP","floor":11},{"not_picked":["Slimebound:FlameTackle","Slimebound:Dissolve"],"picked":"Slimebound:Equalize","floor":12},{"not_picked":["Slimebound:SlimeSpikes","Slimebound:SlimeBarrage"],"picked":"Slimebound:DouseInSlime","floor":14},{"not_picked":["Slimebound:SplitAcid","Slimebound:LeechEnergy","Slimebound:SlimeTap"],"picked":"SKIP","floor":15}],"player_experience":306996,"relics_obtained":[{"floor":7,"key":"Gremlin Food"},{"floor":14,"key":"Old Coin"}],"event_choices":[{"damage_healed":0.0,"max_hp_gain":5.0,"max_hp_loss":0.0,"gold_gain":0.0,"event_name":"Big Fish","player_choice":"Donut","floor":4.0,"gold_loss":0.0,"damage_taken":0.0}],"is_beta":false,"boss_relics":[],"items_purged_floors":[11],"is_endless":false,"potions_floor_spawned":[2,5,9,12,15],"killed_by":"SI_SHIV_ARCHETYPE","ascension_level":0}}