{"host":"wbs0wzz0alz01mnq","time":1612750207,"event":{"mods":["BaseMod","Bestiary","GifTheSpireLib","Googly Eyes","Highlight Path","Minty Spire (QoL Compilation)","Quick Restart","StSLib","The Edgeheg"],"gold_per_floor":[87,103,122,297,74,74,99,128,151,151,151,164,184,184,184,286,286,297,297,297,184,154,154],"floor_reached":22,"language":"ENG","playtime":984,"items_purged":[],"score":207,"play_id":"f4ffbed1-dba4-4198-877c-492313b088b3","local_time":"20210207211007","is_ascension_mode":false,"campfire_choices":[{"data":"theEdgeheg:NothingPersonal","floor":6,"key":"SMITH"},{"data":"theEdgeheg:SuperDodge","floor":11,"key":"SMITH"},{"data":"theEdgeheg:Glare","floor":15,"key":"SMITH"}],"circlet_count":0,"master_deck":["theEdgeheg:StarterShootAttack+1","theEdgeheg:StarterShootAttack+1","theEdgeheg:StarterShootAttack","theEdgeheg:StarterDodgeSkill","theEdgeheg:StarterDodgeSkill","theEdgeheg:StarterDodgeSkill","theEdgeheg:BloodyKatana","theEdgeheg:ChaosControlSkill","theEdgeheg:GatherChaos","theEdgeheg:DieDieDie","theEdgeheg:Shotgun","theEdgeheg:Girlfriend","Doubt","theEdgeheg:NothingPersonal+1","theEdgeheg:SuperDodge+1","theEdgeheg:BlackKatana","theEdgeheg:Glare+1","theEdgeheg:UnplayableBomb","theEdgeheg:UseAndThrow+1","Necronomicurse","theEdgeheg:Fastness","theEdgeheg:BetterShoot"],"relics":["theEdgeheg:UltimateLifeformRelic","theEdgeheg:GreenEmeraldRelic","theEdgeheg:CyanEmeraldRelic","Membership Card","PreservedInsect","MealTicket","Regal Pillow","Philosopher\u0027s Stone","Necronomicon","Whetstone"],"acts_visited":["Exordium","TheCity"],"potions_floor_usage":[],"damage_taken":[{"damage":0,"enemies":"Cultist","floor":1,"turns":5},{"damage":0,"enemies":"Jaw Worm","floor":2,"turns":4},{"damage":0,"enemies":"Small Slimes","floor":3,"turns":3},{"damage":0,"enemies":"Gremlin Nob","floor":8,"turns":1},{"damage":1,"enemies":"Exordium Thugs","floor":12,"turns":4},{"damage":0,"enemies":"Red Slaver","floor":13,"turns":1},{"damage":2,"enemies":"The Guardian","floor":16,"turns":28},{"damage":1,"enemies":"Shell Parasite","floor":18,"turns":2},{"damage":2,"enemies":"2 Thieves","floor":22,"turns":1}],"seed_played":"724997722982933788","potions_obtained":[{"floor":2,"key":"SkillPotion"},{"floor":3,"key":"AttackPotion"},{"floor":13,"key":"Ancient Potion"}],"is_trial":false,"path_per_floor":["M","M","M","?","$","R","T","E","T","?","R","M","M","$","R","B",null,"M","?","?","$","M"],"character_chosen":"THE_DEFAULT","items_purchased":["Membership Card","theEdgeheg:NothingPersonal","theEdgeheg:Fastness","Whetstone","theEdgeheg:BetterShoot"],"campfire_rested":0,"item_purchase_floors":[5,5,21,21,21],"current_hp_per_floor":[5,5,5,5,5,5,5,5,5,5,5,5,5,5,5,4,5,5,5,1,2,0,0],"gold":154,"neow_bonus":"RANDOM_COMMON_RELIC","is_daily":false,"chose_seed":false,"campfire_upgraded":3,"win_rate":0.0,"timestamp":1612750207,"path_taken":["M","M","M","?","$","R","?","E","T","?","R","?","M","?","R","BOSS","M","?","?","$","M"],"items_purchased_type":["Relic","Card","Card","Relic","Card"],"build_version":"2020-12-22","purchased_purges":0,"victory":false,"max_hp_per_floor":[5,5,5,5,5,5,5,5,5,5,5,5,5,5,5,5,5,5,5,5,5,5,5],"card_choices":[{"not_picked":["theEdgeheg:MachineGun","theEdgeheg:ChaosEnergyKatana"],"picked":"theEdgeheg:DieDieDie","floor":1},{"not_picked":["theEdgeheg:RedGun","theEdgeheg:ChaosWhip"],"picked":"theEdgeheg:Shotgun","floor":2},{"not_picked":["theEdgeheg:Sniper","theEdgeheg:Grr"],"picked":"theEdgeheg:Girlfriend","floor":3},{"not_picked":["theEdgeheg:MasterEmerald","theEdgeheg:BetterShoot"],"picked":"theEdgeheg:SuperDodge","floor":8},{"not_picked":["theEdgeheg:TeleportsAbove","theEdgeheg:ChaosWhip"],"picked":"theEdgeheg:Glare","floor":12},{"not_picked":["theEdgeheg:MachineGun","theEdgeheg:QuickDraw","theEdgeheg:ChaosGrenade"],"picked":"SKIP","floor":13},{"not_picked":["theEdgeheg:SuperDodge","theEdgeheg:DoubleStun"],"picked":"theEdgeheg:UnplayableBomb","floor":16},{"not_picked":["theEdgeheg:Grr","theEdgeheg:ChaosCards+1"],"picked":"theEdgeheg:UseAndThrow+1","floor":18}],"player_experience":9552,"relics_obtained":[{"floor":7,"key":"PreservedInsect"},{"floor":8,"key":"MealTicket"},{"floor":9,"key":"Regal Pillow"},{"floor":20,"key":"Necronomicon"}],"event_choices":[{"damage_healed":0,"gold_gain":175,"player_choice":"AGREE","damage_taken":0,"max_hp_gain":0,"max_hp_loss":0,"event_name":"Liars Game","floor":4,"gold_loss":0,"cards_obtained":["Doubt"]},{"damage_healed":0,"gold_gain":0,"cards_transformed":["theEdgeheg:StarterShootAttack"],"player_choice":"Transformed","damage_taken":0,"max_hp_gain":0,"max_hp_loss":0,"event_name":"Transmorgrifier","floor":10,"gold_loss":0,"cards_obtained":["theEdgeheg:BlackKatana"]},{"damage_healed":0,"gold_gain":0,"player_choice":"Ignored","damage_taken":0,"max_hp_gain":0,"max_hp_loss":0,"event_name":"Beggar","floor":19,"gold_loss":0},{"damage_healed":0,"gold_gain":0,"player_choice":"Obtained Book","damage_taken":16,"max_hp_gain":0,"max_hp_loss":0,"event_name":"Cursed Tome","floor":20,"gold_loss":0}],"is_beta":false,"boss_relics":[{"not_picked":["Ectoplasm","Busted Crown"],"picked":"Philosopher\u0027s Stone"}],"items_purged_floors":[],"is_endless":false,"potions_floor_spawned":[2,3,13,18],"killed_by":"2 Thieves","ascension_level":0}}