{"host":"c7dr7q4h26dxt6y4","time":1612779973,"event":{"mods":["BaseMod","BetterRewards","Colored Map","Conspire","Glutton Mod","Hubris","Mimic Mod","Minty Spire (QoL Compilation)","Reliquary","Shop Mod","StSLib","SuperFastMode","The Jungle","The Saiyan"],"gold_per_floor":[91,103,103,122,72,23,67,67,94,94,44,71,87,110,110,213,213,225,225,249,249,55,55,89,89,89,142,182,217,217,228,228,324,324,339,2,2,2,12,41,41,53,53,72,72,72,102,117,117,117],"floor_reached":51,"language":"ENG","playtime":2007,"items_purged":[],"score":804,"play_id":"d928aa7c-42bd-4b19-8839-80a9197bac60","local_time":"20210208022613","is_ascension_mode":false,"campfire_choices":[{"data":"Saiyan:SuperSaiyanThree","floor":8.0,"key":"SMITH"},{"data":"Saiyan:RuthlessBlow","floor":10.0,"key":"SMITH"},{"floor":15.0,"key":"REST"},{"floor":23.0,"key":"REST"},{"data":"Saiyan:TurtleShell","floor":25.0,"key":"SMITH"},{"data":"Saiyan:CCCapsule","floor":30,"key":"SMITH"},{"data":"Saiyan:TurtleShell","floor":32,"key":"SMITH"},{"floor":46,"key":"REST"},{"data":"Saiyan:Flurry","floor":49,"key":"SMITH"}],"circlet_count":0,"master_deck":["Saiyan:SAIYA_Strike","Saiyan:SAIYA_Strike","Saiyan:SAIYA_Strike","Saiyan:SAIYA_Strike","Saiyan:SAIYA_Defend","Saiyan:SAIYA_Defend","Saiyan:SAIYA_Defend","Saiyan:SAIYA_Defend","Saiyan:EnergyBlast","Saiyan:KaioKen","Saiyan:RuthlessBlow+1","Saiyan:SuperSaiyanThree+1","Saiyan:Quickening","Saiyan:Flurry+1","Saiyan:MeteorDash","Saiyan:Scouter","Saiyan:ExpandingShockwave","Saiyan:TurtleShell+1","Saiyan:KiStrike","Saiyan:Flurry+1","Saiyan:CCCapsule+1","Saiyan:GhostAttack","Saiyan:MeteorDash","Saiyan:SaiyanHubris+1","Saiyan:TurtleShell+1","Saiyan:RemoveWeights","Saiyan:FingerParry+1","Saiyan:SuperSaiyanForm+1","Saiyan:Flurry+1","Parasite","Saiyan:CCCapsule+1"],"relics":["SaiyanSoul","SaiyanHeart","hubris:Icosahedron","reliquary:RosewoodLute","Bag of Preparation","hubris:ScarierMask","Nilry\u0027s Codex","Sling","conspire:TopHat","Meat on the Bone","hubris:HollowSoul","Membership Card","hubris:CuriousFeather","Nunchaku","reliquary:IridiumChain","Bottled Flame","conspire:DeflatedDodgeball"],"acts_visited":["Exordium","TheCity","TheBeyond"],"potions_floor_usage":[27,33,47],"damage_taken":[{"damage":0.0,"enemies":"Small Slimes","floor":1.0,"turns":2.0},{"damage":0.0,"enemies":"2 Louse","floor":2.0,"turns":1.0},{"damage":6.0,"enemies":"Jaw Worm","floor":4.0,"turns":3.0},{"damage":4.0,"enemies":"conspire:2 RoseBushes","floor":7.0,"turns":4.0},{"damage":11.0,"enemies":"Lagavulin","floor":12.0,"turns":5.0},{"damage":13.0,"enemies":"Looter","floor":13.0,"turns":3.0},{"damage":8.0,"enemies":"Exordium Wildlife","floor":14.0,"turns":2.0},{"damage":20.0,"enemies":"The Guardian","floor":16.0,"turns":7.0},{"damage":10.0,"enemies":"conspire:FuzzyDice","floor":18.0,"turns":2.0},{"damage":12.0,"enemies":"Spheric Guardian","floor":20.0,"turns":4.0},{"damage":11.0,"enemies":"Centurion and Healer","floor":24.0,"turns":3.0},{"damage":34,"enemies":"Book of Stabbing","floor":27,"turns":6},{"damage":0,"enemies":"Sentry and Sphere","floor":28,"turns":2},{"damage":4,"enemies":"conspire:HollyBat","floor":29,"turns":7},{"damage":0,"enemies":"Centurion and Healer","floor":31,"turns":3},{"damage":60,"enemies":"Collector","floor":33,"turns":10},{"damage":21,"enemies":"3 Darklings","floor":35,"turns":4},{"damage":0,"enemies":"Orb Walker","floor":39,"turns":4},{"damage":30,"enemies":"Nemesis","floor":40,"turns":8},{"damage":25,"enemies":"Writhing Mass","floor":42,"turns":3},{"damage":3,"enemies":"Sphere and 2 Shapes","floor":44,"turns":4},{"damage":0,"enemies":"Giant Head","floor":47,"turns":5},{"damage":10,"enemies":"Maw","floor":48,"turns":6},{"damage":45,"enemies":"Time Eater","floor":50,"turns":7}],"seed_played":"-2557200995920273761","potions_obtained":[{"floor":4.0,"key":"Weak Potion"},{"floor":12.0,"key":"Weak Potion"},{"floor":14.0,"key":"FairyPotion"},{"floor":24.0,"key":"Swift Potion"},{"floor":31,"key":"FearPotion"},{"floor":35,"key":"Fire Potion"},{"floor":47,"key":"GamblersBrew"}],"is_trial":false,"path_per_floor":["M","M","?","M","?","$","M","R","T","R","$","E","M","M","R","B",null,"M","$","M","?","$","R","M","R","T","E","M","M","R","M","R","B",null,"M","$","?","?","M","E","$","M","T","M","T","R","E","M","R","B",null],"character_chosen":"SAIYAJIN","items_purchased":["Saiyan:Scouter","Saiyan:TurtleShell","Saiyan:TurtleShell","Sling","Membership Card","hubris:CuriousFeather","SkillPotion"],"campfire_rested":3,"item_purchase_floors":[6,11,22,22,36,36,36],"current_hp_per_floor":[62,63,63,59,59,59,58,58,58,58,58,48,36,29,50,31,72,63,63,54,38,38,60,50,50,50,17,31,43,43,45,45,37,84,64,64,64,64,66,48,48,37,37,48,48,75,79,72,72,40],"gold":117,"neow_bonus":"ONE_RANDOM_RARE_CARD","is_daily":false,"chose_seed":false,"campfire_upgraded":6,"win_rate":0.0,"timestamp":1612779973,"path_taken":["M","M","?","M","?","?","M","R","T","R","$","E","M","M","R","BOSS","M","$","M","?","$","R","M","R","T","E","M","M","R","M","R","BOSS","M","$","?","?","M","E","$","M","T","M","?","R","E","M","R","BOSS"],"items_purchased_type":["Card","Card","Card","Relic","Relic","Relic","Potion"],"build_version":"2020-12-22","purchased_purges":0,"victory":true,"max_hp_per_floor":[62,63,63,65,65,65,68,68,68,68,68,69,70,71,71,72,72,73,73,76,76,76,76,77,77,77,78,80,81,81,83,83,84,84,85,85,85,85,87,87,87,89,89,91,91,91,95,98,98,99],"card_choices":[{"not_picked":["Saiyan:SoulSpice","Saiyan:BurningSoul"],"picked":"Saiyan:Quickening","floor":1.0},{"not_picked":["Saiyan:DragonFist","Saiyan:KiStrike"],"picked":"Saiyan:Flurry","floor":2.0},{"not_picked":["Saiyan:PowerUp","Saiyan:BigBangAttack"],"picked":"Saiyan:MeteorDash","floor":4.0},{"not_picked":["Saiyan:FingerParry","Saiyan:LastResort"],"picked":"Saiyan:ExpandingShockwave","floor":7.0},{"not_picked":["Saiyan:Fly","Saiyan:BurningSoul"],"picked":"Saiyan:KiStrike","floor":12.0},{"not_picked":["Saiyan:MindBoom","Saiyan:Teleport"],"picked":"Saiyan:Flurry","floor":13.0},{"not_picked":["Saiyan:Scouter","Saiyan:PlotArmor"],"picked":"Saiyan:CCCapsule","floor":14.0},{"not_picked":["Saiyan:MonkeyTail","Saiyan:MajinSeal"],"picked":"Saiyan:GhostAttack","floor":16.0},{"not_picked":["Saiyan:Scouter","Saiyan:DragonFist"],"picked":"Saiyan:MeteorDash","floor":18.0},{"not_picked":["Saiyan:BackAttack+1","Saiyan:KiStrike"],"picked":"Saiyan:SaiyanHubris+1","floor":20.0},{"not_picked":["Saiyan:DoubleMasenko","Saiyan:Quickening"],"picked":"Saiyan:RemoveWeights","floor":24.0},{"not_picked":["Saiyan:Flurry","Saiyan:HyperTimeChamber"],"picked":"Saiyan:FingerParry+1","floor":27},{"not_picked":["Saiyan:Quickening+1","Saiyan:SaiyanHubris","Saiyan:BackAttack"],"picked":"SKIP","floor":28},{"not_picked":["Saiyan:Overexert+1","Saiyan:Scouter","Saiyan:WarmUp"],"picked":"SKIP","floor":29},{"not_picked":["Saiyan:AugmentedBlast","Saiyan:RemoveWeights"],"picked":"Saiyan:SuperSaiyanForm+1","floor":31},{"not_picked":["Saiyan:PowerUp+1","Saiyan:ConcussiveBlow+1"],"picked":"Saiyan:Flurry+1","floor":35},{"not_picked":["Saiyan:Honing+1","Saiyan:Quickening+1","Saiyan:FingerParry"],"picked":"SKIP","floor":39},{"not_picked":["Saiyan:Scouter+1","Saiyan:Quickening","Saiyan:ExpandingShockwave"],"picked":"SKIP","floor":40},{"not_picked":["Saiyan:Quickening+1","Saiyan:PowerPole+1","Saiyan:KameHameHa+1"],"picked":"SKIP","floor":42},{"not_picked":["Saiyan:TurtleShell","Saiyan:DragonFist+1"],"picked":"Saiyan:CCCapsule+1","floor":44},{"not_picked":["Saiyan:DragonRadar","Saiyan:SuperSaiyanThree","Saiyan:WarmUp"],"picked":"SKIP","floor":47},{"not_picked":["Saiyan:ThirstForFight+1","Saiyan:BurningSoul+1","Saiyan:BigBangAttack"],"picked":"SKIP","floor":48}],"player_experience":104216,"relics_obtained":[{"floor":9.0,"key":"reliquary:RosewoodLute"},{"floor":12.0,"key":"Bag of Preparation"},{"floor":21.0,"key":"Nilry\u0027s Codex"},{"floor":26.0,"key":"conspire:TopHat"},{"floor":27,"key":"Meat on the Bone"},{"floor":40,"key":"Nunchaku"},{"floor":43,"key":"reliquary:IridiumChain"},{"floor":45,"key":"Bottled Flame"},{"floor":47,"key":"conspire:DeflatedDodgeball"}],"event_choices":[{"damage_healed":0.0,"max_hp_gain":0.0,"max_hp_loss":0.0,"gold_gain":0.0,"event_name":"conspire:Investor","player_choice":"Invest 1","floor":5.0,"gold_loss":0.0,"damage_taken":0.0},{"damage_healed":0.0,"max_hp_gain":0.0,"max_hp_loss":0.0,"gold_gain":0.0,"event_name":"Cursed Tome","player_choice":"Obtained Book","floor":21.0,"gold_loss":0.0,"damage_taken":16.0},{"cards_removed":["conspire:SpireCoStock"],"damage_healed":0,"gold_gain":0,"player_choice":"Removed Skill","damage_taken":0,"max_hp_gain":0,"max_hp_loss":0,"event_name":"Falling","floor":38,"gold_loss":0}],"is_beta":false,"boss_relics":[{"not_picked":["reliquary:RedPaperclip","Coffee Dripper"],"picked":"hubris:ScarierMask"},{"not_picked":["hubris:VirtuousBlindfold","Empty Cage"],"picked":"hubris:HollowSoul"}],"items_purged_floors":[],"is_endless":false,"potions_floor_spawned":[4,12,14,24,31,35,44,47],"ascension_level":0}}