{"host":"eaiphzh066bwqdh7","time":1612827234,"event":{"mods":["BaseMod","Better Note","Halation","Hubris","Minty Spire (QoL Compilation)","Reliquary","Replay The Spire","StSLib"],"gold_per_floor":[210,210,220,238,313,313,338,356,433,452,452,465,465,479,479,575,575,588,588,588],"floor_reached":19,"language":"ENG","playtime":484,"items_purged":[],"score":205,"play_id":"ac01bac3-3ad0-46b9-9b05-3b031385a0c7","local_time":"20210208183354","is_ascension_mode":true,"campfire_choices":[{"floor":6,"key":"REST"},{"floor":11,"key":"REST"},{"floor":13,"key":"REST"},{"floor":15,"key":"REST"}],"circlet_count":0,"master_deck":["Strike_G","Strike_G","Strike_G","Strike_G","Strike_G","Defend_G","Defend_G","Defend_G","Defend_G","Defend_G","Survivor","Amnesia","Envenom","Deadly Poison","hubris:DuctTapeCard","Deadly Poison","Burst","Blade Dance"],"relics":["Ring of the Snake","Ring of Hypnosis","Ring of Fury","hubris:MedicalManual","hubris:DuctTape","hubris:Backtick","reliquary:RadioactivePellet"],"acts_visited":["Exordium","TheCity"],"potions_floor_usage":[7,16],"damage_taken":[{"damage":0,"enemies":"Jaw Worm","floor":1,"turns":5},{"damage":4,"enemies":"2 Louse","floor":3,"turns":2},{"damage":0,"enemies":"Small Slimes","floor":4,"turns":2},{"damage":28,"enemies":"3 Sentries","floor":7,"turns":9},{"damage":13,"enemies":"2 Fungi Beasts","floor":8,"turns":4},{"damage":11,"enemies":"Looter","floor":10,"turns":3},{"damage":9,"enemies":"Red Slaver","floor":12,"turns":3},{"damage":12,"enemies":"Large Slime","floor":14,"turns":5},{"damage":32,"enemies":"The Guardian","floor":16,"turns":7},{"damage":38,"enemies":"Spheric Guardian","floor":18,"turns":6},{"damage":37,"enemies":"Shell Parasite","floor":19,"turns":3}],"seed_played":"-5965806651574891452","potions_obtained":[{"floor":4,"key":"Elixir"},{"floor":7,"key":"SpeedPotion"},{"floor":8,"key":"Milkshake"},{"floor":10,"key":"FearPotion"}],"is_trial":false,"path_per_floor":["M","?","M","M","?","R","E","M","T","M","R","M","R","M","R","B",null,"M","M"],"character_chosen":"THE_SILENT","items_purchased":[],"campfire_rested":4,"item_purchase_floors":[],"current_hp_per_floor":[70,70,66,66,55,70,42,29,29,18,39,30,51,39,60,28,70,32,0,0],"gold":588,"neow_bonus":"HUNDRED_GOLD","is_daily":false,"chose_seed":false,"campfire_upgraded":0,"win_rate":0.0,"timestamp":1612827234,"path_taken":["M","?","M","M","?","R","E","M","T","M","R","M","R","?","R","BOSS","M","M"],"items_purchased_type":[],"build_version":"2020-12-22","purchased_purges":0,"victory":false,"max_hp_per_floor":[70,70,70,70,70,70,70,70,70,70,70,70,70,70,70,70,70,70,70,70],"card_choices":[{"not_picked":["PiercingWail","Backflip"],"picked":"Slice","floor":1},{"not_picked":["Choke","Outmaneuver","Prepared"],"picked":"SKIP","floor":3},{"not_picked":["ReplayTheSpireMod:Speed Training","PiercingWail","Caltrops"],"picked":"SKIP","floor":4},{"not_picked":["Quick Slash","ReplayTheSpireMod:Speed Training"],"picked":"Envenom","floor":7},{"not_picked":["Prepared","ReplayTheSpireMod:Speed Training"],"picked":"Deadly Poison","floor":8},{"not_picked":["Dash","Outmaneuver","Sucker Punch"],"picked":"SKIP","floor":10},{"not_picked":["Replay:Poison Smokescreen","Acrobatics"],"picked":"Deadly Poison","floor":12},{"not_picked":["Quick Slash","Cloak And Dagger","Dodge and Roll"],"picked":"SKIP","floor":14},{"not_picked":["Corpse Explosion","Atom Bomb"],"picked":"Burst","floor":16},{"not_picked":["Dagger Spray","Dagger Throw"],"picked":"Blade Dance","floor":18}],"player_experience":286884,"relics_obtained":[{"floor":2,"key":"Ring of Hypnosis"},{"floor":2,"key":"Ring of Fury"},{"floor":7,"key":"hubris:MedicalManual"},{"floor":9,"key":"hubris:DuctTape"}],"event_choices":[{"damage_healed":0,"gold_gain":75,"player_choice":"Gather Gold","damage_taken":11,"max_hp_gain":0,"max_hp_loss":0,"event_name":"World of Goop","floor":5,"gold_loss":0}],"is_beta":false,"boss_relics":[{"not_picked":["halation:Risk","Kintsugi"],"picked":"hubris:Backtick"}],"items_purged_floors":[],"is_endless":false,"potions_floor_spawned":[4,7,8,10,12],"killed_by":"Shell Parasite","ascension_level":4}}