{"host":"x5w9zppki4gdwvc7","time":1612820997,"event":{"mods":["AchievementEnabler","BaseMod","Colored Powertips","DeckTracker","Minty Spire (QoL Compilation)","SuperFastMode"],"gold_per_floor":[117,136,146,162,162,162,195,248,299,326,401,25,25,59,59,59,59],"floor_reached":16,"language":"ENG","playtime":839,"items_purged":["Defend_R"],"score":153,"play_id":"226f5f3c-9039-4ee2-9243-fa59083a95bf","local_time":"20210208224957","is_ascension_mode":true,"campfire_choices":[{"data":"Madness","floor":6.0,"key":"SMITH"},{"floor":13.0,"key":"REST"},{"data":"Feel No Pain","floor":15.0,"key":"SMITH"}],"circlet_count":0,"master_deck":["Strike_R","Strike_R","Strike_R","Strike_R","Strike_R","Defend_R","Defend_R","Defend_R","Bash","Madness+1","Sever Soul","Shrug It Off","Cleave","Thunderclap","Dark Embrace","Feel No Pain+1","True Grit","Twin Strike"],"relics":["Burning Blood","Ornamental Fan","Art of War","Anchor","White Beast Statue","Nunchaku"],"acts_visited":["Exordium"],"potions_floor_usage":[16],"damage_taken":[{"damage":1.0,"enemies":"Cultist","floor":1.0,"turns":4.0},{"damage":4.0,"enemies":"2 Louse","floor":2.0,"turns":2.0},{"damage":18.0,"enemies":"Jaw Worm","floor":3.0,"turns":4.0},{"damage":4.0,"enemies":"3 Louse","floor":4.0,"turns":3.0},{"damage":27.0,"enemies":"3 Sentries","floor":7.0,"turns":7.0},{"damage":36.0,"enemies":"Gremlin Nob","floor":10.0,"turns":5.0},{"damage":14.0,"enemies":"3 Sentries","floor":14.0,"turns":7.0},{"damage":31,"enemies":"Hexaghost","floor":16,"turns":9}],"seed_played":"-6236257927828534228","potions_obtained":[{"floor":2.0,"key":"DuplicationPotion"},{"floor":14.0,"key":"ColorlessPotion"}],"is_trial":false,"path_per_floor":["M","M","M","M","?","R","E","?","T","E","?","$","R","E","R","B"],"character_chosen":"IRONCLAD","items_purchased":["True Grit","White Beast Statue"],"campfire_rested":1,"item_purchase_floors":[12,12],"current_hp_per_floor":[77,79,67,69,74,74,53,53,53,23,12,12,37,29,29,0,0],"gold":59,"neow_bonus":"RANDOM_COLORLESS","is_daily":false,"chose_seed":false,"campfire_upgraded":2,"win_rate":0.0,"timestamp":1612820997,"path_taken":["M","M","M","?","?","R","E","?","T","E","?","$","R","E","R","BOSS"],"items_purchased_type":["Card","Relic"],"build_version":"2020-12-22","purchased_purges":1,"victory":false,"max_hp_per_floor":[80,80,80,80,85,85,85,85,85,85,85,85,85,85,85,85,85],"card_choices":[{"not_picked":["Dramatic Entrance","Dark Shackles"],"picked":"Madness","floor":0.0},{"not_picked":["Cleave","Metallicize"],"picked":"Sever Soul","floor":1.0},{"not_picked":["Body Slam","Sword Boomerang"],"picked":"Shrug It Off","floor":2.0},{"not_picked":["Spot Weakness","Clothesline"],"picked":"Cleave","floor":3.0},{"not_picked":["Combust","Reaper"],"picked":"Thunderclap","floor":4.0},{"not_picked":["Metallicize","Rage"],"picked":"Dark Embrace","floor":7.0},{"not_picked":["Limit Break","Shrug It Off"],"picked":"Feel No Pain","floor":10.0},{"not_picked":["Headbutt","Wild Strike"],"picked":"Twin Strike","floor":14.0}],"player_experience":564448,"relics_obtained":[{"floor":7.0,"key":"Ornamental Fan"},{"floor":9.0,"key":"Art of War"},{"floor":10.0,"key":"Anchor"},{"floor":14.0,"key":"Nunchaku"}],"event_choices":[{"damage_healed":0.0,"max_hp_gain":5.0,"max_hp_loss":0.0,"gold_gain":0.0,"event_name":"Big Fish","player_choice":"Donut","floor":5.0,"gold_loss":0.0,"damage_taken":0.0},{"damage_healed":0.0,"max_hp_gain":0.0,"max_hp_loss":0.0,"gold_gain":53.0,"event_name":"Golden Wing","player_choice":"Gained Gold","floor":8.0,"gold_loss":0.0,"damage_taken":0.0},{"damage_healed":0.0,"max_hp_gain":0.0,"max_hp_loss":0.0,"gold_gain":75.0,"event_name":"World of Goop","player_choice":"Gather Gold","floor":11.0,"gold_loss":0.0,"damage_taken":11.0}],"is_beta":false,"boss_relics":[],"items_purged_floors":[12],"is_endless":false,"potions_floor_spawned":[2,14],"killed_by":"Hexaghost","ascension_level":6}}