{"host":"w8xisjf5mgmfjvmt","time":1612771195,"event":{"mods":["BaseMod","BetterRewards","Challenge The Spire","Conspire","Energized Spire","Filter the Spire","Minty Spire (QoL Compilation)","Quarter Circle Forward PUNCH!","Quick Restart","Relic Filter Mod","Relic Stats","Reliquary","Replay The Spire","Shop Mod","Spicy Shops","StSLib","Thieving Mod","¡¾ÒÅÎï¿¨ÅÆ¡¿REMEMod","óô»ðÖ¸ÄÏ"],"gold_per_floor":[114,84,103,119,130,130,130],"floor_reached":6,"language":"ZHS","playtime":242,"items_purged":[],"score":76,"play_id":"506e7f48-cbf7-466d-8cba-ca00b7c76b75","local_time":"20210208155955","is_ascension_mode":true,"campfire_choices":[],"circlet_count":0,"master_deck":["AscendersBane","Strike_G","Strike_G","Strike_G","Strike_G","Strike_G","Defend_G","Defend_G","Defend_G","Defend_G","Defend_G","Survivor","Neutralize","Burst","Reprogram","Predator","Prepared","Leg Sweep","Masterful Stab"],"relics":["Ring of the Snake","REME_ComplimentaryCards"],"acts_visited":["Exordium"],"potions_floor_usage":[6,6],"damage_taken":[{"damage":4.0,"enemies":"Jaw Worm","floor":1.0,"turns":6.0},{"damage":0.0,"enemies":"Cultist","floor":3.0,"turns":3.0},{"damage":0.0,"enemies":"2 Louse","floor":4.0,"turns":4.0},{"damage":0.0,"enemies":"Blue Slaver","floor":5.0,"turns":7.0},{"damage":13,"enemies":"Gremlin Nob","floor":6,"turns":6}],"seed_played":"-6054150808113909956","potions_obtained":[{"floor":1.0,"key":"Weak Potion"},{"floor":2.0,"key":"GhostInAJar"},{"floor":3.0,"key":"PowerPotion"}],"is_trial":false,"path_per_floor":["M","?","M","M","M","E"],"character_chosen":"THE_SILENT","items_purchased":[],"campfire_rested":0,"item_purchase_floors":[],"current_hp_per_floor":[40,40,40,40,40,27,27],"gold":130,"neow_bonus":"THREE_RARE_CARDS","is_daily":false,"chose_seed":false,"campfire_upgraded":0,"win_rate":0.0,"timestamp":1612771195,"path_taken":["M","?","M","?","M","E"],"items_purchased_type":[],"build_version":"2020-12-22","purchased_purges":0,"victory":false,"max_hp_per_floor":[66,66,66,66,66,66,66],"relic_stats":{"counters":[5,26],"obtain_stats":[{"Ring of the Snake":0,"REME_ComplimentaryCards":0},{"Ring of the Snake":0,"REME_ComplimentaryCards":0},{"Ring of the Snake":0,"REME_ComplimentaryCards":0}],"Ring of the Snake":[10]},"card_choices":[{"not_picked":["Malaise","Bullet Time"],"picked":"Burst","floor":0.0},{"not_picked":["Underhanded Strike","Accuracy"],"picked":"Predator","floor":1.0},{"not_picked":["Expertise","Quick Slash"],"picked":"Prepared","floor":3.0},{"not_picked":["Crippling Poison","Dodge and Roll"],"picked":"Leg Sweep","floor":4.0},{"not_picked":["Prepared","Escape Plan"],"picked":"Masterful Stab","floor":5.0}],"player_experience":1312675,"relics_obtained":[],"event_choices":[{"damage_healed":0.0,"max_hp_gain":0.0,"max_hp_loss":0.0,"gold_gain":0.0,"event_name":"The Woman in Blue","player_choice":"Bought 2 Potions","floor":2.0,"gold_loss":0.0,"damage_taken":0.0}],"is_beta":false,"boss_relics":[],"items_purged_floors":[],"is_endless":false,"potions_floor_spawned":[1,3,5],"killed_by":"Gremlin Nob","ascension_level":20}}