{"host":"kipy315whq7pv20a","time":1612781665,"event":{"mods":["BaseMod","Minty Spire (QoL Compilation)","Replay The Spire","StSLib","The Cursed"],"gold_per_floor":[111,111,124,149,6,6,39,56,56,75,108,108,120,135,135,240,240,254,11,28,28,236,236,59,85,111,126,126,139,154,168,168,263,263,277,277,277,277,277,277,297,297,297,330,342,353,364,392,392,392],"floor_reached":51,"language":"ENG","playtime":4877,"items_purged":["TheCursedMod:RavingStaff"],"score":925,"play_id":"bfb97eea-48fa-43ca-b81f-98f18bcfa160","local_time":"20210208115425","is_ascension_mode":true,"campfire_choices":[{"data":"TheCursedMod:CursedWand","floor":6,"key":"SMITH"},{"data":"TheCursedMod:CollectTribute","floor":15,"key":"SMITH"},{"data":"Crow Ritual","floor":23,"key":"SMITH"},{"floor":32,"key":"REST"},{"data":"TheCursedMod:CursedSpellbook","floor":40,"key":"SMITH"},{"data":"TheCursedMod:SurpriseAttack","floor":42,"key":"SMITH"}],"circlet_count":0,"master_deck":["TheCursedMod:Defend_TheCursed+1","TheCursedMod:Defend_TheCursed","TheCursedMod:Defend_TheCursed+1","TheCursedMod:CursedWand+1","TheCursedMod:CleanUpWorkshop+1","TheCursedMod:Dregs","TheCursedMod:CircleOfFlame+1","TheCursedMod:CursedBoomerang","TheCursedMod:SurpriseAttack","TheCursedMod:AshesToAshes+1","TheCursedMod:CollectTribute+1","TheCursedMod:CursedShiv","TheCursedMod:CursedBlade","TheCursedMod:DemonSword","Shame","Languid","TheCursedMod:CursedSpellbook+1","TheCursedMod:SpitefulPlan+1","Crow Ritual+1","ReplayTheSpireMod:Splinters","TheCursedMod:WearCloak+1","TheCursedMod:AntiAging+1","TheCursedMod:SpitefulPray+1","TheCursedMod:CursedBlade","ReplayTheSpireMod:Uncanny Aura+1","Sadistic Nature","TheCursedMod:Stigma","TheCursedMod:SurpriseAttack+1","TheCursedMod:CircleOfBlood+1","TheCursedMod:CursedAmulet+1","TheCursedMod:DemonSword","TheCursedMod:CircleOfWindfury+1","TheCursedMod:AntiAging+1","TheCursedMod:CircleOfCorruption+1","Madness+1","Madness+1","TheCursedMod:Wield+1","TheCursedMod:LuckyCharm","TheCursedMod:CursedBlade","TheCursedMod:ManaBullet","TheCursedMod:SurpriseAttack+1","TheCursedMod:CircleOfCorruption+1"],"relics":["TheCursedMod:BlackMagic101","MealTicket","Membership Card","PreservedInsect","Blue Candle","TheCursedMod:SoulVessel","Kintsugi","Toxic Egg 2","BargainBundle","Dream Catcher","Mirror","Replay:Rubber Ducky","Philosopher\u0027s Stone","Kunai","War Paint","Mango"],"acts_visited":["Exordium","TheCity","TheBeyond"],"potions_floor_usage":[16,16,18,25,25,25,29,33,45,48,50,50],"damage_taken":[{"damage":2,"enemies":"Jaw Worm","floor":1,"turns":5},{"damage":0,"enemies":"Small Slimes","floor":3,"turns":2},{"damage":18,"enemies":"Lagavulin","floor":7,"turns":6},{"damage":0,"enemies":"2 Louse","floor":8,"turns":2},{"damage":0,"enemies":"2 Fungi Beasts","floor":10,"turns":2},{"damage":1,"enemies":"3 Sentries","floor":11,"turns":3},{"damage":0,"enemies":"Lots of Slimes","floor":13,"turns":1},{"damage":17,"enemies":"Red Slaver","floor":14,"turns":2},{"damage":32,"enemies":"Fading Forest","floor":16,"turns":11},{"damage":2,"enemies":"Spheric Guardian","floor":18,"turns":3},{"damage":24,"enemies":"Shell Parasite","floor":20,"turns":4},{"damage":61,"enemies":"Slavers","floor":25,"turns":5},{"damage":1,"enemies":"3 Cultists","floor":27,"turns":3},{"damage":3,"enemies":"Chosen and Byrds","floor":29,"turns":3},{"damage":21,"enemies":"Snecko","floor":30,"turns":6},{"damage":23,"enemies":"Centurion and Healer","floor":31,"turns":5},{"damage":11,"enemies":"Pondfish","floor":33,"turns":6},{"damage":9,"enemies":"3 Darklings","floor":35,"turns":5},{"damage":12,"enemies":"Orb Walker","floor":41,"turns":3},{"damage":26,"enemies":"Nemesis","floor":44,"turns":3},{"damage":8,"enemies":"4 Shapes","floor":45,"turns":4},{"damage":5,"enemies":"Jaw Worm Horde","floor":46,"turns":3},{"damage":6,"enemies":"Spire Growth","floor":47,"turns":4},{"damage":11,"enemies":"Giant Head","floor":48,"turns":4},{"damage":67,"enemies":"Awakened One","floor":50,"turns":7}],"seed_played":"1607154806541780571","potions_obtained":[{"floor":8,"key":"Flashbang"},{"floor":14,"key":"LiquidBronze"},{"floor":16,"key":"AttackPotion"},{"floor":20,"key":"PowerPotion"},{"floor":25,"key":"AttackPotion"},{"floor":29,"key":"Dexterity Potion"},{"floor":41,"key":"AttackPotion"},{"floor":44,"key":"DuplicationPotion"},{"floor":45,"key":"Reflective Coating"},{"floor":47,"key":"Toxic Potion"},{"floor":48,"key":"PowerPotion"},{"floor":49,"key":"FairyPotion"}],"is_trial":false,"path_per_floor":["M","?","M","T","$","R","E","M","T","M","E","?","M","M","R","B",null,"M","$","M","?","?","R","$","E","T","M","?","M","M","M","R","B",null,"M","?","?","T","?","R","M","R","T","E","M","M","M","E","R","B",null],"character_chosen":"THE_CURSED","items_purchased":["Membership Card","TheCursedMod:SpitefulPlan+1","Crow Ritual","Toxic Egg 2","BargainBundle","TheCursedMod:AntiAging+1","TheCursedMod:SpitefulPray+1","TheCursedMod:CursedBlade","ReplayTheSpireMod:Uncanny Aura+1","ColorlessPotion","FearPotion","Dream Catcher","Sadistic Nature","TheCursedMod:Stigma"],"campfire_rested":1,"item_purchase_floors":[5,19,19,19,24,24,24,24,24,24,24,24,24,24],"current_hp_per_floor":[73,58,58,58,73,73,55,55,55,55,54,54,55,41,41,31,75,75,75,63,63,63,63,75,32,32,45,45,60,50,58,84,87,87,93,93,81,81,93,93,93,93,93,82,92,108,114,131,131,98],"gold":392,"neow_bonus":"THREE_CARDS","is_daily":false,"chose_seed":false,"campfire_upgraded":5,"win_rate":0.0,"timestamp":1612781665,"path_taken":["M","?","M","?","$","R","E","M","T","M","E","?","M","M","R","BOSS","M","$","M","?","?","R","$","E","T","M","?","M","M","?","R","BOSS","M","?","?","?","?","R","?","R","T","E","M","M","?","E","R","BOSS"],"items_purchased_type":["Relic","Card","Card","Relic","Relic","Card","Card","Card","Card","Potion","Potion","Relic","Card","Card"],"build_version":"2020-12-22","purchased_purges":1,"victory":true,"max_hp_per_floor":[75,75,75,75,75,75,75,75,75,75,75,75,75,75,75,75,75,75,75,75,75,75,75,75,78,78,81,81,84,87,87,87,87,87,93,93,93,93,93,93,96,96,96,99,105,108,114,131,131,137],"card_choices":[{"not_picked":["TheCursedMod:Hemoplague","TheCursedMod:Stretching"],"picked":"TheCursedMod:CircleOfFlame","floor":0},{"not_picked":["TheCursedMod:RavingStaff","TheCursedMod:FleshFromBone"],"picked":"TheCursedMod:CursedBoomerang","floor":1},{"not_picked":["TheCursedMod:Stretching","TheCursedMod:Stigma"],"picked":"TheCursedMod:RavingStaff","floor":3},{"not_picked":["TheCursedMod:RavingStaff","TheCursedMod:SmokeScreen"],"picked":"TheCursedMod:SurpriseAttack","floor":7},{"not_picked":["TheCursedMod:SpreadPlague","TheCursedMod:CursedArmor"],"picked":"TheCursedMod:AshesToAshes","floor":8},{"not_picked":["TheCursedMod:SmokeScreen","TheCursedMod:RapidMovement"],"picked":"TheCursedMod:CollectTribute","floor":10},{"not_picked":["TheCursedMod:RapidMovement","TheCursedMod:SpitefulStrike"],"picked":"TheCursedMod:CursedShiv","floor":11},{"not_picked":["TheCursedMod:FleshFromBone","TheCursedMod:RapidMovement","TheCursedMod:SaltUponWound"],"picked":"SKIP","floor":13},{"not_picked":["TheCursedMod:Stretching","TheCursedMod:Stigma"],"picked":"TheCursedMod:CursedBlade","floor":14},{"not_picked":["TheCursedMod:CursedRelics","TheCursedMod:AntiAging"],"picked":"TheCursedMod:DemonSword","floor":16},{"not_picked":["TheCursedMod:TacticalStrike","TheCursedMod:Mangle"],"picked":"TheCursedMod:CursedSpellbook","floor":18},{"not_picked":["TheCursedMod:SmokeScreen+1","TheCursedMod:TacticalStrike","TheCursedMod:StingEye"],"picked":"SKIP","floor":20},{"not_picked":["TheCursedMod:SurpriseAttack","TheCursedMod:RapidMovement+1"],"picked":"TheCursedMod:WearCloak+1","floor":22},{"not_picked":["TheCursedMod:PrepareRite+1","TheCursedMod:TroublousMinions+1"],"picked":"TheCursedMod:SurpriseAttack","floor":25},{"not_picked":["TheCursedMod:CursedAmulet+1","TheCursedMod:CircleOfFlame+1"],"picked":"TheCursedMod:CircleOfBlood+1","floor":27},{"not_picked":["TheCursedMod:Torture+1","TheCursedMod:Wield"],"picked":"TheCursedMod:CursedAmulet+1","floor":29},{"not_picked":["TheCursedMod:Obscuration+1","TheCursedMod:PrepareRite+1"],"picked":"TheCursedMod:DemonSword","floor":30},{"not_picked":["TheCursedMod:RapidMovement+1","TheCursedMod:SpreadPlague+1"],"picked":"TheCursedMod:CircleOfWindfury+1","floor":31},{"not_picked":["TheCursedMod:CollectTribute","TheCursedMod:UltimatePain+1"],"picked":"TheCursedMod:AntiAging+1","floor":33},{"not_picked":["TheCursedMod:VitalStrike","TheCursedMod:Torture+1"],"picked":"TheCursedMod:CircleOfCorruption+1","floor":35},{"not_picked":["TheCursedMod:SmokeScreen+1","TheCursedMod:StingEye+1"],"picked":"TheCursedMod:Wield+1","floor":41},{"not_picked":["TheCursedMod:CircleOfAmplification+1","TheCursedMod:VitalStrike"],"picked":"TheCursedMod:LuckyCharm","floor":44},{"not_picked":["TheCursedMod:Evocation+1","TheCursedMod:DoubleShield+1"],"picked":"TheCursedMod:CursedBlade","floor":45},{"not_picked":["TheCursedMod:SmokeScreen+1","TheCursedMod:Evocation+1"],"picked":"TheCursedMod:ManaBullet","floor":46},{"not_picked":["TheCursedMod:Obscuration+1","TheCursedMod:CursedArmor+1"],"picked":"TheCursedMod:SurpriseAttack+1","floor":47},{"not_picked":["TheCursedMod:Torture+1","TheCursedMod:VitalStrike+1"],"picked":"TheCursedMod:CircleOfCorruption+1","floor":48}],"player_experience":179593,"relics_obtained":[{"floor":4,"key":"MealTicket"},{"floor":7,"key":"PreservedInsect"},{"floor":9,"key":"Blue Candle"},{"floor":11,"key":"TheCursedMod:SoulVessel"},{"floor":25,"key":"Mirror"},{"floor":26,"key":"Replay:Rubber Ducky"},{"floor":38,"key":"Kunai"},{"floor":44,"key":"War Paint"},{"floor":48,"key":"Mango"}],"event_choices":[{"damage_healed":0,"gold_gain":0,"player_choice":"Entered Light","damage_taken":15,"max_hp_gain":0,"max_hp_loss":0,"event_name":"Shining Light","floor":2,"gold_loss":0,"cards_upgraded":["TheCursedMod:CircleOfFlame","TheCursedMod:Defend_TheCursed"]},{"damage_healed":0,"gold_gain":0,"player_choice":"Upgraded","damage_taken":0,"max_hp_gain":0,"max_hp_loss":0,"event_name":"Upgrade Shrine","floor":28,"gold_loss":0,"cards_upgraded":["TheCursedMod:CleanUpWorkshop"]},{"damage_healed":0,"gold_gain":0,"player_choice":"Ignored","damage_taken":0,"max_hp_gain":0,"max_hp_loss":0,"event_name":"Tomb of Lord Red Mask","floor":36,"gold_loss":0},{"damage_healed":0,"gold_gain":0,"player_choice":"Embrace Madness","damage_taken":12,"max_hp_gain":0,"max_hp_loss":0,"event_name":"Winding Halls","floor":37,"gold_loss":0,"cards_obtained":["Madness","Madness"]},{"damage_healed":12,"gold_gain":0,"player_choice":"Full Heal","damage_taken":0,"max_hp_gain":0,"max_hp_loss":0,"event_name":"Wheel of Change","floor":39,"gold_loss":0}],"is_beta":false,"boss_relics":[{"not_picked":["Tiny House","Ectoplasm"],"picked":"Kintsugi"},{"not_picked":["Replay:Wanted Poster","Empty Cage"],"picked":"Philosopher\u0027s Stone"}],"items_purged_floors":[24],"is_endless":false,"potions_floor_spawned":[8,14,16,20,25,29,41,44,45,47,48],"ascension_level":3}}