{"host":"mqhvlr3kpxebko0t","time":1612795235,"event":{"mods":["AchievementEnabler","BaseMod","Colored Map","Colored Powertips","KOR Keyword Fix","Keyboard Shortcuts","Minty Spire (QoL Compilation)","StSLib","SuperFastMode"],"gold_per_floor":[117,117,192,211,78,78,92,104,127,127,144,171,42,57,57,136,136,109,109,64,78,24,24,35,35,58,58,58,58,77,88,88,88,88],"floor_reached":33,"language":"KOR","playtime":523,"items_purged":["Strike_R","Strike_R"],"score":494,"play_id":"46a0d34e-9acc-4b17-a277-4354918ffba1","local_time":"20210208234035","is_ascension_mode":true,"campfire_choices":[{"floor":6.0,"key":"DIG"},{"floor":10.0,"key":"REST"},{"floor":15.0,"key":"DIG"},{"data":"Body Slam","floor":23.0,"key":"SMITH"},{"data":"Fire Breathing","floor":25.0,"key":"SMITH"},{"floor":27.0,"key":"DIG"},{"floor":32,"key":"DIG"}],"circlet_count":0,"master_deck":["AscendersBane","Strike_R","Strike_R","Defend_R","Defend_R","Defend_R","Defend_R","Bash","Blood for Blood","Second Wind","Pommel Strike","Carnage","Pommel Strike","Shrug It Off","Evolve","Impervious","Flex","Fire Breathing+1","Body Slam+1","Shrug It Off"],"relics":["Burning Blood","Shovel","Centennial Puzzle","Orichalcum","MealTicket","Ginger","Sozu","Omamori","Charon\u0027s Ashes","WarpedTongs","Champion Belt"],"acts_visited":["Exordium","TheCity"],"potions_floor_usage":[33],"damage_taken":[{"damage":10.0,"enemies":"Small Slimes","floor":1.0,"turns":3.0},{"damage":19.0,"enemies":"Jaw Worm","floor":4.0,"turns":4.0},{"damage":2.0,"enemies":"Cultist","floor":7.0,"turns":4.0},{"damage":35.0,"enemies":"Gremlin Gang","floor":8.0,"turns":4.0},{"damage":8.0,"enemies":"Large Slime","floor":11.0,"turns":5.0},{"damage":22.0,"enemies":"3 Sentries","floor":12.0,"turns":8.0},{"damage":8.0,"enemies":"Blue Slaver","floor":14.0,"turns":3.0},{"damage":36.0,"enemies":"Slime Boss","floor":16.0,"turns":9.0},{"damage":14.0,"enemies":"2 Thieves","floor":18.0,"turns":4.0},{"damage":35.0,"enemies":"3 Byrds","floor":21.0,"turns":8.0},{"damage":12.0,"enemies":"Snecko","floor":24.0,"turns":4.0},{"damage":0,"enemies":"Cultist and Chosen","floor":30,"turns":5},{"damage":10,"enemies":"Centurion and Healer","floor":31,"turns":6},{"damage":68,"enemies":"Champ","floor":33,"turns":10}],"seed_played":"-3200577531030081774","potions_obtained":[{"floor":7.0,"key":"EntropicBrew"},{"floor":8.0,"key":"FairyPotion"},{"floor":16.0,"key":"Dexterity Potion"}],"is_trial":false,"path_per_floor":["M","?","?","M","$","R","M","M","T","R","M","E","$","M","R","B",null,"M","?","$","M","$","R","M","R","T","R","?","$","M","M","R","B"],"character_chosen":"IRONCLAD","items_purchased":["Pommel Strike","Shrug It Off","Fire Breathing","Body Slam"],"campfire_rested":1,"item_purchase_floors":[5,13,20,22],"current_hp_per_floor":[64,64,53,40,40,40,44,15,15,35,33,17,32,30,30,26,58,50,50,65,36,51,51,45,45,45,45,45,60,66,62,62,0,0],"gold":88,"neow_bonus":"ONE_RARE_RELIC","is_daily":false,"chose_seed":false,"campfire_upgraded":2,"win_rate":0.0,"timestamp":1612795235,"path_taken":["M","?","?","M","?","R","?","?","T","R","M","E","$","M","R","BOSS","M","?","$","M","$","R","?","R","T","R","?","?","M","M","R","BOSS"],"items_purchased_type":["Card","Card","Card","Card"],"build_version":"2020-12-22","purchased_purges":2,"victory":false,"max_hp_per_floor":[68,68,68,68,68,68,68,68,68,68,68,68,68,68,68,68,68,68,68,68,68,68,68,68,68,68,68,68,68,68,68,68,68,68],"card_choices":[{"not_picked":["Flex","Metallicize"],"picked":"Blood for Blood","floor":1.0},{"not_picked":["Warcry","Flex"],"picked":"Second Wind","floor":4.0},{"not_picked":["Warcry","Searing Blow","Thunderclap"],"picked":"SKIP","floor":7.0},{"not_picked":["Sword Boomerang","Blood for Blood"],"picked":"Carnage","floor":8.0},{"not_picked":["Intimidate","Searing Blow","Sentinel"],"picked":"SKIP","floor":11.0},{"not_picked":["Clothesline","Pommel Strike","Reckless Charge"],"picked":"SKIP","floor":12.0},{"not_picked":["Clothesline","Reckless Charge"],"picked":"Pommel Strike","floor":12.0},{"not_picked":["Blood for Blood","Intimidate"],"picked":"Evolve","floor":14.0},{"not_picked":["Exhume","Bludgeon"],"picked":"Impervious","floor":16.0},{"not_picked":["Havoc","Warcry","Rupture"],"picked":"SKIP","floor":18.0},{"not_picked":["Clash","Pommel Strike","Perfected Strike"],"picked":"SKIP","floor":21.0},{"not_picked":["Armaments","Pommel Strike","Havoc"],"picked":"SKIP","floor":24.0},{"not_picked":["Fire Breathing","Ghostly Armor","Body Slam"],"picked":"SKIP","floor":30},{"not_picked":["Intimidate","Searing Blow+1"],"picked":"Shrug It Off","floor":31}],"player_experience":698676,"relics_obtained":[{"floor":6.0,"key":"Centennial Puzzle"},{"floor":9.0,"key":"Orichalcum"},{"floor":12.0,"key":"MealTicket"},{"floor":15.0,"key":"Ginger"},{"floor":26.0,"key":"Omamori"},{"floor":27.0,"key":"Charon\u0027s Ashes"},{"floor":32,"key":"Champion Belt"}],"event_choices":[{"damage_healed":0.0,"max_hp_gain":0.0,"max_hp_loss":0.0,"gold_gain":0.0,"event_name":"Shining Light","player_choice":"Ignored","floor":2.0,"gold_loss":0.0,"damage_taken":0.0},{"damage_healed":0.0,"max_hp_gain":0.0,"max_hp_loss":0.0,"gold_gain":75.0,"event_name":"World of Goop","player_choice":"Gather Gold","floor":3.0,"gold_loss":0.0,"damage_taken":11.0},{"damage_healed":0.0,"max_hp_gain":0.0,"max_hp_loss":0.0,"gold_gain":0.0,"cards_transformed":["Strike_R"],"event_name":"Transmorgrifier","player_choice":"Transformed","floor":19.0,"gold_loss":0.0,"damage_taken":0.0,"cards_obtained":["Flex"]},{"damage_healed":0,"gold_gain":0,"player_choice":"Rummage","damage_taken":0,"relics_obtained":["WarpedTongs"],"max_hp_gain":0,"max_hp_loss":0,"event_name":"Accursed Blacksmith","floor":28,"gold_loss":0,"cards_obtained":["Pain"]}],"is_beta":false,"boss_relics":[{"not_picked":["Tiny House","Snecko Eye"],"picked":"Sozu"}],"items_purged_floors":[5,13],"is_endless":false,"potions_floor_spawned":[7,8,11,16,18,21],"killed_by":"Champ","ascension_level":20}}