{"host":"1te4apcktyw9778t","time":1612748546,"event":{"mods":["BaseMod","Colored Powertips","Minty Spire (QoL Compilation)","Relic Stats"],"gold_per_floor":[113,133,146,146,146,180,198,29,55,55,74,74,103,114,114,190,190,205,205,130,163,177,177,177,207,232,247,296,313,338,14,14,90,90,110,128,176,176,191,222,234,234,316,346,346,376,426,95,95,95,95,95,25,59,59],"floor_reached":56,"language":"ENG","playtime":11564,"items_purged":["Strike_B","Strike_B","Melter+1"],"score":2277,"play_id":"028b8939-07ad-46b9-b829-e866eda185ee","local_time":"20210207204226","is_ascension_mode":true,"campfire_choices":[{"floor":10.0,"key":"REST"},{"data":"Defragment","floor":15.0,"key":"SMITH"},{"floor":23.0,"key":"REST"},{"floor":32.0,"key":"RECALL"},{"floor":42.0,"key":"REST"},{"floor":49.0,"key":"REST"},{"floor":52,"key":"REST"}],"circlet_count":0,"master_deck":["AscendersBane","Zap+1","Dualcast+1","Cold Snap+1","Sweeping Beam+1","Beam Cell+1","Coolheaded+1","Ball Lightning+1","Defragment+1","Coolheaded+1","Conserve Battery+1","Hologram+1","Buffer+1","Genetic Algorithm+1","Cold Snap+1","Ghostly+1","Ghostly+1","Ghostly+1","Darkness+1","Seek+1","Amplify+1","Electrodynamics+1","White Noise+1","Blizzard+1","Compile Driver+1","Defragment+1","Seek+1","Stack+1","Glacier"],"relics":["Cracked Core","Blood Vial","Juzu Bracelet","Anchor","Fusion Hammer","Nilry\u0027s Codex","Red Mask","Incense Burner","Art of War","Smiling Mask","Lizard Tail","ClockworkSouvenir","Pandora\u0027s Box","Thread and Needle","Ornamental Fan","Molten Egg 2","Symbiotic Virus","Mark of the Bloom","Mummified Hand","Ancient Tea Set","Potion Belt","Lantern"],"acts_visited":["Exordium","TheCity","TheBeyond","TheEnding"],"potions_floor_usage":[54,55,55,55],"damage_taken":[{"damage":0.0,"enemies":"2 Louse","floor":1.0,"turns":3.0},{"damage":14.0,"enemies":"Jaw Worm","floor":2.0,"turns":4.0},{"damage":0.0,"enemies":"Cultist","floor":3.0,"turns":3.0},{"damage":35.0,"enemies":"Gremlin Nob","floor":6.0,"turns":5.0},{"damage":6.0,"enemies":"Looter","floor":7.0,"turns":4.0},{"damage":5.0,"enemies":"2 Fungi Beasts","floor":11.0,"turns":3.0},{"damage":6.0,"enemies":"Lagavulin","floor":13.0,"turns":8.0},{"damage":0.0,"enemies":"Large Slime","floor":14.0,"turns":4.0},{"damage":37.0,"enemies":"Hexaghost","floor":16.0,"turns":15.0},{"damage":7.0,"enemies":"Spheric Guardian","floor":18.0,"turns":4.0},{"damage":12.0,"enemies":"Masked Bandits","floor":21.0,"turns":6.0},{"damage":7.0,"enemies":"3 Byrds","floor":22.0,"turns":5.0},{"damage":0.0,"enemies":"Book of Stabbing","floor":25.0,"turns":6.0},{"damage":0.0,"enemies":"Snecko","floor":27.0,"turns":10.0},{"damage":0.0,"enemies":"Shelled Parasite and Fungi","floor":29.0,"turns":6.0},{"damage":0.0,"enemies":"Slavers","floor":30.0,"turns":7.0},{"damage":8.0,"enemies":"Automaton","floor":33.0,"turns":20.0},{"damage":0.0,"enemies":"3 Shapes","floor":35.0,"turns":4.0},{"damage":0.0,"enemies":"Orb Walker","floor":36.0,"turns":6.0},{"damage":0.0,"enemies":"2 Orb Walkers","floor":37.0,"turns":5.0},{"damage":0.0,"enemies":"Spire Growth","floor":39.0,"turns":12.0},{"damage":0.0,"enemies":"Nemesis","floor":40.0,"turns":12.0},{"damage":0.0,"enemies":"Transient","floor":41.0,"turns":5.0},{"damage":0.0,"enemies":"Reptomancer","floor":44.0,"turns":7.0},{"damage":0.0,"enemies":"Giant Head","floor":46.0,"turns":12.0},{"damage":0,"enemies":"Donu and Deca","floor":50,"turns":6},{"damage":0,"enemies":"Shield and Spear","floor":54,"turns":6},{"damage":20,"enemies":"The Heart","floor":55,"turns":12}],"seed_played":"5397454694177368275","potions_obtained":[{"floor":1.0,"key":"PowerPotion"},{"floor":6.0,"key":"SteroidPotion"},{"floor":13.0,"key":"BlessingOfTheForge"},{"floor":25.0,"key":"Energy Potion"},{"floor":27.0,"key":"EssenceOfSteel"},{"floor":33.0,"key":"SkillPotion"}],"is_trial":false,"path_per_floor":["M","M","M","?","?","E","M","$","T","R","M","T","E","M","R","B",null,"M","?","?","?","M","R","?","E","T","M","T","M","E","$","R","B",null,"M","M","?","?","M","E","M","R","T","E","?","E","T","$","R","B",null,"R","$","E","B",null],"character_chosen":"DEFECT","items_purchased":["Defragment","Coolheaded","ClockworkSouvenir","Amplify","Energy Potion","Potion Belt","PowerPotion","PotionOfCapacity","Glacier"],"campfire_rested":5,"item_purchase_floors":[8,8,31,31,31,48,48,48,53],"current_hp_per_floor":[71,57,57,57,62,27,23,23,23,47,44,44,40,42,42,7,64,59,38,38,28,23,47,41,41,41,41,41,41,41,41,41,33,39,41,41,41,41,41,41,41,41,41,41,41,41,41,41,41,41,41,41,41,41,21],"gold":59,"neow_bonus":"TEN_PERCENT_HP_BONUS","is_daily":false,"chose_seed":false,"campfire_upgraded":1,"win_rate":0.0,"timestamp":1612748546,"path_taken":["M","M","M","?","?","E","M","?","T","R","M","?","E","M","R","BOSS","M","?","?","?","M","R","?","E","T","M","?","M","E","$","R","BOSS","M","M","?","?","M","E","M","R","T","E","?","E","?","$","R","BOSS","R","$","E","BOSS"],"items_purchased_type":["Card","Card","Relic","Card","Potion","Relic","Potion","Potion","Card"],"build_version":"2020-12-22","purchased_purges":3,"victory":true,"max_hp_per_floor":[78,78,78,78,83,83,83,83,83,83,83,83,83,83,83,83,83,83,83,83,83,83,83,41,41,41,41,41,41,41,41,41,41,41,41,41,41,41,41,41,41,41,41,41,41,41,41,41,41,41,41,41,41,41,41],"relic_stats":{"Blood Vial":18,"Lizard Tail":0,"Mark of the Bloom":32,"counters":[28,200],"Ornamental Fan":[36],"Mummified Hand":[28],"Pandora\u0027s Box":["Sweeping Beam","White Noise","Blizzard","Compile Driver","Melter"],"Juzu Bracelet":0,"Art of War":[37],"Smiling Mask":125,"obtain_stats":[{"Potion Belt":48,"Mark of the Bloom":45,"Lantern":54,"Nilry\u0027s Codex":19,"Thread and Needle":37,"Juzu Bracelet":9,"Incense Burner":25,"Smiling Mask":28,"Ancient Tea Set":47,"ClockworkSouvenir":31,"Blood Vial":6,"Anchor":13,"Lizard Tail":30,"Ornamental Fan":40,"Mummified Hand":46,"Pandora\u0027s Box":34,"Molten Egg 2":43,"Fusion Hammer":17,"Red Mask":21,"Art of War":26,"Cracked Core":0,"Symbiotic Virus":44},{"Potion Belt":25,"Mark of the Bloom":24,"Lantern":27,"Nilry\u0027s Codex":10,"Thread and Needle":20,"Juzu Bracelet":5,"Incense Burner":13,"Smiling Mask":14,"Ancient Tea Set":25,"ClockworkSouvenir":16,"Blood Vial":4,"Anchor":7,"Lizard Tail":16,"Ornamental Fan":22,"Mummified Hand":25,"Pandora\u0027s Box":17,"Molten Egg 2":23,"Fusion Hammer":9,"Red Mask":11,"Art of War":13,"Cracked Core":0,"Symbiotic Virus":24},{"Potion Belt":176,"Mark of the Bloom":164,"Lantern":188,"Nilry\u0027s Codex":53,"Thread and Needle":128,"Juzu Bracelet":19,"Incense Burner":70,"Smiling Mask":80,"Ancient Tea Set":176,"ClockworkSouvenir":93,"Blood Vial":15,"Anchor":30,"Lizard Tail":93,"Ornamental Fan":152,"Mummified Hand":176,"Pandora\u0027s Box":113,"Molten Egg 2":157,"Fusion Hammer":49,"Red Mask":59,"Art of War":70,"Cracked Core":0,"Symbiotic Virus":164}]},"card_choices":[{"not_picked":["Rebound","Barrage"],"picked":"Cold Snap","floor":1.0},{"not_picked":["Go for the Eyes","Conserve Battery"],"picked":"Sweeping Beam","floor":2.0},{"not_picked":["Aggregate","Thunder Strike"],"picked":"Beam Cell","floor":3.0},{"not_picked":["Steam Power","Conserve Battery"],"picked":"Coolheaded","floor":6.0},{"not_picked":["Cold Snap","Capacitor"],"picked":"Ball Lightning","floor":7.0},{"not_picked":["Redo","Barrage"],"picked":"Conserve Battery","floor":11.0},{"not_picked":["Skim","Recycle","Steam"],"picked":"SKIP","floor":13.0},{"not_picked":["Skim","Recycle","Steam"],"picked":"SKIP","floor":13.0},{"not_picked":["Beam Cell","Sweeping Beam"],"picked":"Hologram","floor":14.0},{"not_picked":["Meteor Strike","Machine Learning"],"picked":"Buffer","floor":16.0},{"not_picked":["Turbo","Stack"],"picked":"Genetic Algorithm+1","floor":18.0},{"not_picked":["Turbo","Ball Lightning"],"picked":"Cold Snap","floor":21.0},{"not_picked":["Genetic Algorithm","Heatsinks","Stack"],"picked":"SKIP","floor":22.0},{"not_picked":["Conserve Battery","Rebound"],"picked":"Darkness","floor":25.0},{"not_picked":["Coolheaded","Skim","Thunder Strike"],"picked":"SKIP","floor":27.0},{"not_picked":["Aggregate","Force Field","Steam"],"picked":"SKIP","floor":29.0},{"not_picked":["Streamline","FTL"],"picked":"Seek","floor":30.0},{"not_picked":["Hyperbeam","Amplify"],"picked":"Electrodynamics","floor":33.0},{"not_picked":["Gash","Conserve Battery"],"picked":"Defragment","floor":35.0},{"not_picked":["Force Field","Hello World","Redo+1"],"picked":"SKIP","floor":36.0},{"not_picked":["Force Field","Hello World","Redo+1"],"picked":"SKIP","floor":36.0},{"not_picked":["Compile Driver+1","Conserve Battery"],"picked":"Seek","floor":39.0},{"not_picked":["Barrage","Chaos"],"picked":"Stack+1","floor":40.0},{"not_picked":["Turbo","Tempest","Redo"],"picked":"SKIP","floor":41.0},{"not_picked":["Turbo","Tempest","Redo"],"picked":"SKIP","floor":41.0},{"not_picked":["Scrape+1","White Noise","Recycle"],"picked":"SKIP","floor":44.0},{"not_picked":["Hello World","Reboot","Tempest+1"],"picked":"SKIP","floor":46.0},{"not_picked":["Turbo","Scrape+1","Stack"],"picked":"SKIP","floor":54}],"player_experience":1106955,"relics_obtained":[{"floor":6.0,"key":"Blood Vial"},{"floor":9.0,"key":"Juzu Bracelet"},{"floor":13.0,"key":"Anchor"},{"floor":19.0,"key":"Nilry\u0027s Codex"},{"floor":21.0,"key":"Red Mask"},{"floor":25.0,"key":"Incense Burner"},{"floor":26.0,"key":"Art of War"},{"floor":28.0,"key":"Smiling Mask"},{"floor":30.0,"key":"Lizard Tail"},{"floor":37.0,"key":"Thread and Needle"},{"floor":40.0,"key":"Ornamental Fan"},{"floor":43.0,"key":"Molten Egg 2"},{"floor":44.0,"key":"Symbiotic Virus"},{"floor":46.0,"key":"Mummified Hand"},{"floor":47.0,"key":"Ancient Tea Set"},{"floor":54,"key":"Lantern"}],"event_choices":[{"damage_healed":0.0,"max_hp_gain":0.0,"max_hp_loss":0.0,"gold_gain":0.0,"event_name":"Liars Game","player_choice":"Ignored","floor":4.0,"gold_loss":0.0,"damage_taken":0.0},{"damage_healed":0.0,"max_hp_gain":5.0,"max_hp_loss":0.0,"gold_gain":0.0,"event_name":"Big Fish","player_choice":"Donut","floor":5.0,"gold_loss":0.0,"damage_taken":0.0},{"damage_healed":0.0,"max_hp_gain":0.0,"max_hp_loss":0.0,"gold_gain":0.0,"event_name":"Cursed Tome","player_choice":"Obtained Book","floor":19.0,"gold_loss":0.0,"damage_taken":21.0},{"cards_removed":["Strike_B"],"damage_healed":0.0,"max_hp_gain":0.0,"max_hp_loss":0.0,"gold_gain":0.0,"event_name":"Beggar","player_choice":"Gave Gold","floor":20.0,"gold_loss":75.0,"damage_taken":0.0},{"damage_healed":0.0,"max_hp_gain":0.0,"max_hp_loss":0.0,"gold_gain":0.0,"event_name":"Masked Bandits","player_choice":"Fought Bandits","floor":21.0,"gold_loss":0.0,"damage_taken":0.0},{"damage_healed":0.0,"max_hp_gain":0.0,"max_hp_loss":42.0,"gold_gain":0.0,"event_name":"Ghosts","player_choice":"Became a Ghost","floor":24.0,"gold_loss":0.0,"damage_taken":0.0,"cards_obtained":["Ghostly","Ghostly","Ghostly"]},{"damage_healed":0.0,"max_hp_gain":0.0,"max_hp_loss":0.0,"gold_gain":0.0,"event_name":"Mysterious Sphere","player_choice":"Fight","floor":37.0,"gold_loss":0.0,"damage_taken":0.0},{"cards_removed":["Sweeping Beam"],"damage_healed":0.0,"max_hp_gain":0.0,"max_hp_loss":0.0,"gold_gain":0.0,"event_name":"Falling","player_choice":"Removed Attack","floor":38.0,"gold_loss":0.0,"damage_taken":0.0},{"damage_healed":0.0,"max_hp_gain":0.0,"max_hp_loss":0.0,"gold_gain":0.0,"event_name":"MindBloom","player_choice":"Upgrade","floor":45.0,"gold_loss":0.0,"damage_taken":0.0,"cards_upgraded":["Zap","Dualcast","Cold Snap","Sweeping Beam","Beam Cell","Coolheaded","Ball Lightning","Coolheaded","Conserve Battery","Hologram","Buffer","Cold Snap","Ghostly","Ghostly","Ghostly","Darkness","Seek","Amplify","Electrodynamics","White Noise","Blizzard","Compile Driver","Melter","Defragment","Seek"],"relics_obtained":["Mark of the Bloom"]}],"is_beta":false,"boss_relics":[{"not_picked":["FrozenCore","SacredBark"],"picked":"Fusion Hammer"},{"not_picked":["Empty Cage","Runic Dome"],"picked":"Pandora\u0027s Box"}],"items_purged_floors":[8,31,48],"is_endless":false,"potions_floor_spawned":[1,6,13,14,25,27,33,35,36,41],"ascension_level":15}}