{"host":"pgm1p3lvdjflie30","time":1612759178,"event":{"mods":["AchievementEnabler","Alarm Clock","Aspiration","BaseMod","Challenge The Spire","Colored Map","Colored Powertips","Dark Map","Energized Spire","Hermit","HornydragonMod","Minty Spire (QoL Compilation)","Quarter Circle Forward PUNCH!","Quick Restart","Relic Stats","Robot Space Explorer","Spicy Shops","StSLib","The Blackbeard","The IronCluck","Waifu the Spire","【功能Mod】混沌之?修复?丁","篝火指南"],"gold_per_floor":[85,99,99,110,34,34,50,50,50,66,66,86,106,123,123,123,123],"floor_reached":16,"language":"ZHS","playtime":1408,"items_purged":[],"score":96,"play_id":"5dc61e19-3379-4947-8065-88845d54f613","local_time":"20210208123938","is_ascension_mode":false,"campfire_choices":[{"data":"AlcoholBarrier","floor":6,"key":"SMITH"},{"data":"PowerGlove","floor":8,"key":"SMITH"},{"data":"Ahahah","floor":11,"key":"SMITH"},{"data":"Hammer","floor":15,"key":"SMITH"}],"circlet_count":0,"master_deck":["Strike_HD","Strike_HD","Strike_HD","Strike_HD","DrunkenFist","Defend_HD","Defend_HD","Defend_HD","Defend_HD","AlcoholBarrier+1","BreakDrink","DrunkenFist","Margarita","Fly","BloodyMary","RainbowAttack","PowerGlove+1","Ahahah+1","BirdAttack","Hammer+1","Noodle"],"relics":["WineBottle"],"acts_visited":["Exordium"],"potions_floor_usage":[13,16],"damage_taken":[{"damage":6,"enemies":"Jaw Worm","floor":1,"turns":4},{"damage":1,"enemies":"Cultist","floor":2,"turns":3},{"damage":0,"enemies":"Small Slimes","floor":4,"turns":3},{"damage":5,"enemies":"Looter","floor":7,"turns":3},{"damage":0,"enemies":"3 Louse","floor":10,"turns":4},{"damage":0,"enemies":"Blue Slaver","floor":12,"turns":3},{"damage":9,"enemies":"Exordium Thugs","floor":13,"turns":4},{"damage":4,"enemies":"Gremlin Gang","floor":14,"turns":4},{"damage":90,"enemies":"Hexaghost","floor":16,"turns":10}],"seed_played":"8725238748455392609","potions_obtained":[{"floor":2,"key":"GamblersBrew"},{"floor":4,"key":"SkillPotion"},{"floor":10,"key":"DistilledChaos"},{"floor":12,"key":"DuplicationPotion"}],"is_trial":false,"path_per_floor":["M","M","?","M","$","R","M","R","T","M","R","M","M","M","R","B"],"character_chosen":"HORNYDRAGON","items_purchased":["BloodyMary","RainbowAttack"],"campfire_rested":0,"item_purchase_floors":[5,5],"current_hp_per_floor":[89,88,88,88,88,88,87,87,87,91,91,95,86,86,86,0,0],"gold":123,"neow_bonus":"TEN_PERCENT_HP_BONUS","is_daily":false,"chose_seed":false,"campfire_upgraded":4,"win_rate":0.0,"timestamp":1612759178,"path_taken":["M","M","?","M","$","R","M","R","T","M","R","M","M","M","R","BOSS"],"items_purchased_type":["Card","Card"],"build_version":"2020-12-22","purchased_purges":0,"victory":false,"max_hp_per_floor":[95,95,95,95,95,95,95,95,95,95,95,95,95,95,95,95,95],"relic_stats":{"counters":[9,38],"obtain_stats":[{"WineBottle":0},{"WineBottle":0},{"WineBottle":0}]},"card_choices":[{"not_picked":["BunnyJump","Fury"],"picked":"DrunkenFist","floor":1},{"not_picked":["Fury","BraveAlcohol"],"picked":"Margarita","floor":2},{"not_picked":["Metabolism","Wtf"],"picked":"Fly","floor":4},{"not_picked":["AlcoholBarrier","RainbowAttack"],"picked":"PowerGlove","floor":7},{"not_picked":["KingRound","AlcoholAttack"],"picked":"Ahahah","floor":10},{"not_picked":["BloodyMary","BreakDrink"],"picked":"BirdAttack","floor":12},{"not_picked":["BloodyMary","Circle"],"picked":"Hammer","floor":13},{"not_picked":["BreakDrink","BirdAttack"],"picked":"Noodle","floor":14}],"player_experience":359045,"relics_obtained":[],"event_choices":[{"damage_healed":0,"gold_gain":0,"player_choice":"Ignored","damage_taken":0,"max_hp_gain":0,"max_hp_loss":0,"event_name":"WeMeetAgain","floor":3,"gold_loss":0}],"is_beta":false,"boss_relics":[],"items_purged_floors":[],"is_endless":false,"potions_floor_spawned":[2,4,10,12],"killed_by":"Hexaghost","ascension_level":0}}