{"host":"dtz8fhk52srfoofc","time":1612802963,"event":{"mods":["2.2 Compatiblity","AchievementEnabler","Aspiration","BaseMod","Beaked The Cultist","Better Altar","Better Match","Better Note","Better Sensory Stone","Better Third Choice","BetterRewards","Colored Map","Colored Powertips","Energized Spire","Gold Saver","Gremlin Skip","Highlight Path","Infinite Spire","JesterMod","Kratos Character Expansion","Minty Spire (QoL Compilation)","Permanent Neow","QueenMod","Quick Restart","Rare Cards Sparkle","Remove Card Discount Mod","Shop Mod","Somnambulant","Spicy Shops","StSLib","Steal the Spire","The Blackbeard","The Mystic","The Senshi","The Wild Card","TheHero","Transform Curses","Unceasing Turn Reminder","everything is the same but u backflip on backflip"],"gold_per_floor":[658,668,668,668,678,678,678,692,692,692,76,90,90,105,105,201,201,219,219,15,114,114,114,133,133,133,143,143,43,43,43,43,138,138,149,149,149,149,159,159,159,84,84,135,135,162,206,247,247,343],"floor_reached":51,"language":"ENG","playtime":4199,"items_purged":["Injury"],"score":660,"play_id":"fb11aeea-7bbd-4e33-879d-4a669d3b1534","local_time":"20210208104923","is_ascension_mode":false,"campfire_choices":[{"data":"theSenshi:RainbowMoonHeartAche","floor":6,"key":"SMITH"},{"data":"theSenshi:RoseThrow","floor":13,"key":"SMITH"},{"floor":15,"key":"REST"},{"data":"theSenshi:MoonCrisisMakeUp","floor":23,"key":"SMITH"},{"data":"theSenshi:SailorMarsAssists","floor":25,"key":"SMITH"},{"floor":30,"key":"REST"},{"floor":32,"key":"REST"},{"data":"theSenshi:FatedKiss","floor":40,"key":"SMITH"},{"data":"theSenshi:MoonsReflection","floor":45,"key":"SMITH"},{"data":"blackbeard:Parrot","floor":49,"key":"SMITH"}],"circlet_count":0,"master_deck":["theSenshi:SailorKick+1","theSenshi:SailorKick+1","theSenshi:SailorKick+1","theSenshi:SailorKick+1","theSenshi:SailorBlock+1","theSenshi:SailorBlock+1","theSenshi:SailorBlock+1","theSenshi:RoseThrow+1","theSenshi:MoonPrismPowerMakeUp+1","theSenshi:RainbowMoonHeartAche+1","theSenshi:MoonCrisisMakeUp+1","theSenshi:SailorMarsAssists+1","theSenshi:MoonsReflection+1","theSenshi:MoonPunch+1","theSenshi:MoonKick+1","theSenshi:InTheNickOfTime+1","theSenshi:InTheNameOfTheMoon+1","theSenshi:SailorPlanetAttack+1","theSenshi:MoonPrincessHalation+1","theSenshi:MoonGorgeousMeditation+1","theSenshi:MoonPunch+1","blackbeard:Parrot+1","theSenshi:MoonPunch+1","theSenshi:MoonPrincessHalation+1","theSenshi:SailorVenusAssists+1","theSenshi:TallSilhouette+1","theSenshi:TuxedoSmokingBomber+1","theSenshi:FatedKiss+1","theSenshi:SailorMercuryAssists+1","Writhe","theSenshi:MoonTiaraMagic+1","theSenshi:SailorMarsAssists+1","theSenshi:SchoolBag+1","theSenshi:VenusGlamour+1","theSenshi:SailorNeptuneAssists+1","theSenshi:UranusStrength+1"],"relics":["theSenshi:TransformationBroochRelic","NeowsBlessing","Molten Egg 2","Eternal Feather","MawBank","Toxic Egg 2","energizedSpire:RedRose","theSenshi:RedHairPiecesRelic","Bird Faced Urn","Bloody Idol","aspiration:RunicSpoon","infinitespire:Midas Blood"],"acts_visited":["Exordium","TheCity","TheBeyond"],"potions_floor_usage":[18,33,50,50],"damage_taken":[{"damage":0,"enemies":"Cultist","floor":1,"turns":1},{"damage":0,"enemies":"2 Louse","floor":2,"turns":1},{"damage":0,"enemies":"Small Slimes","floor":5,"turns":2},{"damage":16,"enemies":"2 Fungi Beasts","floor":8,"turns":4},{"damage":4,"enemies":"Exordium Wildlife","floor":12,"turns":4},{"damage":16,"enemies":"Large Slime","floor":14,"turns":5},{"damage":20,"enemies":"The Guardian","floor":16,"turns":9},{"damage":16,"enemies":"3 Byrds","floor":18,"turns":5},{"damage":26,"enemies":"Spheric Guardian","floor":24,"turns":4},{"damage":3,"enemies":"Centurion and Healer","floor":27,"turns":3},{"damage":19,"enemies":"Champ","floor":33,"turns":5},{"damage":35,"enemies":"3 Darklings","floor":35,"turns":6},{"damage":12,"enemies":"Orb Walker","floor":39,"turns":3},{"damage":61,"enemies":"3 Darklings","floor":44,"turns":6},{"damage":15,"enemies":"Spire Growth","floor":46,"turns":3},{"damage":44,"enemies":"Jaw Worm Horde","floor":47,"turns":4},{"damage":21,"enemies":"Sphere and 2 Shapes","floor":48,"turns":3},{"damage":208,"enemies":"infinitespire:MassOfShapes","floor":50,"turns":16}],"seed_played":"2320014967043161692","potions_obtained":[{"floor":5,"key":"infinitespire:BlackPotion"},{"floor":14,"key":"Weak Potion"},{"floor":16,"key":"LiquidBronze"},{"floor":24,"key":"Ancient Potion"},{"floor":27,"key":"DuplicationPotion"},{"floor":46,"key":"EssenceOfSteel"},{"floor":48,"key":"PowerPotion"}],"is_trial":false,"path_per_floor":["M","M","?","?","M","R","?","M","T","?","$","M","R","M","R","B",null,"M","?","$","?","?","R","M","R","T","M","?","$","R","?","R","B",null,"M","?","?","?","M","R","?","$","T","M","R","M","M","M","R","B",null],"character_chosen":"THE_SENSHI","items_purchased":["Toxic Egg 2","theSenshi:MoonPunch+1","theSenshi:MoonKick+1","theSenshi:InTheNickOfTime+1","theSenshi:InTheNameOfTheMoon+1","theSenshi:MoonPunch+1","theSenshi:RedHairPiecesRelic","theSenshi:TallSilhouette+1","theSenshi:TuxedoSmokingBomber+1","theSenshi:SailorMarsAssists+1"],"campfire_rested":3,"item_purchase_floors":[11,11,11,11,11,20,20,29,29,42],"current_hp_per_floor":[75,75,75,75,75,75,75,59,59,41,41,37,49,33,67,47,75,59,59,59,59,59,74,48,63,63,64,26,26,63,46,75,66,75,49,68,68,68,67,75,75,75,75,71,75,75,73,75,75,59],"gold":343,"neow_bonus":"THREE_ENEMY_KILL","is_daily":false,"chose_seed":false,"campfire_upgraded":7,"win_rate":0.0,"timestamp":1612802963,"path_taken":["M","?","?","?","M","R","?","M","T","?","$","M","R","M","R","BOSS","M","?","$","?","?","R","M","R","T","M","?","?","R","?","R","BOSS","M","?","?","?","M","R","?","$","T","M","R","M","M","M","R","BOSS"],"items_purchased_type":["Relic","Card","Card","Card","Card","Card","Relic","Card","Card","Card"],"build_version":"2020-12-22","purchased_purges":1,"victory":true,"max_hp_per_floor":[75,75,75,75,75,75,75,75,75,75,75,75,75,75,75,75,75,75,75,75,75,75,75,75,75,75,75,75,75,75,75,75,75,75,75,75,75,75,75,75,75,75,75,75,75,75,75,75,75,75],"card_choices":[{"not_picked":["theSenshi:SupersonicWaves","theSenshi:TuxedoSmokingBomber"],"picked":"theSenshi:RainbowMoonHeartAche","floor":1},{"not_picked":["theSenshi:SailorUranusAssists","theSenshi:MoonKick"],"picked":"theSenshi:MoonCrisisMakeUp","floor":2},{"not_picked":["theSenshi:EncouragingSpeech","theSenshi:MoonlightKnight"],"picked":"theSenshi:SailorMarsAssists","floor":5},{"not_picked":["theSenshi:LunasBite+1","theSenshi:EncouragingSpeech"],"picked":"theSenshi:MoonsReflection","floor":8},{"not_picked":["theSenshi:CrisisMakeUp","theSenshi:GatheringStrength+1"],"picked":"theSenshi:SailorPlanetAttack+1","floor":12},{"not_picked":["theSenshi:SailorUranusAssists+1","theSenshi:EncouragingSpeech+1"],"picked":"theSenshi:MoonPrincessHalation+1","floor":14},{"not_picked":["theSenshi:IWillPunishYou+1","theSenshi:InTheNameOfTheMoon+1"],"picked":"theSenshi:MoonGorgeousMeditation+1","floor":16},{"not_picked":["theSenshi:CrisisMakeUp","theSenshi:LunasBite+1"],"picked":"theSenshi:MoonPunch+1","floor":18},{"not_picked":["theSenshi:SailorMarsAssists+1","theSenshi:KlutzyLuck+1"],"picked":"theSenshi:MoonPrincessHalation+1","floor":24},{"not_picked":["theSenshi:MoonsReflection+1","theSenshi:KlutzyLuck"],"picked":"theSenshi:SailorVenusAssists+1","floor":27},{"not_picked":["infinitespire:Execution","infinitespire:FinalStrike"],"picked":"infinitespire:NeuralNetwork","floor":31},{"not_picked":["theSenshi:GlimpseOfThePast","theSenshi:SailorStarHealerAssists+1"],"picked":"theSenshi:FatedKiss","floor":33},{"not_picked":["theSenshi:SailorVenusAssists+1","theSenshi:MoonsReflection+1"],"picked":"theSenshi:SailorMercuryAssists+1","floor":35},{"not_picked":["theSenshi:MoonsReflection+1","theSenshi:LateForSchool+1"],"picked":"theSenshi:MoonTiaraMagic+1","floor":39},{"not_picked":["theSenshi:FatedKiss","theSenshi:LateForSchool+1"],"picked":"theSenshi:SchoolBag+1","floor":44},{"not_picked":["theSenshi:MoonPrincessHalation+1","theSenshi:MoonCosmicPowerMakeUp"],"picked":"theSenshi:VenusGlamour+1","floor":46},{"not_picked":["theSenshi:SailorMercuryAssists+1","theSenshi:SailorVenusAssists+1"],"picked":"theSenshi:SailorNeptuneAssists+1","floor":47},{"not_picked":["theSenshi:MoonlightKnight+1","theSenshi:OdangoHead+1"],"picked":"theSenshi:UranusStrength+1","floor":48}],"player_experience":225125,"relics_obtained":[{"floor":9,"key":"Eternal Feather"},{"floor":26,"key":"Bird Faced Urn"},{"floor":43,"key":"infinitespire:Midas Blood"}],"event_choices":[{"damage_healed":0,"gold_gain":0,"player_choice":"Relic ","damage_taken":18,"max_hp_gain":0,"max_hp_loss":0,"event_name":"betterThird:BetterScrap","floor":10,"gold_loss":0,"cards_obtained":["Barricade"]},{"cards_removed":["theSenshi:InTheNickOfTime"],"damage_healed":0,"gold_gain":0,"player_choice":"Take \u0026 Give","damage_taken":0,"max_hp_gain":0,"max_hp_loss":0,"event_name":"betterNote:BetterNote","floor":19,"gold_loss":0,"cards_obtained":["blackbeard:Parrot"]},{"damage_healed":0,"gold_gain":99,"player_choice":"Steal","damage_taken":0,"max_hp_gain":0,"max_hp_loss":0,"event_name":"betterThird:BetterNest","floor":21,"gold_loss":0},{"damage_healed":0,"gold_gain":0,"player_choice":"Simplicity","damage_taken":0,"max_hp_gain":0,"max_hp_loss":8,"event_name":"betterThird:BetterWriting","floor":22,"gold_loss":0},{"damage_healed":0,"gold_gain":0,"player_choice":" Idol ","damage_taken":38,"relics_obtained":["Bloody Idol"],"max_hp_gain":64,"max_hp_loss":26,"event_name":"betterAltar:BetterAltar","floor":28,"potions_obtained":[],"relics_lost":[],"gold_loss":0},{"damage_healed":19,"gold_gain":0,"player_choice":"Writhe","damage_taken":0,"max_hp_gain":0,"max_hp_loss":0,"event_name":"Winding Halls","floor":36,"gold_loss":0,"cards_obtained":["Writhe"]},{"damage_healed":0,"gold_gain":0,"player_choice":"Ignored","damage_taken":0,"max_hp_gain":0,"max_hp_loss":0,"event_name":"Tomb of Lord Red Mask","floor":37,"gold_loss":0},{"cards_removed":["theSenshi:SailorBlock"],"damage_healed":0,"gold_gain":0,"player_choice":"Removed Skill","damage_taken":0,"max_hp_gain":0,"max_hp_loss":0,"event_name":"Falling","floor":38,"gold_loss":0},{"cards_removed":["infinitespire:NeuralNetwork"],"damage_healed":5,"gold_gain":0,"player_choice":"Offered Special","damage_taken":0,"max_hp_gain":0,"max_hp_loss":0,"event_name":"Bonfire Elementals","floor":41,"gold_loss":0}],"is_beta":false,"boss_relics":[{"not_picked":["aspiration:RitualDagger","Busted Crown"],"picked":"energizedSpire:RedRose"},{"not_picked":["beaked:SacredDeck","energizedSpire:DeadBattery"],"picked":"aspiration:RunicSpoon"}],"items_purged_floors":[29],"is_endless":false,"potions_floor_spawned":[5,14,16,24,27,46,48],"ascension_level":0}}