{"host":"8fl9fk3sx00hvnsh","time":1612803842,"event":{"mods":["BaseMod","Bestiary","Bossed Relics","Custom Start","Downfall","Minty Spire (QoL Compilation)","Reliquary","Replay The Spire","StSLib","The Blue Laboratory","The Marked","The Wild Card"],"gold_per_floor":[115,115,115,125,90,122,122,132,132,132,132,160,180,199,199,301,301,270,270,41,41,55,55,55],"floor_reached":23,"language":"ENG","playtime":969,"items_purged":["Sickly"],"score":199,"play_id":"efd4c0ec-fa20-4cc2-abdc-2e95b42014eb","local_time":"20210208120402","is_ascension_mode":false,"campfire_choices":[{"floor":10,"key":"REST"},{"floor":15,"key":"REST"}],"circlet_count":0,"master_deck":["Defend_R","Defend_R","Defend_R","Bash","Havoc","Warcry","Wild Strike","Limit Break","Life Link","Rampage","Wild Strike","Anger","Reaper","Shame","ReplayTheSpireMod:Strike From Hell+1","ReplayTheSpireMod:Faulty Equipment","Slimebound:Tackle+1","Slimebound:Tackle+1","Slimebound:Tackle+1","Dropkick+1"],"relics":["Burning Blood","Bronze Scales","Chameleon Ring","GremlinMask","PreservedInsect","Ancient Tea Set","King of Hearts","Replay:Ancient Bell","Oddly Smooth Stone","Molten Egg 2","Incense Burner","Strange Spoon"],"acts_visited":["Exordium","TheCity"],"potions_floor_usage":[12,13,16,16],"damage_taken":[{"damage":17,"enemies":"Small Slimes","floor":1,"turns":4},{"damage":16,"enemies":"Jaw Worm","floor":4,"turns":4},{"damage":55,"enemies":"Lagavulin","floor":6,"turns":7},{"damage":1,"enemies":"2 Louse","floor":8,"turns":2},{"damage":14,"enemies":"Gremlin Nob","floor":12,"turns":3},{"damage":14,"enemies":"Lots of Slimes","floor":13,"turns":5},{"damage":5,"enemies":"Looter","floor":14,"turns":3},{"damage":57,"enemies":"The Guardian","floor":16,"turns":10},{"damage":52,"enemies":"2 Thieves","floor":18,"turns":5},{"damage":2,"enemies":"Chosen","floor":22,"turns":4},{"damage":53,"enemies":"Gremlin Leader","floor":23,"turns":4}],"seed_played":"-8270283237626108867","potions_obtained":[{"floor":4,"key":"Reflective Coating"},{"floor":8,"key":"blueLaboratory:NullPotion"},{"floor":12,"key":"blueLaboratory:BottleOfVodka"},{"floor":14,"key":"Languid Potion"}],"is_trial":false,"path_per_floor":["M","?","?","M","?","E","?","M","T","R","?","E","M","M","R","B",null,"M","?","$","?","M","E"],"character_chosen":"IRONCLAD","items_purchased":["Strange Spoon"],"campfire_rested":2,"item_purchase_floors":[20],"current_hp_per_floor":[69,69,69,59,79,30,30,35,35,59,52,44,36,37,61,10,80,34,34,34,34,42,0,0],"gold":55,"neow_bonus":"RANDOM_COMMON_RELIC","is_daily":false,"chose_seed":false,"campfire_upgraded":0,"win_rate":0.0,"timestamp":1612803842,"path_taken":["M","?","?","M","?","E","?","?","T","R","?","E","M","M","R","BOSS","M","?","$","?","M","E"],"items_purchased_type":["Relic"],"build_version":"2020-12-22","purchased_purges":1,"victory":false,"max_hp_per_floor":[80,80,80,80,80,80,80,80,80,80,80,80,80,80,80,80,80,80,77,77,77,77,77,77],"card_choices":[{"not_picked":["Thunderclap","Warcry"],"picked":"Havoc","floor":1},{"not_picked":["Sword Boomerang","Reckless Charge"],"picked":"Wild Strike","floor":4},{"not_picked":["Clothesline","Searing Blow"],"picked":"Limit Break","floor":6},{"not_picked":["Run Through","Replay:Undeath\u0027s Touch"],"picked":"Life Link","floor":8},{"not_picked":["Rage","ReplayTheSpireMod:LeadingStrike"],"picked":"Rampage","floor":12},{"not_picked":["Run Through","Armaments"],"picked":"Wild Strike","floor":13},{"not_picked":["Headbutt","Corruption"],"picked":"Anger","floor":14},{"not_picked":["Corruption","Berserk"],"picked":"Reaper","floor":16},{"not_picked":["Doubt","Decay"],"picked":"Shame","floor":17},{"not_picked":["Spreading Infection","Normality"],"picked":"Parasite","floor":17},{"not_picked":["ReplayTheSpireMod:Faulty Equipment","CurseOfTheBell"],"picked":"Delirium","floor":17},{"not_picked":["Iron Wave+1","Cleave+1"],"picked":"ReplayTheSpireMod:Strike From Hell+1","floor":18},{"not_picked":["Armaments","Run Through+1"],"picked":"Dropkick+1","floor":22}],"player_experience":239223,"relics_obtained":[{"floor":6,"key":"Chameleon Ring"},{"floor":9,"key":"PreservedInsect"},{"floor":12,"key":"King of Hearts"}],"event_choices":[{"damage_healed":0,"gold_gain":0,"player_choice":"Ignored","damage_taken":0,"max_hp_gain":0,"max_hp_loss":0,"event_name":"Golden Wing","floor":2,"gold_loss":0},{"damage_healed":0,"gold_gain":0,"cards_transformed":["Defend_R"],"player_choice":"Change","damage_taken":0,"max_hp_gain":0,"max_hp_loss":0,"event_name":"Living Wall","floor":3,"gold_loss":0,"cards_obtained":["Warcry"]},{"damage_healed":20,"gold_gain":0,"player_choice":"Healed","damage_taken":0,"max_hp_gain":0,"max_hp_loss":0,"event_name":"The Cleric","floor":5,"gold_loss":35},{"damage_healed":0,"gold_gain":0,"player_choice":"Trade","damage_taken":0,"relics_obtained":["GremlinMask"],"max_hp_gain":0,"max_hp_loss":0,"event_name":"FaceTrader","floor":7,"gold_loss":0},{"damage_healed":0,"gold_gain":0,"player_choice":"Success","damage_taken":7,"relics_obtained":["Ancient Tea Set"],"max_hp_gain":0,"max_hp_loss":0,"event_name":"Scrap Ooze","floor":11,"gold_loss":0},{"damage_healed":0,"gold_gain":0,"cards_transformed":["Parasite","Delirium"],"player_choice":"Became Test Subject","damage_taken":0,"max_hp_gain":0,"max_hp_loss":0,"event_name":"Drug Dealer","floor":19,"gold_loss":0,"cards_obtained":["Sickly","ReplayTheSpireMod:Faulty Equipment"]}],"is_beta":false,"boss_relics":[{"not_picked":["Ooze Armor","Replay:Drink Me"],"picked":"Replay:Ancient Bell"},{"not_picked":["ReplayTheSpireMod:Spearhead","reliquary:Knoch"],"picked":"Oddly Smooth Stone"},{"not_picked":["reliquary:PrincelyHelmet","reliquary:HotPoker"],"picked":"Molten Egg 2"},{"not_picked":["Pocketwatch","Mango"],"picked":"Incense Burner"}],"items_purged_floors":[20],"is_endless":false,"potions_floor_spawned":[4,8,12,14],"killed_by":"Gremlin Leader","ascension_level":0}}