{"host":"n605f8gctjc87d7h","time":1612750987,"event":{"mods":["Aspiration","Bard","BaseMod","Better Match","Better Note","Better Skull","Better Third Choice","Conspire","Downfall","Halation","Hermit","Infinite Spire","Minty Spire (QoL Compilation)","Replay The Spire","Retaliation","Shade Mod","Spicy Shops","StSLib","The IronCluck","The Jungle"],"gold_per_floor":[113,63,100,131,131,177,177,194,194,194,194,194,194,42,42,132,132,163,116,116,0,78,78,78,131,154,203,203,221,221,239,239,338,338,397,325,388,137,164,164,189,189,189,189,242,242,268,314,314,334],"floor_reached":51,"language":"ENG","playtime":3463,"items_purged":[],"score":1480,"play_id":"3c31f2b2-33ad-4883-bed1-50d87eef5553","local_time":"20210207182307","is_ascension_mode":true,"campfire_choices":[{"floor":7.0,"key":"REST"},{"floor":10.0,"key":"REST"},{"floor":13.0,"key":"REST"},{"floor":15.0,"key":"REST"},{"data":"True Grit","floor":23.0,"key":"SMITH"},{"data":"DDmod:EasePowerCard","floor":30.0,"key":"SMITH"},{"data":"Feel No Pain","floor":32.0,"key":"SMITH"},{"data":"Fire Breathing","floor":40,"key":"SMITH"},{"data":"infinitespire:NeuralNetwork","floor":42,"key":"SMITH"},{"data":"ReplayTheSpireMod:Muscle Training","floor":44,"key":"SMITH"},{"data":"ReplayTheSpireMod:Strike From Hell","floor":46,"key":"SMITH"},{"data":"Carnage","floor":49,"key":"SMITH"}],"circlet_count":0,"master_deck":["AscendersBane","Strike_R+2","Strike_R+2","Strike_R+3","Strike_R+2","Strike_R+2","Defend_R+1","Defend_R+2","Defend_R+1","Defend_R+1","Bash","conspire:SpireCoStock","True Grit+1","Carnage+1","ReplayTheSpireMod:Strike From Hell+1","infinitespire:NeuralNetwork+1","Demonic Infusion","Anger","DDmod:EasePowerCard+1","ReplayTheSpireMod:Splinters","Feel No Pain+1","ReplayTheSpireMod:Splinters","ReplayTheSpireMod:Muscle Training+1","Fire Breathing+1","True Grit+1","Exhume","Battle Trance+1","Thunderclap+1","Intimidate","Feel No Pain+1"],"relics":["Black Blood","halation:EternalFortune","Pet Ghost","White Beast Statue","Simple Rune","ReplayTheSpireMod:CursedCoin","Self Forming Clay","Ancient Tea Set","aspiration:FrozenJewel","Membership Card","conspire:SpecialSausage","infinitespire:EvilPickle","Coffee Dripper","MealTicket","Replay:Bottled Eggs","Slimebound:PreparedRelic","conspire:DeflatedDodgeball","infinitespire:EmpoweringShard"],"acts_visited":["Exordium","TheCity","TheBeyond"],"potions_floor_usage":[39,41,45,45,47,50],"damage_taken":[{"damage":4.0,"enemies":"Jaw Worm","floor":1.0,"turns":4.0},{"damage":0.0,"enemies":"Small Slimes","floor":3.0,"turns":3.0},{"damage":10.0,"enemies":"2 Louse","floor":4.0,"turns":4.0},{"damage":79.0,"enemies":"Lagavulin","floor":6.0,"turns":9.0},{"damage":11.0,"enemies":"Red Slaver","floor":8.0,"turns":5.0},{"damage":34.0,"enemies":"The Guardian","floor":16.0,"turns":15.0},{"damage":39.0,"enemies":"Shell Parasite","floor":18.0,"turns":8.0},{"damage":15.0,"enemies":"Replay:Snechameleon","floor":27.0,"turns":11.0},{"damage":10.0,"enemies":"2 Thieves","floor":29.0,"turns":4.0},{"damage":22.0,"enemies":"Snake Plant","floor":31.0,"turns":6.0},{"damage":32.0,"enemies":"Pondfish","floor":33.0,"turns":13.0},{"damage":13,"enemies":"3 Darklings","floor":35,"turns":9},{"damage":0,"enemies":"3 Shapes","floor":37,"turns":4},{"damage":45,"enemies":"Transient","floor":39,"turns":5},{"damage":5,"enemies":"Spire Growth","floor":41,"turns":4},{"damage":14,"enemies":"Giant Head","floor":45,"turns":7},{"damage":13,"enemies":"Maw","floor":47,"turns":7},{"damage":14,"enemies":"Jaw Worm Horde","floor":48,"turns":4},{"damage":54,"enemies":"infinitespire:MassOfShapes","floor":50,"turns":12}],"seed_played":"-7335960105025173987","potions_obtained":[{"floor":1.0,"key":"GamblersBrew"},{"floor":4.0,"key":"Reflective Coating"},{"floor":16.0,"key":"AttackPotion"},{"floor":18.0,"key":"Regen Potion"},{"floor":27.0,"key":"LifebloodPotion"},{"floor":29.0,"key":"Guardian:BlockOnCardUsePotion"},{"floor":31.0,"key":"Flashbang"},{"floor":35,"key":"Strength Potion"},{"floor":39,"key":"Explosive Potion"},{"floor":41,"key":"PowerPotion"},{"floor":45,"key":"AttackPotion"},{"floor":47,"key":"Languid Potion"},{"floor":48,"key":"Dexterity Potion"}],"is_trial":false,"path_per_floor":["M","?","M","M","?","E","R","M","T","R","?","$","R","$","R","B",null,"M","$","?","?","$","R","?","?","T","E","AVR","M","R","M","R","B",null,"M","$","M","$","M","R","M","R","T","R","E","R","M","M","R","B",null],"character_chosen":"IRONCLAD","items_purchased":["Simple Rune","DDmod:EasePowerCard","ReplayTheSpireMod:CursedCoin","Feel No Pain","MealTicket","Replay:Bottled Eggs","Slimebound:PreparedRelic"],"campfire_rested":4,"item_purchase_floors":[14,19,22,22,36,38,38],"current_hp_per_floor":[77,77,82,78,81,8,33,28,28,53,32,32,57,57,82,54,77,50,50,50,50,50,50,50,50,50,85,85,85,85,85,85,85,85,85,85,85,85,60,60,79,79,79,79,85,85,85,85,85,74],"gold":334,"neow_bonus":"TEN_PERCENT_HP_BONUS","is_daily":false,"chose_seed":false,"campfire_upgraded":8,"win_rate":0.0,"timestamp":1612750987,"path_taken":["M","?","M","M","?","E","R","M","T","R","?","?","R","$","R","BOSS","M","$","?","?","?","R","?","?","T","E","AVR","?","R","M","R","BOSS","M","$","M","$","M","R","M","R","T","R","E","R","M","M","R","BOSS"],"items_purchased_type":["Relic","Card","Relic","Card","Relic","Relic","Relic"],"build_version":"2020-12-22","purchased_purges":0,"victory":true,"max_hp_per_floor":[82,82,82,82,85,85,85,85,85,85,85,85,85,85,85,85,85,85,85,85,85,85,85,85,85,85,85,85,85,85,85,85,85,85,85,85,85,85,85,85,85,85,85,85,85,85,85,85,85,85],"card_choices":[{"not_picked":["Sword Boomerang","Headbutt","Armaments"],"picked":"SKIP","floor":1.0},{"not_picked":["Shrug It Off","Clothesline"],"picked":"True Grit","floor":3.0},{"not_picked":["Pommel Strike","Twin Strike"],"picked":"Carnage","floor":4.0},{"not_picked":["Perfected Strike","Body Slam","DDmod:PlatedThornsSkill"],"picked":"SKIP","floor":6.0},{"not_picked":["conspire:Charge","True Grit"],"picked":"ReplayTheSpireMod:Strike From Hell","floor":8.0},{"not_picked":["infinitespire:Execution","ReplayTheSpireMod:Black Plague"],"picked":"infinitespire:NeuralNetwork","floor":11.0},{"not_picked":["Barricade","Immolate"],"picked":"Demonic Infusion","floor":16.0},{"not_picked":["Headbutt","DDmod:CallousedSkill+1"],"picked":"Anger","floor":18.0},{"not_picked":["Clash","ReplayTheSpireMod:LeadingStrike"],"picked":"ReplayTheSpireMod:Muscle Training","floor":25.0},{"not_picked":["Sword Boomerang","Twin Strike"],"picked":"Fire Breathing","floor":27.0},{"not_picked":["Anger","DDmod:UnstoppableAttack"],"picked":"True Grit+1","floor":29.0},{"not_picked":["Sever Soul","Havoc","Thunderclap"],"picked":"SKIP","floor":31.0},{"not_picked":["conspire:Purge","DDmod:PlatedThornsSkill"],"picked":"Exhume","floor":33.0},{"not_picked":["True Grit","Replay:Undeath\u0027s Touch"],"picked":"Battle Trance+1","floor":35},{"not_picked":["Disarm","Cleave"],"picked":"Thunderclap+1","floor":37},{"not_picked":["Infernal Blade","Perfected Strike"],"picked":"Intimidate","floor":39},{"not_picked":["DDmod:SpikedSkill","Anger","Sever Soul"],"picked":"SKIP","floor":41},{"not_picked":["Thunderclap","Body Slam","DDmod:SpikeMailSkill"],"picked":"SKIP","floor":45},{"not_picked":["Searing Blow","DDmod:RechargeSkill","ReplayReversal"],"picked":"SKIP","floor":47},{"not_picked":["Flame Barrier","DDmod:CallousedSkill"],"picked":"Feel No Pain+1","floor":48}],"player_experience":836991,"relics_obtained":[{"floor":6.0,"key":"Pet Ghost"},{"floor":9.0,"key":"White Beast Statue"},{"floor":25.0,"key":"Self Forming Clay"},{"floor":26.0,"key":"Ancient Tea Set"},{"floor":27.0,"key":"aspiration:FrozenJewel"},{"floor":43,"key":"conspire:DeflatedDodgeball"},{"floor":45,"key":"infinitespire:EmpoweringShard"}],"event_choices":[{"damage_healed":0.0,"max_hp_gain":0.0,"max_hp_loss":0.0,"gold_gain":0.0,"event_name":"conspire:Investor","player_choice":"Invest 1","floor":2.0,"gold_loss":0.0,"damage_taken":0.0},{"damage_healed":0.0,"max_hp_gain":0.0,"max_hp_loss":0.0,"gold_gain":0.0,"event_name":"Masked Bandits","player_choice":"Paid Fearfully","floor":21.0,"gold_loss":116.0,"damage_taken":0.0},{"damage_healed":0.0,"max_hp_gain":0.0,"max_hp_loss":9.0,"gold_gain":0.0,"event_name":"betterThird:BetterWriting","player_choice":"Simplicity","floor":24.0,"gold_loss":0.0,"damage_taken":0.0}],"is_beta":false,"boss_relics":[{"not_picked":["Kintsugi","halation:HeavySnake"],"picked":"Black Blood"},{"not_picked":["ChewingGum","halation:Yufonium"],"picked":"Coffee Dripper"}],"items_purged_floors":[],"is_endless":false,"potions_floor_spawned":[1,4,16,18,27,29,31,33,35,37,39,41,45,47,48],"ascension_level":14}}