{"host":"djoj10dqzzvtkauc","time":1612795376,"event":{"mods":["2.2 Compatiblity","BaseMod","Colored Map","DeckTracker","Highlight Path","Keyboard Shortcuts","Marisa£¨Ùöéë¡¡Øª×âÞÞ£©","Minty Spire (QoL Compilation)","Permanent Neow","Quick Restart","Random Character Button","StSLib","SuperFastMode","everything is the same but u backflip on backflip"],"gold_per_floor":[116,116,46,46,20,20,38,38,62,62,96,115,142,25,25,25,25],"floor_reached":16,"language":"KOR","playtime":2800,"items_purged":[],"score":154,"play_id":"013ff52b-bd3f-41dd-8211-afe204d469dd","local_time":"20210208234256","is_ascension_mode":true,"campfire_choices":[{"data":"Masterful Stab","floor":6,"key":"SMITH"},{"data":"Cloak And Dagger","floor":8,"key":"SMITH"},{"data":"Dodge and Roll","floor":10,"key":"SMITH"},{"data":"Sucker Punch","floor":15,"key":"SMITH"}],"circlet_count":0,"master_deck":["Strike_G","Strike_G","Strike_G","Strike_G","Defend_G","Defend_G","Defend_G","Defend_G","Defend_G","Survivor","Neutralize","Sucker Punch+1","Dodge and Roll+1","Masterful Stab+1","Slice","Cloak And Dagger+1","Crippling Poison","Quick Slash","Deflect","Die Die Die","Flying Knee"],"relics":["Ring of the Snake","Bag of Preparation","Strawberry","Boot","Unceasing Top"],"acts_visited":["Exordium"],"potions_floor_usage":[11,16],"damage_taken":[{"damage":0,"enemies":"Cultist","floor":1,"turns":5},{"damage":0,"enemies":"2 Louse","floor":7,"turns":1},{"damage":10,"enemies":"3 Sentries","floor":11,"turns":8},{"damage":9,"enemies":"Jaw Worm","floor":12,"turns":2},{"damage":11,"enemies":"Gremlin Nob","floor":13,"turns":4},{"damage":35,"enemies":"Slime Boss","floor":16,"turns":11}],"seed_played":"-2514093367784369015","potions_obtained":[{"floor":1,"key":"AttackPotion"},{"floor":13,"key":"LiquidMemories"}],"is_trial":false,"path_per_floor":["M","?","$","?","$","R","M","R","T","R","E","M","E","$","R","B"],"character_chosen":"THE_SILENT","items_purchased":["Masterful Stab","Slice","Die Die Die","Flying Knee"],"campfire_rested":0,"item_purchase_floors":[3,5,14,14],"current_hp_per_floor":[63,63,63,63,63,63,63,63,70,70,60,51,40,40,40,5,5],"gold":25,"neow_bonus":"RANDOM_COMMON_RELIC","is_daily":false,"chose_seed":false,"campfire_upgraded":4,"win_rate":0.0,"timestamp":1612795376,"path_taken":["M","?","$","?","?","R","M","R","T","R","E","M","E","$","R","BOSS"],"items_purchased_type":["Card","Card","Card","Card"],"build_version":"2020-12-22","purchased_purges":0,"victory":false,"max_hp_per_floor":[70,70,70,70,70,70,70,70,77,77,77,77,77,77,77,77,77],"card_choices":[{"not_picked":["Concentrate","Flechettes"],"picked":"Sucker Punch","floor":1},{"not_picked":["Dagger Throw","Reflex"],"picked":"Cloak And Dagger","floor":7},{"not_picked":["Dagger Throw","Flying Knee"],"picked":"Crippling Poison","floor":11},{"not_picked":["Caltrops","Masterful Stab"],"picked":"Quick Slash","floor":12},{"not_picked":["Slice","Prepared"],"picked":"Deflect","floor":13}],"player_experience":198717,"relics_obtained":[{"floor":9,"key":"Strawberry"},{"floor":11,"key":"Boot"},{"floor":13,"key":"Unceasing Top"}],"event_choices":[{"damage_healed":0,"gold_gain":0,"cards_transformed":["Strike_G"],"player_choice":"Change","damage_taken":0,"max_hp_gain":0,"max_hp_loss":0,"event_name":"Living Wall","floor":2,"gold_loss":0,"cards_obtained":["Dodge and Roll"]},{"damage_healed":0,"gold_gain":0,"player_choice":"Leave","damage_taken":0,"max_hp_gain":0,"max_hp_loss":0,"event_name":"The Cleric","floor":4,"gold_loss":0}],"is_beta":false,"boss_relics":[],"items_purged_floors":[],"is_endless":false,"potions_floor_spawned":[1,13],"killed_by":"Slime Boss","ascension_level":9}}