{"host":"vi6th7e8dilnaeg0","time":1612793476,"event":{"mods":["BaseMod","Minty Spire (QoL Compilation)","Relic Stats","StSLib"],"gold_per_floor":[115,115,134,148,148,148,148,148],"floor_reached":7,"language":"DEU","playtime":339,"items_purged":[],"score":80,"play_id":"5b65ab28-1bef-4f52-a6a9-a54cd0396dfc","local_time":"20210208151116","is_ascension_mode":true,"campfire_choices":[{"data":"Skewer","floor":6,"key":"SMITH"}],"circlet_count":0,"master_deck":["AscendersBane","Strike_G","Strike_G","Strike_G","Defend_G","Defend_G","Defend_G","Defend_G","Defend_G","Survivor","Neutralize","Skewer+1","Leg Sweep","Quick Slash"],"relics":["Black Star"],"acts_visited":["Exordium"],"potions_floor_usage":[],"damage_taken":[{"damage":2,"enemies":"2 Louse","floor":1,"turns":4},{"damage":6,"enemies":"Jaw Worm","floor":3,"turns":7},{"damage":0,"enemies":"Cultist","floor":4,"turns":6},{"damage":55,"enemies":"Gremlin Nob","floor":7,"turns":4}],"seed_played":"-7569665429558270992","potions_obtained":[{"floor":3,"key":"Explosive Potion"}],"is_trial":false,"path_per_floor":["M","?","M","M","?","R","E"],"character_chosen":"THE_SILENT","items_purchased":[],"campfire_rested":0,"item_purchase_floors":[],"current_hp_per_floor":[57,57,51,51,44,44,0,0],"gold":148,"neow_bonus":"BOSS_RELIC","is_daily":false,"chose_seed":false,"campfire_upgraded":1,"win_rate":0.0,"timestamp":1612793476,"path_taken":["M","?","M","M","?","R","E"],"items_purchased_type":[],"build_version":"2020-12-22","purchased_purges":0,"victory":false,"max_hp_per_floor":[66,66,66,66,66,66,66,66],"relic_stats":{"counters":[4,21],"Black Star":0,"obtain_stats":[{"Black Star":0,"Ring of the Snake":0},{"Black Star":0,"Ring of the Snake":0},{"Black Star":0,"Ring of the Snake":0}]},"card_choices":[{"not_picked":["Dagger Spray","Predator"],"picked":"Skewer","floor":1},{"not_picked":["Endless Agony","PiercingWail"],"picked":"Leg Sweep","floor":3},{"not_picked":["Slice","Deadly Poison"],"picked":"Quick Slash","floor":4}],"player_experience":630891,"relics_obtained":[],"event_choices":[{"cards_removed":["Strike_G"],"damage_healed":0,"gold_gain":0,"player_choice":"Forget","damage_taken":0,"max_hp_gain":0,"max_hp_loss":0,"event_name":"Living Wall","floor":2,"gold_loss":0},{"cards_removed":["Strike_G"],"damage_healed":0,"gold_gain":0,"player_choice":"Card Removal","damage_taken":7,"max_hp_gain":0,"max_hp_loss":0,"event_name":"Golden Wing","floor":5,"gold_loss":0}],"is_beta":false,"boss_relics":[],"items_purged_floors":[],"is_endless":false,"potions_floor_spawned":[3],"killed_by":"Gremlin Nob","ascension_level":19}}