{"host":"8fl9fk3sx00hvnsh","time":1612794719,"event":{"mods":["BaseMod","Bestiary","Bossed Relics","Custom Start","Downfall","Minty Spire (QoL Compilation)","Reliquary","Replay The Spire","StSLib","The Blue Laboratory","The Marked","The Wild Card"],"gold_per_floor":[119,119,130,143,155,186,186,199,199,199,199,199,199,217,217,315,315,325,5,5,8,21,51,51,71,71,121,121,133,167,0,0,0,0],"floor_reached":33,"language":"ENG","playtime":1964,"items_purged":["Overencumbered","Hallucinations"],"score":335,"play_id":"7c223b50-6b96-4c16-bb0b-ebce7de11016","local_time":"20210208093159","is_ascension_mode":false,"campfire_choices":[{"data":"Eruption","floor":7,"key":"SMITH"},{"data":"Ragnarok","floor":12,"key":"SMITH"},{"floor":15,"key":"REST"},{"floor":24,"key":"REST"},{"data":"Ragnarok","floor":28,"key":"SMITH"}],"circlet_count":0,"master_deck":["Strike_P","Strike_P","Strike_P","Strike_P","Defend_P","Defend_P+1","Defend_P","Defend_P+1","Eruption+1","Vigilance","CutThroughFate","CutThroughFate","Perseverance","Weave","LikeWater+1","Replay:ManipulateFuture+1","Ragnarok+1","Ragnarok+1","Crescendo+1","ThirdEye","Establishment","Replay:BluntJabs","downfall:Bewildered","downfall:Haunted","Spreading Infection","ThirdEye","CutThroughFate"],"relics":["PureWater","Snack Pack","GoldenEye","downfall:ExtraCursedKey","Black Star","Replay:Bottled Steam","ReplayTheSpireMod:CursedCoin","Chameleon Ring","Ginger","Ring of Greed","Blue Doll","Replay:Wax Seal","ReplayTheSpireMod:Ring of Challenge","Kunai","reliquary:MudwinsCradle"],"acts_visited":["Exordium","TheCity"],"potions_floor_usage":[23,25,29,30],"damage_taken":[{"damage":1,"enemies":"Jaw Worm","floor":1,"turns":5},{"damage":0,"enemies":"2 Louse","floor":3,"turns":2},{"damage":0,"enemies":"Small Slimes","floor":4,"turns":4},{"damage":5,"enemies":"Blue Slaver","floor":5,"turns":5},{"damage":28,"enemies":"Gremlin Nob","floor":6,"turns":5},{"damage":0,"enemies":"Exordium Thugs","floor":8,"turns":2},{"damage":7,"enemies":"3 Louse","floor":14,"turns":2},{"damage":0,"enemies":"Slime Boss","floor":16,"turns":4},{"damage":6,"enemies":"2 Thieves","floor":18,"turns":3},{"damage":2,"enemies":"Spheric Guardian","floor":22,"turns":3},{"damage":51,"enemies":"Gremlin Leader","floor":23,"turns":6},{"damage":2,"enemies":"Shelled Parasite and Fungi","floor":25,"turns":4},{"damage":8,"enemies":"Snake Plant","floor":29,"turns":4},{"damage":19,"enemies":"Slavers","floor":30,"turns":3},{"damage":82,"enemies":"Champ","floor":33,"turns":9}],"seed_played":"-4705867201604815206","potions_obtained":[{"floor":4,"key":"StancePotion"},{"floor":8,"key":"Guardian:BlockOnCardUsePotion"},{"floor":23,"key":"blueLaboratory:StoneskinPotion"},{"floor":25,"key":"Fire Potion"},{"floor":29,"key":"blueLaboratory:BottleOfVodka"}],"is_trial":false,"path_per_floor":["M","?","M","M","M","E","R","M","T","?","?","R","?","M","R","B",null,"M","$","?","$","M","E","R","M","T","?","R","M","E","?","R","B"],"character_chosen":"WATCHER","items_purchased":["Replay:Bottled Steam","ReplayTheSpireMod:CursedCoin","ThirdEye"],"campfire_rested":2,"item_purchase_floors":[19,21,21],"current_hp_per_floor":[78,78,78,78,73,45,45,49,49,49,75,75,59,54,77,79,79,75,75,75,75,77,32,55,57,57,57,57,53,34,34,57,0,0],"gold":0,"neow_bonus":"TEN_PERCENT_HP_BONUS","is_daily":false,"chose_seed":false,"campfire_upgraded":3,"win_rate":0.0,"timestamp":1612794719,"path_taken":["M","?","M","M","M","E","R","M","T","?","?","R","?","?","R","BOSS","M","$","?","$","M","E","R","M","T","?","R","M","E","?","R","BOSS"],"items_purchased_type":["Relic","Relic","Card"],"build_version":"2020-12-22","purchased_purges":2,"victory":false,"max_hp_per_floor":[79,79,79,79,79,79,79,79,79,79,79,79,79,79,79,79,79,79,79,79,79,79,79,79,79,79,79,79,79,79,79,79,79,79],"card_choices":[{"not_picked":["Halt","Replay:AtTheReady"],"picked":"CutThroughFate","floor":1},{"not_picked":["PathToVictory","LikeWater"],"picked":"CutThroughFate","floor":3},{"not_picked":["Protect","JustLucky"],"picked":"Perseverance","floor":4},{"not_picked":["Swivel","BowlingBash"],"picked":"Weave","floor":5},{"not_picked":["Wallop","WaveOfTheHand"],"picked":"LikeWater","floor":6},{"not_picked":["Replay:BluntJabs","Crescendo"],"picked":"Replay:ManipulateFuture","floor":8},{"not_picked":["Protect","EmptyMind","PathToVictory"],"picked":"SKIP","floor":14},{"not_picked":["Alpha","DeusExMachina"],"picked":"Ragnarok","floor":16},{"not_picked":["FlurryOfBlows","LikeWater"],"picked":"Crescendo+1","floor":18},{"not_picked":["Prostrate","Pray","CrushJoints"],"picked":"SKIP","floor":22},{"not_picked":["BowlingBash","Evaluate"],"picked":"Establishment","floor":23},{"not_picked":["Conclude+1","EmptyBody+1"],"picked":"Replay:BluntJabs","floor":25},{"not_picked":["InnerPeace","Halt"],"picked":"ThirdEye","floor":29},{"not_picked":["ThirdEye","Consecrate"],"picked":"CutThroughFate","floor":30}],"player_experience":229485,"relics_obtained":[{"floor":6,"key":"Snack Pack"},{"floor":9,"key":"GoldenEye"},{"floor":23,"key":"Chameleon Ring"},{"floor":23,"key":"Ginger"},{"floor":27,"key":"Ring of Greed"},{"floor":27,"key":"Blue Doll"},{"floor":27,"key":"Replay:Wax Seal"},{"floor":27,"key":"ReplayTheSpireMod:Ring of Challenge"},{"floor":30,"key":"Kunai"},{"floor":30,"key":"reliquary:MudwinsCradle"}],"event_choices":[{"damage_healed":26,"gold_gain":0,"player_choice":"Banana","damage_taken":0,"max_hp_gain":0,"max_hp_loss":0,"event_name":"Big Fish","floor":11,"gold_loss":0},{"damage_healed":0,"gold_gain":0,"player_choice":"Entered Light","damage_taken":16,"max_hp_gain":0,"max_hp_loss":0,"event_name":"Shining Light","floor":13,"gold_loss":0,"cards_upgraded":["LikeWater","Defend_P"]},{"damage_healed":0,"gold_gain":0,"player_choice":"Paid Fearfully","damage_taken":0,"max_hp_gain":0,"max_hp_loss":0,"event_name":"Masked Bandits","floor":31,"gold_loss":167}],"is_beta":false,"boss_relics":[{"not_picked":["Runic Dome","Fusion Hammer"],"picked":"Black Star"}],"items_purged_floors":[19,21],"is_endless":false,"potions_floor_spawned":[4,8,23,25,29],"killed_by":"Champ","ascension_level":0}}