{"host":"9vecvdjkx64cw9bo","time":1612786372,"event":{"mods":["Ascension Unlocker","BaseMod","Custom Start","Keyboard Shortcuts","Minty Spire (QoL Compilation)","Quick Restart","StSLib","SuperFastMode"],"gold_per_floor":[212,222,222,147,72,72,97,117,117,127,144,156,66,78,78,78,78],"floor_reached":16,"language":"KOR","playtime":426,"items_purged":["Strike_B"],"score":208,"play_id":"7f50d586-672f-4d6f-b3f2-5dcdf47cc24c","local_time":"20210208211252","is_ascension_mode":true,"campfire_choices":[{"data":"Zap","floor":6.0,"key":"SMITH"},{"data":"Defragment","floor":15,"key":"SMITH"}],"circlet_count":0,"master_deck":["AscendersBane","Strike_B","Strike_B","Defend_B","Defend_B","Defend_B","Defend_B","Zap+1","Dualcast","Streamline","Coolheaded","Defragment+1","Beam Cell","Defragment","Hologram","Compile Driver","Capacitor"],"relics":["Cracked Core","Darkstone Periapt","Anchor"],"acts_visited":["Exordium"],"potions_floor_usage":[14,14],"damage_taken":[{"damage":2.0,"enemies":"Cultist","floor":1.0,"turns":4.0},{"damage":0.0,"enemies":"2 Louse","floor":2.0,"turns":3.0},{"damage":29.0,"enemies":"3 Sentries","floor":7.0,"turns":10.0},{"damage":0.0,"enemies":"Jaw Worm","floor":8.0,"turns":4.0},{"damage":18.0,"enemies":"Gremlin Gang","floor":10.0,"turns":4.0},{"damage":2.0,"enemies":"Lots of Slimes","floor":11.0,"turns":4.0},{"damage":11.0,"enemies":"Looter","floor":12.0,"turns":3.0},{"damage":2,"enemies":"Large Slime","floor":14,"turns":3},{"damage":26,"enemies":"The Guardian","floor":16,"turns":2}],"seed_played":"-5555130715691477270","potions_obtained":[{"floor":8.0,"key":"Fruit Juice"},{"floor":10.0,"key":"AttackPotion"},{"floor":11.0,"key":"DistilledChaos"}],"is_trial":false,"path_per_floor":["M","M","?","$","?","R","E","M","T","M","M","M","$","M","R","B"],"character_chosen":"DEFECT","items_purchased":["Capacitor"],"campfire_rested":0,"item_purchase_floors":[13],"current_hp_per_floor":[62,62,67,67,67,67,38,38,38,20,18,7,7,10,10,0,0],"gold":78,"neow_bonus":"HUNDRED_GOLD","is_daily":false,"chose_seed":false,"campfire_upgraded":2,"win_rate":0.0,"timestamp":1612786372,"path_taken":["M","M","?","$","?","R","E","M","T","?","?","M","$","?","R","BOSS"],"items_purchased_type":["Card"],"build_version":"2020-12-22","purchased_purges":1,"victory":false,"max_hp_per_floor":[71,71,76,76,76,76,76,76,76,76,76,76,76,81,81,81,81],"card_choices":[{"not_picked":["White Noise","Loop"],"picked":"Streamline","floor":1.0},{"not_picked":["Barrage","Cold Snap"],"picked":"Coolheaded","floor":2.0},{"not_picked":["Ball Lightning","Barrage"],"picked":"Defragment","floor":7.0},{"not_picked":["Double Energy","Lockon"],"picked":"Beam Cell","floor":8.0},{"not_picked":["Lockon","Steam"],"picked":"Defragment","floor":10.0},{"not_picked":["Defragment","Streamline"],"picked":"Hologram","floor":11.0},{"not_picked":["Hologram","Redo"],"picked":"Compile Driver","floor":12.0},{"not_picked":["Go for the Eyes","Rip and Tear","Redo"],"picked":"SKIP","floor":14}],"player_experience":787865,"relics_obtained":[{"floor":7.0,"key":"Darkstone Periapt"},{"floor":9.0,"key":"Anchor"}],"event_choices":[{"damage_healed":0.0,"max_hp_gain":5.0,"max_hp_loss":0.0,"gold_gain":0.0,"event_name":"Big Fish","player_choice":"Donut","floor":3.0,"gold_loss":0.0,"damage_taken":0.0},{"cards_removed":["Strike_B"],"damage_healed":0.0,"max_hp_gain":0.0,"max_hp_loss":0.0,"gold_gain":0.0,"event_name":"The Cleric","player_choice":"Card Removal","floor":5.0,"gold_loss":75.0,"damage_taken":0.0}],"is_beta":false,"boss_relics":[],"items_purged_floors":[4],"is_endless":false,"potions_floor_spawned":[8,10,11],"killed_by":"The Guardian","ascension_level":20}}