{"host":"xwgrz7y3g1a3iikb","time":1612743965,"event":{"mods":["BaseMod","Bestiary","Minty Spire (QoL Compilation)","Permanent Neow","Quick Restart","Relic Stats","StSLib","ojb\u0027s Info Mod"],"gold_per_floor":[13,13,13,13,31,31,72,72,72,96,139,139,168,181,181,181,181],"floor_reached":16,"language":"ENG","playtime":563,"items_purged":[],"score":216,"play_id":"94bdb274-6ab6-4469-8035-58c3144f2df2","local_time":"20210207162605","is_ascension_mode":true,"campfire_choices":[{"data":"Blade Dance","floor":6,"key":"SMITH"},{"floor":8,"key":"REST"},{"floor":12,"key":"REST"},{"data":"Catalyst","floor":15,"key":"SMITH"}],"circlet_count":0,"master_deck":["AscendersBane","Strike_G","Strike_G","Strike_G","Strike_G","Defend_G","Defend_G","Defend_G","Defend_G","Defend_G","Survivor","Neutralize","Blade Dance+1","Poisoned Stab","Quick Slash","Blade Dance","Calculated Gamble","Tools of the Trade","Backflip","Catalyst+1"],"relics":["Ring of the Snake","The Specimen","Golden Idol","CaptainsWheel","Mummified Hand","Potion Belt","Odd Mushroom"],"acts_visited":[],"potions_floor_usage":[7,16],"damage_taken":[{"damage":6,"enemies":"Jaw Worm","floor":1,"turns":8},{"damage":5,"enemies":"2 Louse","floor":5,"turns":3},{"damage":31,"enemies":"Gremlin Nob","floor":7,"turns":5},{"damage":0,"enemies":"Small Slimes","floor":10,"turns":2},{"damage":27,"enemies":"3 Sentries","floor":11,"turns":8},{"damage":4,"enemies":"The Mushroom Lair","floor":13,"turns":4},{"damage":0,"enemies":"2 Fungi Beasts","floor":14,"turns":3},{"damage":18,"enemies":"The Guardian","floor":16,"turns":7}],"seed_played":"-724786736600809165","potions_obtained":[{"floor":5,"key":"Ancient Potion"},{"floor":10,"key":"SpeedPotion"},{"floor":14,"key":"Poison Potion"}],"is_trial":false,"path_per_floor":["M","?","?","?","M","R","E","R","T","M","E","R","?","M","R","B"],"character_chosen":"THE_SILENT","items_purchased":[],"campfire_rested":2,"item_purchase_floors":[],"current_hp_per_floor":[53,53,53,53,48,48,17,35,35,35,8,26,22,22,22,4,4],"gold":181,"neow_bonus":"ONE_RARE_RELIC","is_daily":false,"chose_seed":false,"campfire_upgraded":2,"win_rate":0.0,"timestamp":1612743965,"path_taken":["M","?","?","?","M","R","E","R","T","M","E","R","?","M","R","BOSS"],"items_purchased_type":[],"build_version":"2020-12-22","purchased_purges":0,"victory":false,"max_hp_per_floor":[66,66,60,60,60,60,60,60,60,60,60,60,60,60,60,60,60],"relic_stats":{"counters":[8,40],"Golden Idol":35,"Mummified Hand":[2],"obtain_stats":[{"Potion Belt":11,"CaptainsWheel":7,"The Specimen":0,"Golden Idol":3,"Mummified Hand":9,"Odd Mushroom":13,"Ring of the Snake":0},{"Potion Belt":5,"CaptainsWheel":3,"The Specimen":0,"Golden Idol":1,"Mummified Hand":3,"Odd Mushroom":6,"Ring of the Snake":0},{"Potion Belt":26,"CaptainsWheel":16,"The Specimen":0,"Golden Idol":8,"Mummified Hand":16,"Odd Mushroom":30,"Ring of the Snake":0}],"Ring of the Snake":[16]},"card_choices":[{"not_picked":["Backflip","Flying Knee"],"picked":"Blade Dance","floor":1},{"not_picked":["Backflip","Deflect"],"picked":"Quick Slash","floor":5},{"not_picked":["Catalyst","Eviscerate"],"picked":"Blade Dance","floor":7},{"not_picked":["Dagger Spray","Skewer"],"picked":"Calculated Gamble","floor":10},{"not_picked":["Poisoned Stab","Deflect"],"picked":"Tools of the Trade","floor":11},{"not_picked":["Dodge and Roll","Blur"],"picked":"Backflip","floor":13},{"not_picked":["Backstab","Slice"],"picked":"Catalyst","floor":14}],"player_experience":323107,"relics_obtained":[{"floor":7,"key":"CaptainsWheel"},{"floor":9,"key":"Mummified Hand"},{"floor":11,"key":"Potion Belt"},{"floor":13,"key":"Odd Mushroom"}],"event_choices":[{"damage_healed":0,"gold_gain":0,"cards_transformed":["Strike_G"],"player_choice":"Change","damage_taken":0,"max_hp_gain":0,"max_hp_loss":0,"event_name":"Living Wall","floor":2,"gold_loss":0,"cards_obtained":["Poisoned Stab"]},{"damage_healed":0,"gold_gain":0,"player_choice":"Lose Max HP","damage_taken":0,"relics_obtained":["Golden Idol"],"max_hp_gain":0,"max_hp_loss":6,"event_name":"Golden Idol","floor":3,"gold_loss":0},{"damage_healed":0,"gold_gain":0,"player_choice":"Ignored","damage_taken":0,"max_hp_gain":0,"max_hp_loss":0,"event_name":"Liars Game","floor":4,"gold_loss":0},{"damage_healed":0,"gold_gain":0,"player_choice":"Fought Mushrooms","damage_taken":0,"max_hp_gain":0,"max_hp_loss":0,"event_name":"Mushrooms","floor":13,"gold_loss":0}],"is_beta":false,"boss_relics":[],"items_purged_floors":[],"is_endless":false,"potions_floor_spawned":[5,10,14],"killed_by":"The Guardian","ascension_level":20}}