{"host":"tgnam0g96qraiyqx","time":1612781334,"event":{"mods":["Always Whale","Aspiration","Bartender","BaseMod","BetterRewards","CapriCore","CatGirl Mod","Chen","Colored Map","Colored Powertips","Decade(???)","Dio Mod","Downfall","Ekko","Energized Spire","Glutton Mod","Hermit","HexUI Lib","Highlight Path","HornydragonMod","Hubris","Jorbs\u0027s Wanderer Trilogy","Kalas","KinomotoSakuraMod(????)","Koishi","Kratos Character Expansion","Minty Spire (QoL Compilation)","Permanent Neow","Pikachu Mod","Potionbrewer","Prisma Mod","QueenMod","Railgun Mod","Random Character Button","Reimu??????","Replay The Spire","SCP261 Mod","Shade Mod","Shedinja","Shop Mod","Somnambulant","StSLib","The Alterego","The Bladedancer","The Cursed","The Death Knight","The Druid","The Hayseed","The Immortal","The Judge","The Juggle","The Jungle","The Kombatant","The Showman","The Warrior","The Wild Card","TheFirefly","TheVacant","Warlord Emblem","[IsaacMod]????"],"gold_per_floor":[99,117,133,43,54,64,64,64,64,80,255,255,274,274,290,398,398,398,418,418,418],"floor_reached":20,"language":"FRA","playtime":41539,"items_purged":["dioMod:Strike"],"score":166,"play_id":"49c3511d-9ad7-4eeb-9e11-55260acc19c1","local_time":"20210208114854","is_ascension_mode":false,"campfire_choices":[{"data":"Bite","floor":1,"key":"SMITH"},{"data":"dioMod:FlyAway","floor":9,"key":"SMITH"},{"data":"dioMod:Muda","floor":12,"key":"SMITH"}],"circlet_count":0,"master_deck":["dioMod:Strike","dioMod:Strike","Bite+1","dioMod:Defend","dioMod:Defend","dioMod:Defend","dioMod:Defend","dioMod:ComposedMuda","dioMod:LaserVision","dioMod:FlyAway+1","dioMod:Muda+1","Doubt","dioMod:BloodSplash","dioMod:Regeneration","dioMod:DaggerSpree","dioMod:CutDeep"],"relics":["dioMod:VampireBlood","HushsDoor","DeathBook","Regal Pillow","White Beast Statue","hubris:Stopwatch"],"acts_visited":["Exordium","TheCity"],"potions_floor_usage":[15,16,16,19,19],"damage_taken":[{"damage":5,"enemies":"Cultist","floor":2,"turns":4},{"damage":0,"enemies":"Small Slimes","floor":3,"turns":4},{"damage":0,"enemies":"downfall:FleeingMerchant","floor":4,"turns":4},{"damage":4,"enemies":"2 Louse","floor":5,"turns":3},{"damage":31,"enemies":"Large Slime","floor":6,"turns":8},{"damage":5,"enemies":"Blue Slaver","floor":10,"turns":5},{"damage":7,"enemies":"3 Louse","floor":13,"turns":3},{"damage":1,"enemies":"Lots of Slimes","floor":15,"turns":1},{"damage":16,"enemies":"SI_SHIV_ARCHETYPE","floor":16,"turns":8},{"damage":52,"enemies":"Spheric Guardian","floor":19,"turns":10},{"damage":36,"enemies":"IC_STATUS_ARCHETYPE","floor":20,"turns":9}],"seed_played":"1849688836462668742","potions_obtained":[{"floor":6,"key":"potionbrewer:MidasPotion"},{"floor":10,"key":"Toxic Potion"},{"floor":13,"key":"SkillPotion"},{"floor":15,"key":"SCP261:SweetSwarmPotion"},{"floor":16,"key":"potionbrewer:NoxiousPotion"},{"floor":19,"key":"SCP261:AppleJuicePotion"}],"is_trial":false,"path_per_floor":["R","M","M","$","M","M","T","?","R","M","?","R","M","?","M","B",null,"R_BF","M","?"],"character_chosen":"THE_DEFAULT","items_purchased":[],"campfire_rested":0,"item_purchase_floors":[],"current_hp_per_floor":[75,74,75,75,75,59,59,59,59,69,69,69,75,75,75,62,75,75,50,27,27],"gold":418,"neow_bonus":"RANDOM_COMMON_RELIC","is_daily":false,"chose_seed":false,"campfire_upgraded":3,"win_rate":0.0,"timestamp":1612781334,"path_taken":["R","M","M","$","M","?","T","?","R","M","?","R","M","?","M","BOSS","R_BF","M","?"],"items_purchased_type":[],"build_version":"2020-12-22","purchased_purges":1,"victory":false,"max_hp_per_floor":[75,75,75,75,75,75,75,75,75,75,75,75,75,75,75,75,75,75,75,75,75],"card_choices":[{"not_picked":["Bomb","dioMod:Roundabout"],"picked":"dioMod:ComposedMuda","floor":2},{"not_picked":["dioMod:SecretPlan","dioMod:CautiousMuda"],"picked":"dioMod:LaserVision","floor":3},{"not_picked":["dioMod:TripleThreat","dioMod:HeavyLifting","dioMod:RoadRoller"],"picked":"SKIP","floor":4},{"not_picked":["dioMod:ComposedMuda","dioMod:Hiss","dioMod:WRYYY"],"picked":"SKIP","floor":5},{"not_picked":["dioMod:SadisticLaugh","dioMod:Muda"],"picked":"dioMod:FlyAway","floor":6},{"not_picked":["dioMod:FlyAway","dioMod:SlashThroughTime"],"picked":"dioMod:Muda","floor":10},{"not_picked":["dioMod:PathToHeaven","dioMod:BloodSuck"],"picked":"dioMod:BloodSplash","floor":13},{"not_picked":["dioMod:DaggerSpree","dioMod:LaserVision"],"picked":"Bomb","floor":15},{"not_picked":["dioMod:SevenPageMuda","dioMod:PathToHeaven"],"picked":"dioMod:Regeneration","floor":16},{"not_picked":["dioMod:BloodSplash","dioMod:DaggerToss"],"picked":"dioMod:CutDeep","floor":19}],"player_experience":2699328,"relics_obtained":[{"floor":7,"key":"White Beast Statue"}],"event_choices":[],"is_beta":false,"boss_relics":[{"not_picked":["energizedSpire:EnergizedDie","aspiration:RitualDagger"],"picked":"hubris:Stopwatch"},{"not_picked":[]}],"items_purged_floors":[4],"is_endless":false,"potions_floor_spawned":[6,10,13,15,16,19],"killed_by":"IC_STATUS_ARCHETYPE","ascension_level":0}}