{"host":"126yiuos2nq86se7","time":1612761022,"event":{"mods":["AchievementEnabler","Act Like it!","BaseMod","BetterRewards","Colored Map","Colored Powertips","Friendly Minions","Highlight Path","Hubris","Minty Spire (QoL Compilation)","Reimu??????","StSLib","SuperFastMode","The Animator"],"gold_per_floor":[119,194,269,284,24,24,57,76,76,76,76,122,122,22,22,145,145,118,139,163,183,23,23,47,146,146,146,61,85,85,105,105,234,234,255,279,279,279,279,279,55,68,68,68,82,82,103,116,116,116],"floor_reached":51,"language":"ENG","playtime":2634,"items_purged":["Zap","Strike_B","Strike_B","Decay"],"score":702,"play_id":"838eef28-83b8-44e5-8b47-04658c8763eb","local_time":"20210208161022","is_ascension_mode":true,"campfire_choices":[{"floor":6,"key":"REST"},{"data":"Dualcast","floor":11,"key":"SMITH"},{"floor":15,"key":"REST"},{"floor":23,"key":"REST"},{"data":"Defragment","floor":27,"key":"SMITH"},{"data":"Blizzard","floor":32,"key":"SMITH"},{"floor":40,"key":"REST"},{"data":"Loop","floor":44,"key":"SMITH"},{"floor":46,"key":"REST"},{"floor":49,"key":"REST"}],"circlet_count":0,"master_deck":["Strike_B","Strike_B","Defend_B","Defend_B","Dualcast+1","Capacitor","hubris:DuctTapeCard","Barrage","Glacier","Undo","Chill","Machine Learning","Defragment+1","Redo+1","Barrage+1","Blizzard+1","Conserve Battery+1","Barrage+1","Echo Form+1","Barrage+1","Loop+1","Barrage+1"],"relics":["Cracked Core","hubris:DuctTape","Toolbox","Juzu Bracelet","Ice Cream","hubris:TenFootPole","Golden Idol","Sozu","Kunai","Pen Nib","Philosopher\u0027s Stone","Eternal Feather"],"acts_visited":["Exordium","TheCity","TheBeyond"],"potions_floor_usage":[16,16,33],"damage_taken":[{"damage":11,"enemies":"Jaw Worm","floor":1,"turns":4},{"damage":4,"enemies":"2 Louse","floor":4,"turns":4},{"damage":21,"enemies":"3 Sentries","floor":7,"turns":10},{"damage":10,"enemies":"Cultist","floor":8,"turns":4},{"damage":47,"enemies":"Slime Boss","floor":16,"turns":17},{"damage":6,"enemies":"2 Thieves","floor":18,"turns":5},{"damage":4,"enemies":"3 Byrds","floor":19,"turns":8},{"damage":1,"enemies":"Shelled Parasite and Fungi","floor":20,"turns":9},{"damage":16,"enemies":"Snake Plant","floor":21,"turns":6},{"damage":4,"enemies":"Chosen and Byrds","floor":24,"turns":10},{"damage":0,"enemies":"Sentry and Sphere","floor":29,"turns":6},{"damage":4,"enemies":"Centurion and Healer","floor":31,"turns":7},{"damage":13,"enemies":"Automaton","floor":33,"turns":9},{"damage":0,"enemies":"3 Shapes","floor":35,"turns":6},{"damage":32,"enemies":"3 Darklings","floor":36,"turns":6},{"damage":23,"enemies":"Spire Growth","floor":42,"turns":6},{"damage":25,"enemies":"Maw","floor":45,"turns":7},{"damage":12,"enemies":"3 Darklings","floor":47,"turns":6},{"damage":33,"enemies":"Writhing Mass","floor":48,"turns":7},{"damage":46,"enemies":"Time Eater","floor":50,"turns":11}],"seed_played":"6552872053671055483","potions_obtained":[{"floor":1,"key":"Regen Potion"},{"floor":7,"key":"SteroidPotion"},{"floor":16,"key":"Ancient Potion"}],"is_trial":false,"path_per_floor":["M","?","T","M","$","R","E","M","T","?","R","T","?","$","R","B",null,"M","M","M","M","$","R","M","?","T","R","?","M","?","M","R","B",null,"M","M","?","?","?","R","$","M","T","R","M","R","M","M","R","B",null],"character_chosen":"DEFECT","items_purchased":["Glacier","Toolbox","Blizzard","Loop"],"campfire_rested":6,"item_purchase_floors":[5,5,22,41],"current_hp_per_floor":[64,53,53,49,49,71,50,40,40,45,45,45,35,35,59,27,80,74,70,69,53,53,77,73,73,73,73,73,73,73,69,69,56,80,80,48,51,51,51,75,75,52,52,64,39,75,63,30,66,20],"gold":116,"neow_bonus":"","is_daily":false,"chose_seed":false,"campfire_upgraded":4,"win_rate":0.0,"timestamp":1612761022,"path_taken":["M","?","?","M","$","R","E","M","T","?","R","?","?","$","R","BOSS","M","M","M","M","$","R","M","?","T","R","?","M","?","M","R","BOSS","M","M","?","?","?","R","$","M","T","R","M","R","M","M","R","BOSS"],"items_purchased_type":["Card","Relic","Card","Card"],"build_version":"2020-12-22","purchased_purges":4,"victory":true,"max_hp_per_floor":[75,75,75,75,75,75,75,75,75,80,80,80,80,80,80,80,80,80,80,80,80,80,80,80,80,80,80,80,80,80,80,80,80,80,80,80,83,83,83,83,83,83,83,83,83,83,83,83,83,83],"card_choices":[{"not_picked":["Rebound","Redo"],"picked":"Capacitor","floor":1},{"not_picked":["Streamline","Coolheaded"],"picked":"Barrage","floor":4},{"not_picked":["Go for the Eyes","Leap"],"picked":"Undo","floor":7},{"not_picked":["Fusion","Steam Power"],"picked":"Chill","floor":8},{"not_picked":["Seek","Core Surge"],"picked":"Machine Learning","floor":16},{"not_picked":["Stack+1","Coolheaded"],"picked":"Defragment","floor":18},{"not_picked":["Ball Lightning","Rebound+1","Stack"],"picked":"SKIP","floor":19},{"not_picked":["Streamline","Rebound+1"],"picked":"Redo+1","floor":20},{"not_picked":["Compile Driver+1","Ball Lightning+1"],"picked":"Barrage+1","floor":21},{"not_picked":["Rip and Tear","Redo"],"picked":"Conserve Battery+1","floor":24},{"not_picked":["Compile Driver+1","Storm+1","Beam Cell+1"],"picked":"SKIP","floor":29},{"not_picked":["Conserve Battery+1","Aggregate"],"picked":"Barrage+1","floor":31},{"not_picked":["Creative AI","Hyperbeam"],"picked":"Echo Form","floor":33},{"not_picked":["Ball Lightning+1","Force Field"],"picked":"Barrage+1","floor":35},{"not_picked":["Gash+1","Compile Driver","Beam Cell+1"],"picked":"SKIP","floor":36},{"not_picked":["Rebound+1","Hello World+1","Rip and Tear"],"picked":"SKIP","floor":42},{"not_picked":["Leap","Go for the Eyes+1"],"picked":"Barrage+1","floor":45},{"not_picked":["Meteor Strike","Redo","Hologram"],"picked":"SKIP","floor":47},{"not_picked":["Turbo+1","Hello World+1","Gash"],"picked":"SKIP","floor":48}],"player_experience":1601716,"relics_obtained":[{"floor":3,"key":"hubris:DuctTape"},{"floor":7,"key":"Juzu Bracelet"},{"floor":9,"key":"Ice Cream"},{"floor":12,"key":"hubris:TenFootPole"},{"floor":26,"key":"Kunai"},{"floor":43,"key":"Eternal Feather"}],"event_choices":[{"damage_healed":0,"gold_gain":75,"player_choice":"Gather Gold","damage_taken":11,"max_hp_gain":0,"max_hp_loss":0,"event_name":"World of Goop","floor":2,"gold_loss":0},{"damage_healed":0,"gold_gain":0,"player_choice":"Donut","damage_taken":0,"max_hp_gain":5,"max_hp_loss":0,"event_name":"Big Fish","floor":10,"gold_loss":0},{"damage_healed":0,"gold_gain":0,"player_choice":"Take Damage","damage_taken":20,"relics_obtained":["Golden Idol"],"max_hp_gain":0,"max_hp_loss":0,"event_name":"Golden Idol","floor":13,"gold_loss":0},{"damage_healed":0,"gold_gain":99,"player_choice":"Stole From Cult","damage_taken":0,"max_hp_gain":0,"max_hp_loss":0,"event_name":"Nest","floor":25,"gold_loss":0},{"damage_healed":0,"gold_gain":0,"player_choice":"Obtained Relic","damage_taken":0,"relics_obtained":["Pen Nib"],"max_hp_gain":0,"max_hp_loss":0,"event_name":"Addict","floor":28,"gold_loss":85},{"damage_healed":0,"gold_gain":0,"player_choice":"Cursed","damage_taken":0,"max_hp_gain":0,"max_hp_loss":0,"event_name":"Wheel of Change","floor":30,"gold_loss":0,"cards_obtained":["Decay"]},{"damage_healed":0,"gold_gain":0,"player_choice":"Ignored","damage_taken":0,"max_hp_gain":0,"max_hp_loss":0,"event_name":"Tomb of Lord Red Mask","floor":38,"gold_loss":0},{"damage_healed":0,"gold_gain":0,"player_choice":"Forge","damage_taken":0,"max_hp_gain":0,"max_hp_loss":0,"event_name":"Accursed Blacksmith","floor":39,"gold_loss":0,"cards_upgraded":["Echo Form"]}],"is_beta":false,"boss_relics":[{"not_picked":["hubris:RunicObelisk","Runic Dome"],"picked":"Sozu"},{"not_picked":["Runic Pyramid","hubris:TerracottaHorce"],"picked":"Philosopher\u0027s Stone"}],"items_purged_floors":[5,14,22,41],"is_endless":false,"potions_floor_spawned":[1,7,16,18,20,24,31,33,35,48],"ascension_level":1}}