{"host":"fzjk61lpi4bwj033","time":1612759345,"event":{"mods":["BaseMod","Downfall","Hermit","Jorbs\u0027s Wanderer Trilogy","Minty Spire (QoL Compilation)","Rare Cards Sparkle","Relic Stats","StSLib"],"gold_per_floor":[349,367,204,54,65,92,92,110,110,125,137,148,148,174,194,194,194,194],"floor_reached":16,"language":"ENG","playtime":565,"items_purged":[],"score":278,"play_id":"67aa28da-1db0-4072-9c6d-c96833db16aa","local_time":"20210207224225","is_ascension_mode":true,"campfire_choices":[{"data":"champ:Taunt","floor":1,"key":"SMITH"},{"data":"expansioncontent:HyperBeam","floor":9,"key":"SMITH"},{"floor":13,"key":"REST"}],"circlet_count":0,"master_deck":["AscendersBane","champ:Strike","champ:Strike","champ:Strike","champ:Strike","champ:Defend","champ:Defend","champ:Defend","champ:Defend","champ:Execute","champ:Taunt+1","champ:EnGarde","champ:HeartStrike","expansioncontent:HyperBeam+1","champ:FlashCut","champ:DeathBlow","champ:AdrenalArmor","champ:SwordSigil","champ:Circumvent","champ:BringItOn"],"relics":["champ:ChampionCrown","Singing Bowl","Mango"],"acts_visited":["Exordium"],"potions_floor_usage":[14,16,16],"damage_taken":[{"damage":28,"enemies":"Cultist","floor":2,"turns":5},{"damage":22,"enemies":"downfall:FleeingMerchant","floor":3,"turns":4},{"damage":21,"enemies":"Jaw Worm","floor":5,"turns":3},{"damage":32,"enemies":"3 Sentries","floor":6,"turns":4},{"damage":11,"enemies":"2 Louse","floor":8,"turns":3},{"damage":8,"enemies":"Blue Slaver","floor":10,"turns":2},{"damage":35,"enemies":"Large Slime","floor":11,"turns":5},{"damage":10,"enemies":"Lots of Slimes","floor":12,"turns":2},{"damage":10,"enemies":"Gremlin Nob","floor":14,"turns":3},{"damage":30,"enemies":"Red Slaver","floor":15,"turns":3},{"damage":86,"enemies":"WA_ARCHETYPE_RETAIN","floor":16,"turns":10}],"seed_played":"-2055886714835885529","potions_obtained":[{"floor":6,"key":"PowerPotion"},{"floor":11,"key":"SkillPotion"},{"floor":14,"key":"DistilledChaos"}],"is_trial":false,"path_per_floor":["R","M","$","?","M","E","T","M","R","M","M","M","R","E","M","B"],"character_chosen":"THE_CHAMP","items_purchased":["expansioncontent:HyperBeam","champ:FlashCut"],"campfire_rested":1,"item_purchase_floors":[3,3],"current_hp_per_floor":[73,65,63,83,72,52,52,53,53,45,30,32,58,72,67,11,11,11],"gold":194,"neow_bonus":"TWO_FIFTY_GOLD","is_daily":false,"chose_seed":false,"campfire_upgraded":2,"win_rate":0.0,"timestamp":1612759345,"path_taken":["R","M","$","?","M","E","T","?","R","M","M","M","R","E","M","BOSS"],"items_purchased_type":["Card","Card"],"build_version":"2020-12-22","purchased_purges":0,"victory":false,"max_hp_per_floor":[73,73,73,83,83,85,85,87,87,87,87,89,89,103,103,103,103,103],"relic_stats":{"Singing Bowl":6,"counters":[11,44],"obtain_stats":[{"Singing Bowl":6,"champ:ChampionCrown":0,"Mango":14},{"Singing Bowl":4,"champ:ChampionCrown":0,"Mango":9},{"Singing Bowl":16,"champ:ChampionCrown":0,"Mango":31}]},"card_choices":[{"not_picked":["champ:BladeFlurry","champ:CrownThrow"],"picked":"champ:EnGarde","floor":2},{"not_picked":["champ:Devastate","champ:FalseCounter"],"picked":"champ:HeartStrike","floor":3},{"not_picked":["champ:Parry","champ:GutPunch"],"picked":"champ:DeathBlow","floor":5},{"not_picked":["champ:BladeFlurry","champ:DancingMaster","champ:EnGarde"],"picked":"Singing Bowl","floor":6},{"not_picked":["champ:BladeFlurry","champ:FaceSlap","champ:HeartStrike"],"picked":"Singing Bowl","floor":8},{"not_picked":["champ:Shatter","champ:TornadoPunch"],"picked":"champ:AdrenalArmor","floor":10},{"not_picked":["champ:DeathBlow","champ:BerserkersShout"],"picked":"champ:SwordSigil","floor":11},{"not_picked":["champ:Haymaker","champ:ViciousMockery","champ:Devastate"],"picked":"Singing Bowl","floor":12},{"not_picked":["champ:IronFortress","champ:FocusedDefense"],"picked":"champ:Circumvent","floor":14},{"not_picked":["champ:BladeFlurry","champ:ShieldSigil"],"picked":"champ:BringItOn","floor":15}],"player_experience":843903,"relics_obtained":[{"floor":6,"key":"Singing Bowl"},{"floor":14,"key":"Mango"}],"event_choices":[],"is_beta":false,"boss_relics":[],"items_purged_floors":[],"is_endless":false,"potions_floor_spawned":[6,11,12,14,15],"killed_by":"WA_ARCHETYPE_RETAIN","ascension_level":20}}