{"host":"if46sxignvy4ka0k","time":1612826795,"event":{"mods":["BaseMod","Minty Spire (QoL Compilation)","StSLib","The Cursed"],"gold_per_floor":[115,132,8,19,30,56,21,33,33,33,51,71,96,115,115,212,212,231,231,243,35,53,87,100,129,129,129,229,229,229,249,249,347,347,367,241,241,291,308,338,348,375,375,403,419,419,431,431,431,431],"floor_reached":51,"language":"ENG","playtime":5978,"items_purged":["Strike_G"],"score":891,"play_id":"18c1d5cc-b6f3-4afc-b144-da579f785054","local_time":"20210208172635","is_ascension_mode":false,"campfire_choices":[{"data":"Bouncing Flask","floor":15,"key":"SMITH"},{"data":"Accuracy","floor":27,"key":"SMITH"},{"floor":30,"key":"REST"},{"data":"Infinite Blades","floor":32,"key":"SMITH"},{"floor":49,"key":"REST"}],"circlet_count":0,"master_deck":["Survivor","Neutralize","Poisoned Stab","Flying Knee","Infinite Blades+1","Prepared","Blur","Cloak And Dagger","Finisher","Bouncing Flask+1","Pain","Cloak And Dagger","Flying Knee","Corpse Explosion","After Image","Catalyst","Shame","Acrobatics+1","Accuracy+1","Bullet Time+1","Footwork","Tactician+1","Parasite","Bouncing Flask+1","A Thousand Cuts+1","Adrenaline","All Out Attack","Deadly Poison","Cloak And Dagger","Tactician","Backflip","Quick Slash","Unload","Blur","Dagger Spray","Poisoned Stab","Catalyst","Poisoned Stab","Leg Sweep+1","Blade Dance","Acrobatics","Acrobatics+1","Calculated Gamble+1","Doubt","Calculated Gamble","Writhe"],"relics":["Ring of the Snake","Art of War","Anchor","Kunai","WarpedTongs","Matryoshka","Cursed Key","Mercury Hourglass","Membership Card","WingedGreaves","Frozen Egg 2","PreservedInsect","Bag of Marbles","TungstenRod","InkBottle","Blood Vial","Pandora\u0027s Box","War Paint","StoneCalendar","CaptainsWheel","Strawberry","Girya"],"acts_visited":["Exordium","TheCity","TheBeyond"],"potions_floor_usage":[6,16,38,40,42,44,50,50],"damage_taken":[{"damage":1,"enemies":"Cultist","floor":1,"turns":4},{"damage":3,"enemies":"2 Louse","floor":2,"turns":2},{"damage":3,"enemies":"Jaw Worm","floor":4,"turns":4},{"damage":2,"enemies":"Large Slime","floor":5,"turns":6},{"damage":14,"enemies":"Lagavulin","floor":6,"turns":7},{"damage":0,"enemies":"2 Fungi Beasts","floor":8,"turns":3},{"damage":1,"enemies":"Looter","floor":11,"turns":3},{"damage":7,"enemies":"Exordium Wildlife","floor":12,"turns":4},{"damage":3,"enemies":"3 Sentries","floor":13,"turns":7},{"damage":12,"enemies":"2 Fungi Beasts","floor":14,"turns":3},{"damage":11,"enemies":"Slime Boss","floor":16,"turns":11},{"damage":12,"enemies":"Spheric Guardian","floor":18,"turns":5},{"damage":4,"enemies":"Chosen","floor":20,"turns":3},{"damage":0,"enemies":"Centurion and Healer","floor":22,"turns":3},{"damage":6,"enemies":"Gremlin Leader","floor":23,"turns":7},{"damage":4,"enemies":"Sentry and Sphere","floor":24,"turns":5},{"damage":5,"enemies":"Slavers","floor":25,"turns":2},{"damage":1,"enemies":"Colosseum Slavers","floor":28,"turns":4},{"damage":11,"enemies":"Colosseum Nobs","floor":28,"turns":4},{"damage":0,"enemies":"3 Cultists","floor":31,"turns":2},{"damage":27,"enemies":"Champ","floor":33,"turns":10},{"damage":0,"enemies":"3 Shapes","floor":35,"turns":3},{"damage":0,"enemies":"Mind Bloom Boss Battle","floor":38,"turns":4},{"damage":4,"enemies":"Orb Walker","floor":39,"turns":2},{"damage":15,"enemies":"Reptomancer","floor":40,"turns":4},{"damage":0,"enemies":"Transient","floor":41,"turns":5},{"damage":47,"enemies":"Nemesis","floor":42,"turns":5},{"damage":5,"enemies":"Giant Head","floor":44,"turns":6},{"damage":9,"enemies":"Maw","floor":45,"turns":7},{"damage":2,"enemies":"Sphere and 2 Shapes","floor":47,"turns":3},{"damage":47,"enemies":"Awakened One","floor":50,"turns":12}],"seed_played":"4296717132897708591","potions_obtained":[{"floor":2,"key":"SneckoOil"},{"floor":5,"key":"PowerPotion"},{"floor":6,"key":"Fire Potion"},{"floor":12,"key":"DistilledChaos"},{"floor":16,"key":"GhostInAJar"},{"floor":18,"key":"ColorlessPotion"},{"floor":33,"key":"Strength Potion"},{"floor":39,"key":"Fruit Juice"},{"floor":40,"key":"SteroidPotion"},{"floor":42,"key":"GamblersBrew"},{"floor":47,"key":"SteroidPotion"}],"is_trial":false,"path_per_floor":["M","M","$","M","M","E","?","M","T","?","M","M","E","M","R","B",null,"M","?","M","$","M","E","M","E","T","R","?","?","R","M","R","B",null,"M","$","?","?","M","E","M","E","T","E","M","?","M","?","R","B",null],"character_chosen":"THE_SILENT","items_purchased":["Infinite Blades","Prepared","Membership Card","Accuracy","Catalyst","War Paint","Poisoned Stab"],"campfire_rested":2,"item_purchase_floors":[3,3,21,21,36,36,36],"current_hp_per_floor":[69,66,66,63,61,47,64,64,64,64,63,56,53,41,41,30,70,58,58,54,54,54,48,44,39,39,39,27,27,48,50,50,25,70,70,70,70,70,66,53,55,22,22,19,12,12,12,33,57,12],"gold":431,"neow_bonus":"RANDOM_COMMON_RELIC","is_daily":false,"chose_seed":false,"campfire_upgraded":3,"win_rate":0.0,"timestamp":1612826795,"path_taken":["M","M","$","M","M","E","?","M","T","?","M","?","E","M","R","BOSS","M","?","M","$","M","E","M","E","T","R","?","?","R","M","R","BOSS","M","$","?","?","M","E","M","E","T","E","?","?","?","?","R","BOSS"],"items_purchased_type":["Card","Card","Relic","Card","Card","Relic","Card"],"build_version":"2020-12-22","purchased_purges":1,"victory":true,"max_hp_per_floor":[70,70,70,70,70,70,70,70,70,70,70,70,70,70,70,70,70,70,70,70,70,70,70,70,70,70,70,70,70,70,70,70,70,70,70,70,70,70,70,70,70,82,82,82,82,82,82,82,82,82],"card_choices":[{"not_picked":["Acrobatics","Outmaneuver"],"picked":"Poisoned Stab","floor":1},{"not_picked":["Acrobatics","Eviscerate"],"picked":"Flying Knee","floor":2},{"not_picked":["PiercingWail","Expertise"],"picked":"Blur","floor":4},{"not_picked":["Slice","Deflect"],"picked":"Cloak And Dagger","floor":5},{"not_picked":["Prepared","Setup"],"picked":"Finisher","floor":6},{"not_picked":["Slice","Venomology"],"picked":"Bouncing Flask","floor":8},{"not_picked":["Sucker Punch","Heel Hook"],"picked":"Cloak And Dagger","floor":11},{"not_picked":["Cloak And Dagger","Dagger Throw"],"picked":"Flying Knee","floor":12},{"not_picked":["Backflip","Backstab"],"picked":"Corpse Explosion","floor":13},{"not_picked":["Acrobatics","Underhanded Strike","Backflip"],"picked":"SKIP","floor":14},{"not_picked":["Doppelganger","Tools of the Trade"],"picked":"After Image","floor":16},{"not_picked":["Blade Dance","Underhanded Strike+1"],"picked":"Catalyst","floor":18},{"not_picked":["Dash","Deflect"],"picked":"Acrobatics+1","floor":20},{"not_picked":["Sucker Punch","Quick Slash"],"picked":"Bullet Time","floor":22},{"not_picked":["Riddle With Holes","Backflip","Blur+1"],"picked":"SKIP","floor":23},{"not_picked":["Dagger Throw","Dagger Spray"],"picked":"Footwork","floor":24},{"not_picked":["Riddle With Holes+1","Terror"],"picked":"Tactician","floor":25},{"not_picked":["Terror","Flying Knee"],"picked":"Bouncing Flask+1","floor":28},{"not_picked":["Underhanded Strike","Blade Dance"],"picked":"A Thousand Cuts+1","floor":31},{"not_picked":["Die Die Die","Glass Knife"],"picked":"Adrenaline","floor":33},{"not_picked":["Footwork+1","Flying Knee+1"],"picked":"Poisoned Stab","floor":35},{"not_picked":["Backflip","Cloak And Dagger+1"],"picked":"Leg Sweep+1","floor":38},{"not_picked":["Poisoned Stab+1","Dagger Throw+1"],"picked":"Blade Dance","floor":39},{"not_picked":["Dagger Spray","Malaise"],"picked":"Acrobatics","floor":40},{"not_picked":["Deflect","Masterful Stab+1"],"picked":"Acrobatics+1","floor":41},{"not_picked":["Sucker Punch","Riddle With Holes+1"],"picked":"Calculated Gamble+1","floor":42},{"not_picked":["Dagger Throw","Acrobatics","Corpse Explosion"],"picked":"SKIP","floor":44},{"not_picked":["Deflect+1","Dagger Spray"],"picked":"Calculated Gamble","floor":45},{"not_picked":["Dagger Throw+1","Quick Slash+1","Skewer+1"],"picked":"SKIP","floor":47}],"player_experience":2141039,"relics_obtained":[{"floor":6,"key":"Anchor"},{"floor":9,"key":"Kunai"},{"floor":13,"key":"Matryoshka"},{"floor":23,"key":"WingedGreaves"},{"floor":25,"key":"Frozen Egg 2"},{"floor":26,"key":"PreservedInsect"},{"floor":26,"key":"Bag of Marbles"},{"floor":28,"key":"TungstenRod"},{"floor":28,"key":"InkBottle"},{"floor":38,"key":"StoneCalendar"},{"floor":40,"key":"CaptainsWheel"},{"floor":42,"key":"Strawberry"},{"floor":44,"key":"Girya"}],"event_choices":[{"damage_healed":17,"gold_gain":0,"player_choice":"Healed","damage_taken":0,"max_hp_gain":0,"max_hp_loss":0,"event_name":"The Cleric","floor":7,"gold_loss":35},{"damage_healed":0,"gold_gain":0,"player_choice":"Rummage","damage_taken":0,"relics_obtained":["WarpedTongs"],"max_hp_gain":0,"max_hp_loss":0,"event_name":"Accursed Blacksmith","floor":10,"gold_loss":0,"cards_obtained":["Pain"]},{"damage_healed":0,"gold_gain":0,"player_choice":"Stole Relic","damage_taken":0,"relics_obtained":["Mercury Hourglass"],"max_hp_gain":0,"max_hp_loss":0,"event_name":"Addict","floor":19,"gold_loss":0,"cards_obtained":["Shame"]},{"damage_healed":0,"gold_gain":0,"player_choice":"Fight","damage_taken":0,"max_hp_gain":0,"max_hp_loss":0,"event_name":"Colosseum","floor":28,"gold_loss":0},{"damage_healed":0,"gold_gain":0,"player_choice":"Fought Nobs","damage_taken":0,"max_hp_gain":0,"max_hp_loss":0,"event_name":"Colosseum","floor":28,"gold_loss":0},{"damage_healed":0,"gold_gain":0,"player_choice":"Opened","damage_taken":0,"relics_obtained":["Blood Vial"],"max_hp_gain":0,"max_hp_loss":0,"event_name":"The Mausoleum","floor":29,"gold_loss":0},{"damage_healed":0,"gold_gain":0,"player_choice":"Ignored","damage_taken":0,"max_hp_gain":0,"max_hp_loss":0,"event_name":"Tomb of Lord Red Mask","floor":37,"gold_loss":0},{"damage_healed":0,"gold_gain":0,"player_choice":"Fight","damage_taken":0,"max_hp_gain":0,"max_hp_loss":0,"event_name":"MindBloom","floor":38,"gold_loss":0},{"damage_healed":0,"gold_gain":0,"player_choice":"Ignored","damage_taken":0,"max_hp_gain":0,"max_hp_loss":0,"event_name":"SecretPortal","floor":46,"gold_loss":0},{"damage_healed":21,"gold_gain":0,"player_choice":"Writhe","damage_taken":0,"max_hp_gain":0,"max_hp_loss":0,"event_name":"Winding Halls","floor":48,"gold_loss":0,"cards_obtained":["Writhe"]}],"is_beta":false,"boss_relics":[{"not_picked":["SacredBark","Busted Crown"],"picked":"Cursed Key"},{"not_picked":["Empty Cage","Snecko Eye"],"picked":"Pandora\u0027s Box"}],"items_purged_floors":[21],"is_endless":false,"potions_floor_spawned":[2,5,6,12,16,18,24,25,28,33,35,39,40,42,47],"ascension_level":0}}