{"host":"kk6i5v7sjcm8i50x","time":1612819999,"event":{"mods":["BaseMod","Bestiary","Colored Map","Downfall","Minty Spire (QoL Compilation)","StSLib","The Saiyan"],"gold_per_floor":[111,111,61,61,78,112,112,130,157,14,44,75,75,103,103,206,206,219,239,271,288,308,308,327,327,373,373,46,46,75,25,25,127,177,195,205,9,28,40,40,40,70,93,93,143,35,35,55,55,55],"floor_reached":51,"language":"ENG","playtime":1919,"items_purged":["Consume+1","Scrape"],"score":734,"play_id":"3d254e90-b4e0-4563-b414-cfdf0038b5c9","local_time":"20210208163319","is_ascension_mode":true,"campfire_choices":[{"floor":7,"key":"REST"},{"floor":13,"key":"REST"},{"data":"Buffer","floor":15,"key":"SMITH"},{"floor":23,"key":"REST"},{"floor":25,"key":"REST"},{"data":"Loop","floor":27,"key":"SMITH"},{"data":"Defragment","floor":32,"key":"SMITH"},{"floor":40,"key":"REST"},{"floor":44,"key":"REST"},{"data":"Creative AI","floor":49,"key":"SMITH"}],"circlet_count":0,"master_deck":["Strike_B","Zap+1","Dualcast","Storm","Stack+1","Ball Lightning","Ball Lightning","Buffer+1","Sunder","Storm","Core Surge","Go for the Eyes+1","Rebound+1","Hologram+1","Loop+1","Tempest","Defragment+1","Steam+1","Reboot+1","Creative AI+1","Barrage","Defragment+1","Melter","Beam Cell+1","Lockon","Self Repair"],"relics":["Cracked Core","Smiling Mask","Mummified Hand","Potion Belt","Eternal Feather","Odd Mushroom","Astrolabe","Red Mask","Centennial Puzzle","Tiny Chest","Vajra","Tiny House","DollysMirror","Bag of Marbles","Unceasing Top","War Paint","Bronze Scales"],"acts_visited":["Exordium","TheCity","TheBeyond"],"potions_floor_usage":[5,16,30,30,30,30,33,42,50,50,50,50],"damage_taken":[{"damage":6,"enemies":"2 Louse","floor":1,"turns":3},{"damage":0,"enemies":"Small Slimes","floor":5,"turns":3},{"damage":52,"enemies":"Gremlin Nob","floor":6,"turns":5},{"damage":0,"enemies":"Cultist","floor":8,"turns":3},{"damage":4,"enemies":"3 Sentries","floor":12,"turns":5},{"damage":9,"enemies":"The Mushroom Lair","floor":14,"turns":3},{"damage":23,"enemies":"Slime Boss","floor":16,"turns":10},{"damage":15,"enemies":"3 Byrds","floor":18,"turns":4},{"damage":0,"enemies":"Shell Parasite","floor":19,"turns":2},{"damage":6,"enemies":"Masked Bandits","floor":20,"turns":3},{"damage":34,"enemies":"Centurion and Healer","floor":21,"turns":4},{"damage":18,"enemies":"Snake Plant","floor":22,"turns":3},{"damage":10,"enemies":"Cultist and Chosen","floor":24,"turns":5},{"damage":17,"enemies":"Slavers","floor":30,"turns":3},{"damage":17,"enemies":"Collector","floor":33,"turns":7},{"damage":7,"enemies":"Orb Walker","floor":35,"turns":3},{"damage":17,"enemies":"3 Shapes","floor":36,"turns":4},{"damage":0,"enemies":"Spire Growth","floor":38,"turns":3},{"damage":43,"enemies":"Jaw Worm Horde","floor":39,"turns":3},{"damage":8,"enemies":"Nemesis","floor":42,"turns":5},{"damage":0,"enemies":"Transient","floor":48,"turns":5},{"damage":72,"enemies":"Awakened One","floor":50,"turns":6}],"seed_played":"3354594772248532061","potions_obtained":[{"floor":5,"key":"Fruit Juice"},{"floor":6,"key":"hexamod:SoulburnPotion"},{"floor":8,"key":"FocusPotion"},{"floor":14,"key":"Swift Potion"},{"floor":16,"key":"Energy Potion"},{"floor":20,"key":"FearPotion"},{"floor":33,"key":"DuplicationPotion"},{"floor":34,"key":"EssenceOfSteel"},{"floor":35,"key":"Weak Potion"},{"floor":47,"key":"DuplicationPotion"},{"floor":47,"key":"Dexterity Potion"},{"floor":47,"key":"PotionOfCapacity"},{"floor":48,"key":"ColorlessPotion"}],"is_trial":false,"path_per_floor":["M","?","?","?","M","E","R","M","T","$","?","E","R","?","R","B",null,"M","M","?","M","M","R","M","R","T","R","$","?","E","$","R","B",null,"M","M","$","M","M","R","?","E","T","R","T","$","?","M","R","B",null],"character_chosen":"DEFECT","items_purchased":["Buffer","Defragment","Tiny Chest","Fire Potion","DollysMirror","Melter","Lockon","Self Repair"],"campfire_rested":6,"item_purchase_floors":[10,28,28,28,37,37,46,46],"current_hp_per_floor":[69,57,57,57,62,10,34,34,34,34,34,30,60,51,60,37,80,65,65,59,25,7,40,30,63,63,72,72,72,55,55,64,47,85,78,61,61,61,18,55,55,47,47,84,84,84,84,85,85,20],"gold":55,"neow_bonus":"REMOVE_CARD","is_daily":false,"chose_seed":false,"campfire_upgraded":4,"win_rate":0.0,"timestamp":1612819999,"path_taken":["M","?","?","?","?","E","R","M","T","$","?","E","R","?","R","BOSS","M","M","?","M","M","R","M","R","T","R","$","?","E","?","R","BOSS","M","M","$","M","M","R","?","E","T","R","?","?","?","M","R","BOSS"],"items_purchased_type":["Card","Card","Relic","Potion","Relic","Card","Card","Card"],"build_version":"2020-12-22","purchased_purges":2,"victory":true,"max_hp_per_floor":[75,75,75,75,80,80,80,80,80,80,80,80,80,80,80,80,80,80,80,80,80,80,80,80,80,80,80,80,80,80,80,80,80,85,85,85,85,85,85,85,85,85,85,85,85,85,85,85,85,85],"card_choices":[{"not_picked":["Leap","Hologram"],"picked":"Storm","floor":1},{"not_picked":["Cold Snap","Conserve Battery"],"picked":"Stack","floor":5},{"not_picked":["Turbo","Chaos"],"picked":"Ball Lightning","floor":6},{"not_picked":["Compile Driver","Cold Snap"],"picked":"Ball Lightning","floor":8},{"not_picked":["Hyperbeam","Redo"],"picked":"Sunder","floor":12},{"not_picked":["Hologram","Conserve Battery"],"picked":"Storm","floor":14},{"not_picked":["All For One","Buffer"],"picked":"Core Surge","floor":16},{"not_picked":["Hologram","Defragment"],"picked":"Loop","floor":18},{"not_picked":["Ball Lightning","Turbo"],"picked":"Consume+1","floor":19},{"not_picked":["Chaos+1","Skim"],"picked":"Tempest","floor":21},{"not_picked":["Rip and Tear","Streamline","Fusion"],"picked":"SKIP","floor":22},{"not_picked":["Cold Snap","Rebound","Coolheaded+1"],"picked":"SKIP","floor":24},{"not_picked":["Conserve Battery","Sunder"],"picked":"Reboot","floor":30},{"not_picked":["All For One","Amplify"],"picked":"Creative AI","floor":33},{"not_picked":["Coolheaded","Ball Lightning"],"picked":"Barrage","floor":34},{"not_picked":["Compile Driver+1","Rebound+1","Ball Lightning+1"],"picked":"SKIP","floor":35},{"not_picked":["Ball Lightning","Consume","Coolheaded"],"picked":"SKIP","floor":36},{"not_picked":["Biased Cognition","Rebound"],"picked":"Beam Cell+1","floor":38},{"not_picked":["Streamline","Reprogram+1","Hologram"],"picked":"SKIP","floor":39},{"not_picked":["Compile Driver+1","Sunder","Darkness+1"],"picked":"SKIP","floor":42},{"not_picked":["Chaos","Chill+1","Cold Snap+1"],"picked":"SKIP","floor":48}],"player_experience":155339,"relics_obtained":[{"floor":6,"key":"Mummified Hand"},{"floor":9,"key":"Potion Belt"},{"floor":12,"key":"Eternal Feather"},{"floor":14,"key":"Odd Mushroom"},{"floor":20,"key":"Red Mask"},{"floor":26,"key":"Centennial Puzzle"},{"floor":30,"key":"Vajra"},{"floor":42,"key":"Unceasing Top"},{"floor":43,"key":"War Paint"},{"floor":45,"key":"Bronze Scales"}],"event_choices":[{"damage_healed":0,"gold_gain":0,"player_choice":"Success","damage_taken":12,"relics_obtained":["Smiling Mask"],"max_hp_gain":0,"max_hp_loss":0,"event_name":"Scrap Ooze","floor":2,"gold_loss":0},{"cards_removed":["Defend_B"],"damage_healed":0,"gold_gain":0,"player_choice":"Card Removal","damage_taken":0,"max_hp_gain":0,"max_hp_loss":0,"event_name":"The Cleric","floor":3,"gold_loss":50},{"damage_healed":0,"gold_gain":0,"player_choice":"Forge","damage_taken":0,"max_hp_gain":0,"max_hp_loss":0,"event_name":"Accursed Blacksmith","floor":4,"gold_loss":0,"cards_upgraded":["Zap"]},{"damage_healed":0,"gold_gain":30,"player_choice":"Searched \u00271\u0027 times","damage_taken":0,"max_hp_gain":0,"max_hp_loss":0,"event_name":"Dead Adventurer","floor":11,"gold_loss":0},{"damage_healed":0,"gold_gain":0,"player_choice":"Fought Mushrooms","damage_taken":0,"max_hp_gain":0,"max_hp_loss":0,"event_name":"Mushrooms","floor":14,"gold_loss":0},{"damage_healed":0,"gold_gain":0,"player_choice":"Fought Bandits","damage_taken":0,"max_hp_gain":0,"max_hp_loss":0,"event_name":"Masked Bandits","floor":20,"gold_loss":0},{"damage_healed":0,"gold_gain":0,"cards_transformed":["Strike_B","Strike_B"],"player_choice":"Became Test Subject","damage_taken":0,"max_hp_gain":0,"max_hp_loss":0,"event_name":"Drug Dealer","floor":29,"gold_loss":0,"cards_obtained":["Scrape","Steam"]},{"damage_healed":0,"gold_gain":0,"player_choice":"Gave Potion","damage_taken":0,"relics_obtained":["Bag of Marbles"],"max_hp_gain":0,"max_hp_loss":0,"event_name":"WeMeetAgain","floor":41,"gold_loss":0},{"damage_healed":0,"gold_gain":0,"player_choice":"Got Potions","damage_taken":0,"max_hp_gain":0,"max_hp_loss":0,"event_name":"Lab","floor":47,"gold_loss":0}],"is_beta":false,"boss_relics":[{"not_picked":["SlaversCollar","FrozenCore"],"picked":"Astrolabe"},{"not_picked":["Pandora\u0027s Box","Empty Cage"],"picked":"Tiny House"}],"items_purged_floors":[28,31],"is_endless":false,"potions_floor_spawned":[5,6,8,14,16,20,33,35,48],"ascension_level":1}}