{"host":"9b7hrp48q3pna783","time":1612786757,"event":{"mods":["BaseMod","Colored Map","Colored Powertips","Highlight Path","Minty Spire (QoL Compilation)","Relic Stats"],"gold_per_floor":[110,110,110,124,124,124,155,167,167,184,199,124,159,177,177,279,279,297,11,11,26,42,42,42,42],"floor_reached":24,"language":"ENG","playtime":1122,"items_purged":["Strike_B","Tempest"],"score":309,"play_id":"f9e5fb7f-ee69-44ff-930c-9e3ef461e45b","local_time":"20210208071917","is_ascension_mode":true,"campfire_choices":[{"data":"Zap","floor":6,"key":"SMITH"},{"data":"Fusion","floor":15,"key":"SMITH"},{"data":"Echo Form","floor":23,"key":"SMITH"}],"circlet_count":0,"master_deck":["Zap+1","Dualcast","Streamline+1","FTL","Core Surge","BootSequence","Reprogram","Fusion+1","Echo Form+1","BootSequence","Stack","Buffer","Fission","Force Field","Conserve Battery","Creative AI","Coolheaded","White Noise","Compile Driver+1"],"relics":["Cracked Core","NeowsBlessing","Ornamental Fan","Orichalcum","Pear","Pandora\u0027s Box"],"acts_visited":["Exordium","TheCity"],"potions_floor_usage":[11,13,13,16],"damage_taken":[{"damage":0,"enemies":"Jaw Worm","floor":1,"turns":1},{"damage":0,"enemies":"2 Louse","floor":4,"turns":1},{"damage":0,"enemies":"3 Sentries","floor":7,"turns":1},{"damage":7,"enemies":"Small Slimes","floor":8,"turns":3},{"damage":9,"enemies":"Red Slaver","floor":10,"turns":2},{"damage":5,"enemies":"Gremlin Gang","floor":11,"turns":3},{"damage":0,"enemies":"Gremlin Nob","floor":13,"turns":2},{"damage":5,"enemies":"Looter","floor":14,"turns":3},{"damage":30,"enemies":"Slime Boss","floor":16,"turns":8},{"damage":52,"enemies":"3 Byrds","floor":18,"turns":6},{"damage":10,"enemies":"Shell Parasite","floor":21,"turns":6},{"damage":14,"enemies":"Cultist and Chosen","floor":22,"turns":7},{"damage":14,"enemies":"Chosen and Byrds","floor":24,"turns":6}],"seed_played":"3260490899028911946","potions_obtained":[{"floor":1,"key":"Fire Potion"},{"floor":7,"key":"DistilledChaos"},{"floor":10,"key":"Explosive Potion"},{"floor":13,"key":"Explosive Potion"},{"floor":21,"key":"Dexterity Potion"}],"is_trial":false,"path_per_floor":["M","?","?","M","?","R","E","M","T","M","M","$","E","M","R","B",null,"M","$","?","M","M","R","M"],"character_chosen":"DEFECT","items_purchased":["Creative AI","Coolheaded"],"campfire_rested":0,"item_purchase_floors":[19,19],"current_hp_per_floor":[75,68,73,73,73,73,73,66,66,57,52,52,62,57,57,27,90,38,38,38,28,14,14,0,0],"gold":42,"neow_bonus":"THREE_ENEMY_KILL","is_daily":false,"chose_seed":false,"campfire_upgraded":3,"win_rate":0.0,"timestamp":1612786757,"path_taken":["M","?","?","?","?","R","E","M","T","M","M","$","E","M","R","BOSS","M","$","?","?","M","R","M"],"items_purchased_type":["Card","Card"],"build_version":"2020-12-22","purchased_purges":2,"victory":false,"max_hp_per_floor":[75,75,80,80,80,80,80,80,80,80,80,80,90,90,90,90,90,90,90,90,90,90,90,90,90],"relic_stats":{"counters":[13,49],"Ornamental Fan":[28],"Pandora\u0027s Box":["BootSequence","Tempest","Stack","Buffer","Fission","Force Field","Ball Lightning"],"Orichalcum":[78],"obtain_stats":[{"Pear":13,"NeowsBlessing":0,"Ornamental Fan":2,"Pandora\u0027s Box":17,"Orichalcum":7,"Cracked Core":0},{"Pear":7,"NeowsBlessing":0,"Ornamental Fan":1,"Pandora\u0027s Box":9,"Orichalcum":3,"Cracked Core":0},{"Pear":13,"NeowsBlessing":0,"Ornamental Fan":1,"Pandora\u0027s Box":24,"Orichalcum":3,"Cracked Core":0}]},"card_choices":[{"not_picked":["Conserve Battery","Static Discharge"],"picked":"Streamline","floor":1},{"not_picked":["Sweeping Beam","Compile Driver"],"picked":"FTL","floor":4},{"not_picked":["Steam","Gash","Beam Cell"],"picked":"SKIP","floor":7},{"not_picked":["Ball Lightning","Aggregate"],"picked":"Core Surge","floor":8},{"not_picked":["Turbo","Rebound","Hologram"],"picked":"SKIP","floor":10},{"not_picked":["Hello World","Steam"],"picked":"BootSequence","floor":11},{"not_picked":["Beam Cell","Steam"],"picked":"Reprogram","floor":13},{"not_picked":["Biased Cognition","Go for the Eyes"],"picked":"Fusion","floor":14},{"not_picked":["Electrodynamics","Rainbow"],"picked":"Echo Form","floor":16},{"not_picked":["Leap","Streamline+1"],"picked":"Conserve Battery","floor":18},{"not_picked":["Tempest","Go for the Eyes"],"picked":"White Noise","floor":21},{"not_picked":["Beam Cell","Recycle"],"picked":"Compile Driver+1","floor":22}],"player_experience":140299,"relics_obtained":[{"floor":7,"key":"Orichalcum"},{"floor":13,"key":"Pear"}],"event_choices":[{"damage_healed":0,"gold_gain":0,"player_choice":"Success","damage_taken":7,"relics_obtained":["Ornamental Fan"],"max_hp_gain":0,"max_hp_loss":0,"event_name":"Scrap Ooze","floor":2,"gold_loss":0},{"damage_healed":0,"gold_gain":0,"player_choice":"Donut","damage_taken":0,"max_hp_gain":5,"max_hp_loss":0,"event_name":"Big Fish","floor":3,"gold_loss":0},{"damage_healed":0,"gold_gain":0,"player_choice":"Upgraded","damage_taken":0,"max_hp_gain":0,"max_hp_loss":0,"event_name":"Upgrade Shrine","floor":5,"gold_loss":0,"cards_upgraded":["Streamline"]},{"cards_removed":["Ball Lightning"],"damage_healed":0,"gold_gain":0,"player_choice":"Purged","damage_taken":0,"max_hp_gain":0,"max_hp_loss":0,"event_name":"Purifier","floor":20,"gold_loss":0}],"is_beta":false,"boss_relics":[{"not_picked":["Coffee Dripper","Sozu"],"picked":"Pandora\u0027s Box"}],"items_purged_floors":[12,19],"is_endless":false,"potions_floor_spawned":[1,7,10,13,21],"killed_by":"Chosen and Byrds","ascension_level":2}}