{"host":"test","time":1612777283,"event":{"mods":["BaseMod","Colored Map","Colored Powertips","Minty Spire (QoL Compilation)","Relic Stats","Slay the Relics Exporter","SpireBot","StSLib","ojb\u0027s Better Paths Mod","ojb\u0027s Info Mod"],"gold_per_floor":[112,112,128,148,148,148,162,185,185,205,239,259,209,247,247,368,368,383,308,63,63,78,78,101,101,101,117,150,169,202,218,218,349,349,367,367,382,715,729,729,764,69,92,109,125,125,88,117,117,117],"floor_reached":51,"language":"JPN","playtime":3976,"items_purged":["Strike_R"],"score":836,"play_id":"a74b0731-ae57-4453-86e8-624d4b1dd31e","local_time":"20210208184123","is_ascension_mode":false,"campfire_choices":[{"data":"Bash","floor":6.0,"key":"SMITH"},{"data":"Uppercut","floor":15.0,"key":"SMITH"},{"data":"Armaments","floor":23.0,"key":"SMITH"},{"data":"True Grit","floor":32.0,"key":"SMITH"},{"data":"1","floor":40,"key":"LIFT"},{"data":"2","floor":46,"key":"LIFT"},{"data":"3","floor":49,"key":"LIFT"}],"circlet_count":0,"master_deck":["Strike_R+1","Strike_R+1","Defend_R","Defend_R","Defend_R","Defend_R","Bash+1","Impervious","Cleave","Body Slam","Anger","Pommel Strike","Exhume","Headbutt","Uppercut+1","Carnage","Offering","True Grit+1","Entrench+1","Flame Barrier+1","Infernal Blade+1","Battle Trance+1","Intimidate+1","Demon Form","Sword Boomerang+1","Thunderclap+1","Armaments+1","Feel No Pain","Trip+1","True Grit+1","Dark Embrace"],"relics":["Burning Blood","Blood Vial","Whetstone","Matryoshka","Coffee Dripper","Toxic Egg 2","Enchiridion","Anchor","Meat on the Bone","Omamori","Magic Flower","Bottled Flame","Paper Frog","Calling Bell","Juzu Bracelet","Shuriken","Girya","Letter Opener","Brimstone","StrikeDummy","Art of War","PreservedInsect"],"acts_visited":["Exordium","TheCity","TheBeyond"],"potions_floor_usage":[41,50,50],"damage_taken":[{"damage":1.0,"enemies":"Cultist","floor":1.0,"turns":3.0},{"damage":0.0,"enemies":"Small Slimes","floor":3.0,"turns":4.0},{"damage":1.0,"enemies":"Jaw Worm","floor":4.0,"turns":3.0},{"damage":4.0,"enemies":"2 Fungi Beasts","floor":7.0,"turns":3.0},{"damage":4.0,"enemies":"Blue Slaver","floor":8.0,"turns":3.0},{"damage":6.0,"enemies":"Exordium Wildlife","floor":10.0,"turns":2.0},{"damage":26.0,"enemies":"3 Sentries","floor":11.0,"turns":8.0},{"damage":5.0,"enemies":"3 Louse","floor":12.0,"turns":4.0},{"damage":26.0,"enemies":"Lagavulin","floor":14.0,"turns":9.0},{"damage":0.0,"enemies":"Slime Boss","floor":16.0,"turns":5.0},{"damage":5.0,"enemies":"Spheric Guardian","floor":18.0,"turns":3.0},{"damage":6.0,"enemies":"Shell Parasite","floor":22.0,"turns":3.0},{"damage":11.0,"enemies":"Snecko","floor":24.0,"turns":6.0},{"damage":6.0,"enemies":"Centurion and Healer","floor":27.0,"turns":6.0},{"damage":12.0,"enemies":"Book of Stabbing","floor":28.0,"turns":3.0},{"damage":0.0,"enemies":"3 Cultists","floor":29.0,"turns":4.0},{"damage":19.0,"enemies":"Gremlin Leader","floor":30.0,"turns":8.0},{"damage":1.0,"enemies":"Snecko","floor":31.0,"turns":2.0},{"damage":26.0,"enemies":"Champ","floor":33.0,"turns":7.0},{"damage":10,"enemies":"3 Darklings","floor":35,"turns":5},{"damage":6,"enemies":"Orb Walker","floor":37,"turns":2},{"damage":8,"enemies":"3 Darklings","floor":39,"turns":4},{"damage":8,"enemies":"Reptomancer","floor":41,"turns":5},{"damage":9,"enemies":"Maw","floor":44,"turns":4},{"damage":0,"enemies":"Writhing Mass","floor":45,"turns":3},{"damage":41,"enemies":"Nemesis","floor":48,"turns":3},{"damage":30,"enemies":"Awakened One","floor":50,"turns":6}],"seed_played":"6764843388647759214","potions_obtained":[{"floor":3.0,"key":"AttackPotion"},{"floor":5.0,"key":"BlessingOfTheForge"},{"floor":5.0,"key":"Explosive Potion"},{"floor":8.0,"key":"DuplicationPotion"},{"floor":10.0,"key":"Regen Potion"},{"floor":16.0,"key":"ElixirPotion"},{"floor":18.0,"key":"ElixirPotion"},{"floor":28.0,"key":"FairyPotion"},{"floor":30.0,"key":"Weak Potion"},{"floor":31.0,"key":"DuplicationPotion"},{"floor":41,"key":"CultistPotion"}],"is_trial":false,"path_per_floor":["M","?","M","M","?","R","M","M","T","M","E","M","?","E","R","B",null,"M","?","$","?","M","R","M","T","T","M","E","M","E","M","R","B",null,"M","?","M","?","M","R","E","$","T","M","M","R","$","E","R","B",null],"character_chosen":"IRONCLAD","items_purchased":["Toxic Egg 2","Armaments+1","Brimstone","Feel No Pain","StrikeDummy","Trip+1","Dark Embrace"],"campfire_rested":0,"item_purchase_floors":[20,42,42,42,42,42,47],"current_hp_per_floor":[72,54,60,65,65,65,67,69,69,71,67,70,70,52,52,60,72,72,72,72,56,58,58,55,55,55,61,61,72,62,72,72,55,72,71,71,72,72,72,72,72,72,72,72,72,72,72,58,58,58],"gold":117,"neow_bonus":"THREE_RARE_CARDS","is_daily":false,"chose_seed":false,"campfire_upgraded":4,"win_rate":0.0,"timestamp":1612777283,"path_taken":["M","?","M","M","?","R","?","M","T","M","E","M","?","E","R","BOSS","M","?","?","?","M","R","M","?","T","M","E","M","E","?","R","BOSS","M","?","M","?","M","R","E","$","T","M","M","R","?","E","R","BOSS"],"items_purchased_type":["Relic","Card","Relic","Card","Relic","Card","Card"],"build_version":"2020-12-18","purchased_purges":1,"victory":true,"max_hp_per_floor":[72,72,72,72,72,72,72,72,72,72,72,72,72,72,72,72,72,72,72,72,72,72,72,72,72,72,72,72,72,72,72,72,72,72,72,72,72,72,72,72,72,72,72,72,72,72,72,72,72,72],"relic_stats":{"Blood Vial":29,"counters":[27,118],"Shuriken":[14],"Magic Flower":[49],"PreservedInsect":0,"Juzu Bracelet":0,"Art of War":[0],"Whetstone":["Strike_R","Strike_R"],"Letter Opener":[25],"obtain_stats":[{"Girya":34,"Golden Idol":2,"Enchiridion":21,"Magic Flower":26,"PreservedInsect":48,"Omamori":26,"Juzu Bracelet":34,"Whetstone":11,"Letter Opener":41,"Burning Blood":0,"Blood Vial":9,"Calling Bell":34,"Anchor":25,"Bottled Flame":28,"Matryoshka":14,"Shuriken":34,"Brimstone":42,"Coffee Dripper":17,"Art of War":43,"Toxic Egg 2":20,"StrikeDummy":42,"Meat on the Bone":25,"Paper Frog":30},{"Girya":19,"Golden Idol":1,"Enchiridion":11,"Magic Flower":13,"PreservedInsect":26,"Omamori":13,"Juzu Bracelet":19,"Whetstone":7,"Letter Opener":23,"Burning Blood":0,"Blood Vial":5,"Calling Bell":19,"Anchor":13,"Bottled Flame":15,"Matryoshka":9,"Shuriken":19,"Brimstone":23,"Coffee Dripper":10,"Art of War":23,"Toxic Egg 2":11,"StrikeDummy":23,"Meat on the Bone":13,"Paper Frog":17},{"Girya":86,"Golden Idol":3,"Enchiridion":47,"Magic Flower":56,"PreservedInsect":112,"Omamori":56,"Juzu Bracelet":86,"Whetstone":26,"Letter Opener":102,"Burning Blood":0,"Blood Vial":16,"Calling Bell":86,"Anchor":56,"Bottled Flame":65,"Matryoshka":39,"Shuriken":86,"Brimstone":102,"Coffee Dripper":44,"Art of War":102,"Toxic Egg 2":47,"StrikeDummy":102,"Meat on the Bone":56,"Paper Frog":77}],"Burning Blood":182,"Meat on the Bone":36},"card_choices":[{"not_picked":["Double Tap","Reaper"],"picked":"Impervious","floor":0.0},{"not_picked":["Thunderclap","Ghostly Armor"],"picked":"Cleave","floor":1.0},{"not_picked":["Clothesline","Twin Strike"],"picked":"Body Slam","floor":3.0},{"not_picked":["Brutality","Metallicize"],"picked":"Anger","floor":4.0},{"not_picked":["Hemokinesis","Sever Soul"],"picked":"Pommel Strike","floor":7.0},{"not_picked":["Thunderclap","Reckless Charge"],"picked":"Armaments","floor":8.0},{"not_picked":["Warcry","Bloodletting"],"picked":"Exhume","floor":10.0},{"not_picked":["Anger","Clash"],"picked":"Headbutt","floor":11.0},{"not_picked":["Clothesline","Armaments"],"picked":"Uppercut","floor":12.0},{"not_picked":["Reckless Charge","Twin Strike"],"picked":"Carnage","floor":14.0},{"not_picked":["Demon Form","Impervious"],"picked":"Offering","floor":16.0},{"not_picked":["Armaments","Sentinel"],"picked":"True Grit","floor":18.0},{"not_picked":["Flex+1","Fire Breathing"],"picked":"Entrench+1","floor":22.0},{"not_picked":["Anger+1","Pommel Strike","Twin Strike"],"picked":"SKIP","floor":24.0},{"not_picked":["Iron Wave","Dual Wield+1"],"picked":"Flame Barrier+1","floor":27.0},{"not_picked":["Ghostly Armor+1","Cleave"],"picked":"Infernal Blade+1","floor":28.0},{"not_picked":["Perfected Strike","Searing Blow","Anger"],"picked":"SKIP","floor":29.0},{"not_picked":["Reckless Charge","Iron Wave+1"],"picked":"Battle Trance+1","floor":30.0},{"not_picked":["Carnage","Heavy Blade"],"picked":"Intimidate+1","floor":31.0},{"not_picked":["Impervious+1","Bludgeon"],"picked":"Demon Form","floor":33.0},{"not_picked":["Wild Strike+1","Perfected Strike+1"],"picked":"Sword Boomerang+1","floor":35},{"not_picked":["Clothesline+1","Perfected Strike+1"],"picked":"Thunderclap+1","floor":37},{"not_picked":["Headbutt+1","Clothesline","Clash"],"picked":"SKIP","floor":39},{"not_picked":["Flex+1","Rampage+1","Twin Strike"],"picked":"SKIP","floor":41},{"not_picked":["Clothesline+1","Evolve+1","Perfected Strike+1"],"picked":"SKIP","floor":44},{"not_picked":["Headbutt","Heavy Blade"],"picked":"True Grit+1","floor":45},{"not_picked":["Perfected Strike+1","Clothesline+1","Cleave+1"],"picked":"SKIP","floor":48}],"player_experience":2031757,"relics_obtained":[{"floor":9.0,"key":"Blood Vial"},{"floor":11.0,"key":"Whetstone"},{"floor":14.0,"key":"Matryoshka"},{"floor":21.0,"key":"Enchiridion"},{"floor":25.0,"key":"Anchor"},{"floor":25.0,"key":"Meat on the Bone"},{"floor":26.0,"key":"Omamori"},{"floor":26.0,"key":"Magic Flower"},{"floor":28.0,"key":"Bottled Flame"},{"floor":30.0,"key":"Paper Frog"},{"floor":34.0,"key":"Juzu Bracelet"},{"floor":34.0,"key":"Shuriken"},{"floor":34.0,"key":"Girya"},{"floor":41,"key":"Letter Opener"},{"floor":43,"key":"Art of War"},{"floor":48,"key":"PreservedInsect"}],"event_choices":[{"damage_healed":0.0,"max_hp_gain":0.0,"max_hp_loss":0.0,"gold_gain":0.0,"event_name":"Golden Idol","player_choice":"Take Damage","floor":2.0,"gold_loss":0.0,"damage_taken":18.0,"relics_obtained":["Golden Idol"]},{"damage_healed":0.0,"max_hp_gain":0.0,"max_hp_loss":0.0,"gold_gain":0.0,"event_name":"Lab","player_choice":"Got Potions","floor":5.0,"gold_loss":0.0,"damage_taken":0.0},{"cards_removed":["Strike_R"],"damage_healed":0.0,"max_hp_gain":0.0,"max_hp_loss":0.0,"gold_gain":0.0,"event_name":"The Cleric","player_choice":"Card Removal","floor":13.0,"gold_loss":50.0,"damage_taken":0.0},{"cards_removed":["Strike_R"],"damage_healed":0.0,"max_hp_gain":0.0,"max_hp_loss":0.0,"gold_gain":0.0,"event_name":"Beggar","player_choice":"Gave Gold","floor":19.0,"gold_loss":75.0,"damage_taken":0.0},{"damage_healed":0.0,"max_hp_gain":0.0,"max_hp_loss":0.0,"gold_gain":0.0,"event_name":"Cursed Tome","player_choice":"Obtained Book","floor":21.0,"gold_loss":0.0,"damage_taken":16.0},{"cards_removed":["Armaments"],"damage_healed":0,"gold_gain":0,"player_choice":"Removed Skill","damage_taken":0,"max_hp_gain":0,"max_hp_loss":0,"event_name":"Falling","floor":36,"gold_loss":0},{"damage_healed":0,"gold_gain":333,"player_choice":"Gave Idol","damage_taken":0,"max_hp_gain":0,"max_hp_loss":0,"event_name":"The Moai Head","floor":38,"relics_lost":["Golden Idol"],"gold_loss":0}],"is_beta":true,"boss_relics":[{"not_picked":["Runic Dome","Astrolabe"],"picked":"Coffee Dripper"},{"not_picked":["Runic Cube","Tiny House"],"picked":"Calling Bell"}],"items_purged_floors":[42],"is_endless":false,"potions_floor_spawned":[3,8,10,16,18,28,30,31,39,41,44,45],"ascension_level":0}}