{"host":"4eao2pkwlmv012cz","time":1612762665,"event":{"mods":["BaseMod","Colored Powertips","Minty Spire (QoL Compilation)","Permanent Neow","Quick Restart","Random Character Button","StSLib"],"gold_per_floor":[116,131,18,31,31,64,64,93,93,93,243,262,337,5,5,77,77,93,93,106,406,406,406],"floor_reached":22,"language":"ENG","playtime":653,"items_purged":["Doubt"],"score":409,"play_id":"1e9b0aca-50bf-41bb-88fe-f11aff660cc5","local_time":"20210208003745","is_ascension_mode":true,"campfire_choices":[{"floor":7,"key":"REST"},{"floor":10,"key":"REST"},{"floor":15,"key":"REST"}],"circlet_count":0,"master_deck":["AscendersBane","Strike_B","Strike_B","Strike_B+1","Strike_B","Defend_B","Defend_B","Defend_B","Defend_B+1","Zap","Dualcast","Streamline","White Noise","Leap","Steam Power","Redo","Genetic Algorithm","Ball Lightning","FTL","Capacitor","Redo+1","Conserve Battery+1","Rainbow+1","Cold Snap","Reinforced Body+1","Writhe"],"relics":["Cracked Core","Smiling Mask","The Courier","Toxic Egg 2","Runic Capacitor","Inserter","Old Coin"],"acts_visited":["Exordium","TheCity"],"potions_floor_usage":[6,6,18,22],"damage_taken":[{"damage":4,"enemies":"Jaw Worm","floor":1,"turns":4},{"damage":3,"enemies":"Small Slimes","floor":2,"turns":3},{"damage":0,"enemies":"2 Louse","floor":4,"turns":2},{"damage":11,"enemies":"Gremlin Nob","floor":6,"turns":3},{"damage":23,"enemies":"Lagavulin","floor":8,"turns":7},{"damage":18,"enemies":"Large Slime","floor":12,"turns":6},{"damage":33,"enemies":"The Guardian","floor":16,"turns":10},{"damage":13,"enemies":"Shell Parasite","floor":18,"turns":6},{"damage":18,"enemies":"Spheric Guardian","floor":20,"turns":5},{"damage":11,"enemies":"Cultist and Chosen","floor":22,"turns":3}],"seed_played":"1032151544026247344","potions_obtained":[{"floor":2,"key":"Strength Potion"},{"floor":4,"key":"AttackPotion"},{"floor":12,"key":"Block Potion"},{"floor":20,"key":"Swift Potion"}],"is_trial":false,"path_per_floor":["M","M","$","M","?","E","R","E","T","R","?","M","?","$","R","B",null,"M","?","M","?","M"],"character_chosen":"DEFECT","items_purchased":["Leap","Steam Power","Runic Capacitor","Capacitor","Redo+1","Conserve Battery+1"],"campfire_rested":3,"item_purchase_floors":[3,3,14,14,14,14],"current_hp_per_floor":[56,53,53,53,27,16,41,18,18,43,43,25,14,14,39,6,65,52,27,9,9,0,0],"gold":406,"neow_bonus":"TWENTY_PERCENT_HP_BONUS","is_daily":false,"chose_seed":false,"campfire_upgraded":0,"win_rate":0.0,"timestamp":1612762665,"path_taken":["M","M","$","M","?","E","R","E","T","R","?","M","?","?","R","BOSS","M","?","M","?","M"],"items_purchased_type":["Card","Card","Relic","Card","Card","Card"],"build_version":"2020-12-22","purchased_purges":1,"victory":false,"max_hp_per_floor":[85,85,85,85,85,85,85,85,85,85,85,85,85,85,85,85,85,85,90,90,90,90,90],"card_choices":[{"not_picked":["Sweeping Beam","Scrape"],"picked":"Streamline","floor":1},{"not_picked":["Rebound","Barrage"],"picked":"White Noise","floor":2},{"not_picked":["Steam","Scrape"],"picked":"Redo","floor":4},{"not_picked":["Reprogram","Force Field"],"picked":"Genetic Algorithm","floor":6},{"not_picked":["Consume","Steam"],"picked":"Ball Lightning","floor":8},{"not_picked":["Sunder","Skim+1"],"picked":"FTL","floor":12},{"not_picked":["Creative AI","Reboot+1"],"picked":"Rainbow+1","floor":16},{"not_picked":["Go for the Eyes","Ball Lightning"],"picked":"Cold Snap","floor":18},{"not_picked":["Streamline+1","Compile Driver"],"picked":"Reinforced Body+1","floor":20}],"player_experience":2905001,"relics_obtained":[{"floor":6,"key":"Smiling Mask"},{"floor":8,"key":"The Courier"},{"floor":9,"key":"Toxic Egg 2"}],"event_choices":[{"damage_healed":0,"gold_gain":0,"player_choice":"Entered Light","damage_taken":26,"max_hp_gain":0,"max_hp_loss":0,"event_name":"Shining Light","floor":5,"gold_loss":0,"cards_upgraded":["Strike_B","Defend_B"]},{"damage_healed":0,"gold_gain":150,"player_choice":"AGREE","damage_taken":0,"max_hp_gain":0,"max_hp_loss":0,"event_name":"Liars Game","floor":11,"gold_loss":0,"cards_obtained":["Doubt"]},{"damage_healed":0,"gold_gain":75,"player_choice":"Gather Gold","damage_taken":11,"max_hp_gain":0,"max_hp_loss":0,"event_name":"World of Goop","floor":13,"gold_loss":0},{"damage_healed":0,"gold_gain":0,"player_choice":"Shed Blood","damage_taken":30,"max_hp_gain":5,"max_hp_loss":0,"event_name":"Forgotten Altar","floor":19,"gold_loss":0},{"damage_healed":0,"gold_gain":0,"player_choice":"Opened","damage_taken":0,"relics_obtained":["Old Coin"],"max_hp_gain":0,"max_hp_loss":0,"event_name":"The Mausoleum","floor":21,"gold_loss":0,"cards_obtained":["Writhe"]}],"is_beta":false,"boss_relics":[{"not_picked":["Empty Cage","Runic Dome"],"picked":"Inserter"}],"items_purged_floors":[14],"is_endless":false,"potions_floor_spawned":[2,4,12,20],"killed_by":"Cultist and Chosen","ascension_level":20}}