{"host":"uv5ws9rdk87e8i5k","time":1612759547,"event":{"mods":["AchievementEnabler","BaseMod","Colored Map","Minty Spire (QoL Compilation)","Permanent Neow","Quick Restart","StSLib","SuperFastMode","The Necromancer"],"gold_per_floor":[119,135,153,166,18,18,49,49,49,83,83,99,99,109,109,109,109],"floor_reached":16,"language":"ENG","playtime":306,"items_purged":["Normality"],"score":146,"play_id":"2d88c777-7f29-46c9-9efe-813b8ad3c07b","local_time":"20210207224547","is_ascension_mode":true,"campfire_choices":[{"data":"Cleave","floor":6,"key":"SMITH"},{"data":"Pommel Strike","floor":8,"key":"SMITH"},{"data":"Bash","floor":11,"key":"SMITH"},{"data":"Clothesline","floor":15,"key":"SMITH"}],"circlet_count":0,"master_deck":["Strike_R","Strike_R","Strike_R","Strike_R","Defend_R","Defend_R","Defend_R","Defend_R","Bash+1","Heavy Blade","Pommel Strike+1","Headbutt","Shrug It Off","Cleave+1","Shrug It Off","Battle Trance","Twin Strike","Clothesline+1"],"relics":["Burning Blood","Pocketwatch","Mercury Hourglass","InkBottle","Kunai"],"acts_visited":["Exordium"],"potions_floor_usage":[7,10],"damage_taken":[{"damage":6,"enemies":"Jaw Worm","floor":1,"turns":5},{"damage":1,"enemies":"Cultist","floor":2,"turns":3},{"damage":3,"enemies":"Small Slimes","floor":3,"turns":3},{"damage":7,"enemies":"Looter","floor":4,"turns":3},{"damage":16,"enemies":"Gremlin Nob","floor":7,"turns":3},{"damage":24,"enemies":"Lagavulin","floor":10,"turns":5},{"damage":19,"enemies":"Exordium Wildlife","floor":12,"turns":3},{"damage":12,"enemies":"Exordium Thugs","floor":14,"turns":4},{"damage":0,"enemies":"Slime Boss","floor":16,"turns":4}],"seed_played":"-103665041496203417","potions_obtained":[{"floor":3,"key":"Fire Potion"},{"floor":7,"key":"ColorlessPotion"},{"floor":14,"key":"FearPotion"}],"is_trial":false,"path_per_floor":["M","M","M","M","$","R","E","R","T","E","R","M","?","M","R","B"],"character_chosen":"IRONCLAD","items_purchased":["Cleave","Shrug It Off"],"campfire_rested":0,"item_purchase_floors":[5,5],"current_hp_per_floor":[72,77,80,79,79,79,69,69,69,51,51,38,38,32,32,32,32],"gold":109,"neow_bonus":"ONE_RARE_RELIC","is_daily":false,"chose_seed":false,"campfire_upgraded":4,"win_rate":0.0,"timestamp":1612759547,"path_taken":["M","M","M","M","$","R","E","R","T","E","R","M","?","M","R","BOSS"],"items_purchased_type":["Card","Card"],"build_version":"2020-12-22","purchased_purges":1,"victory":false,"max_hp_per_floor":[80,80,80,80,80,80,80,80,80,80,80,80,80,80,80,80,80],"card_choices":[{"not_picked":["Clash","True Grit"],"picked":"Heavy Blade","floor":1},{"not_picked":["Pummel","Iron Wave"],"picked":"Pommel Strike","floor":2},{"not_picked":["Exhume","Body Slam"],"picked":"Headbutt","floor":3},{"not_picked":["Warcry","Rupture"],"picked":"Shrug It Off","floor":4},{"not_picked":["Warcry","Rupture","Headbutt"],"picked":"SKIP","floor":7},{"not_picked":["Hemokinesis","Sever Soul"],"picked":"Battle Trance","floor":10},{"not_picked":["Pommel Strike","Shrug It Off","Wild Strike"],"picked":"SKIP","floor":12},{"not_picked":["Thunderclap","Entrench"],"picked":"Clothesline","floor":14}],"player_experience":249476,"relics_obtained":[{"floor":7,"key":"Mercury Hourglass"},{"floor":9,"key":"InkBottle"},{"floor":10,"key":"Kunai"}],"event_choices":[{"damage_healed":0,"gold_gain":0,"cards_transformed":["Strike_R"],"player_choice":"Transformed","damage_taken":0,"max_hp_gain":0,"max_hp_loss":0,"event_name":"Transmorgrifier","floor":13,"gold_loss":0,"cards_obtained":["Twin Strike"]}],"is_beta":false,"boss_relics":[],"items_purged_floors":[5],"is_endless":false,"potions_floor_spawned":[3,7,14],"killed_by":"Slime Boss","ascension_level":6}}