{"host":"1hw3ks68c0zl1mxv","time":1612782211,"event":{"mods":["2.2 Compatiblity","Act Like it!","Aspiration","BaseMod","Beaked The Cultist","BetterRewards","Colored Map","Colored Powertips","Conspire","Downfall","Energized Spire","GungeonMod","Halation","Hallownest","Hubris","Infinite Spire","Marisa????????","Mimic Mod","Minty Spire (QoL Compilation)","Quick Restart","Replay The Spire","Shop Mod","StSLib","The Bug Knight","The Construct","The Elementalist","The Necromancer","The Saiyan","The Servant 0.9.4","TheHero"],"gold_per_floor":[115,115,68,68,118,151,151,151,151,151,221,237,237,251,251,86,86,205,205,229,229,229,229,247,271,271,304,328,347,347,362,120,163,163,298,298,332,372,409,409,452,452,207,207,289,381,381,427,478,539,539,543],"floor_reached":53,"language":"ENG","playtime":4012,"items_purged":["Parasite"],"score":1475,"play_id":"1d5b187b-5c8a-4d54-bc21-0916fce9925e","local_time":"20210208040331","is_ascension_mode":false,"campfire_choices":[{"data":"beaked:Ceremony","floor":7.0,"key":"SMITH"},{"data":"beaked:Hexing","floor":10.0,"key":"SMITH"},{"data":"beaked:Brace","floor":13.0,"key":"SMITH"},{"data":"beaked:CursingBlood","floor":15.0,"key":"SMITH"},{"data":"beaked:CursingBlood","floor":17.0,"key":"SMITH"},{"data":"beaked:Negation","floor":26.0,"key":"SMITH"},{"data":"beaked:Hexing","floor":30.0,"key":"SMITH"},{"data":"beaked:MachineEssence","floor":34.0,"key":"SMITH"},{"data":"beaked:ScreechingChant","floor":42.0,"key":"SMITH"},{"data":"beaked:Brace","floor":44.0,"key":"SMITH"},{"data":"ReplayTheSpireMod:Wings of Steel","floor":51,"key":"SMITH"}],"circlet_count":0,"master_deck":["beaked:Strike_Y","beaked:Strike_Y","beaked:Strike_Y","beaked:Strike_Y","beaked:Strike_Y","beaked:Defend_Y","beaked:Defend_Y","beaked:Defend_Y","beaked:Defend_Y+1","beaked:Ceremony","beaked:Ceremony","beaked:Ceremony+1","beaked:Brace+1","beaked:Hexing+1","beaked:Brace+1","beaked:CursingBlood+1","beaked:CursingBlood+1","Sadistic Nature+1","beaked:ScreechingChant+1","beaked:Brace+1","beaked:Negation+1","ReplayTheSpireMod:Wings of Steel+1","beaked:Hexing+1","beaked:Insight+1","beaked:MachineEssence+1","beaked:CursingBlood+1","Madness","Madness","beaked:CheekyTricks"],"relics":["beaked:BlessedCoat","HollowMod:StagPassRelic","HollowMod:JonisBlessing","PreservedInsect","DemoMod:GlassGuonStoneRelic","Golden Idol","DemoMod:BigBoy","DemoMod:PinkGuonStone","aspiration:RitualStick","Art of War","Replay:Mystery Machine","Membership Card","DemoMod:Metronome","halation:PrussianBluePaint","infinitespire:EvilPickle","halation:PinkSoulGem","Lantern","hubris:BottledRain","infinitespire:Bottled Soul","Replay:Bandana"],"acts_visited":["Exordium","TheCity","TheBeyond"],"potions_floor_usage":[52,52],"damage_taken":[{"damage":0.0,"enemies":"conspire:RoseBush","floor":1.0,"turns":5.0},{"damage":0.0,"enemies":"HollowMod:MossKnight","floor":6.0,"turns":7.0},{"damage":0.0,"enemies":"Jaw Worm","floor":12.0,"turns":5.0},{"damage":0.0,"enemies":"2 Louse","floor":14.0,"turns":3.0},{"damage":0.0,"enemies":"The Guardian","floor":18.0,"turns":10.0},{"damage":0.0,"enemies":"2 Thieves","floor":20.0,"turns":1.0},{"damage":0.0,"enemies":"Chosen","floor":24.0,"turns":7.0},{"damage":0.0,"enemies":"conspire:HollyBat","floor":25.0,"turns":10.0},{"damage":0.0,"enemies":"HollowMod:Nosk","floor":27.0,"turns":8.0},{"damage":0.0,"enemies":"Chosen and Byrds","floor":29.0,"turns":10.0},{"damage":0.0,"enemies":"3 Cultists","floor":31.0,"turns":2.0},{"damage":0.0,"enemies":"Nightmare","floor":33.0,"turns":12.0},{"damage":0.0,"enemies":"Pondfish","floor":35.0,"turns":12.0},{"damage":0.0,"enemies":"3 Shapes","floor":37.0,"turns":4.0},{"damage":0.0,"enemies":"Orb Walker","floor":38.0,"turns":10.0},{"damage":0.0,"enemies":"3 Darklings","floor":39.0,"turns":8.0},{"damage":0.0,"enemies":"Writhing Mass","floor":41.0,"turns":11.0},{"damage":0,"enemies":"R_Hoarder","floor":46,"turns":11},{"damage":0,"enemies":"Maw","floor":48,"turns":11},{"damage":0,"enemies":"Writhing Mass","floor":49,"turns":10},{"damage":0,"enemies":"Spire Growth","floor":50,"turns":9},{"damage":0,"enemies":"Time Eater","floor":52,"turns":13}],"seed_played":"-2983784870983011429","potions_obtained":[{"floor":1.0,"key":"Toxic Potion"},{"floor":14.0,"key":"sneckomod:MuddlingPotion"},{"floor":29.0,"key":"Strength Potion"},{"floor":35.0,"key":"AttackPotion"},{"floor":38.0,"key":"SpeedPotion"},{"floor":41.0,"key":"Guardian:BlockOnCardUsePotion"},{"floor":50,"key":"DuplicationPotion"}],"is_trial":false,"path_per_floor":["M","?","$","?","?","E","R","PTL","PTL","R","T","M","R","M","R","$","R","B",null,"M","?","?","?","M","M","R","E","T","M","R","M","$","NM","R","B",null,"M","M","M","?","M","R","$","R","T","E","?","M","M","M","R","B",null],"character_chosen":"BEAKED_THE_CULTIST","items_purchased":["HollowMod:StagPassRelic","HollowMod:JonisBlessing","PreservedInsect","beaked:Brace","beaked:Brace","Sadistic Nature","Membership Card","DemoMod:Metronome","beaked:Insight","Lantern","hubris:BottledRain"],"campfire_rested":0,"item_purchase_floors":[0,0,0,0,3,16,32,32,32,43,43],"current_hp_per_floor":[33,33,33,21,21,21,21,21,21,21,28,28,28,28,28,28,28,28,57,57,57,46,46,46,46,46,46,46,46,46,46,46,46,46,46,57,57,57,57,57,57,57,54,54,54,54,47,47,47,47,47,47],"gold":543,"neow_bonus":"","is_daily":false,"chose_seed":false,"campfire_upgraded":11,"win_rate":0.0,"timestamp":1612782211,"path_taken":["M","?","$","?","?","E","R","PTL","PTL","R","T","M","R","M","R","$","R","BOSS","M","?","?","?","M","M","R","E","T","?","R","M","$","NM","R","BOSS","M","M","M","?","M","R","$","R","T","E","?","M","M","M","R","BOSS"],"items_purchased_type":["Relic","Relic","Relic","Card","Card","Card","Relic","Relic","Card","Relic","Relic"],"build_version":"2020-12-22","purchased_purges":1,"victory":true,"max_hp_per_floor":[50,50,50,50,50,50,50,50,50,50,57,57,57,57,57,57,57,57,57,57,57,57,57,57,57,57,57,57,57,57,57,57,57,57,57,57,57,57,57,57,57,57,54,54,54,54,54,54,54,54,54,54],"card_choices":[{"not_picked":["beaked:Poke","beaked:Sacrifice"],"picked":"beaked:Hexing","floor":1.0},{"not_picked":["beaked:FeelMyPain","beaked:Recite"],"picked":"beaked:CursingBlood","floor":6.0},{"not_picked":["beaked:Tweet","beaked:Redirect"],"picked":"beaked:CursingBlood","floor":12.0},{"not_picked":["beaked:Flinch","beaked:Resilience","beaked:FakeOut"],"picked":"SKIP","floor":14.0},{"not_picked":["beaked:FakeOut","beaked:LiftOff"],"picked":"beaked:ScreechingChant","floor":18.0},{"not_picked":["beaked:Daydream","beaked:MimicWarrior"],"picked":"beaked:Brace","floor":20.0},{"not_picked":["beaked:Cower+1","beaked:CrazyRituals"],"picked":"beaked:Negation","floor":24.0},{"not_picked":["beaked:BraceForImpact","beaked:Windmill+1"],"picked":"ReplayTheSpireMod:Wings of Steel","floor":25.0},{"not_picked":["beaked:Replenish","beaked:StunningBlow"],"picked":"beaked:Hexing","floor":27.0},{"not_picked":["beaked:SacrificialDive","beaked:DigDeep","beaked:Brainwash"],"picked":"SKIP","floor":29.0},{"not_picked":["beaked:DigDeep","beaked:Devastation","beaked:Flinch"],"picked":"SKIP","floor":31.0},{"not_picked":["beaked:Evade","beaked:VigorBurst+1"],"picked":"beaked:MachineEssence","floor":33.0},{"not_picked":["beaked:SacrificialAttack","beaked:Cower+1","beaked:FeelMyPain+1"],"picked":"SKIP","floor":37.0},{"not_picked":["beaked:Redirect+1","beaked:FeelMyPain","beaked:Tradeoff"],"picked":"SKIP","floor":38.0},{"not_picked":["beaked:SurvivalInstinct","beaked:Devastation+1","beaked:BraceForImpact"],"picked":"SKIP","floor":39.0},{"not_picked":["beaked:HuntressEssence","beaked:Cower+1","beaked:Flinch+1"],"picked":"SKIP","floor":41.0},{"not_picked":["beaked:Negation","beaked:HuntressSpirit"],"picked":"beaked:CursingBlood+1","floor":46},{"not_picked":["ReplayTheSpireMod:Prepare the Ceremony+1","beaked:SurvivalInstinct+1"],"picked":"beaked:CheekyTricks","floor":48},{"not_picked":["beaked:Daydream","beaked:TuckingFeathers+1","beaked:CrazyRituals+1"],"picked":"SKIP","floor":49},{"not_picked":["beaked:HuntressSpirit+1","beaked:Tweet+1","beaked:Cower+1"],"picked":"SKIP","floor":50}],"player_experience":1574362,"relics_obtained":[{"floor":6.0,"key":"DemoMod:BigBoy"},{"floor":11.0,"key":"DemoMod:PinkGuonStone"},{"floor":27.0,"key":"Art of War"},{"floor":28.0,"key":"Replay:Mystery Machine"},{"floor":33.0,"key":"halation:PrussianBluePaint"},{"floor":45.0,"key":"infinitespire:Bottled Soul"},{"floor":46,"key":"Replay:Bandana"}],"event_choices":[{"damage_healed":0.0,"max_hp_gain":0.0,"max_hp_loss":0.0,"gold_gain":0.0,"event_name":"Golden Idol","player_choice":"Take Damage","floor":4.0,"gold_loss":0.0,"damage_taken":12.0,"relics_obtained":["Golden Idol"]},{"cards_removed":["beaked:Strike_Y"],"damage_healed":0.0,"max_hp_gain":0.0,"max_hp_loss":0.0,"gold_gain":0.0,"event_name":"Bonfire Elementals","player_choice":"Offered Basic","floor":23.0,"gold_loss":0.0,"damage_taken":0.0},{"damage_healed":0,"gold_gain":0,"player_choice":"Embrace Madness","damage_taken":7,"max_hp_gain":0,"max_hp_loss":0,"event_name":"Winding Halls","floor":47,"gold_loss":0,"cards_obtained":["Madness","Madness"]}],"is_beta":false,"boss_relics":[{"not_picked":["Pandora\u0027s Box","hubris:GrandSneckoEye","aspiration:SilentSkillbook"]},{"not_picked":["energizedSpire:OgreHead","halation:HeavySnake"],"picked":"beaked:BlessedCoat"}],"items_purged_floors":[43],"is_endless":false,"potions_floor_spawned":[1,14,29,31,35,38,41,50],"ascension_level":0}}