{"host":"bx54wbx1b8s5cm4v","time":1612825848,"event":{"mods":["BaseMod","Beaked The Cultist","GifTheSpireLib","Hubris","Marisa????????","Minty Spire (QoL Compilation)","StSLib","The Blackbeard","The Bladedancer","The Cursed","The Disciple","The Druid","The Forsaken","The Necromancer","The Runesmith","The Servant 0.9.4","TheBandit"],"gold_per_floor":[119,119,134,134,134,161,161,10,10,10,27,39,39,51,51,156,156,167,167,179,104,132,132,132,151,205,224,253,253,253,253],"floor_reached":29,"language":"ENG","playtime":2369,"items_purged":["wariomod:Sidestep+1"],"score":243,"play_id":"2afb6366-ee04-4e33-a889-88f748e93dd5","local_time":"20210208201048","is_ascension_mode":false,"campfire_choices":[{"data":"wariomod:Leapslam","floor":7,"key":"SMITH"},{"data":"wariomod:Sidestep","floor":10,"key":"SMITH"},{"data":"wariomod:Step","floor":13,"key":"SMITH"},{"data":"wariomod:DisarmingMoves","floor":15,"key":"SMITH"}],"circlet_count":0,"master_deck":["wariomod:Strike","wariomod:Strike","wariomod:Strike","wariomod:Strike","wariomod:Defend","wariomod:Defend","wariomod:Defend","wariomod:Defend","wariomod:Step","wariomod:Leap","wariomod:Boomsmack+1","wariomod:Bombshield","wariomod:DisarmingMoves+1","wariomod:Step+1","wariomod:Leapslam+1","wariomod:TrekTime","wariomod:SmackSlam","wariomod:FabulousPrizes","wariomod:Immortalize","Decay","wariomod:SilenceBombs+1","Decay","wariomod:TreasureDig","hubris:Sloth","wariomod:HappyHit"],"relics":["wariomod:TheHat","Bag of Preparation","Tiny Chest","HornCleat","Cursed Key","Red Mask","Bottled Tornado","hubris:Towel","Vajra","MealTicket"],"acts_visited":["Exordium","TheCity"],"potions_floor_usage":[6,28,28,28],"damage_taken":[{"damage":1,"enemies":"Small Slimes","floor":1,"turns":4},{"damage":11,"enemies":"Jaw Worm","floor":3,"turns":3},{"damage":16,"enemies":"3 Sentries","floor":6,"turns":4},{"damage":0,"enemies":"Cultist","floor":11,"turns":4},{"damage":12,"enemies":"Exordium Thugs","floor":12,"turns":4},{"damage":7,"enemies":"Large Slime","floor":14,"turns":4},{"damage":33,"enemies":"The Guardian","floor":16,"turns":8},{"damage":0,"enemies":"Chosen","floor":18,"turns":4},{"damage":9,"enemies":"3 Byrds","floor":20,"turns":4},{"damage":0,"enemies":"Masked Bandits","floor":22,"turns":4},{"damage":12,"enemies":"Snake Plant","floor":25,"turns":4},{"damage":20,"enemies":"Centurion and Healer","floor":27,"turns":7},{"damage":45,"enemies":"Book of Stabbing","floor":28,"turns":7},{"damage":2,"enemies":"Snecko","floor":29,"turns":3}],"seed_played":"-8862373979667419772","potions_obtained":[{"floor":3,"key":"SkillPotion"},{"floor":12,"key":"SpeedPotion"},{"floor":14,"key":"SkillPotion"},{"floor":18,"key":"Dexterity Potion"}],"is_trial":false,"path_per_floor":["M","?","M","?","?","E","R","$","T","R","M","M","R","M","R","B",null,"M","?","M","$","?","T","?","M","T","M","E","M"],"character_chosen":"THE_BANDIT","items_purchased":["Tiny Chest"],"campfire_rested":0,"item_purchase_floors":[8],"current_hp_per_floor":[87,87,76,76,76,60,60,60,60,60,60,48,48,41,41,8,88,88,88,79,79,79,79,79,67,67,47,2,0,0,0],"gold":253,"neow_bonus":"TEN_PERCENT_HP_BONUS","is_daily":false,"chose_seed":false,"campfire_upgraded":4,"win_rate":0.0,"timestamp":1612825848,"path_taken":["M","?","M","?","?","E","R","$","T","R","?","M","R","M","R","BOSS","M","?","M","$","?","?","?","M","T","?","E","M"],"items_purchased_type":["Relic"],"build_version":"2020-12-22","purchased_purges":1,"victory":false,"max_hp_per_floor":[88,88,88,88,88,88,88,88,88,88,88,88,88,88,88,88,88,88,88,88,88,88,88,88,88,88,88,88,88,88,88],"card_choices":[{"not_picked":["wariomod:f","wariomod:SpikeSlash"],"picked":"wariomod:Boomsmack","floor":1},{"not_picked":["wariomod:TrekTime","wariomod:DonateDraw"],"picked":"wariomod:Bombshield","floor":3},{"not_picked":["wariomod:ChargeForth","wariomod:NullJump"],"picked":"wariomod:Leapslam","floor":6},{"not_picked":["wariomod:ThatsNotAll","wariomod:AwfulLook"],"picked":"wariomod:TrekTime","floor":11},{"not_picked":["wariomod:Bombtime","wariomod:DanceDash","wariomod:DropBash"],"picked":"SKIP","floor":12},{"not_picked":["wariomod:DoubleDash","wariomod:DeepDig"],"picked":"wariomod:SmackSlam","floor":14},{"not_picked":["wariomod:Enshrine","wariomod:BoomForm"],"picked":"wariomod:FabulousPrizes","floor":16},{"not_picked":["wariomod:SpikeSlash","wariomod:Leapslam"],"picked":"wariomod:Immortalize","floor":18},{"not_picked":["wariomod:SpaceSwap","wariomod:DoubleDash"],"picked":"wariomod:SilenceBombs+1","floor":20},{"not_picked":["wariomod:Goblast","wariomod:DamnedStrength"],"picked":"wariomod:TreasureDig","floor":25},{"not_picked":["wariomod:DanceDash","wariomod:ChargeForth"],"picked":"wariomod:HappyHit","floor":27},{"not_picked":["wariomod:SimpleShield+1","wariomod:Goblast","wariomod:GreaterGuard+1"],"picked":"SKIP","floor":28}],"player_experience":35659,"relics_obtained":[{"floor":6,"key":"Bag of Preparation"},{"floor":9,"key":"HornCleat"},{"floor":22,"key":"Red Mask"},{"floor":23,"key":"Bottled Tornado"},{"floor":26,"key":"Vajra"},{"floor":28,"key":"MealTicket"}],"event_choices":[{"damage_healed":0,"gold_gain":0,"player_choice":"3 cards matched","damage_taken":0,"max_hp_gain":0,"max_hp_loss":0,"event_name":"Match and Keep!","floor":5,"gold_loss":0,"cards_obtained":["wariomod:Sidestep","wariomod:DisarmingMoves","wariomod:Step"]},{"damage_healed":0,"gold_gain":0,"player_choice":"Smashed Altar","damage_taken":0,"max_hp_gain":0,"max_hp_loss":0,"event_name":"Forgotten Altar","floor":19,"gold_loss":0,"cards_obtained":["Decay"]},{"damage_healed":0,"gold_gain":0,"player_choice":"Fought Bandits","damage_taken":0,"max_hp_gain":0,"max_hp_loss":0,"event_name":"Masked Bandits","floor":22,"gold_loss":0}],"is_beta":false,"boss_relics":[{"not_picked":["Astrolabe","Runic Dome"],"picked":"Cursed Key"}],"items_purged_floors":[21],"is_endless":false,"potions_floor_spawned":[3,12,14,18,22,27],"killed_by":"Snecko","ascension_level":0}}