{"host":"vlqej45p0v31lhdi","time":1612822997,"event":{"mods":["AchievementEnabler","BaseMod","Bestiary","Colored Powertips","Minty Spire (QoL Compilation)","Relic Stats"],"gold_per_floor":[109,128,143,163,176,176,208,208,235,235,235,269,284,294,294,396,396,413,413,413,0,12,12,47,47,47,47,80,5,5,15,15,116,116,126,126,126,138,148,183,183,235,235,252,48,75,95,127,127,127,127,127,26,60,60],"floor_reached":56,"language":"ENG","playtime":8490,"items_purged":["Strike_G"],"score":1672,"play_id":"f232c037-fd75-4742-8a29-a6eae5826dc4","local_time":"20210208162317","is_ascension_mode":true,"campfire_choices":[{"floor":6.0,"key":"REST"},{"floor":8.0,"key":"REST"},{"data":"Wraith Form v2","floor":11.0,"key":"SMITH"},{"data":"Dash","floor":15.0,"key":"SMITH"},{"data":"RitualDagger","floor":23.0,"key":"SMITH"},{"data":"Venomology","floor":25.0,"key":"SMITH"},{"data":"Blade Dance","floor":30.0,"key":"SMITH"},{"data":"Finisher","floor":32.0,"key":"SMITH"},{"floor":41.0,"key":"RECALL"},{"data":"Adrenaline","floor":49.0,"key":"SMITH"},{"data":"Wraith Form v2","floor":52,"key":"SMITH"}],"circlet_count":0,"master_deck":["Strike_G","Strike_G","Strike_G","Strike_G","Defend_G","Defend_G","Defend_G","Defend_G","Defend_G","Survivor","Neutralize","Predator","Sucker Punch","Dash+1","Well Laid Plans+1","Dagger Spray","Wraith Form v2+1","Blade Dance","Cloak And Dagger","Malaise","Blade Dance","RitualDagger+1","Blade Dance+1","Finisher+1","Backflip","Venomology+1","Venomology+1","Cloak And Dagger","Cloak And Dagger+1","Adrenaline+1","Leg Sweep","Caltrops+1","Wraith Form v2+1","Wraith Form v2+1","PiercingWail","Burst"],"relics":["Ring of the Snake","Torii","Toy Ornithopter","Art of War","Akabeko","Coffee Dripper","Enchiridion","Sling","Orichalcum","StrikeDummy","Boot","Snecko Eye","Matryoshka","Bag of Preparation","Unceasing Top","Bronze Scales","DollysMirror","Mango","Oddly Smooth Stone","Lantern"],"acts_visited":["Exordium","TheCity","TheBeyond","TheEnding"],"potions_floor_usage":[50,50,50,54,55,55,55,55],"damage_taken":[{"damage":18.0,"enemies":"Jaw Worm","floor":1.0,"turns":7.0},{"damage":1.0,"enemies":"Cultist","floor":2.0,"turns":3.0},{"damage":1.0,"enemies":"Small Slimes","floor":3.0,"turns":4.0},{"damage":20.0,"enemies":"Exordium Thugs","floor":4.0,"turns":7.0},{"damage":6.0,"enemies":"Exordium Wildlife","floor":5.0,"turns":5.0},{"damage":23.0,"enemies":"Lagavulin","floor":7.0,"turns":11.0},{"damage":6.0,"enemies":"3 Sentries","floor":12.0,"turns":9.0},{"damage":1.0,"enemies":"Red Slaver","floor":13.0,"turns":3.0},{"damage":0.0,"enemies":"3 Louse","floor":14.0,"turns":1.0},{"damage":17.0,"enemies":"Hexaghost","floor":16.0,"turns":15.0},{"damage":1.0,"enemies":"Chosen","floor":18.0,"turns":6.0},{"damage":0.0,"enemies":"Shell Parasite","floor":22.0,"turns":4.0},{"damage":1.0,"enemies":"Gremlin Leader","floor":24.0,"turns":7.0},{"damage":0.0,"enemies":"Slavers","floor":28.0,"turns":5.0},{"damage":1.0,"enemies":"Snake Plant","floor":31.0,"turns":3.0},{"damage":22.0,"enemies":"Automaton","floor":33.0,"turns":9.0},{"damage":1.0,"enemies":"Orb Walker","floor":35.0,"turns":3.0},{"damage":0.0,"enemies":"3 Shapes","floor":38.0,"turns":1.0},{"damage":2.0,"enemies":"Sphere and 2 Shapes","floor":39.0,"turns":4.0},{"damage":24.0,"enemies":"Reptomancer","floor":40.0,"turns":7.0},{"damage":0.0,"enemies":"2 Orb Walkers","floor":42.0,"turns":5.0},{"damage":0.0,"enemies":"Spire Growth","floor":44.0,"turns":5.0},{"damage":0.0,"enemies":"Giant Head","floor":46.0,"turns":8.0},{"damage":0.0,"enemies":"Transient","floor":47.0,"turns":5.0},{"damage":0.0,"enemies":"Nemesis","floor":48.0,"turns":7.0},{"damage":19,"enemies":"Time Eater","floor":50,"turns":10},{"damage":4,"enemies":"Shield and Spear","floor":54,"turns":6},{"damage":88,"enemies":"The Heart","floor":55,"turns":12}],"seed_played":"933474893512379663","potions_obtained":[{"floor":1.0,"key":"SteroidPotion"},{"floor":4.0,"key":"Poison Potion"},{"floor":5.0,"key":"SteroidPotion"},{"floor":12.0,"key":"Weak Potion"},{"floor":18.0,"key":"CunningPotion"},{"floor":28.0,"key":"DistilledChaos"},{"floor":31.0,"key":"Fruit Juice"},{"floor":40.0,"key":"Dexterity Potion"},{"floor":46.0,"key":"Explosive Potion"},{"floor":47.0,"key":"LiquidMemories"},{"floor":54,"key":"DistilledChaos"}],"is_trial":false,"path_per_floor":["M","M","M","M","M","R","E","R","T","?","R","E","M","M","R","B",null,"M","?","?","$","M","R","E","R","T","?","E","$","R","M","R","B",null,"M","T","$","M","M","E","R","?","T","M","$","E","M","E","R","B",null,"R","$","E","B",null],"character_chosen":"THE_SILENT","items_purchased":["Sling","LiquidBronze","Blade Dance","Finisher","DuplicationPotion","DollysMirror","Fire Potion","PiercingWail","Block Potion"],"campfire_rested":2,"item_purchase_floors":[21,21,21,21,21,45,45,53,53],"current_hp_per_floor":[45,44,43,23,17,35,12,30,30,30,30,24,23,23,23,11,50,49,43,27,27,32,32,31,31,31,31,36,36,36,50,50,48,63,62,62,62,68,67,44,44,44,44,54,54,78,82,82,82,63,77,77,77,78,2],"gold":60,"neow_bonus":"ONE_RARE_RELIC","is_daily":false,"chose_seed":false,"campfire_upgraded":8,"win_rate":0.0,"timestamp":1612822997,"path_taken":["M","M","M","M","M","R","E","R","T","?","R","E","M","M","R","BOSS","M","?","?","$","?","R","E","R","T","?","E","$","R","M","R","BOSS","M","?","$","M","M","E","R","?","T","M","$","E","M","E","R","BOSS","R","$","E","BOSS"],"items_purchased_type":["Relic","Potion","Card","Card","Potion","Relic","Potion","Card","Potion"],"build_version":"2020-12-22","purchased_purges":1,"victory":true,"max_hp_per_floor":[63,63,63,63,63,63,63,63,63,63,63,63,63,63,63,63,63,63,63,63,63,63,63,63,63,63,63,63,63,63,63,63,68,68,68,68,68,68,68,68,68,68,68,68,68,82,82,82,82,82,82,82,82,82,82],"relic_stats":{"Torii":61,"counters":[28,172],"Bronze Scales":[309],"Snecko Eye":[146,142,135,146],"Art of War":[14],"Bag of Preparation":[0],"Orichalcum":[204],"Boot":[159],"obtain_stats":[{"Lantern":54,"Torii":0,"Enchiridion":20,"Oddly Smooth Stone":48,"Mango":46,"Bag of Preparation":40,"Orichalcum":24,"Sling":21,"Boot":28,"Akabeko":12,"Matryoshka":36,"DollysMirror":45,"Bronze Scales":43,"Snecko Eye":34,"Art of War":9,"Coffee Dripper":17,"StrikeDummy":26,"Toy Ornithopter":7,"Unceasing Top":42,"Ring of the Snake":0},{"Lantern":27,"Torii":0,"Enchiridion":11,"Oddly Smooth Stone":25,"Mango":23,"Bag of Preparation":20,"Orichalcum":13,"Sling":11,"Boot":14,"Akabeko":7,"Matryoshka":17,"DollysMirror":22,"Bronze Scales":21,"Snecko Eye":16,"Art of War":6,"Coffee Dripper":10,"StrikeDummy":13,"Toy Ornithopter":6,"Unceasing Top":21,"Ring of the Snake":0},{"Lantern":160,"Torii":0,"Enchiridion":71,"Oddly Smooth Stone":144,"Mango":132,"Bag of Preparation":114,"Orichalcum":82,"Sling":71,"Boot":87,"Akabeko":46,"Matryoshka":102,"DollysMirror":124,"Bronze Scales":119,"Snecko Eye":99,"Art of War":37,"Coffee Dripper":65,"StrikeDummy":82,"Toy Ornithopter":37,"Unceasing Top":119,"Ring of the Snake":0}],"Toy Ornithopter":94,"Unceasing Top":[0],"Ring of the Snake":[56]},"card_choices":[{"not_picked":["Endless Agony","Quick Slash"],"picked":"Predator","floor":1.0},{"not_picked":["Prepared","Riddle With Holes"],"picked":"Sucker Punch","floor":2.0},{"not_picked":["Dagger Spray","Bane"],"picked":"Dash","floor":3.0},{"not_picked":["Sucker Punch","PiercingWail"],"picked":"Well Laid Plans","floor":4.0},{"not_picked":["Choke","Predator"],"picked":"Dagger Spray","floor":5.0},{"not_picked":["Prepared","Poisoned Stab"],"picked":"Wraith Form v2","floor":7.0},{"not_picked":["Acrobatics","Backflip"],"picked":"Blade Dance","floor":12.0},{"not_picked":["Poisoned Stab","Reflex"],"picked":"Cloak And Dagger","floor":13.0},{"not_picked":["Acrobatics","Dodge and Roll","Backstab"],"picked":"SKIP","floor":14.0},{"not_picked":["Storm of Steel","A Thousand Cuts"],"picked":"Malaise","floor":16.0},{"not_picked":["Slice","Backstab"],"picked":"Blade Dance","floor":18.0},{"not_picked":["Heel Hook","Bane"],"picked":"Backflip","floor":22.0},{"not_picked":["Quick Slash","Underhanded Strike"],"picked":"Venomology","floor":24.0},{"not_picked":["Outmaneuver","Catalyst"],"picked":"Cloak And Dagger","floor":28.0},{"not_picked":["Deflect","Catalyst+1"],"picked":"Cloak And Dagger+1","floor":31.0},{"not_picked":["Burst","Storm of Steel"],"picked":"Adrenaline","floor":33.0},{"not_picked":["Slice","Catalyst+1","Dagger Spray"],"picked":"SKIP","floor":35.0},{"not_picked":["Masterful Stab+1","Predator","All Out Attack"],"picked":"SKIP","floor":38.0},{"not_picked":["Underhanded Strike","Blade Dance"],"picked":"Leg Sweep","floor":39.0},{"not_picked":["Deflect+1","Deadly Poison"],"picked":"Caltrops+1","floor":40.0},{"not_picked":["Distraction+1","Deadly Poison+1"],"picked":"Wraith Form v2","floor":42.0},{"not_picked":["Distraction","Blade Dance","Deadly Poison"],"picked":"SKIP","floor":44.0},{"not_picked":["Infinite Blades+1","Dagger Spray+1","Deadly Poison"],"picked":"SKIP","floor":46.0},{"not_picked":["Masterful Stab","Dagger Spray","Poisoned Stab+1"],"picked":"SKIP","floor":47.0},{"not_picked":["Slice+1","Dodge and Roll","Dagger Throw"],"picked":"SKIP","floor":48.0},{"not_picked":["Blade Dance","Dagger Throw"],"picked":"Burst","floor":54}],"player_experience":2478357,"relics_obtained":[{"floor":7.0,"key":"Toy Ornithopter"},{"floor":9.0,"key":"Art of War"},{"floor":12.0,"key":"Akabeko"},{"floor":20.0,"key":"Enchiridion"},{"floor":24.0,"key":"Orichalcum"},{"floor":26.0,"key":"StrikeDummy"},{"floor":28.0,"key":"Boot"},{"floor":36.0,"key":"Matryoshka"},{"floor":40.0,"key":"Bag of Preparation"},{"floor":42.0,"key":"Unceasing Top"},{"floor":43.0,"key":"Bronze Scales"},{"floor":46.0,"key":"Mango"},{"floor":48.0,"key":"Oddly Smooth Stone"},{"floor":54,"key":"Lantern"}],"event_choices":[{"damage_healed":0.0,"max_hp_gain":0.0,"max_hp_loss":0.0,"gold_gain":0.0,"event_name":"Upgrade Shrine","player_choice":"Upgraded","floor":10.0,"gold_loss":0.0,"damage_taken":0.0,"cards_upgraded":["Well Laid Plans"]},{"damage_healed":0.0,"max_hp_gain":0.0,"max_hp_loss":0.0,"gold_gain":0.0,"event_name":"Nest","player_choice":"Joined the Cult","floor":19.0,"gold_loss":0.0,"damage_taken":6.0,"cards_obtained":["RitualDagger"]},{"damage_healed":0.0,"max_hp_gain":0.0,"max_hp_loss":0.0,"gold_gain":0.0,"event_name":"Cursed Tome","player_choice":"Obtained Book","floor":20.0,"gold_loss":0.0,"damage_taken":16.0},{"damage_healed":0.0,"max_hp_gain":0.0,"max_hp_loss":0.0,"gold_gain":0.0,"event_name":"Duplicator","player_choice":"Copied","floor":27.0,"gold_loss":0.0,"damage_taken":0.0,"cards_obtained":["Venomology"]},{"damage_healed":0.0,"max_hp_gain":0.0,"max_hp_loss":0.0,"gold_gain":0.0,"event_name":"Mysterious Sphere","player_choice":"Fight","floor":42.0,"gold_loss":0.0,"damage_taken":0.0}],"is_beta":false,"boss_relics":[{"not_picked":["Calling Bell","Fusion Hammer"],"picked":"Coffee Dripper"},{"not_picked":["WristBlade","Astrolabe"],"picked":"Snecko Eye"}],"items_purged_floors":[29],"is_endless":false,"potions_floor_spawned":[1,4,5,12,18,28,31,35,40,46,47,54],"ascension_level":7}}