{"host":"5njoj2zap3ickz2y","time":1612763511,"event":{"mods":["BaseMod","Colored Map","Downfall","Minty Spire (QoL Compilation)","Permanent Neow","Quick Restart","Relic Stats","StSLib","Unceasing Turn Reminder"],"gold_per_floor":[99,117,117,137,150,165,165,165,197,197,222,234,134,161,171,267,267,267,279,299,5,25,25,25,60,60,79,109,120,105,105,115,211,211,211,227,238,257,92,117,143,120,120,134,169,182,197,209,220,220],"floor_reached":51,"language":"ENG","playtime":10497,"items_purged":[],"score":840,"play_id":"171ced42-f768-4d28-8c5f-d060b6e4cd84","local_time":"20210207215151","is_ascension_mode":false,"campfire_choices":[{"data":"Guardian:SentryBeam","floor":1,"key":"SMITH"},{"floor":10,"key":"RECALL"},{"data":"Guardian:GuardianWhirl","floor":13,"key":"SMITH"},{"data":"Guardian:RevengeProtocol","floor":18,"key":"SMITH"},{"data":"1","floor":35,"key":"LIFT"},{"data":"2","floor":43,"key":"LIFT"}],"circlet_count":0,"master_deck":["Guardian:CurlUp","Guardian:TwinSlam","Guardian:BronzeArmor","Guardian:ArmoredProtocol","Guardian:SpikerProtocol","Guardian:ArmoredProtocol","Guardian:ShieldSpikes","Guardian:SentryBeam+1","Guardian:Incinerate","Guardian:PolyBeam","Guardian:SpikerProtocol","Guardian:GuardianWhirl+1","Guardian:PrimingBeam","Guardian:DonusPower+1","Guardian:ConstructionForm","Guardian:RevengeProtocol+1","Guardian:PolyBeam","Guardian:TimeBomb+1","Guardian:RevengeProtocol","Guardian:FloatingOrbs","Guardian:BaubleBeam","Guardian:SphericShield","Guardian:Clone","Guardian:SpikerProtocol","Guardian:RevengeProtocol","Guardian:CrystalBeam+1","Guardian:StasisField+1","Guardian:Gem_Crimson","Guardian:Gem_White","Guardian:Gem_Red","expansioncontent:LastStand","Guardian:FloatingOrbs","Guardian:Reroute+1","Guardian:BronzeOrb","Guardian:ArmoredProtocol"],"relics":["Pandora\u0027s Box","Eternal Feather","Lizard Tail","Letter Opener","Boot","downfall:HeartBlessingRed","Juzu Bracelet","Coffee Dripper","Ornamental Fan","Omamori","MealTicket","Necronomicon","Calling Bell","Dream Catcher","Darkstone Periapt","Girya","War Paint","Pear","Kunai","Toy Ornithopter"],"acts_visited":["Exordium","TheCity","TheBeyond"],"potions_floor_usage":[20,25,50,50],"damage_taken":[{"damage":0,"enemies":"Jaw Worm","floor":2,"turns":5},{"damage":0,"enemies":"Cultist","floor":4,"turns":5},{"damage":0,"enemies":"Small Slimes","floor":5,"turns":3},{"damage":0,"enemies":"Blue Slaver","floor":6,"turns":4},{"damage":13,"enemies":"Lagavulin","floor":9,"turns":8},{"damage":0,"enemies":"Gremlin Gang","floor":12,"turns":2},{"damage":0,"enemies":"Gremlin Nob","floor":14,"turns":4},{"damage":6,"enemies":"Large Slime","floor":15,"turns":4},{"damage":4,"enemies":"SI_SHIV_ARCHETYPE","floor":16,"turns":5},{"damage":10,"enemies":"Chosen","floor":19,"turns":5},{"damage":0,"enemies":"Shell Parasite","floor":20,"turns":3},{"damage":0,"enemies":"downfall:FleeingMerchant","floor":21,"turns":4},{"damage":10,"enemies":"3 Cultists","floor":22,"turns":4},{"damage":12,"enemies":"Book of Stabbing","floor":25,"turns":5},{"damage":0,"enemies":"Snake Plant","floor":27,"turns":3},{"damage":0,"enemies":"Gremlin Leader","floor":28,"turns":6},{"damage":8,"enemies":"Shelled Parasite and Fungi","floor":29,"turns":3},{"damage":0,"enemies":"downfall:FleeingMerchant","floor":30,"turns":4},{"damage":0,"enemies":"Snecko","floor":32,"turns":4},{"damage":29,"enemies":"IC_MUSHROOM_ARCHETYPE","floor":33,"turns":7},{"damage":0,"enemies":"3 Darklings","floor":36,"turns":3},{"damage":0,"enemies":"Orb Walker","floor":37,"turns":3},{"damage":22,"enemies":"Spire Growth","floor":38,"turns":4},{"damage":0,"enemies":"downfall:FleeingMerchant","floor":39,"turns":4},{"damage":0,"enemies":"Giant Head","floor":40,"turns":7},{"damage":0,"enemies":"downfall:FleeingMerchant","floor":42,"turns":2},{"damage":11,"enemies":"Writhing Mass","floor":44,"turns":5},{"damage":18,"enemies":"Reptomancer","floor":45,"turns":6},{"damage":11,"enemies":"3 Darklings","floor":46,"turns":5},{"damage":0,"enemies":"Jaw Worm Horde","floor":47,"turns":5},{"damage":7,"enemies":"Transient","floor":48,"turns":5},{"damage":0,"enemies":"Maw","floor":49,"turns":4},{"damage":102,"enemies":"WA_ARCHETYPE_DIVINITY","floor":50,"turns":8}],"seed_played":"7749654251624908344","potions_obtained":[{"floor":2,"key":"Guardian:AcceleratePotion"},{"floor":4,"key":"Guardian:BlockOnCardUsePotion"},{"floor":14,"key":"Weak Potion"},{"floor":15,"key":"LiquidBronze"},{"floor":20,"key":"LiquidBronze"},{"floor":29,"key":"Ancient Potion"},{"floor":37,"key":"DuplicationPotion"},{"floor":44,"key":"LiquidMemories"}],"is_trial":false,"path_per_floor":["R","M","?","M","M","M","T","?","E","R","T","M","R","E","M","B",null,"R","M","M","$","M","?","T","E","?","M","E","M","$","?","M","B",null,"R","M","M","M","$","E","T","$","R","M","E","M","M","M","M","B",null],"character_chosen":"GUARDIAN","items_purchased":["Guardian:FloatingOrbs","Guardian:BaubleBeam","Guardian:SphericShield","War Paint","Kunai","expansioncontent:LastStand","Guardian:FloatingOrbs"],"campfire_rested":0,"item_purchase_floors":[21,21,21,39,42,42,42],"current_hp_per_floor":[80,80,68,68,68,68,68,65,52,61,61,61,70,70,64,60,80,80,70,70,70,60,60,60,48,80,80,80,72,80,64,64,35,80,80,80,80,58,73,83,83,90,90,79,61,50,50,43,43,15],"gold":220,"neow_bonus":"BOSS_RELIC","is_daily":false,"chose_seed":false,"campfire_upgraded":3,"win_rate":0.0,"timestamp":1612763511,"path_taken":["R","M","?","M","M","M","T","?","E","R","?","?","R","E","M","BOSS","R","M","M","$","M","?","T","E","?","M","E","M","$","?","M","BOSS","R","M","M","M","$","E","T","$","R","M","E","M","M","M","M","BOSS"],"items_purchased_type":["Card","Card","Card","Relic","Relic","Card","Card"],"build_version":"2020-12-22","purchased_purges":0,"victory":true,"max_hp_per_floor":[80,80,80,80,80,80,80,80,80,80,80,80,80,80,80,80,80,80,80,80,80,80,80,80,80,80,80,80,80,80,80,80,80,80,80,80,80,80,80,90,90,90,90,90,90,90,90,90,90,90],"relic_stats":{"Darkstone Periapt":0,"counters":[33,148],"Eternal Feather":18,"Juzu Bracelet":1,"Letter Opener":[35],"War Paint":["Guardian:DonusPower","Guardian:StasisField"],"Boot":[129],"Lizard Tail":45,"Dream Catcher":0,"Ornamental Fan":[144],"Pandora\u0027s Box":["Guardian:BronzeArmor","Guardian:Gem_Red","Guardian:EvasiveProtocol","Guardian:ArmoredProtocol","Guardian:SpikerProtocol","Guardian:ArmoredProtocol","Guardian:ShieldSpikes","Guardian:SentryBeam"],"MealTicket":30,"Necronomicon":[14],"Kunai":[18],"obtain_stats":[{"Darkstone Periapt":34,"Girya":34,"Pear":40,"downfall:HeartBlessingRed":13,"Guardian:ModeShifter":0,"Eternal Feather":7,"Juzu Bracelet":14,"Omamori":25,"Letter Opener":9,"War Paint":39,"Boot":11,"Calling Bell":34,"Lizard Tail":8,"Dream Catcher":34,"Ornamental Fan":24,"Pandora\u0027s Box":0,"MealTicket":28,"Coffee Dripper":17,"Necronomicon":31,"Kunai":42,"Toy Ornithopter":45},{"Darkstone Periapt":20,"Girya":20,"Pear":25,"downfall:HeartBlessingRed":6,"Guardian:ModeShifter":0,"Eternal Feather":4,"Juzu Bracelet":7,"Omamori":14,"Letter Opener":5,"War Paint":24,"Boot":5,"Calling Bell":20,"Lizard Tail":4,"Dream Catcher":20,"Ornamental Fan":13,"Pandora\u0027s Box":0,"MealTicket":16,"Coffee Dripper":9,"Necronomicon":18,"Kunai":26,"Toy Ornithopter":28},{"Darkstone Periapt":87,"Girya":87,"Pear":108,"downfall:HeartBlessingRed":27,"Guardian:ModeShifter":0,"Eternal Feather":17,"Juzu Bracelet":31,"Omamori":60,"Letter Opener":25,"War Paint":101,"Boot":25,"Calling Bell":87,"Lizard Tail":17,"Dream Catcher":87,"Ornamental Fan":55,"Pandora\u0027s Box":0,"MealTicket":69,"Coffee Dripper":40,"Necronomicon":76,"Kunai":110,"Toy Ornithopter":121}],"Toy Ornithopter":10},"card_choices":[{"not_picked":["Guardian:BronzeOrb","Guardian:ShieldCharger"],"picked":"Guardian:Gem_Crimson","floor":2},{"not_picked":["Guardian:BronzeArmor","Guardian:TemporalStrike"],"picked":"Guardian:Incinerate","floor":4},{"not_picked":["Guardian:Gem_Green","Guardian:SentryBeam"],"picked":"Guardian:PolyBeam","floor":5},{"not_picked":["Guardian:Recover","Guardian:DecasProtection"],"picked":"Guardian:SpikerProtocol","floor":6},{"not_picked":["Guardian:PrimingBeam","Guardian:ChargeCore"],"picked":"Guardian:GuardianWhirl","floor":9},{"not_picked":["Guardian:Gem_Lightblue","Guardian:BronzeArmor"],"picked":"Guardian:PrimingBeam","floor":12},{"not_picked":["Guardian:VentSteam","Guardian:Gem_Blue"],"picked":"Guardian:DonusPower","floor":14},{"not_picked":["Guardian:Gem_Purple","Guardian:Suspension"],"picked":"Guardian:ConstructionForm","floor":15},{"not_picked":["Guardian:ConstructionForm","Guardian:TimeSifter"],"picked":"Guardian:RevengeProtocol","floor":16},{"not_picked":["Guardian:TimeCapacitor","Guardian:PiercingHide+1"],"picked":"Guardian:PolyBeam","floor":19},{"not_picked":["Guardian:TemporalStrike","Guardian:MultiBeam+1"],"picked":"Guardian:TimeBomb+1","floor":20},{"not_picked":["Guardian:Reroute","Guardian:Gem_Lightblue"],"picked":"Guardian:RevengeProtocol","floor":21},{"not_picked":["Guardian:Recover","Guardian:Repulse+1","Guardian:Planning"],"picked":"SKIP","floor":22},{"not_picked":["Guardian:RollAttack+1","Guardian:Recover","Guardian:MultiBeam+1"],"picked":"SKIP","floor":25},{"not_picked":["Guardian:VentSteam","Guardian:Planning"],"picked":"Guardian:Clone","floor":27},{"not_picked":["Guardian:Planning+1","Guardian:TimeSifter","Guardian:ShieldSpikes"],"picked":"SKIP","floor":28},{"not_picked":["Guardian:VentSteam+1","Guardian:Planning"],"picked":"Guardian:SpikerProtocol","floor":29},{"not_picked":["Guardian:SpikerProtocol","Guardian:FloatingOrbs+1"],"picked":"Guardian:Gem_Purple","floor":30},{"not_picked":["Guardian:Reroute","Guardian:Suspension"],"picked":"Guardian:Gem_Fragmented","floor":32},{"not_picked":["Guardian:FastForward","Guardian:HyperBeam_Guardian"],"picked":"Guardian:RevengeProtocol","floor":33},{"not_picked":["Guardian:PrimingBeam+1","Guardian:Suspension"],"picked":"Guardian:CrystalBeam+1","floor":36},{"not_picked":["Guardian:BodySlam","Guardian:Suspension+1"],"picked":"Guardian:StasisField","floor":37},{"not_picked":["Guardian:SentryBeam","Guardian:Gem_Green"],"picked":"Guardian:Gem_Crimson","floor":38},{"not_picked":["Guardian:ShieldCharger","Guardian:VentSteam"],"picked":"Guardian:Gem_White","floor":39},{"not_picked":["Guardian:Recover+1","Guardian:WalkerClaw+1","Guardian:ChargeCore+1"],"picked":"SKIP","floor":40},{"not_picked":["Guardian:Gem_Green","Guardian:TimeSifter"],"picked":"Guardian:Gem_Red","floor":42},{"not_picked":["Guardian:Planning","Guardian:Gem_Green"],"picked":"Guardian:Reroute+1","floor":44},{"not_picked":["Guardian:SentryBeam+1","Guardian:Gem_Green","Guardian:Gem_Red"],"picked":"SKIP","floor":45},{"not_picked":["Guardian:CrystalBeam","Guardian:Planning+1"],"picked":"Guardian:BronzeOrb","floor":46},{"not_picked":["Guardian:Gem_Cyan","Guardian:Gem_Lightblue","Guardian:Clone+1"],"picked":"SKIP","floor":47},{"not_picked":["Guardian:FastForward","Guardian:ShieldCharger","Guardian:MultiBeam+1"],"picked":"SKIP","floor":48},{"not_picked":["Guardian:ShieldCharger+1","Guardian:Gem_Red"],"picked":"Guardian:ArmoredProtocol","floor":49}],"player_experience":1791689,"relics_obtained":[{"floor":7,"key":"Eternal Feather"},{"floor":9,"key":"Letter Opener"},{"floor":11,"key":"Boot"},{"floor":14,"key":"Juzu Bracelet"},{"floor":24,"key":"Ornamental Fan"},{"floor":25,"key":"Omamori"},{"floor":28,"key":"MealTicket"},{"floor":31,"key":"Necronomicon"},{"floor":34,"key":"Dream Catcher"},{"floor":34,"key":"Darkstone Periapt"},{"floor":34,"key":"Girya"},{"floor":40,"key":"Pear"},{"floor":45,"key":"Toy Ornithopter"}],"event_choices":[{"damage_healed":0,"gold_gain":0,"player_choice":"Success","damage_taken":3,"relics_obtained":["Lizard Tail"],"max_hp_gain":0,"max_hp_loss":0,"event_name":"Scrap Ooze","floor":8,"gold_loss":0},{"cards_removed":["Guardian:EvasiveProtocol"],"damage_healed":32,"gold_gain":0,"player_choice":"Offered Uncommon","damage_taken":0,"max_hp_gain":0,"max_hp_loss":0,"event_name":"Bonfire Elementals","floor":26,"gold_loss":0}],"is_beta":false,"boss_relics":[{"not_picked":["Runic Pyramid","Astrolabe"],"picked":"Coffee Dripper"},{"not_picked":["Empty Cage","Snecko Eye"],"picked":"Calling Bell"}],"items_purged_floors":[],"is_endless":false,"potions_floor_spawned":[2,4,14,15,19,20,29,32,33,37,44,45,46],"ascension_level":0}}