{"host":"q57ekfojy3i00x9o","time":1612811268,"event":{"mods":["Act Like it!","Arknights","Aspiration","BaseMod","Colored Map","Energized Spire","Hermit","Minty Spire (QoL Compilation)","Quick Restart","Spicy Shops","Spikes Relics","StSLib","slay the spire mod where everything is the same but ironclad has a cowboy hat"],"gold_per_floor":[116,9,9,29,29,29,43,69,96,43,59,77,95,115,115,210,210,224,224,224,224,171,199,199,229,229,229,260,31,41,54,54,153,153,166,166,215,215,265,265,265,265,265,265,275,49,0,0,0,0],"floor_reached":51,"language":"RUS","playtime":1090,"items_purged":["Hatred"],"score":944,"play_id":"defbfef9-245c-4e19-b68b-268d697c522b","local_time":"20210209000748","is_ascension_mode":true,"campfire_choices":[{"data":"ats:Flexible Camouflage","floor":6.0,"key":"SMITH"},{"floor":15.0,"key":"REST"},{"floor":27.0,"key":"REST"},{"floor":32.0,"key":"REST"},{"data":"Apotheosis","floor":42,"key":"SMITH"},{"data":"ats:Nebulous Foxfire","floor":44,"key":"SMITH"},{"data":"Discovery","floor":49,"key":"SMITH"}],"circlet_count":0,"master_deck":["ats:Strike C","ats:Strike G","ats:Strike S","ats:Strike V","ats:Armor Crushing Shot","ats:Defend+1","ats:Defend+1","ats:Defend","ats:Defend","ats:Emotion Absorption","ats:Chain Hook","ats:Magnetic Hammer","ats:Flexible Camouflage+1","ats:Hammer On","ats:Wolf Pack","ats:Flexible Camouflage","Discovery+1","Bash","ats:Flexible Camouflage","ats:Leaping Hammer","ats:Closed Bolt Burst Fire","ats:Hammer On","ats:Closed Bolt Burst Fire","ats:Guard Mode","ats:Explosion Area Strengthen","ats:Nebulous Foxfire+1","ats:Explosion Area Strengthen","ats:Curse Doll","ats:Sashimi Platter+1","Necronomicurse","ats:Consecutive Shot Auto+1","ats:Spore Proliferation+1","ats:Ambush","ats:Overload","ats:Leaping Hammer+1","ats:Guard Mode","Apotheosis+1","ats:Leaping Hammer+1","ats:Hammer On","ats:Sword Rain+1","ats:Overload"],"relics":["ats:Sanity","NeowsBlessing","ats:Originium","Nunchaku","MealTicket","Cursed Key","ats:Lavender","Necronomicon","ats:Emergency Defibrillator","Bag of Marbles","SpikesRelics:DaevaFist","ats:Tactical Delivery","WingedGreaves","BlackRope","Orichalcum","Red Mask"],"acts_visited":["Exordium","TheCity","TheBeyond"],"potions_floor_usage":[35],"damage_taken":[{"damage":0.0,"enemies":"Jaw Worm","floor":1.0,"turns":1.0},{"damage":0.0,"enemies":"2 Louse","floor":4.0,"turns":1.0},{"damage":0.0,"enemies":"Cultist","floor":7.0,"turns":1.0},{"damage":28.0,"enemies":"Gremlin Nob","floor":8.0,"turns":5.0},{"damage":14.0,"enemies":"Red Slaver","floor":11.0,"turns":2.0},{"damage":0.0,"enemies":"Gremlin Gang","floor":12.0,"turns":3.0},{"damage":0.0,"enemies":"2 Fungi Beasts","floor":13.0,"turns":2.0},{"damage":6.0,"enemies":"Looter","floor":14.0,"turns":2.0},{"damage":4.0,"enemies":"Slime Boss","floor":16.0,"turns":6.0},{"damage":16.0,"enemies":"2 Thieves","floor":18.0,"turns":4.0},{"damage":46.0,"enemies":"Book of Stabbing","floor":23.0,"turns":5.0},{"damage":8.0,"enemies":"Gremlin Leader","floor":25.0,"turns":4.0},{"damage":35.0,"enemies":"Book of Stabbing","floor":28.0,"turns":4.0},{"damage":6.0,"enemies":"Chosen","floor":30.0,"turns":2.0},{"damage":6.0,"enemies":"Snake Plant","floor":31.0,"turns":2.0},{"damage":66.0,"enemies":"Collector","floor":33.0,"turns":9.0},{"damage":8,"enemies":"3 Darklings","floor":35,"turns":3},{"damage":27,"enemies":"2 Orb Walkers","floor":37,"turns":4},{"damage":12,"enemies":"Mind Bloom Boss Battle","floor":39,"turns":5},{"damage":0,"enemies":"Orb Walker","floor":45,"turns":2},{"damage":41,"enemies":"Donu and Deca","floor":50,"turns":9}],"seed_played":"-4251419695131657424","potions_obtained":[{"floor":7.0,"key":"Fruit Juice"},{"floor":13.0,"key":"ats:Emergency Sanity Potion"},{"floor":16.0,"key":"FairyPotion"},{"floor":25.0,"key":"ats:Burn Small Potion"},{"floor":30.0,"key":"Regen Potion"},{"floor":31.0,"key":"LiquidBronze"},{"floor":35,"key":"Fruit Juice"}],"is_trial":false,"path_per_floor":["M","$","?","M","?","R","M","E","T","$","M","M","M","M","R","B",null,"M","?","?","?","$","E","?","E","T","R","E","$","M","M","R","B",null,"M","?","?","?","?","R","T","R","T","R","M","$","?","$","R","B",null],"character_chosen":"DOCTOR_CLASS","items_purchased":["ats:Magnetic Hammer","ats:Flexible Camouflage","ats:Closed Bolt Burst Fire","ats:Curse Doll","ats:Ambush","ats:Overload","Orichalcum"],"campfire_rested":3,"item_purchase_floors":[2,2,10,22,29,46,46],"current_hp_per_floor":[65,65,51,51,51,51,56,28,28,43,29,29,29,23,46,42,68,55,55,55,55,70,27,11,25,25,48,35,50,45,48,71,58,72,82,82,57,57,65,65,65,65,65,65,66,81,81,82,82,58],"gold":0,"neow_bonus":"THREE_ENEMY_KILL","is_daily":false,"chose_seed":false,"campfire_upgraded":4,"win_rate":0.0,"timestamp":1612811268,"path_taken":["M","$","?","M","?","R","?","E","T","?","?","M","M","?","R","BOSS","M","?","?","?","?","E","?","E","T","R","E","$","?","M","R","BOSS","BOSS","M","?","?","?","?","R","?","R","T","R","?","$","?","$","R","BOSS"],"items_purchased_type":["Card","Card","Card","Card","Card","Card","Relic"],"build_version":"2020-12-22","purchased_purges":1,"victory":true,"max_hp_per_floor":[72,72,72,72,72,72,77,77,77,77,77,77,77,77,77,77,77,77,77,77,77,77,77,77,77,77,77,77,77,77,77,77,77,77,82,82,82,82,82,82,82,82,82,82,82,82,82,82,82,82],"card_choices":[{"not_picked":["ats:Absolute Focus","ats:Guardian Obelisk"],"picked":"ats:Chain Hook","floor":1.0},{"not_picked":["ats:Shell Defense","ats:Absolute Focus"],"picked":"ats:Hammer On","floor":4.0},{"not_picked":["ats:Revitalization","ats:Ignite"],"picked":"ats:Flexible Camouflage","floor":7.0},{"not_picked":["ats:Very Hot Blade","ats:Rat Pack"],"picked":"ats:Leaping Hammer","floor":8.0},{"not_picked":["ats:Demon Strength","ats:Leaping Hammer"],"picked":"ats:Hammer On","floor":11.0},{"not_picked":["ats:Absolute Focus","ats:Guardian Obelisk"],"picked":"ats:Closed Bolt Burst Fire","floor":12.0},{"not_picked":["ats:Ignite","ats:Very Hot Blade"],"picked":"ats:Guard Mode","floor":13.0},{"not_picked":["ats:Absolute Focus","ats:Composite Medical Shells"],"picked":"ats:Explosion Area Strengthen","floor":14.0},{"not_picked":["ats:Shadow Assault","ats:Wolf Pack"],"picked":"ats:Nebulous Foxfire","floor":16.0},{"not_picked":["ats:LN2 Cannon","ats:Hammer On"],"picked":"ats:Explosion Area Strengthen","floor":18.0},{"not_picked":["ats:Flame Of Heaven","ats:Apocalypse+1"],"picked":"ats:Sashimi Platter+1","floor":23.0},{"not_picked":["ats:Composite Medical Shells","ats:Support Order"],"picked":"ats:Consecutive Shot Auto+1","floor":25.0},{"not_picked":["ats:Curse Doll","ats:Wolf Pack"],"picked":"ats:Spore Proliferation+1","floor":28.0},{"not_picked":["ats:Sword Rain+1","ats:Very Hot Blade+1"],"picked":"ats:Overload","floor":30.0},{"not_picked":["ats:Steam Pump","ats:Ignite+1"],"picked":"ats:Leaping Hammer+1","floor":31.0},{"not_picked":["ats:Wolf Pack","ats:Ambush"],"picked":"ats:Disruption Kick","floor":33},{"not_picked":["ats:Chain Hook","ats:Blood Oath"],"picked":"ats:Guard Mode","floor":35},{"not_picked":["Enlightenment","Impatience"],"picked":"Apotheosis","floor":36},{"not_picked":["ats:Automatic Cover","ats:Hammer On"],"picked":"ats:Leaping Hammer+1","floor":37},{"not_picked":["ats:Leaping Hammer","ats:Guard Mode+1"],"picked":"ats:Hammer On","floor":39},{"not_picked":["ats:Serious Mode","ats:Healing Drone"],"picked":"ats:Sword Rain+1","floor":45}],"player_experience":754273,"relics_obtained":[{"floor":8.0,"key":"ats:Originium"},{"floor":8.0,"key":"Nunchaku"},{"floor":9.0,"key":"MealTicket"},{"floor":23.0,"key":"ats:Originium"},{"floor":23.0,"key":"ats:Lavender"},{"floor":24.0,"key":"Necronomicon"},{"floor":25.0,"key":"ats:Originium"},{"floor":25.0,"key":"ats:Emergency Defibrillator"},{"floor":26.0,"key":"Bag of Marbles"},{"floor":28.0,"key":"ats:Originium"},{"floor":28.0,"key":"SpikesRelics:DaevaFist"},{"floor":37,"key":"WingedGreaves"},{"floor":39,"key":"BlackRope"}],"event_choices":[{"damage_healed":0.0,"max_hp_gain":0.0,"max_hp_loss":0.0,"gold_gain":0.0,"event_name":"Shining Light","player_choice":"Entered Light","floor":3.0,"gold_loss":0.0,"damage_taken":14.0,"cards_upgraded":["ats:Defend","ats:Defend"]},{"damage_healed":0.0,"max_hp_gain":0.0,"max_hp_loss":0.0,"gold_gain":0.0,"event_name":"Match and Keep!","player_choice":"4 cards matched","floor":5.0,"gold_loss":0.0,"damage_taken":0.0,"cards_obtained":["ats:Wolf Pack","ats:Flexible Camouflage","Discovery","Bash"]},{"damage_healed":0.0,"max_hp_gain":0.0,"max_hp_loss":0.0,"gold_gain":0.0,"event_name":"Beggar","player_choice":"Ignored","floor":20.0,"gold_loss":0.0,"damage_taken":0.0},{"damage_healed":0.0,"max_hp_gain":0.0,"max_hp_loss":0.0,"gold_gain":0.0,"event_name":"Vampires","player_choice":"Ignored","floor":21.0,"gold_loss":0.0,"damage_taken":0.0},{"damage_healed":0.0,"max_hp_gain":0.0,"max_hp_loss":0.0,"gold_gain":0.0,"event_name":"Cursed Tome","player_choice":"Obtained Book","floor":24.0,"gold_loss":0.0,"damage_taken":16.0},{"damage_healed":0,"gold_gain":0,"player_choice":"Memory 1","damage_taken":0,"max_hp_gain":0,"max_hp_loss":0,"event_name":"SensoryStone","floor":36,"gold_loss":0},{"damage_healed":0,"gold_gain":0,"player_choice":"Fight","damage_taken":0,"max_hp_gain":0,"max_hp_loss":0,"event_name":"Mysterious Sphere","floor":37,"gold_loss":0},{"cards_removed":["ats:Disruption Kick"],"damage_healed":0,"gold_gain":0,"player_choice":"Removed Attack","damage_taken":0,"max_hp_gain":0,"max_hp_loss":0,"event_name":"Falling","floor":38,"gold_loss":0},{"damage_healed":0,"gold_gain":0,"player_choice":"Fight","damage_taken":0,"max_hp_gain":0,"max_hp_loss":0,"event_name":"MindBloom","floor":39,"gold_loss":0},{"damage_healed":0,"gold_gain":0,"player_choice":"Paid","damage_taken":0,"relics_obtained":["Red Mask"],"max_hp_gain":0,"max_hp_loss":0,"event_name":"Tomb of Lord Red Mask","floor":47,"gold_loss":49}],"is_beta":false,"boss_relics":[{"not_picked":["aspiration:RitualDagger","energizedSpire:CursedPentagram"],"picked":"Cursed Key"},{"not_picked":["SacredBark","aspiration:RunicSpoon"],"picked":"ats:Tactical Delivery"}],"items_purged_floors":[29],"is_endless":false,"potions_floor_spawned":[7,13,16,25,30,31,35],"ascension_level":6}}