{"host":"m4pe905ae9bldoe7","time":1612809730,"event":{"mods":["BaseMod","Bestiary","Block Reminder","Downfall","Minty Spire (QoL Compilation)","StSLib"],"gold_per_floor":[118,118,118,37,51,85,103,103,182,182,204,233,246,279,279,279,279],"floor_reached":16,"language":"ENG","playtime":596,"items_purged":[],"score":294,"play_id":"83b82407-a8bb-407a-8d4d-283c54097889","local_time":"20210208194210","is_ascension_mode":true,"campfire_choices":[{"data":"Body Slam","floor":8,"key":"SMITH"},{"data":"Metallicize","floor":10,"key":"SMITH"},{"data":"Body Slam","floor":15,"key":"SMITH"}],"circlet_count":0,"master_deck":["AscendersBane","Strike_R","Strike_R","Strike_R","Strike_R","Defend_R","Defend_R","Defend_R","Defend_R","Bash","Shrug It Off","Metallicize+1","Body Slam+1","Ghostly Armor","Shrug It Off","Body Slam+1"],"relics":["Burning Blood","NeowsBlessing","Bag of Marbles","Frozen Egg 2","Self Forming Clay","Odd Mushroom","InkBottle","Bottled Flame"],"acts_visited":["Exordium"],"potions_floor_usage":[11,12,16],"damage_taken":[{"damage":0,"enemies":"Jaw Worm","floor":1,"turns":1},{"damage":0,"enemies":"2 Louse","floor":5,"turns":2},{"damage":0,"enemies":"3 Sentries","floor":6,"turns":1},{"damage":5,"enemies":"Small Slimes","floor":7,"turns":6},{"damage":6,"enemies":"The Mushroom Lair","floor":11,"turns":4},{"damage":0,"enemies":"Gremlin Nob","floor":12,"turns":2},{"damage":14,"enemies":"Exordium Thugs","floor":13,"turns":7},{"damage":3,"enemies":"3 Sentries","floor":14,"turns":14},{"damage":71,"enemies":"Slime Boss","floor":16,"turns":17}],"seed_played":"7965523930404564679","potions_obtained":[{"floor":1,"key":"Explosive Potion"},{"floor":5,"key":"Fire Potion"},{"floor":12,"key":"Guardian:BlockOnCardUsePotion"},{"floor":14,"key":"EssenceOfSteel"}],"is_trial":false,"path_per_floor":["M","?","?","$","M","E","M","R","T","R","?","E","M","E","R","B"],"character_chosen":"IRONCLAD","items_purchased":["Metallicize"],"campfire_rested":0,"item_purchase_floors":[4],"current_hp_per_floor":[74,67,62,62,68,74,75,75,75,75,75,75,67,70,70,0,0],"gold":279,"neow_bonus":"THREE_ENEMY_KILL","is_daily":false,"chose_seed":false,"campfire_upgraded":3,"win_rate":0.0,"timestamp":1612809730,"path_taken":["M","?","?","$","M","E","M","R","T","R","?","E","?","E","R","BOSS"],"items_purchased_type":["Card"],"build_version":"2020-12-22","purchased_purges":0,"victory":false,"max_hp_per_floor":[75,75,75,75,75,75,75,75,75,75,75,75,75,75,75,75,75],"card_choices":[{"not_picked":["Shockwave","Dual Wield"],"picked":"Shrug It Off","floor":1},{"not_picked":["Fire Breathing","Whirlwind"],"picked":"Body Slam","floor":5},{"not_picked":["Clothesline","Wild Strike"],"picked":"Ghostly Armor","floor":6},{"not_picked":["Sever Soul","Shockwave"],"picked":"Shrug It Off","floor":7},{"not_picked":["Twin Strike","Power Through"],"picked":"Body Slam","floor":11},{"not_picked":["Perfected Strike","Whirlwind","Infernal Blade"],"picked":"SKIP","floor":12},{"not_picked":["Corruption+1","Perfected Strike","Cleave"],"picked":"SKIP","floor":13},{"not_picked":["Iron Wave","Pummel","Searing Blow"],"picked":"SKIP","floor":14}],"player_experience":537233,"relics_obtained":[{"floor":6,"key":"Frozen Egg 2"},{"floor":9,"key":"Self Forming Clay"},{"floor":11,"key":"Odd Mushroom"},{"floor":12,"key":"InkBottle"},{"floor":14,"key":"Bottled Flame"}],"event_choices":[{"cards_removed":["Strike_R"],"damage_healed":0,"gold_gain":0,"player_choice":"Card Removal","damage_taken":7,"max_hp_gain":0,"max_hp_loss":0,"event_name":"Golden Wing","floor":2,"gold_loss":0},{"damage_healed":0,"gold_gain":0,"player_choice":"Success","damage_taken":5,"relics_obtained":["Bag of Marbles"],"max_hp_gain":0,"max_hp_loss":0,"event_name":"Scrap Ooze","floor":3,"gold_loss":0},{"damage_healed":0,"gold_gain":0,"player_choice":"Fought Mushrooms","damage_taken":0,"max_hp_gain":0,"max_hp_loss":0,"event_name":"Mushrooms","floor":11,"gold_loss":0}],"is_beta":false,"boss_relics":[],"items_purged_floors":[],"is_endless":false,"potions_floor_spawned":[1,5,7,12,14],"killed_by":"Slime Boss","ascension_level":15}}