{"host":"1avr1135to2copjv","time":1612821840,"event":{"mods":["BaseMod","Colored Map","Colored Powertips","Downfall","Minty Spire (QoL Compilation)","Relic Stats","StSLib"],"gold_per_floor":[110,35,46,57,132,132,142,169,169,169,179,209,209,227,227,300,300,315,332,352,387,16,16,16],"floor_reached":23,"language":"ENG","playtime":1161,"items_purged":["downfall:Icky","Strike_G"],"score":396,"play_id":"1b8ffeb9-3fb8-4b60-aeef-4e58439fe1c8","local_time":"20210209010400","is_ascension_mode":true,"campfire_choices":[{"data":"Dagger Throw","floor":6,"key":"SMITH"},{"floor":10,"key":"REST"},{"data":"Noxious Fumes","floor":13,"key":"SMITH"},{"data":"Corpse Explosion","floor":15,"key":"SMITH"}],"circlet_count":0,"master_deck":["AscendersBane","Strike_G","Strike_G","Strike_G","Strike_G","Defend_G","Defend_G","Defend_G","Defend_G","Defend_G","Survivor","Neutralize","Bouncing Flask","Leg Sweep","Crippling Poison","Escape Plan","Corpse Explosion+1","Dagger Throw+1","Skewer","PiercingWail","Bouncing Flask","Noxious Fumes+1","Backflip","Backflip","Prepared+1","Tools of the Trade","PiercingWail"],"relics":["Ring of the Snake","Prayer Wheel","Vajra","Singing Bowl","Bird Faced Urn","Sozu","Red Mask","Frozen Egg 2"],"acts_visited":["Exordium","TheCity"],"potions_floor_usage":[8,12,12,18],"damage_taken":[{"damage":9,"enemies":"Jaw Worm","floor":1,"turns":6},{"damage":0,"enemies":"2 Louse","floor":3,"turns":3},{"damage":1,"enemies":"Small Slimes","floor":4,"turns":5},{"damage":11,"enemies":"Looter","floor":7,"turns":3},{"damage":13,"enemies":"3 Sentries","floor":8,"turns":6},{"damage":8,"enemies":"Large Slime","floor":11,"turns":5},{"damage":9,"enemies":"Lagavulin","floor":12,"turns":7},{"damage":0,"enemies":"Blue Slaver","floor":14,"turns":4},{"damage":13,"enemies":"The Guardian","floor":16,"turns":11},{"damage":5,"enemies":"2 Thieves","floor":18,"turns":3},{"damage":0,"enemies":"Spheric Guardian","floor":19,"turns":3},{"damage":36,"enemies":"Cultist and Chosen","floor":20,"turns":4},{"damage":24,"enemies":"Masked Bandits","floor":21,"turns":3},{"damage":18,"enemies":"Slavers","floor":23,"turns":3}],"seed_played":"7465265838514119589","potions_obtained":[{"floor":3,"key":"Guardian:BlockOnCardUsePotion"},{"floor":8,"key":"Energy Potion"},{"floor":11,"key":"sneckomod:MuddlingPotion"},{"floor":12,"key":"Block Potion"}],"is_trial":false,"path_per_floor":["M","$","M","M","?","R","M","E","T","R","M","E","R","M","R","B",null,"M","M","M","?","$","E"],"character_chosen":"THE_SILENT","items_purchased":["Frozen Egg 2"],"campfire_rested":1,"item_purchase_floors":[22],"current_hp_per_floor":[50,50,50,49,38,38,27,14,14,33,25,18,18,22,22,13,57,54,56,26,8,8,0,0],"gold":16,"neow_bonus":"ONE_RARE_RELIC","is_daily":false,"chose_seed":false,"campfire_upgraded":3,"win_rate":0.0,"timestamp":1612821840,"path_taken":["M","$","M","M","?","R","M","E","T","R","M","E","R","M","R","BOSS","M","M","M","?","$","E"],"items_purchased_type":["Relic"],"build_version":"2020-12-22","purchased_purges":2,"victory":false,"max_hp_per_floor":[66,66,66,66,66,66,66,66,66,66,66,68,68,70,70,72,72,74,76,78,80,80,80,80],"relic_stats":{"Sozu":1,"Singing Bowl":14,"counters":[14,66],"Bird Faced Urn":[14],"Prayer Wheel":9,"obtain_stats":[{"Sozu":17,"Singing Bowl":9,"Bird Faced Urn":12,"Vajra":8,"Prayer Wheel":0,"Red Mask":21,"Frozen Egg 2":22,"Ring of the Snake":0},{"Sozu":9,"Singing Bowl":5,"Bird Faced Urn":7,"Vajra":5,"Prayer Wheel":0,"Red Mask":13,"Frozen Egg 2":13,"Ring of the Snake":0},{"Sozu":50,"Singing Bowl":23,"Bird Faced Urn":35,"Vajra":23,"Prayer Wheel":0,"Red Mask":63,"Frozen Egg 2":63,"Ring of the Snake":0}],"Ring of the Snake":[28]},"card_choices":[{"not_picked":["Bane","Cloak And Dagger"],"picked":"Bouncing Flask","floor":1},{"not_picked":["Deflect","Terror"],"picked":"Leg Sweep","floor":1},{"not_picked":["Dagger Spray","Backflip"],"picked":"Crippling Poison","floor":3},{"not_picked":["Cloak And Dagger","Underhanded Strike"],"picked":"Escape Plan","floor":3},{"not_picked":["Underhanded Strike","Sucker Punch"],"picked":"Corpse Explosion","floor":4},{"not_picked":["Deflect","Dodge and Roll"],"picked":"Dagger Throw","floor":4},{"not_picked":["Sucker Punch","Accuracy"],"picked":"Skewer","floor":7},{"not_picked":["Blade Dance","Cloak And Dagger"],"picked":"PiercingWail","floor":7},{"not_picked":["Outmaneuver","Slice"],"picked":"Bouncing Flask","floor":8},{"not_picked":["Calculated Gamble","Prepared"],"picked":"Noxious Fumes","floor":11},{"not_picked":["Dash","Crippling Poison"],"picked":"Backflip","floor":11},{"not_picked":["Choke","Blade Dance","Backflip"],"picked":"Singing Bowl","floor":12},{"not_picked":["Flechettes","Eviscerate","Prepared"],"picked":"Singing Bowl","floor":14},{"not_picked":["Dagger Throw","Acrobatics"],"picked":"Backflip","floor":14},{"not_picked":["Doppelganger","Grand Finale","Phantasmal Killer"],"picked":"Singing Bowl","floor":16},{"not_picked":["Dagger Throw","Backflip","Flying Knee"],"picked":"Singing Bowl","floor":18},{"not_picked":["Deflect","Sucker Punch"],"picked":"Prepared+1","floor":18},{"not_picked":["Cloak And Dagger+1","Bane","Outmaneuver"],"picked":"Singing Bowl","floor":19},{"not_picked":["Deadly Poison","Setup+1"],"picked":"Tools of the Trade","floor":19},{"not_picked":["Outmaneuver","Expertise"],"picked":"PiercingWail","floor":20},{"not_picked":["Accuracy","Tactician","Finisher"],"picked":"Singing Bowl","floor":20},{"not_picked":["Infinite Blades","Backflip","Cloak And Dagger"],"picked":"Singing Bowl","floor":21}],"player_experience":1074819,"relics_obtained":[{"floor":8,"key":"Vajra"},{"floor":9,"key":"Singing Bowl"},{"floor":12,"key":"Bird Faced Urn"},{"floor":21,"key":"Red Mask"}],"event_choices":[{"damage_healed":0,"gold_gain":75,"player_choice":"Gather Gold","damage_taken":11,"max_hp_gain":0,"max_hp_loss":0,"event_name":"World of Goop","floor":5,"gold_loss":0},{"damage_healed":0,"gold_gain":0,"player_choice":"Fought Bandits","damage_taken":0,"max_hp_gain":0,"max_hp_loss":0,"event_name":"Masked Bandits","floor":21,"gold_loss":0}],"is_beta":false,"boss_relics":[{"not_picked":["Black Star","Astrolabe"],"picked":"Sozu"}],"items_purged_floors":[2,22],"is_endless":false,"potions_floor_spawned":[3,8,11,12,20],"killed_by":"Slavers","ascension_level":19}}