{"host":"dlqyscxstsnu98l1","time":1612758782,"event":{"mods":["AchievementEnabler","BaseMod","Colored Map","Colored Powertips","Downfall","GifTheSpireLib","Highlight Path","Minty Spire (QoL Compilation)","Random Character Button","SacredBarkPlus","StSLib","everything is the same but u backflip on backflip"],"gold_per_floor":[118,193,210,210,175,175,206,206,206,223,223,101,133,145,145,248,248,258,10,109,309,320,320,353,353,377,377,377,4,4,20,20,117,167,185,185,198,208,53,53,53,81,81,96,96,96,96,96,96,19,19,19],"floor_reached":51,"language":"ENG","playtime":2476,"items_purged":["Pain","Strike_B"],"score":744,"play_id":"bd2c8040-7d04-4ac3-a87e-d971123952d5","local_time":"20210207223302","is_ascension_mode":true,"campfire_choices":[{"data":"Darkness","floor":6.0,"key":"SMITH"},{"floor":8.0,"key":"REST"},{"data":"Glacier","floor":15.0,"key":"SMITH"},{"floor":23,"key":"RECALL"},{"floor":25,"key":"REST"},{"floor":27,"key":"REST"},{"floor":32,"key":"REST"},{"floor":40,"key":"REST"},{"floor":45,"key":"REST"},{"floor":49,"key":"REST"}],"circlet_count":0,"master_deck":["Strike_B","Strike_B+1","Strike_B","Defend_B","Defend_B","Defend_B","Defend_B","Zap","Dualcast","Panacea+1","Skim","Darkness+1","Glacier+1","Chill+1","Cold Snap","Leap","Turbo","Sweeping Beam+1","Darkness","Doom and Gloom","Creative AI","Turbo","Conserve Battery","Recycle","Electrodynamics","Self Repair+1","Streamline+1","Coolheaded+1","Auto Shields+1","Apotheosis","Defragment+1","Self Repair+1","Biased Cognition"],"relics":["Cracked Core","Art of War","Sundial","WarpedTongs","PreservedInsect","Fusion Hammer","Bronze Scales","Dead Branch","Lantern","Vajra","Strawberry","Tiny House","Anchor","Bag of Marbles"],"acts_visited":["Exordium","TheCity","TheBeyond","TheEnding"],"potions_floor_usage":[42,47,47,47],"damage_taken":[{"damage":0.0,"enemies":"Cultist","floor":1.0,"turns":3.0},{"damage":10.0,"enemies":"2 Louse","floor":3.0,"turns":2.0},{"damage":28.0,"enemies":"Gremlin Nob","floor":7.0,"turns":4.0},{"damage":6.0,"enemies":"Small Slimes","floor":10.0,"turns":3.0},{"damage":4.0,"enemies":"Lagavulin","floor":13.0,"turns":5.0},{"damage":0.0,"enemies":"Gremlin Gang","floor":14.0,"turns":4.0},{"damage":22.0,"enemies":"The Guardian","floor":16.0,"turns":11.0},{"damage":9,"enemies":"3 Byrds","floor":18,"turns":5},{"damage":10,"enemies":"Chosen","floor":22,"turns":4},{"damage":31,"enemies":"Slavers","floor":24,"turns":4},{"damage":3,"enemies":"Centurion and Healer","floor":31,"turns":5},{"damage":25,"enemies":"Collector","floor":33,"turns":10},{"damage":8,"enemies":"Orb Walker","floor":35,"turns":4},{"damage":0,"enemies":"3 Darklings","floor":37,"turns":5},{"damage":0,"enemies":"4 Shapes","floor":38,"turns":2},{"damage":24,"enemies":"Reptomancer","floor":42,"turns":5},{"damage":27,"enemies":"Transient","floor":44,"turns":5},{"damage":55,"enemies":"Awakened One","floor":47,"turns":13},{"damage":89,"enemies":"Shield and Spear","floor":51,"turns":5}],"seed_played":"-1857694543505399506","potions_obtained":[{"floor":3.0,"key":"bronze:BurnAndBuffPotion"},{"floor":7.0,"key":"Fire Potion"},{"floor":14.0,"key":"FairyPotion"},{"floor":22,"key":"Energy Potion"},{"floor":34,"key":"LiquidBronze"},{"floor":38,"key":"Block Potion"},{"floor":44,"key":"DistilledChaos"}],"is_trial":false,"path_per_floor":["M","?","M","?","?","R","E","R","T","M","?","$","E","M","R","B",null,"M","$","?","?","M","R","E","R","T","R","?","$","?","M","R","B",null,"M","?","M","M","$","R","?","E","T","M","R","?","B",null,"R","$","E"],"character_chosen":"DEFECT","items_purchased":["Cold Snap","Bronze Scales","Vajra","Creative AI","Turbo","Conserve Battery","Anchor","Biased Cognition"],"campfire_rested":7,"item_purchase_floors":[12,19,29,29,29,29,39,50],"current_hp_per_floor":[75,64,54,39,57,57,29,51,51,45,45,45,41,41,41,19,75,66,66,66,66,56,56,25,47,47,69,69,69,76,73,82,57,87,79,79,87,87,87,87,87,73,73,46,72,72,27,87,87,87,0,0],"gold":19,"neow_bonus":"RANDOM_COLORLESS","is_daily":false,"chose_seed":false,"campfire_upgraded":2,"win_rate":0.0,"timestamp":1612758782,"path_taken":["M","?","M","?","?","R","E","R","T","M","?","$","E","?","R","BOSS","M","$","?","?","?","R","E","R","T","R","?","$","?","M","R","BOSS","M","?","M","M","$","R","?","E","T","M","R","?","BOSS","R","$","E"],"items_purchased_type":["Card","Relic","Relic","Card","Card","Card","Relic","Card"],"build_version":"2020-12-22","purchased_purges":2,"victory":false,"max_hp_per_floor":[75,75,75,75,75,75,75,75,75,75,75,75,75,75,75,75,75,75,75,75,75,75,75,75,75,75,75,75,75,82,82,82,82,87,87,87,87,87,87,87,87,87,87,87,87,87,87,87,87,87,87,87],"card_choices":[{"not_picked":["Finesse","Dark Shackles"],"picked":"Panacea","floor":0.0},{"not_picked":["Go for the Eyes","Hologram"],"picked":"Skim","floor":1.0},{"not_picked":["Double Energy","Turbo"],"picked":"Darkness","floor":3.0},{"not_picked":["Stack","Rebound"],"picked":"Glacier","floor":7.0},{"not_picked":["Steam","Beam Cell"],"picked":"Chill","floor":10.0},{"not_picked":["Compile Driver","Rebound"],"picked":"Leap","floor":13.0},{"not_picked":["Gash","Multi-Cast"],"picked":"Turbo","floor":14.0},{"not_picked":["Amplify","Core Surge"],"picked":"Seek","floor":16.0},{"not_picked":["Coolheaded","BootSequence+1"],"picked":"Sweeping Beam+1","floor":18},{"not_picked":["Compile Driver+1","Coolheaded"],"picked":"Darkness","floor":22},{"not_picked":["Buffer","Streamline"],"picked":"Doom and Gloom","floor":24},{"not_picked":["Aggregate","Sweeping Beam+1"],"picked":"Recycle","floor":31},{"not_picked":["Meteor Strike","Rainbow"],"picked":"Electrodynamics","floor":33},{"not_picked":["Double Energy","Ball Lightning"],"picked":"Self Repair+1","floor":34},{"not_picked":["Turbo","Go for the Eyes"],"picked":"Streamline+1","floor":35},{"not_picked":["Hyperbeam","Barrage+1"],"picked":"Coolheaded+1","floor":37},{"not_picked":["Streamline+1","Turbo"],"picked":"Auto Shields+1","floor":38},{"not_picked":["Purity","Secret Technique"],"picked":"Apotheosis","floor":41},{"not_picked":["Fusion+1","Leap+1"],"picked":"Defragment+1","floor":42},{"not_picked":["Sweeping Beam+1","Go for the Eyes+1"],"picked":"Self Repair+1","floor":44}],"player_experience":156769,"relics_obtained":[{"floor":7.0,"key":"Art of War"},{"floor":9.0,"key":"Sundial"},{"floor":13.0,"key":"PreservedInsect"},{"floor":24,"key":"Dead Branch"},{"floor":26,"key":"Lantern"},{"floor":42,"key":"Bag of Marbles"}],"event_choices":[{"damage_healed":0.0,"max_hp_gain":0.0,"max_hp_loss":0.0,"gold_gain":75.0,"event_name":"World of Goop","player_choice":"Gather Gold","floor":2.0,"gold_loss":0.0,"damage_taken":11.0},{"damage_healed":0.0,"max_hp_gain":0.0,"max_hp_loss":0.0,"gold_gain":0.0,"event_name":"Shining Light","player_choice":"Entered Light","floor":4.0,"gold_loss":0.0,"damage_taken":15.0,"cards_upgraded":["Strike_B","Panacea"]},{"damage_healed":18.0,"max_hp_gain":0.0,"max_hp_loss":0.0,"gold_gain":0.0,"event_name":"The Cleric","player_choice":"Healed","floor":5.0,"gold_loss":35.0,"damage_taken":0.0},{"damage_healed":0.0,"max_hp_gain":0.0,"max_hp_loss":0.0,"gold_gain":0.0,"event_name":"Accursed Blacksmith","player_choice":"Rummage","floor":11.0,"gold_loss":0.0,"damage_taken":0.0,"relics_obtained":["WarpedTongs"],"cards_obtained":["Pain"]},{"damage_healed":0,"gold_gain":99,"player_choice":"Stole From Cult","damage_taken":0,"max_hp_gain":0,"max_hp_loss":0,"event_name":"Nest","floor":20,"gold_loss":0},{"damage_healed":0,"gold_gain":250,"player_choice":"Bet on Owner","damage_taken":0,"max_hp_gain":0,"max_hp_loss":0,"event_name":"The Joust","floor":21,"gold_loss":50},{"damage_healed":0,"gold_gain":0,"player_choice":"Gave Potion","damage_taken":0,"relics_obtained":["Strawberry"],"max_hp_gain":0,"max_hp_loss":0,"event_name":"WeMeetAgain","floor":30,"gold_loss":0},{"cards_removed":["Seek"],"damage_healed":0,"gold_gain":0,"player_choice":"Removed Skill","damage_taken":0,"max_hp_gain":0,"max_hp_loss":0,"event_name":"Falling","floor":36,"gold_loss":0},{"damage_healed":0,"gold_gain":0,"player_choice":"Memory 1","damage_taken":0,"max_hp_gain":0,"max_hp_loss":0,"event_name":"SensoryStone","floor":41,"gold_loss":0},{"damage_healed":0,"gold_gain":0,"player_choice":"Took Portal","damage_taken":0,"max_hp_gain":0,"max_hp_loss":0,"event_name":"SecretPortal","floor":46,"gold_loss":0}],"is_beta":false,"boss_relics":[{"not_picked":["FrozenCore","SlaversCollar"],"picked":"Fusion Hammer"},{"not_picked":["Pandora\u0027s Box","Runic Pyramid"],"picked":"Tiny House"}],"items_purged_floors":[12,19],"is_endless":false,"potions_floor_spawned":[3,7,14,22,38,44],"killed_by":"Shield and Spear","ascension_level":3}}