{"host":"665g8wmplxs7g59h","time":1612794989,"event":{"mods":["AchievementEnabler","BaseMod","Colored Map","DeckTracker","Minty Spire (QoL Compilation)","Permanent Neow","SuperFastMode"],"gold_per_floor":[117,192,208,208,57,57,89,100,100,131,131,149,149,49,49,150,150,166,41,59,59,59],"floor_reached":21,"language":"KOR","playtime":832,"items_purged":["Defend_G","Strike_G","Accuracy+1"],"score":187,"play_id":"56a0d873-24c8-45a2-9eeb-c5c63129c130","local_time":"20210208233629","is_ascension_mode":false,"campfire_choices":[{"data":"Catalyst","floor":6,"key":"SMITH"},{"floor":15,"key":"RECALL"}],"circlet_count":0,"master_deck":["Defend_G","Defend_G","Defend_G","Survivor","Neutralize","Backflip","Backstab","Deadly Poison","Catalyst+1","Well Laid Plans","Footwork","Parasite","Night Terror","Terror+1","Bouncing Flask+1","Backflip+1"],"relics":["Ring of the Snake","HornCleat","Lizard Tail","Astrolabe"],"acts_visited":["Exordium","TheCity"],"potions_floor_usage":[16,16,21],"damage_taken":[{"damage":4,"enemies":"Jaw Worm","floor":1,"turns":6},{"damage":3,"enemies":"2 Louse","floor":3,"turns":2},{"damage":10,"enemies":"Gremlin Nob","floor":7,"turns":4},{"damage":0,"enemies":"Cultist","floor":8,"turns":3},{"damage":13,"enemies":"Lagavulin","floor":10,"turns":6},{"damage":0,"enemies":"2 Fungi Beasts","floor":12,"turns":3},{"damage":83,"enemies":"Slime Boss","floor":16,"turns":17},{"damage":16,"enemies":"3 Byrds","floor":18,"turns":5},{"damage":1,"enemies":"Shell Parasite","floor":20,"turns":4},{"damage":59,"enemies":"3 Cultists","floor":21,"turns":6}],"seed_played":"3316038579934413530","potions_obtained":[{"floor":8,"key":"SkillPotion"},{"floor":10,"key":"SkillPotion"},{"floor":16,"key":"CultistPotion"},{"floor":18,"key":"Energy Potion"}],"is_trial":false,"path_per_floor":["M","?","M","?","$","R","E","M","T","E","?","M","?","$","R","B",null,"M","$","M","M"],"character_chosen":"THE_SILENT","items_purchased":["Catalyst"],"campfire_rested":0,"item_purchase_floors":[5],"current_hp_per_floor":[66,55,52,52,52,52,42,42,42,29,46,46,46,46,46,5,70,54,54,53,0,0],"gold":59,"neow_bonus":"THREE_CARDS","is_daily":false,"chose_seed":false,"campfire_upgraded":1,"win_rate":0.0,"timestamp":1612794989,"path_taken":["M","?","M","?","$","R","E","M","T","E","?","M","?","$","R","BOSS","M","$","M","M"],"items_purchased_type":["Card"],"build_version":"2020-12-22","purchased_purges":3,"victory":false,"max_hp_per_floor":[70,70,70,70,70,70,70,70,70,70,70,70,70,70,70,70,70,70,70,70,70,70],"card_choices":[{"not_picked":["Dagger Spray","Slice"],"picked":"Backflip","floor":0},{"not_picked":["Poisoned Stab","Riddle With Holes"],"picked":"Backstab","floor":1},{"not_picked":["Quick Slash","Deflect"],"picked":"Deadly Poison","floor":3},{"not_picked":["Sucker Punch","Heel Hook","Slice"],"picked":"SKIP","floor":7},{"not_picked":["Deflect","Flying Knee"],"picked":"Well Laid Plans","floor":8},{"not_picked":["Sucker Punch","Slice"],"picked":"Footwork","floor":10},{"not_picked":["Endless Agony","Malaise","Blade Dance"],"picked":"SKIP","floor":12},{"not_picked":["Quick Slash","Blade Dance"],"picked":"Backflip+1","floor":18},{"not_picked":["Dagger Spray","Terror","Dagger Throw+1"],"picked":"SKIP","floor":20}],"player_experience":64417,"relics_obtained":[{"floor":7,"key":"HornCleat"},{"floor":10,"key":"Lizard Tail"}],"event_choices":[{"damage_healed":0,"gold_gain":75,"player_choice":"Gather Gold","damage_taken":11,"max_hp_gain":0,"max_hp_loss":0,"event_name":"World of Goop","floor":2,"gold_loss":0},{"cards_removed":["Strike_G"],"damage_healed":0,"gold_gain":0,"player_choice":"Forget","damage_taken":0,"max_hp_gain":0,"max_hp_loss":0,"event_name":"Living Wall","floor":4,"gold_loss":0},{"damage_healed":17,"gold_gain":0,"player_choice":"Healed and dodged fight","damage_taken":0,"max_hp_gain":0,"max_hp_loss":0,"event_name":"Mushrooms","floor":11,"gold_loss":0,"cards_obtained":["Parasite"]},{"damage_healed":0,"gold_gain":0,"cards_transformed":["Defend_G"],"player_choice":"Transformed","damage_taken":0,"max_hp_gain":0,"max_hp_loss":0,"event_name":"Transmorgrifier","floor":13,"gold_loss":0,"cards_obtained":["Night Terror"]}],"is_beta":false,"boss_relics":[{"not_picked":["Runic Pyramid","Cursed Key"],"picked":"Astrolabe"}],"items_purged_floors":[5,14,19],"is_endless":false,"potions_floor_spawned":[8,10,16,18],"killed_by":"3 Cultists","ascension_level":0}}