{"host":"ibckqdmmf9y74ymf","time":1612814658,"event":{"mods":["2.2 Compatiblity","BaseMod","Colored Map","Curses Come First","Highlight Path","Minty Spire (QoL Compilation)","Quick Restart","Rare Cards Sparkle","Relic Stats","StSLib"],"gold_per_floor":[109,122,122,122,122,122,147,147,147,177,196,212,13,29,29,103,103,103,103],"floor_reached":18,"language":"ENG","playtime":459,"items_purged":["Strike_R"],"score":390,"play_id":"60f9c730-0ce2-4c41-8aeb-66211251951e","local_time":"20210208210418","is_ascension_mode":true,"campfire_choices":[{"data":"Armaments","floor":6,"key":"SMITH"},{"data":"Iron Wave","floor":8,"key":"SMITH"},{"data":"Battle Trance","floor":15,"key":"SMITH"}],"circlet_count":0,"master_deck":["AscendersBane","Strike_R","Strike_R","Defend_R","Defend_R","Defend_R","Defend_R","Bash+1","Iron Wave+1","Armaments+1","Bloodletting","Limit Break","Anger","Battle Trance+1","Feed"],"relics":["Burning Blood","NeowsBlessing","Pen Nib","Pear","Red Skull","Membership Card","Runic Cube"],"acts_visited":["Exordium","TheCity"],"potions_floor_usage":[12,16],"damage_taken":[{"damage":0,"enemies":"Cultist","floor":1,"turns":1},{"damage":0,"enemies":"2 Louse","floor":2,"turns":1},{"damage":0,"enemies":"3 Sentries","floor":7,"turns":1},{"damage":27,"enemies":"Lagavulin","floor":10,"turns":8},{"damage":9,"enemies":"Jaw Worm","floor":11,"turns":4},{"damage":2,"enemies":"Red Slaver","floor":12,"turns":3},{"damage":3,"enemies":"Exordium Thugs","floor":14,"turns":4},{"damage":55,"enemies":"Slime Boss","floor":16,"turns":10},{"damage":0,"enemies":"3 Byrds","floor":18,"turns":1}],"seed_played":"7193483571355099243","potions_obtained":[{"floor":1,"key":"BloodPotion"},{"floor":10,"key":"Explosive Potion"},{"floor":12,"key":"Swift Potion"},{"floor":16,"key":"BlessingOfTheForge"}],"is_trial":false,"path_per_floor":["M","M","?","?","?","R","E","R","T","E","M","M","$","M","R","B",null,"M"],"character_chosen":"IRONCLAD","items_purchased":["Membership Card"],"campfire_rested":0,"item_purchase_floors":[13],"current_hp_per_floor":[74,75,75,68,68,68,74,74,84,63,60,64,64,67,67,18,68,68,68],"gold":103,"neow_bonus":"THREE_ENEMY_KILL","is_daily":false,"chose_seed":false,"campfire_upgraded":3,"win_rate":0.0,"timestamp":1612814658,"path_taken":["M","M","?","?","?","R","E","R","T","E","?","M","$","M","R","BOSS","M"],"items_purchased_type":["Relic"],"build_version":"2020-12-22","purchased_purges":1,"victory":false,"max_hp_per_floor":[75,75,75,75,75,75,75,75,85,85,85,85,85,85,85,85,85,85,85],"relic_stats":{"counters":[9,33],"Pen Nib":[4],"obtain_stats":[{"Pear":9,"NeowsBlessing":0,"Pen Nib":7,"Membership Card":13,"Burning Blood":0,"Red Skull":10,"Runic Cube":17},{"Pear":3,"NeowsBlessing":0,"Pen Nib":3,"Membership Card":6,"Burning Blood":0,"Red Skull":4,"Runic Cube":8},{"Pear":3,"NeowsBlessing":0,"Pen Nib":3,"Membership Card":18,"Burning Blood":0,"Red Skull":11,"Runic Cube":32}],"Burning Blood":43,"Runic Cube":[0]},"card_choices":[{"not_picked":["Reckless Charge","Sever Soul"],"picked":"Iron Wave","floor":1},{"not_picked":["Flex","Infernal Blade"],"picked":"Armaments","floor":2},{"not_picked":["Armaments","Thunderclap","Seeing Red"],"picked":"SKIP","floor":7},{"not_picked":["Seeing Red","Headbutt"],"picked":"Limit Break","floor":10},{"not_picked":["Pommel Strike","True Grit"],"picked":"Anger","floor":11},{"not_picked":["Fire Breathing","Thunderclap"],"picked":"Battle Trance","floor":12},{"not_picked":["Clash","Body Slam","Cleave"],"picked":"SKIP","floor":14},{"not_picked":["Barricade","Offering"],"picked":"Feed","floor":16}],"player_experience":691151,"relics_obtained":[{"floor":7,"key":"Pen Nib"},{"floor":9,"key":"Pear"},{"floor":10,"key":"Red Skull"}],"event_choices":[{"damage_healed":0,"gold_gain":0,"player_choice":"Grow","damage_taken":0,"max_hp_gain":0,"max_hp_loss":0,"event_name":"Living Wall","floor":3,"gold_loss":0,"cards_upgraded":["Bash"]},{"cards_removed":["Strike_R"],"damage_healed":0,"gold_gain":0,"player_choice":"Card Removal","damage_taken":7,"max_hp_gain":0,"max_hp_loss":0,"event_name":"Golden Wing","floor":4,"gold_loss":0},{"damage_healed":0,"gold_gain":0,"cards_transformed":["Strike_R"],"player_choice":"Transformed","damage_taken":0,"max_hp_gain":0,"max_hp_loss":0,"event_name":"Transmorgrifier","floor":5,"gold_loss":0,"cards_obtained":["Bloodletting"]}],"is_beta":false,"boss_relics":[{"not_picked":["Calling Bell","Tiny House"],"picked":"Runic Cube"}],"items_purged_floors":[13],"is_endless":false,"potions_floor_spawned":[1,10,12,16],"killed_by":"3 Byrds","ascension_level":20}}