{"host":"if46sxignvy4ka0k","time":1612755150,"event":{"mods":["BaseMod","Minty Spire (QoL Compilation)","StSLib","The Cursed"],"gold_per_floor":[116,128,128,147,147,147,191,191,191,234,258,258,276,299,299,425,425,449,468,24,42,42,42,80,101,128,147,182,182,197,218,218,342,342,360,385,385,406,419,419,459,482,564,577,577,577,596,634,634,634,634,634,10,50,50,50],"floor_reached":55,"language":"ENG","playtime":4659,"items_purged":[],"score":835,"play_id":"e0c14f44-a751-4ab0-97ff-86b1113c4617","local_time":"20210207213230","is_ascension_mode":false,"campfire_choices":[{"data":"TheCursedMod:CursedBlade","floor":6,"key":"SMITH"},{"floor":8,"key":"REST"},{"floor":15,"key":"REST"},{"data":"TheCursedMod:NeowsMight","floor":23,"key":"SMITH"},{"floor":32,"key":"RECALL"},{"floor":40,"key":"REST"},{"data":"TheCursedMod:VoidForm","floor":46,"key":"SMITH"},{"floor":49,"key":"REST"},{"data":"TheCursedMod:LuckyCharm","floor":52,"key":"SMITH"}],"circlet_count":0,"master_deck":["TheCursedMod:CursedWand+1","TheCursedMod:CleanUpWorkshop","TheCursedMod:Dregs","TheCursedMod:CursedBlade+1","TheCursedMod:SpitefulStrike+1","TheCursedMod:WearCloak","Injury","TheCursedMod:VoidForm+1","TheCursedMod:CursedBlade+1","TheCursedMod:Obscuration","TheCursedMod:SoulReap+1","TheCursedMod:HellfireBreathing","TheCursedMod:DemonSword+1","TheCursedMod:SoulReap+1","TheCursedMod:PrepareRite","TheCursedMod:NeowsMight+1","TheCursedMod:Grudge","TheCursedMod:VitalStrike+1","TheCursedMod:CircleOfAmplification","TheCursedMod:Evocation","TheCursedMod:Torture","TheCursedMod:RapidMovement","TheCursedMod:CircleOfFlame","TheCursedMod:SpitefulPlan","TheCursedMod:Hemoplague","TheCursedMod:HellfireBreathing","TheCursedMod:LuckyCharm+1","TheCursedMod:Hemoplague","TheCursedMod:Stigma+1","TheCursedMod:DemonSword+1","TheCursedMod:Wield+1","TheCursedMod:BlessingInDisguise","Bite+1","Bite+1","Bite+1","Bite+1","Bite+1","TheCursedMod:Stretching+1","TheCursedMod:WearCloak+1","TheCursedMod:UltimatePain","TheCursedMod:SpitefulPlan","TheCursedMod:SurpriseAttack+1","Writhe","TheCursedMod:LuckyCharm","TheCursedMod:CircleOfFlame+1","TheCursedMod:WearCloak+1","TheCursedMod:TroublousMinions+1","Regret","TheCursedMod:CircleOfFocus+1","TheCursedMod:AbyssShockwave+1","TheCursedMod:BlessingInDisguise","TheCursedMod:CircleOfWindfury","TheCursedMod:EmpowerCircles+1"],"relics":["TheCursedMod:BlackMagic101","NeowsBlessing","Golden Idol","The Courier","Molten Egg 2","Orichalcum","WarpedTongs","Pandora\u0027s Box","ClockworkSouvenir","Meat on the Bone","Whetstone","Anchor","Dead Branch","Cursed Key","Gambling Chip","Strawberry","Oddly Smooth Stone","Lantern","Vajra","Sundial"],"acts_visited":["Exordium","TheCity","TheBeyond","TheEnding"],"potions_floor_usage":[7,14,16,21,24,28,28,38,39,47,50,55,55,55],"damage_taken":[{"damage":0,"enemies":"Small Slimes","floor":1,"turns":1},{"damage":0,"enemies":"Jaw Worm","floor":2,"turns":1},{"damage":0,"enemies":"Cultist","floor":4,"turns":1},{"damage":37,"enemies":"Lagavulin","floor":7,"turns":6},{"damage":28,"enemies":"3 Sentries","floor":10,"turns":7},{"damage":9,"enemies":"2 Fungi Beasts","floor":11,"turns":2},{"damage":1,"enemies":"3 Louse","floor":13,"turns":3},{"damage":1,"enemies":"Exordium Wildlife","floor":14,"turns":3},{"damage":24,"enemies":"The Guardian","floor":16,"turns":6},{"damage":19,"enemies":"2 Thieves","floor":18,"turns":2},{"damage":13,"enemies":"Shell Parasite","floor":19,"turns":4},{"damage":13,"enemies":"Cultist and Chosen","floor":21,"turns":5},{"damage":47,"enemies":"Gremlin Leader","floor":24,"turns":5},{"damage":6,"enemies":"Centurion and Healer","floor":25,"turns":5},{"damage":17,"enemies":"Sentry and Sphere","floor":27,"turns":4},{"damage":32,"enemies":"Slavers","floor":28,"turns":4},{"damage":14,"enemies":"Chosen and Byrds","floor":30,"turns":5},{"damage":0,"enemies":"Snecko","floor":31,"turns":4},{"damage":28,"enemies":"Champ","floor":33,"turns":10},{"damage":27,"enemies":"3 Darklings","floor":35,"turns":3},{"damage":0,"enemies":"Orb Walker","floor":36,"turns":3},{"damage":24,"enemies":"3 Darklings","floor":38,"turns":3},{"damage":21,"enemies":"Maw","floor":39,"turns":6},{"damage":3,"enemies":"Nemesis","floor":41,"turns":7},{"damage":30,"enemies":"Sphere and 2 Shapes","floor":42,"turns":5},{"damage":18,"enemies":"Jaw Worm Horde","floor":44,"turns":4},{"damage":15,"enemies":"Writhing Mass","floor":47,"turns":5},{"damage":34,"enemies":"Giant Head","floor":48,"turns":8},{"damage":15,"enemies":"Time Eater","floor":50,"turns":8},{"damage":51,"enemies":"Shield and Spear","floor":54,"turns":6},{"damage":68,"enemies":"The Heart","floor":55,"turns":6}],"seed_played":"8937356112509131843","potions_obtained":[{"floor":2,"key":"ColorlessPotion"},{"floor":10,"key":"PowerPotion"},{"floor":11,"key":"Explosive Potion"},{"floor":13,"key":"Fire Potion"},{"floor":18,"key":"ColorlessPotion"},{"floor":24,"key":"Weak Potion"},{"floor":27,"key":"ColorlessPotion"},{"floor":28,"key":"SpeedPotion"},{"floor":36,"key":"Explosive Potion"},{"floor":38,"key":"AttackPotion"},{"floor":41,"key":"LiquidBronze"},{"floor":42,"key":"LiquidMemories"},{"floor":44,"key":"AttackPotion"},{"floor":54,"key":"SkillPotion"}],"is_trial":false,"path_per_floor":["M","M","?","M","?","R","E","R","T","E","M","?","M","M","R","B",null,"M","M","$","M","?","R","E","M","T","M","E","?","M","M","R","B",null,"M","M","?","M","M","R","E","M","T","M","?","R","M","E","R","B",null,"R","$","E","B"],"character_chosen":"THE_CURSED","items_purchased":["TheCursedMod:SpitefulPlan","TheCursedMod:Hemoplague","ClockworkSouvenir","TheCursedMod:HellfireBreathing","TheCursedMod:LuckyCharm","TheCursedMod:Hemoplague","Strawberry","TheCursedMod:CircleOfWindfury","Oddly Smooth Stone","Lantern","Vajra","CultistPotion"],"campfire_rested":4,"item_purchase_floors":[20,20,20,20,20,20,53,53,53,53,53,53],"current_hp_per_floor":[75,75,60,60,60,60,23,45,45,17,8,8,7,13,35,56,75,56,61,61,60,60,60,36,46,46,48,35,35,30,50,50,48,52,28,31,31,22,31,46,52,45,45,34,34,34,39,33,48,39,52,52,59,29,0,0],"gold":50,"neow_bonus":"THREE_ENEMY_KILL","is_daily":false,"chose_seed":false,"campfire_upgraded":4,"win_rate":0.0,"timestamp":1612755150,"path_taken":["M","M","?","M","?","R","E","R","T","E","M","?","M","?","R","BOSS","M","M","$","M","?","R","E","M","T","M","E","?","?","M","R","BOSS","M","M","?","?","M","R","E","M","T","M","?","R","M","E","R","BOSS","R","$","E","BOSS"],"items_purchased_type":["Card","Card","Relic","Card","Card","Card","Relic","Card","Relic","Relic","Relic","Potion"],"build_version":"2020-12-22","purchased_purges":0,"victory":false,"max_hp_per_floor":[75,75,75,75,75,75,75,75,75,75,75,75,75,75,75,75,75,75,75,75,75,75,75,75,75,75,75,75,52,52,52,52,52,52,52,52,52,52,52,52,52,52,52,52,52,52,52,52,52,52,52,52,59,59,59,59],"card_choices":[{"not_picked":["TheCursedMod:CircleOfAmplification","TheCursedMod:CursedMace"],"picked":"TheCursedMod:CursedBlade","floor":1},{"not_picked":["TheCursedMod:CursedShiv","TheCursedMod:PrepareRite"],"picked":"TheCursedMod:SpitefulStrike","floor":2},{"not_picked":["TheCursedMod:ParallelWorld","TheCursedMod:Obscuration"],"picked":"TheCursedMod:WearCloak","floor":4},{"not_picked":["TheCursedMod:CursedAmulet","TheCursedMod:HellsGateOpen"],"picked":"TheCursedMod:VoidForm","floor":7},{"not_picked":["TheCursedMod:SmokeScreen","TheCursedMod:BloodBarrier"],"picked":"TheCursedMod:CursedBlade+1","floor":10},{"not_picked":["TheCursedMod:ReleasedStrength","TheCursedMod:VitalStrike+1"],"picked":"TheCursedMod:Obscuration","floor":11},{"not_picked":["TheCursedMod:EmpowerCircles","TheCursedMod:AbyssShockwave+1"],"picked":"TheCursedMod:SoulReap+1","floor":13},{"not_picked":["TheCursedMod:VitalStrike+1","TheCursedMod:FleshFromBone"],"picked":"TheCursedMod:HellfireBreathing","floor":14},{"not_picked":["TheCursedMod:CollectTribute","TheCursedMod:ManaCirculation"],"picked":"TheCursedMod:DemonSword+1","floor":16},{"not_picked":["TheCursedMod:CircleOfBlood","TheCursedMod:CursedShiv+1"],"picked":"TheCursedMod:RapidMovement","floor":18},{"not_picked":["TheCursedMod:CircleOfBlood+1","TheCursedMod:SmokeScreen"],"picked":"TheCursedMod:CircleOfFlame","floor":19},{"not_picked":["TheCursedMod:ReleasedKnowledge","TheCursedMod:CursedMace+1"],"picked":"TheCursedMod:SpitefulStrike+1","floor":21},{"not_picked":["TheCursedMod:Obscuration","TheCursedMod:RavingStaff+1"],"picked":"TheCursedMod:Stigma+1","floor":24},{"not_picked":["TheCursedMod:Torture","TheCursedMod:Wield+1"],"picked":"TheCursedMod:DemonSword+1","floor":25},{"not_picked":["TheCursedMod:Mangle+1","TheCursedMod:SoulCrush+1"],"picked":"TheCursedMod:Wield+1","floor":27},{"not_picked":["TheCursedMod:SmokeScreen+1","TheCursedMod:FuryStrike+1"],"picked":"TheCursedMod:BlessingInDisguise","floor":28},{"not_picked":["TheCursedMod:CursedAmulet","TheCursedMod:CursedBoomerang+1"],"picked":"TheCursedMod:Stretching+1","floor":30},{"not_picked":["TheCursedMod:Stigma+1","TheCursedMod:Grudge"],"picked":"TheCursedMod:WearCloak+1","floor":31},{"not_picked":["TheCursedMod:OutForBlood","TheCursedMod:AntiAging"],"picked":"TheCursedMod:UltimatePain","floor":33},{"not_picked":["TheCursedMod:RavingStaff+1","TheCursedMod:PrepareRite"],"picked":"TheCursedMod:SpitefulPlan","floor":35},{"not_picked":["TheCursedMod:Stigma+1","TheCursedMod:WearCloak"],"picked":"TheCursedMod:SurpriseAttack+1","floor":36},{"not_picked":["TheCursedMod:CircleOfFlame+1","TheCursedMod:SmokeScreen+1"],"picked":"TheCursedMod:LuckyCharm","floor":38},{"not_picked":["TheCursedMod:SurpriseAttack+1","TheCursedMod:Torture"],"picked":"TheCursedMod:CircleOfFlame+1","floor":39},{"not_picked":["TheCursedMod:SpitefulStrike+1","TheCursedMod:VitalStrike+1"],"picked":"TheCursedMod:WearCloak+1","floor":41},{"not_picked":["TheCursedMod:CursedBoomerang+1","TheCursedMod:CursedShiv+1"],"picked":"TheCursedMod:TroublousMinions+1","floor":42},{"not_picked":["TheCursedMod:Stretching+1","TheCursedMod:FuryStrike+1"],"picked":"TheCursedMod:CircleOfFocus+1","floor":44},{"not_picked":["TheCursedMod:ReleasedKnowledge","TheCursedMod:DoubleShield+1"],"picked":"TheCursedMod:AbyssShockwave+1","floor":47},{"not_picked":["TheCursedMod:CursedBlade+1","TheCursedMod:SpitefulStrike+1"],"picked":"TheCursedMod:BlessingInDisguise","floor":48},{"not_picked":["TheCursedMod:CursedAmulet","TheCursedMod:ReleasedKnowledge"],"picked":"TheCursedMod:EmpowerCircles+1","floor":54}],"player_experience":2133687,"relics_obtained":[{"floor":7,"key":"The Courier"},{"floor":9,"key":"Molten Egg 2"},{"floor":10,"key":"Orichalcum"},{"floor":24,"key":"Whetstone"},{"floor":26,"key":"Anchor"},{"floor":28,"key":"Dead Branch"},{"floor":48,"key":"Gambling Chip"},{"floor":54,"key":"Sundial"}],"event_choices":[{"damage_healed":0,"gold_gain":0,"player_choice":"Entered Light","damage_taken":15,"max_hp_gain":0,"max_hp_loss":0,"event_name":"Shining Light","floor":3,"gold_loss":0,"cards_upgraded":["TheCursedMod:Strike_TheCursed","TheCursedMod:Defend_TheCursed"]},{"damage_healed":0,"gold_gain":0,"player_choice":"Take Wound","damage_taken":0,"relics_obtained":["Golden Idol"],"max_hp_gain":0,"max_hp_loss":0,"event_name":"Golden Idol","floor":5,"gold_loss":0,"cards_obtained":["Injury"]},{"damage_healed":0,"gold_gain":0,"player_choice":"Rummage","damage_taken":0,"relics_obtained":["WarpedTongs"],"max_hp_gain":0,"max_hp_loss":0,"event_name":"Accursed Blacksmith","floor":12,"gold_loss":0,"cards_obtained":["Pain"]},{"damage_healed":0,"gold_gain":0,"player_choice":"Opened","damage_taken":0,"relics_obtained":["Meat on the Bone"],"max_hp_gain":0,"max_hp_loss":0,"event_name":"The Mausoleum","floor":22,"gold_loss":0},{"damage_healed":0,"gold_gain":0,"player_choice":"Became a vampire","damage_taken":0,"max_hp_gain":0,"max_hp_loss":23,"event_name":"Vampires","floor":29,"gold_loss":0,"cards_obtained":["Bite","Bite","Bite","Bite","Bite"]},{"damage_healed":0,"gold_gain":0,"cards_transformed":["Pain"],"player_choice":"Transformed","damage_taken":0,"max_hp_gain":0,"max_hp_loss":0,"event_name":"Transmorgrifier","floor":37,"gold_loss":0,"cards_obtained":["Writhe"]},{"cards_removed":["TheCursedMod:SpitefulStrike"],"damage_healed":0,"gold_gain":0,"player_choice":"Removed Attack","damage_taken":0,"max_hp_gain":0,"max_hp_loss":0,"event_name":"Falling","floor":45,"gold_loss":0}],"is_beta":false,"boss_relics":[{"not_picked":["Runic Dome","Runic Pyramid"],"picked":"Pandora\u0027s Box"},{"not_picked":["Astrolabe","SacredBark"],"picked":"Cursed Key"}],"items_purged_floors":[],"is_endless":false,"potions_floor_spawned":[2,10,11,13,18,24,27,28,36,38,41,42,44,54],"killed_by":"The Heart","ascension_level":0}}