{"host":"fvfv74rwxn7g5wli","time":1612757201,"event":{"mods":["BaseMod","Better Third Choice","Colored Powertips","DeckTracker","Downfall","GifTheSpireLib","Minty Spire (QoL Compilation)","Potionbrewer","Quick Restart","StSLib"],"gold_per_floor":[109,122,122,122,122,122,151,177,177,177,192,224,224,2,2,97,97,114,214,228,75,75,105,105,13,13,13,13,13,13,13,13,108,108,118,118,118,118,118,147,177,177,177,177,177,207,207,207,207,207],"floor_reached":51,"language":"ENG","playtime":1205,"items_purged":["Deep Breath","Deep Breath"],"score":1257,"play_id":"03b49d84-0892-48ba-a104-278af6ef18c9","local_time":"20210207200641","daily_mods":["SealedDeck","Specialized","Vintage","Colorless Cards","Heirloom","Time Dilation","Flight"],"is_ascension_mode":false,"campfire_choices":[{"data":"Flex","floor":6,"key":"SMITH"},{"data":"Flex","floor":10,"key":"SMITH"},{"data":"Rage","floor":13,"key":"SMITH"},{"data":"Deep Breath","floor":15,"key":"SMITH"},{"data":"Violence","floor":27,"key":"SMITH"},{"data":"Flex","floor":28,"key":"SMITH"},{"data":"Anger","floor":32,"key":"SMITH"},{"data":"Violence","floor":42,"key":"SMITH"},{"data":"Metamorphosis","floor":49,"key":"SMITH"}],"circlet_count":0,"master_deck":["Deep Breath+1","Deep Breath","Deep Breath","Deep Breath","Seeing Red+1","Anger+1","Intimidate","Flex+1","Flex+1","Rage+1","Anger","Anger+1","Violence+1","Flex+1","Clash","Flash of Steel","Violence+1","Flex+1","Metamorphosis+1"],"relics":["Unceasing Top","Magic Flower","Torii","Lantern","Red Skull","bronze:DecasWashers","Thread and Needle","Juzu Bracelet","potionbrewer:Torch","Bag of Marbles","Coffee Dripper","Orichalcum","potionbrewer:AlchemistFlask","Ornamental Fan","Letter Opener","SacredBark","FossilizedHelix","Boot","Mercury Hourglass","Sundial","Regal Pillow"],"acts_visited":["Exordium","TheCity","TheBeyond"],"potions_floor_usage":[50,50],"damage_taken":[{"damage":0,"enemies":"2 Louse","floor":1,"turns":1},{"damage":0,"enemies":"Jaw Worm","floor":2,"turns":1},{"damage":0,"enemies":"Lagavulin","floor":7,"turns":1},{"damage":0,"enemies":"3 Sentries","floor":8,"turns":1},{"damage":0,"enemies":"Cultist","floor":11,"turns":1},{"damage":0,"enemies":"Lagavulin","floor":12,"turns":2},{"damage":0,"enemies":"Hexaghost","floor":16,"turns":1},{"damage":0,"enemies":"Spheric Guardian","floor":18,"turns":1},{"damage":0,"enemies":"2 Thieves","floor":20,"turns":1},{"damage":0,"enemies":"Slavers","floor":23,"turns":1},{"damage":0,"enemies":"Collector","floor":33,"turns":2},{"damage":3,"enemies":"3 Shapes","floor":35,"turns":1},{"damage":0,"enemies":"Nemesis","floor":40,"turns":1},{"damage":0,"enemies":"Reptomancer","floor":41,"turns":1},{"damage":0,"enemies":"Giant Head","floor":46,"turns":2},{"damage":0,"enemies":"Awakened One","floor":50,"turns":2}],"seed_played":"3242989409998658611","potions_obtained":[{"floor":1,"key":"Dexterity Potion"},{"floor":7,"key":"Explosive Potion"},{"floor":12,"key":"Strength Potion"},{"floor":18,"key":"FairyPotion"},{"floor":35,"key":"champ:CounterPotion"}],"is_trial":true,"path_per_floor":["M","M","$","?","?","R","E","E","T","R","M","E","R","$","R","B",null,"M","?","M","$","$","E","?","$","T","R","R","?","?","?","R","B",null,"M","?","$","?","?","E","E","R","T","$","?","E","?","?","R","B",null],"character_chosen":"IRONCLAD","items_purchased":["Bag of Marbles","Flex","Flash of Steel"],"campfire_rested":0,"item_purchase_floors":[14,21,25],"current_hp_per_floor":[80,80,80,80,80,80,80,80,80,80,80,80,80,80,80,80,80,80,80,80,80,80,80,80,80,80,80,80,65,65,65,65,65,85,82,82,82,82,82,82,82,82,82,82,82,82,81,81,81,81],"gold":207,"neow_bonus":"","is_daily":false,"chose_seed":false,"campfire_upgraded":9,"win_rate":0.0,"timestamp":1612757201,"path_taken":["M","M","$","?","?","R","E","E","T","R","?","E","R","$","R","BOSS","M","?","M","$","$","E","?","$","T","R","R","?","?","?","R","BOSS","M","?","?","?","?","E","E","R","T","$","?","E","?","?","R","BOSS"],"items_purchased_type":["Relic","Card","Card"],"build_version":"2020-12-22","purchased_purges":2,"victory":true,"max_hp_per_floor":[80,80,80,80,80,80,80,80,80,80,80,80,80,80,80,80,80,80,80,80,80,80,80,80,80,80,80,80,85,85,85,85,85,85,85,85,85,85,85,85,85,85,85,85,85,85,81,81,81,81],"card_choices":[{"not_picked":["Mind Blast","Sword Boomerang","The Bomb"],"picked":"SKIP","floor":7},{"not_picked":["Bloodletting","Heavy Blade","Clothesline"],"picked":"SKIP","floor":8},{"not_picked":["Cleave","Pommel Strike","Deep Breath"],"picked":"SKIP","floor":12},{"not_picked":["Barricade","Demon Form"],"picked":"Violence","floor":16},{"not_picked":["Entrench","Wild Strike","Madness"],"picked":"SKIP","floor":23},{"not_picked":["HandOfGreed","Impervious"],"picked":"Violence","floor":33},{"not_picked":["True Grit+1","Warcry"],"picked":"Flex+1","floor":40},{"not_picked":["Dark Embrace","Body Slam","Berserk"],"picked":"SKIP","floor":41},{"not_picked":["Inflame+1","Shrug It Off+1","Pommel Strike"],"picked":"SKIP","floor":46}],"player_experience":96091,"relics_obtained":[{"floor":1,"key":"Torii"},{"floor":2,"key":"Lantern"},{"floor":7,"key":"Red Skull"},{"floor":8,"key":"bronze:DecasWashers"},{"floor":9,"key":"Thread and Needle"},{"floor":11,"key":"Juzu Bracelet"},{"floor":12,"key":"potionbrewer:Torch"},{"floor":18,"key":"Orichalcum"},{"floor":20,"key":"potionbrewer:AlchemistFlask"},{"floor":23,"key":"Ornamental Fan"},{"floor":26,"key":"Letter Opener"},{"floor":35,"key":"FossilizedHelix"},{"floor":40,"key":"Boot"},{"floor":41,"key":"Mercury Hourglass"},{"floor":43,"key":"Sundial"},{"floor":46,"key":"Regal Pillow"}],"event_choices":[{"damage_healed":0,"gold_gain":0,"player_choice":"Grow","damage_taken":0,"max_hp_gain":0,"max_hp_loss":0,"event_name":"Living Wall","floor":4,"gold_loss":0,"cards_upgraded":["Anger"]},{"damage_healed":0,"gold_gain":0,"player_choice":"Forge","damage_taken":0,"max_hp_gain":0,"max_hp_loss":0,"event_name":"Accursed Blacksmith","floor":5,"gold_loss":0,"cards_upgraded":["Seeing Red"]},{"damage_healed":0,"gold_gain":100,"player_choice":"Pray","damage_taken":0,"max_hp_gain":0,"max_hp_loss":0,"event_name":"Golden Shrine","floor":19,"gold_loss":0},{"damage_healed":0,"gold_gain":0,"player_choice":"Read","damage_taken":0,"max_hp_gain":0,"max_hp_loss":0,"event_name":"The Library","floor":24,"gold_loss":0,"cards_obtained":["Clash"]},{"damage_healed":0,"gold_gain":0,"player_choice":"Shed Blood","damage_taken":20,"max_hp_gain":5,"max_hp_loss":0,"event_name":"Forgotten Altar","floor":29,"gold_loss":0},{"damage_healed":0,"gold_gain":0,"player_choice":"Ignored","damage_taken":0,"max_hp_gain":0,"max_hp_loss":0,"event_name":"Cursed Tome","floor":30,"gold_loss":0},{"damage_healed":0,"gold_gain":0,"player_choice":"Ignored","damage_taken":0,"max_hp_gain":0,"max_hp_loss":0,"event_name":"Ghosts","floor":31,"gold_loss":0},{"damage_healed":0,"gold_gain":0,"player_choice":"Cursed","damage_taken":0,"max_hp_gain":0,"max_hp_loss":0,"event_name":"Wheel of Change","floor":36,"gold_loss":0,"cards_obtained":["Decay"]},{"cards_removed":["Swift Strike"],"damage_healed":0,"gold_gain":0,"player_choice":"Removed Attack","damage_taken":0,"max_hp_gain":0,"max_hp_loss":0,"event_name":"Falling","floor":38,"gold_loss":0},{"cards_removed":["Decay"],"damage_healed":0,"gold_gain":0,"player_choice":"Purged","damage_taken":0,"max_hp_gain":0,"max_hp_loss":0,"event_name":"Purifier","floor":39,"gold_loss":0},{"damage_healed":0,"gold_gain":0,"player_choice":"Ignored","damage_taken":0,"max_hp_gain":0,"max_hp_loss":0,"event_name":"Tomb of Lord Red Mask","floor":45,"gold_loss":0},{"damage_healed":0,"gold_gain":0,"player_choice":"Max HP","damage_taken":0,"max_hp_gain":0,"max_hp_loss":4,"event_name":"Winding Halls","floor":47,"gold_loss":0},{"damage_healed":0,"gold_gain":0,"player_choice":"1 cards matched","damage_taken":0,"max_hp_gain":0,"max_hp_loss":0,"event_name":"Match and Keep!","floor":48,"gold_loss":0,"cards_obtained":["Metamorphosis"]}],"is_beta":false,"boss_relics":[{"not_picked":["Astrolabe","bronze:MakeshiftBattery"],"picked":"Coffee Dripper"},{"not_picked":["Cursed Key","Fusion Hammer"],"picked":"SacredBark"}],"items_purged_floors":[14,21],"is_endless":false,"potions_floor_spawned":[1,7,12,16,18,33,35,41],"ascension_level":0}}