{"host":"rolltorest","time":1612823547,"event":{"mods":["BaseMod","Minty Spire (QoL Compilation)","Relic Stats","Slay the Relics Exporter","StSLib"],"gold_per_floor":[119,394,152,152,52,82,101,131,131,157,157,174,203,216,216,291,291,309,329,329,419,30,41,52,82,82,82,101,101,121,158,158,238,238,257,284,310,12,32,41,75,75,75,107,129,129,129,129],"floor_reached":47,"language":"ENG","playtime":2594,"items_purged":["Regret","Strike_B","Strike_B","Writhe"],"score":1236,"play_id":"10f6fef0-bd6a-42f5-878e-4c12ffa39b1d","local_time":"20210208143227","is_ascension_mode":true,"campfire_choices":[{"data":"Streamline","floor":11,"key":"SMITH"},{"data":"Zap","floor":15,"key":"SMITH"},{"data":"PathToVictory","floor":27,"key":"SMITH"},{"data":"Coolheaded","floor":29,"key":"SMITH"},{"data":"PathToVictory","floor":32,"key":"SMITH"}],"circlet_count":0,"master_deck":["AscendersBane","Strike_B","Strike_B","Defend_B","Defend_B","Defend_B","Defend_B","Zap+1","Dualcast","Streamline+1","Ball Lightning","Rebound","BootSequence","Ball Lightning+1","Genetic Algorithm","Barrage+1","Hologram","Electrodynamics","Coolheaded+1","Self Repair","Beam Cell+1","PathToVictory+1","Echo Form","Study+1","Compile Driver+1","PathToVictory+1","Thinking Ahead","Coolheaded","All For One+1","Zap","CutThroughFate+1","Undo","Reprogram","Sunder+1","Transmutation","Protect+1","SpiritShield"],"relics":["Cracked Core","NeowsBlessing","Bag of Preparation","Question Card","White Beast Statue","Mummified Hand","HornCleat","Molten Egg 2","Odd Mushroom","Philosopher\u0027s Stone","PrismaticShard","Prayer Wheel","Gremlin Horn","CeramicFish","Snecko Eye","Happy Flower","Omamori"],"acts_visited":["Exordium","TheCity","TheBeyond"],"potions_floor_usage":[16,28,31,33,33,37,39,39,44,45],"damage_taken":[{"damage":0,"enemies":"Small Slimes","floor":1,"turns":1},{"damage":0,"enemies":"3 Sentries","floor":6,"turns":1},{"damage":0,"enemies":"Cultist","floor":7,"turns":1},{"damage":8,"enemies":"Gremlin Nob","floor":8,"turns":3},{"damage":16,"enemies":"Lagavulin","floor":10,"turns":5},{"damage":0,"enemies":"Jaw Worm","floor":12,"turns":2},{"damage":17,"enemies":"The Mushroom Lair","floor":13,"turns":3},{"damage":0,"enemies":"Exordium Thugs","floor":14,"turns":3},{"damage":12,"enemies":"Slime Boss","floor":16,"turns":7},{"damage":7,"enemies":"Shell Parasite","floor":18,"turns":4},{"damage":0,"enemies":"3 Byrds","floor":19,"turns":2},{"damage":10,"enemies":"Centurion and Healer","floor":23,"turns":5},{"damage":8,"enemies":"Snake Plant","floor":24,"turns":3},{"damage":0,"enemies":"Gremlin Leader","floor":25,"turns":5},{"damage":0,"enemies":"Shelled Parasite and Fungi","floor":28,"turns":4},{"damage":0,"enemies":"Snecko","floor":30,"turns":3},{"damage":9,"enemies":"Book of Stabbing","floor":31,"turns":3},{"damage":12,"enemies":"Collector","floor":33,"turns":6},{"damage":10,"enemies":"Orb Walker","floor":35,"turns":3},{"damage":0,"enemies":"3 Darklings","floor":37,"turns":3},{"damage":0,"enemies":"4 Shapes","floor":39,"turns":5},{"damage":40,"enemies":"Reptomancer","floor":41,"turns":6},{"damage":7,"enemies":"Nemesis","floor":44,"turns":7},{"damage":12,"enemies":"Jaw Worm Horde","floor":45,"turns":3},{"damage":47,"enemies":"Giant Head","floor":47,"turns":7}],"seed_played":"7607255757860876153","potions_obtained":[{"floor":6,"key":"PowerPotion"},{"floor":7,"key":"Block Potion"},{"floor":8,"key":"Swift Potion"},{"floor":16,"key":"Fire Potion"},{"floor":18,"key":"PowerPotion"},{"floor":28,"key":"DuplicationPotion"},{"floor":30,"key":"CultistPotion"},{"floor":31,"key":"Fire Potion"},{"floor":33,"key":"Fruit Juice"},{"floor":35,"key":"Dexterity Potion"},{"floor":37,"key":"PowerPotion"},{"floor":39,"key":"FearPotion"},{"floor":41,"key":"Block Potion"},{"floor":44,"key":"Energy Potion"},{"floor":45,"key":"SpeedPotion"}],"is_trial":false,"path_per_floor":["M","?","$","T","$","E","M","E","T","E","R","M","?","M","R","B",null,"M","M","?","?","$","M","M","E","T","R","M","R","M","E","R","B",null,"M","?","M","$","M","?","E","?","T","E","M","?","E"],"character_chosen":"DEFECT","items_purchased":["Bag of Preparation","Self Repair","PrismaticShard","Beam Cell+1","Undo","Reprogram"],"campfire_rested":0,"item_purchase_floors":[3,22,22,22,38,38],"current_hp_per_floor":[64,64,64,64,64,64,64,56,56,40,40,40,23,23,23,11,56,49,49,49,37,37,34,26,33,33,33,40,40,47,45,45,40,63,53,53,65,65,76,66,26,62,62,62,60,60,13,13],"gold":129,"neow_bonus":"THREE_ENEMY_KILL","is_daily":false,"chose_seed":false,"campfire_upgraded":5,"win_rate":0.0,"timestamp":1612823547,"path_taken":["M","?","$","?","?","E","?","E","T","E","R","?","?","M","R","BOSS","M","M","?","?","$","M","M","E","T","R","M","R","?","E","R","BOSS","M","?","?","$","M","?","E","?","T","E","M","?","E"],"items_purchased_type":["Relic","Card","Relic","Card","Card","Card"],"build_version":"2020-12-18","purchased_purges":4,"victory":false,"max_hp_per_floor":[71,71,71,71,71,71,71,71,71,71,71,71,71,71,71,71,71,71,71,71,71,71,71,71,71,71,71,71,71,71,71,71,71,71,71,71,76,76,76,76,76,62,62,62,62,62,62,62],"relic_stats":{"Gremlin Horn":[20,20],"Happy Flower":[5],"counters":[25,95],"Mummified Hand":[74],"CeramicFish":117,"Snecko Eye":[68,66,65,74],"Prayer Wheel":6,"Bag of Preparation":[48],"Question Card":32,"obtain_stats":[{"NeowsBlessing":0,"Gremlin Horn":26,"Happy Flower":41,"CeramicFish":31,"Bag of Preparation":3,"Omamori":44,"Odd Mushroom":13,"Question Card":4,"PrismaticShard":22,"White Beast Statue":6,"HornCleat":9,"Mummified Hand":8,"Snecko Eye":34,"Molten Egg 2":10,"Philosopher\u0027s Stone":17,"Prayer Wheel":25,"Cracked Core":0},{"NeowsBlessing":0,"Gremlin Horn":14,"Happy Flower":22,"CeramicFish":17,"Bag of Preparation":1,"Omamori":23,"Odd Mushroom":7,"Question Card":1,"PrismaticShard":11,"White Beast Statue":2,"HornCleat":4,"Mummified Hand":4,"Snecko Eye":18,"Molten Egg 2":5,"Philosopher\u0027s Stone":9,"Prayer Wheel":14,"Cracked Core":0},{"NeowsBlessing":0,"Gremlin Horn":45,"Happy Flower":78,"CeramicFish":55,"Bag of Preparation":1,"Omamori":85,"Odd Mushroom":16,"Question Card":1,"PrismaticShard":32,"White Beast Statue":2,"HornCleat":6,"Mummified Hand":6,"Snecko Eye":61,"Molten Egg 2":11,"Philosopher\u0027s Stone":26,"Prayer Wheel":45,"Cracked Core":0}]},"card_choices":[{"not_picked":["Turbo","Barrage"],"picked":"Streamline","floor":1},{"not_picked":["Stack","Sunder","Chaos"],"picked":"Ball Lightning","floor":6},{"not_picked":["Conserve Battery","Beam Cell","Barrage"],"picked":"Rebound","floor":7},{"not_picked":["Buffer","Ball Lightning","Gash"],"picked":"BootSequence","floor":8},{"not_picked":["Hello World","Hologram","Rebound+1"],"picked":"Ball Lightning+1","floor":10},{"not_picked":["Sunder+1","Compile Driver+1","Stack"],"picked":"Genetic Algorithm","floor":12},{"not_picked":["Gash+1","Aggregate","Conserve Battery"],"picked":"Barrage+1","floor":13},{"not_picked":["Meteor Strike+1","Ball Lightning+1","Redo"],"picked":"Hologram","floor":14},{"not_picked":["Biased Cognition","Multi-Cast","Meteor Strike+1"],"picked":"Electrodynamics","floor":16},{"not_picked":["Hologram","Leap","Chill","Streamline+1"],"picked":"SKIP","floor":18},{"not_picked":["Lockon+1","BootSequence","White Noise"],"picked":"Coolheaded","floor":19},{"not_picked":["Static Discharge","Storm of Steel","Reckless Charge+1","Flechettes+1"],"picked":"SKIP","floor":23},{"not_picked":["Distraction","WindmillStrike+1","WaveOfTheHand"],"picked":"PathToVictory","floor":24},{"not_picked":["Acrobatics","Forethought","Adaptation"],"picked":"Echo Form","floor":25},{"not_picked":["Thunderclap+1","Underhanded Strike+1","Heavy Blade+1","Footwork"],"picked":"SKIP","floor":28},{"not_picked":["Blade Dance","Dagger Spray+1","Sword Boomerang+1","Slice+1"],"picked":"SKIP","floor":28},{"not_picked":["Heavy Blade+1","BowlingBash+1","FlyingSleeves+1"],"picked":"Study+1","floor":30},{"not_picked":["Dual Wield","Gash+1","Bane+1"],"picked":"Compile Driver+1","floor":30},{"not_picked":["Master of Strategy","SandsOfTime+1","Second Wind"],"picked":"PathToVictory","floor":31},{"not_picked":["Chrysalis","Multi-Cast","Judgement"],"picked":"Thinking Ahead","floor":33},{"not_picked":["Sunder+1","Consecrate+1","Leap"],"picked":"Coolheaded","floor":35},{"not_picked":["WheelKick+1","Twin Strike+1","Slice+1","ClearTheMind"],"picked":"SKIP","floor":35},{"not_picked":["Predator+1","Mind Blast+1","Burning Pact"],"picked":"CutThroughFate+1","floor":37},{"not_picked":["Second Wind","Slice+1","Finesse","Gash+1"],"picked":"SKIP","floor":37},{"not_picked":["Evaluate","Sword Boomerang+1","Flechettes+1"],"picked":"Sunder+1","floor":39},{"not_picked":["Slice+1","Cleave+1","MasterReality","Bane+1"],"picked":"SKIP","floor":39},{"not_picked":["Swift Strike+1","Madness","Dramatic Entrance+1"],"picked":"Transmutation","floor":40},{"not_picked":["Adaptation","Trip+1","Hologram"],"picked":"Protect+1","floor":41},{"not_picked":["Halt","Catalyst+1","Cloak And Dagger","Barrage+1"],"picked":"SKIP","floor":44},{"not_picked":["Crescendo","Barrage+1","Perfected Strike+1"],"picked":"SpiritShield","floor":45},{"not_picked":["Skewer+1","Clash+1","Predator+1","FlyingSleeves+1"],"picked":"SKIP","floor":45}],"player_experience":1917313,"relics_obtained":[{"floor":4,"key":"Question Card"},{"floor":6,"key":"White Beast Statue"},{"floor":8,"key":"Mummified Hand"},{"floor":9,"key":"HornCleat"},{"floor":10,"key":"Molten Egg 2"},{"floor":13,"key":"Odd Mushroom"},{"floor":25,"key":"Prayer Wheel"},{"floor":26,"key":"Gremlin Horn"},{"floor":31,"key":"CeramicFish"},{"floor":41,"key":"Happy Flower"},{"floor":44,"key":"Omamori"}],"event_choices":[{"damage_healed":0,"gold_gain":275,"player_choice":"Desecrate","damage_taken":0,"max_hp_gain":0,"max_hp_loss":0,"event_name":"Golden Shrine","floor":2,"gold_loss":0,"cards_obtained":["Regret"]},{"damage_healed":0,"gold_gain":0,"player_choice":"Fought Mushrooms","damage_taken":0,"max_hp_gain":0,"max_hp_loss":0,"event_name":"Mushrooms","floor":13,"gold_loss":0},{"damage_healed":0,"gold_gain":0,"player_choice":"Ignored","damage_taken":0,"max_hp_gain":0,"max_hp_loss":0,"event_name":"The Mausoleum","floor":20,"gold_loss":0},{"damage_healed":0,"gold_gain":90,"player_choice":"GOLD ","damage_taken":12,"max_hp_gain":0,"max_hp_loss":0,"event_name":"Knowing Skull","floor":21,"potions_obtained":[],"gold_loss":0,"cards_obtained":[]},{"damage_healed":0,"gold_gain":0,"player_choice":"3 cards matched","damage_taken":0,"max_hp_gain":0,"max_hp_loss":0,"event_name":"Match and Keep!","floor":36,"gold_loss":0,"cards_obtained":["Writhe","All For One","Zap"]},{"damage_healed":0,"gold_gain":0,"player_choice":"Memory 3","damage_taken":10,"max_hp_gain":0,"max_hp_loss":0,"event_name":"SensoryStone","floor":40,"gold_loss":0},{"damage_healed":62,"gold_gain":0,"player_choice":"Heal","damage_taken":0,"max_hp_gain":0,"max_hp_loss":14,"event_name":"The Moai Head","floor":42,"gold_loss":0},{"damage_healed":0,"gold_gain":0,"player_choice":"Ignored","damage_taken":0,"max_hp_gain":0,"max_hp_loss":0,"event_name":"Tomb of Lord Red Mask","floor":46,"gold_loss":0}],"is_beta":true,"boss_relics":[{"not_picked":["SacredBark","Pandora\u0027s Box"],"picked":"Philosopher\u0027s Stone"},{"not_picked":["Astrolabe","FrozenCore"],"picked":"Snecko Eye"}],"items_purged_floors":[3,5,22,38],"is_endless":false,"potions_floor_spawned":[6,7,8,10,12,13,14,16,18,19,23,24,25,28,30,31,33,35,37,39,41,44,45],"killed_by":"Giant Head","ascension_level":20}}