{"host":"e1pm3b7xpcm97e5w","time":1612816452,"event":{"mods":["BaseMod","Better Skull","Googly Eyes","Minty Spire (QoL Compilation)","Relic Stats","Shop Mod","Spicy Shops","StSLib"],"gold_per_floor":[116,266,3,19,19,19,46,65,91,91,91,105,105,124,124,198,198,210,210,222,252,252,262,262,287,287,287,316,316,316,342,342,419,419,430,430,442,453,469,469,469,140,140,140,140,172,172,11,11,11],"floor_reached":51,"language":"ENG","playtime":1587,"items_purged":["Corpse Explosion"],"score":1452,"play_id":"ca646d40-6233-41db-b5ce-e8c692dd3170","local_time":"20210208153412","is_ascension_mode":true,"campfire_choices":[{"data":"Neutralize","floor":6,"key":"SMITH"},{"data":"Poisoned Stab","floor":10,"key":"SMITH"},{"data":"Storm of Steel","floor":13,"key":"SMITH"},{"data":"Riddle With Holes","floor":15,"key":"SMITH"},{"floor":24,"key":"REST"},{"floor":30,"key":"REST"},{"floor":32,"key":"REST"},{"data":"Wraith Form v2","floor":40,"key":"SMITH"},{"data":"Footwork","floor":44,"key":"SMITH"},{"data":"Noxious Fumes","floor":45,"key":"SMITH"},{"floor":47,"key":"REST"},{"data":"Cloak And Dagger","floor":49,"key":"SMITH"}],"circlet_count":0,"master_deck":["AscendersBane","Defend_G","Defend_G","Defend_G","Survivor","Neutralize+1","Poisoned Stab+1","Riddle With Holes+1","Backflip","Slice","Storm of Steel+1","Wraith Form v2+1","PiercingWail+1","Bite","Bite","Bite","Bite","Bite","Terror","Noxious Fumes+1","Blade Dance","Phantasmal Killer","Endless Agony+1","Accuracy","Footwork+1","Cloak And Dagger+1","Cloak And Dagger+1","Accuracy"],"relics":["Ring of the Snake","NeowsBlessing","Shuriken","Regal Pillow","Anchor","Runic Pyramid","MutagenicStrength","Strawberry","Pear","PreservedInsect","WingedGreaves","SacredBark","ClockworkSouvenir","Orichalcum","Snake Skull"],"acts_visited":["Exordium","TheCity","TheBeyond"],"potions_floor_usage":[12,21,25,50,50],"damage_taken":[{"damage":0,"enemies":"2 Louse","floor":1,"turns":1},{"damage":0,"enemies":"Cultist","floor":4,"turns":1},{"damage":0,"enemies":"3 Sentries","floor":7,"turns":1},{"damage":0,"enemies":"Jaw Worm","floor":8,"turns":3},{"damage":1,"enemies":"3 Louse","floor":12,"turns":3},{"damage":0,"enemies":"Large Slime","floor":14,"turns":3},{"damage":36,"enemies":"The Guardian","floor":16,"turns":14},{"damage":20,"enemies":"2 Thieves","floor":18,"turns":4},{"damage":8,"enemies":"Shell Parasite","floor":20,"turns":5},{"damage":21,"enemies":"Snake Plant","floor":21,"turns":5},{"damage":12,"enemies":"Centurion and Healer","floor":23,"turns":4},{"damage":24,"enemies":"Slavers","floor":25,"turns":5},{"damage":47,"enemies":"Book of Stabbing","floor":28,"turns":4},{"damage":30,"enemies":"Gremlin Leader","floor":31,"turns":5},{"damage":49,"enemies":"Champ","floor":33,"turns":8},{"damage":0,"enemies":"3 Darklings","floor":35,"turns":2},{"damage":0,"enemies":"Orb Walker","floor":37,"turns":2},{"damage":5,"enemies":"4 Shapes","floor":38,"turns":9},{"damage":22,"enemies":"Sphere and 2 Shapes","floor":39,"turns":4},{"damage":8,"enemies":"Giant Head","floor":46,"turns":4},{"damage":51,"enemies":"Awakened One","floor":50,"turns":10}],"seed_played":"2864517903235213490","potions_obtained":[{"floor":4,"key":"Weak Potion"},{"floor":8,"key":"PowerPotion"},{"floor":16,"key":"ColorlessPotion"},{"floor":23,"key":"CunningPotion"},{"floor":28,"key":"Strength Potion"}],"is_trial":false,"path_per_floor":["M","?","$","M","?","R","E","M","T","R","?","M","R","M","R","B",null,"M","?","M","M","?","M","R","E","T","?","E","?","R","E","R","B",null,"M","?","M","M","M","R","?","$","T","R","R","E","R","$","R","B",null],"character_chosen":"THE_SILENT","items_purchased":["Shuriken","ClockworkSouvenir","Footwork","Cloak And Dagger","Accuracy"],"campfire_rested":4,"item_purchase_floors":[3,42,42,42,48],"current_hp_per_floor":[59,59,59,59,41,41,41,41,41,41,41,42,42,44,44,10,52,34,34,40,29,29,27,61,56,66,66,27,27,66,46,83,42,73,75,75,75,70,52,52,52,52,52,52,52,48,83,83,83,42],"gold":11,"neow_bonus":"THREE_ENEMY_KILL","is_daily":false,"chose_seed":false,"campfire_upgraded":8,"win_rate":0.0,"timestamp":1612816452,"path_taken":["M","?","$","M","?","R","E","M","T","R","?","M","R","?","R","BOSS","M","?","M","M","?","M","R","E","T","?","E","?","R","E","R","BOSS","M","?","M","M","M","R","?","$","T","R","R","E","R","$","R","BOSS"],"items_purchased_type":["Relic","Relic","Card","Card","Card"],"build_version":"2020-12-22","purchased_purges":1,"victory":true,"max_hp_per_floor":[66,66,66,66,66,66,66,66,66,66,66,66,66,66,66,66,66,66,66,66,66,66,66,66,73,83,83,83,83,83,83,83,83,83,83,83,83,83,83,83,83,83,83,83,83,83,83,83,83,83],"relic_stats":{"Regal Pillow":54,"counters":[21,97],"Shuriken":[68],"PreservedInsect":176,"Snake Skull":[2],"Orichalcum":[42],"obtain_stats":[{"Regal Pillow":5,"Pear":26,"NeowsBlessing":0,"SacredBark":34,"PreservedInsect":28,"Snake Skull":46,"Orichalcum":43,"ClockworkSouvenir":42,"Blood Vial":9,"Anchor":7,"Shuriken":3,"MutagenicStrength":22,"Strawberry":25,"WingedGreaves":31,"Ring of the Snake":0,"Runic Pyramid":17},{"Regal Pillow":2,"Pear":12,"NeowsBlessing":0,"SacredBark":15,"PreservedInsect":13,"Snake Skull":20,"Orichalcum":19,"ClockworkSouvenir":19,"Blood Vial":4,"Anchor":3,"Shuriken":1,"MutagenicStrength":10,"Strawberry":12,"WingedGreaves":14,"Ring of the Snake":0,"Runic Pyramid":7},{"Regal Pillow":2,"Pear":49,"NeowsBlessing":0,"SacredBark":66,"PreservedInsect":53,"Snake Skull":87,"Orichalcum":83,"ClockworkSouvenir":83,"Blood Vial":6,"Anchor":3,"Shuriken":1,"MutagenicStrength":40,"Strawberry":49,"WingedGreaves":58,"Ring of the Snake":0,"Runic Pyramid":26}],"Ring of the Snake":[42]},"card_choices":[{"not_picked":["Dagger Throw","All Out Attack"],"picked":"Poisoned Stab","floor":1},{"not_picked":["Dagger Throw","Finisher"],"picked":"Riddle With Holes","floor":4},{"not_picked":["All Out Attack","Backstab"],"picked":"Backflip","floor":7},{"not_picked":["Calculated Gamble","Dash"],"picked":"Slice","floor":8},{"not_picked":["Backflip","Acrobatics"],"picked":"Storm of Steel","floor":12},{"not_picked":["Setup","Flying Knee","Quick Slash"],"picked":"SKIP","floor":14},{"not_picked":["Phantasmal Killer","Bullet Time"],"picked":"Wraith Form v2","floor":16},{"not_picked":["Bane","Distraction+1"],"picked":"PiercingWail+1","floor":18},{"not_picked":["Masterful Stab","Slice","Backflip"],"picked":"SKIP","floor":20},{"not_picked":["Dagger Throw","Quick Slash"],"picked":"Terror","floor":21},{"not_picked":["Deadly Poison+1","Cloak And Dagger"],"picked":"Noxious Fumes","floor":23},{"not_picked":["Quick Slash","PiercingWail"],"picked":"Corpse Explosion","floor":25},{"not_picked":["PiercingWail","Quick Slash","Deadly Poison"],"picked":"SKIP","floor":28},{"not_picked":["Distraction","Eviscerate","Deadly Poison+1"],"picked":"SKIP","floor":31},{"not_picked":["Storm of Steel","Corpse Explosion"],"picked":"Phantasmal Killer","floor":33},{"not_picked":["Slice","Outmaneuver","Sucker Punch"],"picked":"SKIP","floor":35},{"not_picked":["Underhanded Strike+1","Terror","Choke+1"],"picked":"SKIP","floor":37},{"not_picked":["Riddle With Holes","Endless Agony+1","Deflect"],"picked":"SKIP","floor":38},{"not_picked":["Riddle With Holes","Deflect"],"picked":"Endless Agony+1","floor":38},{"not_picked":["Poisoned Stab","Terror+1"],"picked":"Accuracy","floor":39},{"not_picked":["Dagger Throw","Skewer"],"picked":"Cloak And Dagger+1","floor":46}],"player_experience":715071,"relics_obtained":[{"floor":7,"key":"Anchor"},{"floor":9,"key":"Blood Vial"},{"floor":25,"key":"Strawberry"},{"floor":26,"key":"Pear"},{"floor":28,"key":"PreservedInsect"},{"floor":31,"key":"WingedGreaves"},{"floor":43,"key":"Orichalcum"},{"floor":46,"key":"Snake Skull"}],"event_choices":[{"damage_healed":0,"gold_gain":150,"player_choice":"AGREE","damage_taken":0,"max_hp_gain":0,"max_hp_loss":0,"event_name":"Liars Game","floor":2,"gold_loss":0,"cards_obtained":["Doubt"]},{"damage_healed":0,"gold_gain":0,"player_choice":"Success","damage_taken":18,"relics_obtained":["Regal Pillow"],"max_hp_gain":0,"max_hp_loss":0,"event_name":"Scrap Ooze","floor":5,"gold_loss":0},{"cards_removed":["Doubt"],"damage_healed":0,"gold_gain":0,"player_choice":"Purged","damage_taken":0,"max_hp_gain":0,"max_hp_loss":0,"event_name":"Purifier","floor":11,"gold_loss":0},{"damage_healed":0,"gold_gain":0,"player_choice":"Became a vampire (Vial)","damage_taken":0,"max_hp_gain":0,"max_hp_loss":0,"event_name":"Vampires","floor":19,"relics_lost":["Blood Vial"],"gold_loss":0,"cards_obtained":["Bite","Bite","Bite","Bite","Bite"]},{"damage_healed":0,"gold_gain":0,"player_choice":"Inject Mutagens","damage_taken":0,"relics_obtained":["MutagenicStrength"],"max_hp_gain":0,"max_hp_loss":0,"event_name":"Drug Dealer","floor":22,"gold_loss":0},{"damage_healed":0,"gold_gain":0,"player_choice":"Read","damage_taken":0,"max_hp_gain":0,"max_hp_loss":0,"event_name":"The Library","floor":27,"gold_loss":0,"cards_obtained":["Blade Dance"]},{"cards_removed":["Defend_G"],"damage_healed":0,"gold_gain":0,"player_choice":"Purged","damage_taken":0,"max_hp_gain":0,"max_hp_loss":0,"event_name":"Purifier","floor":29,"gold_loss":0},{"damage_healed":0,"gold_gain":0,"player_choice":"Ignored","damage_taken":0,"max_hp_gain":0,"max_hp_loss":0,"event_name":"Mysterious Sphere","floor":36,"gold_loss":0},{"cards_removed":["Defend_G"],"damage_healed":0,"gold_gain":0,"player_choice":"Removed Skill","damage_taken":0,"max_hp_gain":0,"max_hp_loss":0,"event_name":"Falling","floor":41,"gold_loss":0}],"is_beta":false,"boss_relics":[{"not_picked":["Sozu","Cursed Key"],"picked":"Runic Pyramid"},{"not_picked":["Snecko Eye","Coffee Dripper"],"picked":"SacredBark"}],"items_purged_floors":[48],"is_endless":false,"potions_floor_spawned":[4,8,16,18,20,23,28,33,39],"ascension_level":19}}