{"host":"9czo1ewqehy3yunx","time":1612747038,"event":{"mods":["Act Like it!","BaseMod","CapriCore","Colored Powertips","DeckTracker","GifTheSpireLib","Keyboard Shortcuts","Minty Spire (QoL Compilation)","Permanent Neow","Quick Restart","StSLib","SuperFastMode","The Cursed"],"gold_per_floor":[14,28,43,118,7,41,41,72,148,148,182,182,22,22,22,122,122,135,149,165,178,190,190,208,208,284,294,305,305,317,331,331,426,426,446,463,47,47,47],"floor_reached":38,"language":"KOR","playtime":2496,"items_purged":[],"score":450,"play_id":"c820fecd-4eb7-441d-bf34-b0b53226c201","local_time":"20210208101718","is_ascension_mode":false,"campfire_choices":[{"data":"TheCursedMod:HellsGateOpen","floor":7,"key":"SMITH"},{"data":"TheCursedMod:ReleasedStrength","floor":10,"key":"SMITH"},{"data":"TheCursedMod:PrepareRite","floor":12,"key":"SMITH"},{"data":"TheCursedMod:CircleOfFlame","floor":15,"key":"SMITH"},{"data":"TheCursedMod:AntiAging","floor":23,"key":"SMITH"},{"data":"TheCursedMod:ForbiddenAlchemy","floor":25,"key":"SMITH"},{"data":"TheCursedMod:HellfireBreathing","floor":29,"key":"SMITH"},{"data":"TheCursedMod:DarkBarrier","floor":32,"key":"SMITH"}],"circlet_count":0,"master_deck":["TheCursedMod:Strike_TheCursed","TheCursedMod:Strike_TheCursed","TheCursedMod:Strike_TheCursed","TheCursedMod:Strike_TheCursed","TheCursedMod:Defend_TheCursed","TheCursedMod:Defend_TheCursed","TheCursedMod:Defend_TheCursed","TheCursedMod:Defend_TheCursed","TheCursedMod:CursedWand","TheCursedMod:CleanUpWorkshop","TheCursedMod:Dregs","TheCursedMod:ReleasedStrength+1","TheCursedMod:CircleOfBlood","TheCursedMod:HellfireBreathing+1","TheCursedMod:HellsGateOpen+1","TheCursedMod:ManaBullet","TheCursedMod:AshesToAshes","TheCursedMod:CursedBoomerang","TheCursedMod:PrepareRite+1","TheCursedMod:Obscuration","TheCursedMod:AbyssShockwave","TheCursedMod:CircleOfFlame+1","TheCursedMod:SpitefulStrike","TheCursedMod:ForbiddenAlchemy+1","TheCursedMod:WearCloak","TheCursedMod:FleshFromBone","TheCursedMod:SpitefulStrike","TheCursedMod:ReleasedStrength","TheCursedMod:AntiAging+1","TheCursedMod:RapidMovement+1","Decay","TheCursedMod:AbyssShockwave","TheCursedMod:CircleOfCorruption","TheCursedMod:LuckyCharm","TheCursedMod:DarkBarrier+1","TheCursedMod:AntiAging","TheCursedMod:FleshFromBone+1","TheCursedMod:CursedMace+1","TheCursedMod:LuckyCharm","TheCursedMod:CursedRelics","TheCursedMod:EmpowerCircles","TheCursedMod:HellfireBreathing","TheCursedMod:EmpowerCircles","TheCursedMod:EmpowerCircles"],"relics":["TheCursedMod:BlackMagic101","TheCursedMod:CrystalBall","Regal Pillow","Eternal Feather","The Courier","Cursed Key","Mercury Hourglass","Black Star"],"acts_visited":["Exordium","TheCity","TheBeyond"],"potions_floor_usage":[16,16,16,20,20,20,21,21,21,27,27,27,27,27,28,28,31,31,31,33,35,35,36,36,36,36,36,36],"damage_taken":[{"damage":4,"enemies":"Small Slimes","floor":1,"turns":3},{"damage":7,"enemies":"Jaw Worm","floor":2,"turns":4},{"damage":6,"enemies":"Cultist","floor":3,"turns":3},{"damage":25,"enemies":"3 Sentries","floor":6,"turns":6},{"damage":18,"enemies":"Lagavulin","floor":8,"turns":5},{"damage":31,"enemies":"3 Sentries","floor":11,"turns":5},{"damage":32,"enemies":"The Guardian","floor":16,"turns":10},{"damage":29,"enemies":"Shell Parasite","floor":18,"turns":5},{"damage":13,"enemies":"Chosen","floor":19,"turns":5},{"damage":39,"enemies":"Snake Plant","floor":20,"turns":4},{"damage":17,"enemies":"Centurion and Healer","floor":21,"turns":3},{"damage":8,"enemies":"Snecko","floor":22,"turns":4},{"damage":14,"enemies":"3 Cultists","floor":24,"turns":4},{"damage":16,"enemies":"Snake Plant","floor":27,"turns":4},{"damage":15,"enemies":"Centurion and Healer","floor":28,"turns":6},{"damage":14,"enemies":"3 Cultists","floor":30,"turns":3},{"damage":0,"enemies":"Cultist and Chosen","floor":31,"turns":4},{"damage":14,"enemies":"Champ","floor":33,"turns":8},{"damage":2,"enemies":"3 Darklings","floor":35,"turns":4},{"damage":12,"enemies":"Orb Walker","floor":36,"turns":4},{"damage":109,"enemies":"2 Orb Walkers","floor":38,"turns":5}],"seed_played":"1807361084396749417","potions_obtained":[{"floor":1,"key":"Explosive Potion"},{"floor":2,"key":"FearPotion"},{"floor":14,"key":"Block Potion"},{"floor":14,"key":"Fire Potion"},{"floor":16,"key":"PowerPotion"},{"floor":18,"key":"Fire Potion"},{"floor":24,"key":"Strength Potion"},{"floor":28,"key":"Energy Potion"},{"floor":31,"key":"CultistPotion"}],"is_trial":false,"path_per_floor":["M","M","M","?","$","E","R","E","T","R","E","R","$","?","R","B",null,"M","M","M","M","M","R","M","R","T","M","M","R","M","M","R","B",null,"M","M","$","?"],"character_chosen":"THE_CURSED","items_purchased":["TheCursedMod:HellsGateOpen","TheCursedMod:ManaBullet","TheCursedMod:Obscuration","TheCursedMod:AbyssShockwave","TheCursedMod:CircleOfFlame","TheCursedMod:SpitefulStrike","TheCursedMod:LuckyCharm","TheCursedMod:CursedRelics","TheCursedMod:EmpowerCircles","TheCursedMod:HellfireBreathing","TheCursedMod:EmpowerCircles","TheCursedMod:EmpowerCircles"],"campfire_rested":0,"item_purchase_floors":[5,5,13,13,13,13,37,37,37,37,37,37],"current_hp_per_floor":[85,78,78,67,67,46,46,34,34,43,14,23,23,23,35,7,89,62,51,16,10,4,19,10,28,28,17,4,22,14,18,39,29,92,92,85,85,0,0],"gold":47,"neow_bonus":"TWENTY_PERCENT_HP_BONUS","is_daily":false,"chose_seed":false,"campfire_upgraded":8,"win_rate":0.0,"timestamp":1612747038,"path_taken":["M","M","M","?","$","E","R","E","T","R","E","R","$","?","R","BOSS","M","M","M","M","M","R","M","R","T","M","M","R","M","M","R","BOSS","M","?","?","?"],"items_purchased_type":["Card","Card","Card","Card","Card","Card","Card","Card","Card","Card","Card","Card"],"build_version":"2020-12-22","purchased_purges":0,"victory":false,"max_hp_per_floor":[89,89,89,89,89,89,89,89,89,89,89,89,89,89,89,89,89,89,89,89,89,89,89,92,92,92,92,92,92,92,92,92,92,92,92,95,95,95,95],"card_choices":[{"not_picked":["TheCursedMod:BlessingInDisguise","TheCursedMod:FleshFromBone"],"picked":"TheCursedMod:ReleasedStrength","floor":1},{"not_picked":["TheCursedMod:Obscuration","TheCursedMod:WearCloak"],"picked":"TheCursedMod:CircleOfBlood","floor":2},{"not_picked":["TheCursedMod:Obscuration","TheCursedMod:SmokeScreen"],"picked":"TheCursedMod:HellfireBreathing","floor":3},{"not_picked":["TheCursedMod:VitalStrike","TheCursedMod:SmokeScreen"],"picked":"TheCursedMod:AshesToAshes","floor":6},{"not_picked":["TheCursedMod:RavingStaff","TheCursedMod:OutForBlood"],"picked":"TheCursedMod:CursedBoomerang","floor":8},{"not_picked":["TheCursedMod:SaltUponWound","TheCursedMod:CursedMace"],"picked":"TheCursedMod:PrepareRite","floor":11},{"not_picked":["TheCursedMod:OutForBlood","TheCursedMod:ParallelWorld"],"picked":"TheCursedMod:ForbiddenAlchemy","floor":16},{"not_picked":["TheCursedMod:CursedAmulet","TheCursedMod:CursedMace"],"picked":"TheCursedMod:WearCloak","floor":18},{"not_picked":["TheCursedMod:RavingStaff","TheCursedMod:Stigma"],"picked":"TheCursedMod:FleshFromBone","floor":19},{"not_picked":["TheCursedMod:CursedArmor","TheCursedMod:VitalStrike"],"picked":"TheCursedMod:SpitefulStrike","floor":20},{"not_picked":["TheCursedMod:EmpowerCircles","TheCursedMod:SurpriseAttack+1"],"picked":"TheCursedMod:ReleasedStrength","floor":21},{"not_picked":["TheCursedMod:ManaBullet","TheCursedMod:DoubleShield+1"],"picked":"TheCursedMod:AntiAging","floor":22},{"not_picked":["TheCursedMod:Wield","TheCursedMod:RavingStaff"],"picked":"TheCursedMod:RapidMovement+1","floor":24},{"not_picked":["TheCursedMod:AshesToAshes","TheCursedMod:CursedSpellbook"],"picked":"TheCursedMod:AbyssShockwave","floor":27},{"not_picked":["TheCursedMod:Torture+1","TheCursedMod:CursedAmulet"],"picked":"TheCursedMod:CircleOfCorruption","floor":28},{"not_picked":["TheCursedMod:SpitefulStrike+1","TheCursedMod:Torture+1"],"picked":"TheCursedMod:LuckyCharm","floor":30},{"not_picked":["TheCursedMod:DoubleShield","TheCursedMod:CursedMace+1"],"picked":"TheCursedMod:DarkBarrier","floor":31},{"not_picked":["TheCursedMod:DarkBarrier","TheCursedMod:Neurasthenia"],"picked":"TheCursedMod:AntiAging","floor":33},{"not_picked":["TheCursedMod:WearCloak","TheCursedMod:Wield"],"picked":"TheCursedMod:FleshFromBone+1","floor":35},{"not_picked":["TheCursedMod:Wield+1","TheCursedMod:Stigma"],"picked":"TheCursedMod:CursedMace+1","floor":36}],"player_experience":202210,"relics_obtained":[{"floor":6,"key":"TheCursedMod:CrystalBall"},{"floor":8,"key":"Regal Pillow"},{"floor":9,"key":"Eternal Feather"},{"floor":11,"key":"The Courier"},{"floor":26,"key":"Mercury Hourglass"}],"event_choices":[{"damage_healed":0,"gold_gain":75,"player_choice":"Gather Gold","damage_taken":11,"max_hp_gain":0,"max_hp_loss":0,"event_name":"World of Goop","floor":4,"gold_loss":0},{"damage_healed":0,"gold_gain":0,"player_choice":"Got Potions","damage_taken":0,"max_hp_gain":0,"max_hp_loss":0,"event_name":"Lab","floor":14,"gold_loss":0},{"damage_healed":0,"gold_gain":0,"player_choice":"Fight","damage_taken":0,"max_hp_gain":0,"max_hp_loss":0,"event_name":"Mysterious Sphere","floor":38,"gold_loss":0}],"is_beta":false,"boss_relics":[{"not_picked":["Philosopher\u0027s Stone","Runic Dome"],"picked":"Cursed Key"},{"not_picked":["Busted Crown","Runic Pyramid"],"picked":"Black Star"}],"items_purged_floors":[],"is_endless":false,"potions_floor_spawned":[1,2,16,18,20,24,28,30,31],"killed_by":"2 Orb Walkers","ascension_level":0}}