{"host":"s8caws4n06h39s1x","time":1612796757,"event":{"mods":["BaseMod","Colored Powertips","Highlight Path","Minty Spire (QoL Compilation)","Quick Restart"],"gold_per_floor":[117,133,16,28,39,74,74,89,134,168,196,237,237,271,271,379,379,402,447,482,507,530,566,566,608,617,617,567,587,609,664,664,770,779,803,812,832,112,132,132,132],"floor_reached":40,"language":"ENG","playtime":2900,"items_purged":["Shame"],"score":688,"play_id":"0266d31b-b5ad-4e05-8466-326acddcd979","local_time":"20210208160557","is_ascension_mode":true,"campfire_choices":[{"floor":7.0,"key":"REST"},{"floor":15,"key":"REST"},{"floor":24,"key":"REST"},{"floor":27,"key":"REST"},{"data":"Creative AI","floor":32,"key":"SMITH"}],"circlet_count":0,"master_deck":["Defend_B","Defend_B","Defend_B","Defend_B+1","Zap","Dualcast","Lockon","Leap","Hello World","Gash","Self Repair","Redo","Hello World","Leap+1","Creative AI+1","Reinforced Body+1","Redo+1","Force Field+1","Electrodynamics","Conserve Battery+1","Bite","Bite","Bite","Bite","Bite","Gash","Leap+1","Static Discharge+1","White Noise+1","Regret","Gash","Creative AI","Decay","Amplify+1","CurseOfTheBell","Sweeping Beam","Pain","Hello World","Mayhem","Capacitor","Stack+1"],"relics":["Cracked Core","Du-Vu Doll","CeramicFish","Toxic Egg 2","Boot","CultistMask","Tiny Chest","Cursed Key","Bag of Preparation","Bag of Marbles","Ornamental Fan","Matryoshka","Eternal Feather","Smiling Mask","Calling Bell","PreservedInsect","Blue Candle","Emotion Chip","Pen Nib","Ancient Tea Set","Lantern","War Paint","Strange Spoon"],"acts_visited":["Exordium","TheCity","TheBeyond"],"potions_floor_usage":[14,14,14,16],"damage_taken":[{"damage":1.0,"enemies":"Cultist","floor":1.0,"turns":4.0},{"damage":0.0,"enemies":"2 Louse","floor":2.0,"turns":3.0},{"damage":4.0,"enemies":"Jaw Worm","floor":4.0,"turns":4.0},{"damage":1.0,"enemies":"Looter","floor":5.0,"turns":3.0},{"damage":35.0,"enemies":"Gremlin Nob","floor":6.0,"turns":5.0},{"damage":8.0,"enemies":"Red Slaver","floor":8.0,"turns":4.0},{"damage":16.0,"enemies":"Lagavulin","floor":10.0,"turns":7.0},{"damage":20.0,"enemies":"Gremlin Gang","floor":11.0,"turns":5.0},{"damage":20.0,"enemies":"Gremlin Nob","floor":12.0,"turns":5.0},{"damage":7,"enemies":"Lagavulin","floor":14,"turns":6},{"damage":42,"enemies":"Hexaghost","floor":16,"turns":9},{"damage":1,"enemies":"Chosen","floor":18,"turns":5},{"damage":13,"enemies":"Spheric Guardian","floor":21,"turns":5},{"damage":15,"enemies":"Centurion and Healer","floor":22,"turns":6},{"damage":35,"enemies":"Gremlin Leader","floor":23,"turns":6},{"damage":38,"enemies":"Slavers","floor":25,"turns":4},{"damage":0,"enemies":"3 Cultists","floor":29,"turns":3},{"damage":15,"enemies":"Snake Plant","floor":30,"turns":4},{"damage":35,"enemies":"Collector","floor":33,"turns":8},{"damage":4,"enemies":"3 Shapes","floor":35,"turns":3},{"damage":31,"enemies":"3 Darklings","floor":37,"turns":4},{"damage":10,"enemies":"Maw","floor":39,"turns":9},{"damage":44,"enemies":"Nemesis","floor":40,"turns":3}],"seed_played":"-8233672713389338614","potions_obtained":[{"floor":5.0,"key":"Dexterity Potion"},{"floor":6.0,"key":"ColorlessPotion"},{"floor":12.0,"key":"DistilledChaos"},{"floor":14,"key":"Dexterity Potion"},{"floor":16,"key":"SkillPotion"},{"floor":18,"key":"FocusPotion"},{"floor":23,"key":"PotionOfCapacity"},{"floor":29,"key":"Energy Potion"}],"is_trial":true,"path_per_floor":["M","M","$","M","M","E","R","M","T","E","M","E","?","E","R","B",null,"M","?","T","M","M","E","R","E","T","R","?","M","M","T","R","B",null,"M","T","M","$","M","E"],"character_chosen":"DEFECT","items_purchased":["Hello World","Gash","Mayhem","Lantern","War Paint","Strange Spoon","Capacitor"],"campfire_rested":4,"item_purchase_floors":[3,3,38,38,38,38,38],"current_hp_per_floor":[74,74,74,70,75,47,69,68,68,59,46,26,26,26,48,13,75,75,52,52,50,52,40,52,18,18,33,33,41,41,41,52,34,52,52,52,28,28,35,0,0],"gold":132,"neow_bonus":"","is_daily":false,"chose_seed":false,"campfire_upgraded":1,"win_rate":0.0,"timestamp":1612796757,"path_taken":["M","M","?","?","M","E","R","M","T","E","M","E","?","E","R","BOSS","M","?","?","M","M","E","R","E","T","R","?","M","M","?","R","BOSS","M","?","M","$","M","E"],"items_purchased_type":["Card","Card","Card","Relic","Relic","Relic","Card"],"build_version":"2020-12-22","purchased_purges":1,"victory":false,"max_hp_per_floor":[75,75,75,75,75,75,75,75,75,75,75,75,75,75,75,75,75,75,52,52,52,52,52,52,52,52,52,52,52,52,52,52,52,52,52,52,52,52,52,52,52],"card_choices":[{"not_picked":["Redo","Darkness"],"picked":"Lockon","floor":1.0},{"not_picked":["Chaos","Hologram"],"picked":"Leap","floor":2.0},{"not_picked":["Leap","Hologram"],"picked":"Self Repair","floor":4.0},{"not_picked":["Steam","Go for the Eyes"],"picked":"Redo","floor":5.0},{"not_picked":["Doom and Gloom","Melter"],"picked":"Hello World","floor":6.0},{"not_picked":["Beam Cell","Streamline"],"picked":"Leap","floor":8.0},{"not_picked":["White Noise+1","Core Surge"],"picked":"Creative AI","floor":10.0},{"not_picked":["Consume+1","Fusion+1"],"picked":"Reinforced Body+1","floor":11.0},{"not_picked":["Glacier+1","Beam Cell"],"picked":"Redo+1","floor":12.0},{"not_picked":["Tempest+1","Compile Driver"],"picked":"Force Field+1","floor":14},{"not_picked":["Multi-Cast+1","Rainbow+1"],"picked":"Electrodynamics","floor":16},{"not_picked":["Sweeping Beam+1","Double Energy+1"],"picked":"Conserve Battery+1","floor":18},{"not_picked":["Turbo+1","Rebound"],"picked":"Gash","floor":21},{"not_picked":["Go for the Eyes","Beam Cell+1"],"picked":"Leap+1","floor":22},{"not_picked":["Conserve Battery+1","Rebound+1"],"picked":"Static Discharge+1","floor":23},{"not_picked":["Consume+1","Auto Shields+1"],"picked":"White Noise+1","floor":25},{"not_picked":["Rebound","Stack+1"],"picked":"Gash","floor":29},{"not_picked":["Cold Snap","Recycle+1"],"picked":"Creative AI","floor":30},{"not_picked":["Machine Learning","Meteor Strike"],"picked":"Amplify+1","floor":33},{"not_picked":["Beam Cell","Cold Snap"],"picked":"Sweeping Beam","floor":35},{"not_picked":["Coolheaded+1","Streamline"],"picked":"Hello World","floor":37},{"not_picked":["Beam Cell+1","Hologram+1"],"picked":"Stack+1","floor":39}],"player_experience":476997,"relics_obtained":[{"floor":6.0,"key":"Du-Vu Doll"},{"floor":9.0,"key":"CeramicFish"},{"floor":10.0,"key":"Toxic Egg 2"},{"floor":12.0,"key":"Boot"},{"floor":14,"key":"Tiny Chest"},{"floor":20,"key":"Bag of Preparation"},{"floor":23,"key":"Bag of Marbles"},{"floor":25,"key":"Ornamental Fan"},{"floor":26,"key":"Matryoshka"},{"floor":31,"key":"Eternal Feather"},{"floor":31,"key":"Smiling Mask"},{"floor":34,"key":"PreservedInsect"},{"floor":34,"key":"Blue Candle"},{"floor":34,"key":"Emotion Chip"},{"floor":36,"key":"Pen Nib"},{"floor":36,"key":"Ancient Tea Set"}],"event_choices":[{"damage_healed":0.0,"max_hp_gain":0.0,"max_hp_loss":0.0,"gold_gain":0.0,"event_name":"FaceTrader","player_choice":"Trade","floor":13.0,"gold_loss":0.0,"damage_taken":0.0,"relics_obtained":["CultistMask"]},{"damage_healed":0,"gold_gain":0,"player_choice":"Became a vampire","damage_taken":0,"max_hp_gain":0,"max_hp_loss":23,"event_name":"Vampires","floor":19,"gold_loss":0,"cards_obtained":["Bite","Bite","Bite","Bite","Bite"]},{"damage_healed":0,"gold_gain":0,"player_choice":"Bet on Owner","damage_taken":0,"max_hp_gain":0,"max_hp_loss":0,"event_name":"The Joust","floor":28,"gold_loss":50}],"is_beta":false,"boss_relics":[{"not_picked":["Philosopher\u0027s Stone","Fusion Hammer"],"picked":"Cursed Key"},{"not_picked":["FrozenCore","SlaversCollar"],"picked":"Calling Bell"}],"items_purged_floors":[38],"is_endless":true,"potions_floor_spawned":[5,6,12,14,16,18,23,29,30,35,37],"killed_by":"Nemesis","ascension_level":1}}