{"host":"5njoj2zap3ickz2y","time":1612752993,"event":{"mods":["BaseMod","Colored Map","Downfall","Minty Spire (QoL Compilation)","Permanent Neow","Quick Restart","Relic Stats","StSLib","Unceasing Turn Reminder"],"gold_per_floor":[99,113,113,23,34,34,34,34,44,57,57,42,42,65,83,187,187,87,102,121,137,137,72,72,90,109,109,128,128,228,123,161,260,260,260,294,244,298,298,198,198,224,124,155,197,217,284,295,334,334,334,363,4,4,4,4,4,4],"floor_reached":56,"language":"ENG","playtime":17077,"items_purged":["Pain","Guardian:Strike_Guardian","Guardian:Defend_Guardian","Guardian:Strike_Guardian","Guardian:Strike_Guardian"],"score":726,"play_id":"55e1ed20-b3ac-49e5-beca-5d8d8914ff95","local_time":"20210207185633","is_ascension_mode":false,"campfire_choices":[{"floor":1.0,"key":"RECALL"},{"data":"Guardian:TwinSlam","floor":6.0,"key":"SMITH"},{"data":"Guardian:SentryBeam","floor":11.0,"key":"SMITH"},{"data":"Guardian:WalkerClaw","floor":13.0,"key":"SMITH"},{"data":"Guardian:ChargeCore","floor":18.0,"key":"SMITH"},{"data":"Guardian:PrismaticBarrier","floor":27.0,"key":"SMITH"},{"data":"Guardian:RevengeProtocol","floor":29.0,"key":"SMITH"},{"data":"Guardian:MultiBeam","floor":35,"key":"SMITH"},{"data":"Guardian:SphericShield","floor":40,"key":"SMITH"},{"data":"Guardian:RefractedBeam+1","floor":43,"key":"SMITH"},{"data":"Guardian:RefractedBeam+2","floor":54,"key":"SMITH"}],"circlet_count":0,"master_deck":["Guardian:Strike_Guardian","Guardian:Defend_Guardian","Guardian:Defend_Guardian+1","Guardian:Defend_Guardian+1","Guardian:CurlUp","Guardian:TwinSlam+1","Guardian:ChargeCore+1","Guardian:WalkerClaw+1","Guardian:SentryBeam+1","Guardian:Reroute","Guardian:PrimingBeam","Guardian:RevengeProtocol+1","Guardian:RefractedBeam+3","Guardian:PrimingBeam+1","Guardian:PrismaticBarrier+1","Guardian:MultiBeam+1","Guardian:SphericShield+1","HandOfGreed+1","Guardian:PrismaticBeam+1","Guardian:SphericShield","Guardian:DecasProtection","Guardian:TemporalShield+1","Parasite","Guardian:ConstructionForm","expansioncontent:AwakenDeath"],"relics":["Velvet Choker","WarpedTongs","Kunai","Smiling Mask","Philosopher\u0027s Stone","downfall:HeartBlessingRed","Thread and Needle","Ornamental Fan","Chemical X","SlaversCollar","TungstenRod","downfall:HeartBlessingBlue","HornCleat","Incense Burner","downfall:HeartBlessingGreen","MealTicket","Happy Flower","War Paint"],"acts_visited":["Exordium","TheCity","TheBeyond","TheEnding"],"potions_floor_usage":[33,38,49,55,56],"damage_taken":[{"damage":0.0,"enemies":"Cultist","floor":2.0,"turns":3.0},{"damage":8.0,"enemies":"downfall:FleeingMerchant","floor":4.0,"turns":4.0},{"damage":5.0,"enemies":"Small Slimes","floor":5.0,"turns":3.0},{"damage":0.0,"enemies":"2 Louse","floor":9.0,"turns":2.0},{"damage":14.0,"enemies":"Exordium Wildlife","floor":10.0,"turns":3.0},{"damage":0.0,"enemies":"downfall:FleeingMerchant","floor":12.0,"turns":4.0},{"damage":0.0,"enemies":"3 Louse","floor":15.0,"turns":2.0},{"damage":17.0,"enemies":"IC_STATUS_ARCHETYPE","floor":16.0,"turns":8.0},{"damage":0.0,"enemies":"Spheric Guardian","floor":19.0,"turns":3.0},{"damage":3.0,"enemies":"Centurion and Healer","floor":20.0,"turns":5.0},{"damage":0.0,"enemies":"3 Cultists","floor":21.0,"turns":4.0},{"damage":8.0,"enemies":"downfall:FleeingMerchant","floor":23.0,"turns":4.0},{"damage":8.0,"enemies":"Snake Plant","floor":25.0,"turns":2.0},{"damage":12.0,"enemies":"Cultist and Chosen","floor":26.0,"turns":4.0},{"damage":1.0,"enemies":"Centurion and Healer","floor":28.0,"turns":4.0},{"damage":5.0,"enemies":"DF_ARCHETYPE_STREAMLINE","floor":30.0,"turns":5.0},{"damage":2.0,"enemies":"downfall:FleeingMerchant","floor":31.0,"turns":4.0},{"damage":6.0,"enemies":"Shelled Parasite and Fungi","floor":32.0,"turns":2.0},{"damage":27,"enemies":"SI_MIRROR_ARCHETYPE","floor":33,"turns":9},{"damage":0,"enemies":"3 Shapes","floor":36,"turns":4},{"damage":14,"enemies":"2 Orb Walkers","floor":38,"turns":6},{"damage":0,"enemies":"Giant Head","floor":42,"turns":8},{"damage":19,"enemies":"Nemesis","floor":44,"turns":5},{"damage":0,"enemies":"Orb Walker","floor":45,"turns":4},{"damage":0,"enemies":"Maw","floor":46,"turns":8},{"damage":0,"enemies":"Jaw Worm Horde","floor":47,"turns":6},{"damage":0,"enemies":"Writhing Mass","floor":48,"turns":5},{"damage":0,"enemies":"Maw","floor":49,"turns":8},{"damage":51,"enemies":"DF_ARCHETYPE_ORBS","floor":50,"turns":13},{"damage":69,"enemies":"downfall:CharBossMerchant","floor":52,"turns":12},{"damage":16,"enemies":"downfall:NeowBoss","floor":55,"turns":11},{"damage":77,"enemies":"downfall:NeowBossFinal","floor":56,"turns":11}],"seed_played":"1551878656777504683","potions_obtained":[{"floor":5.0,"key":"Guardian:AcceleratePotion"},{"floor":9.0,"key":"Guardian:DefensiveModePotion"},{"floor":19.0,"key":"BlessingOfTheForge"},{"floor":25.0,"key":"sneckomod:MuddlingPotion"},{"floor":30.0,"key":"Guardian:BlockOnCardUsePotion"},{"floor":32.0,"key":"Block Potion"},{"floor":33,"key":"hexamod:SoulburnPotion"},{"floor":42,"key":"Regen Potion"},{"floor":52,"key":"PowerPotion"}],"is_trial":false,"path_per_floor":["R","M","?","$","M","R","T","?","M","M","R","$","R","T","M","B",null,"R","M","M","M","?","$","T","M","M","R","M","R","?","$","M","B",null,"R","M","$","?","?","R","T","E","R","E","M","M","M","M","M","B",null,"E","$","R","B","B"],"character_chosen":"GUARDIAN","items_purchased":["Guardian:Gem_Red","HandOfGreed","Chemical X","Guardian:ConstructionForm","expansioncontent:AwakenDeath","War Paint"],"campfire_rested":0,"item_purchase_floors":[31,31,31,53,53,53],"current_hp_per_floor":[80,80,80,72,67,67,67,55,55,41,41,41,41,41,41,24,80,80,80,77,77,77,69,69,61,49,49,48,48,43,41,35,8,80,80,80,80,66,66,76,76,76,76,57,57,57,57,57,72,21,90,21,36,36,20,0,0,0],"gold":4,"neow_bonus":"BOSS_RELIC","is_daily":false,"chose_seed":false,"campfire_upgraded":10,"win_rate":0.0,"timestamp":1612752993,"path_taken":["R","M","?","?","M","R","T","?","M","M","R","$","R","?","M","BOSS","R","M","M","M","?","$","T","M","M","R","M","R","?","$","M","BOSS","R","M","$","?","?","R","T","E","R","E","M","?","M","M","M","BOSS","E","$","R","BOSS","BOSS"],"items_purchased_type":["Card","Card","Relic","Card","Card","Relic"],"build_version":"2020-12-22","purchased_purges":5,"victory":false,"max_hp_per_floor":[80,80,80,80,80,80,80,80,80,80,80,80,80,80,80,80,80,80,80,80,80,80,80,80,80,80,80,80,80,80,80,80,80,80,80,80,80,80,80,90,90,90,90,90,90,90,90,90,90,90,90,90,90,90,90,90,90,90],"relic_stats":{"Happy Flower":[7],"counters":[32,176],"Ornamental Fan":[244],"MealTicket":15,"Kunai":[89],"Chemical X":[25],"War Paint":["Guardian:Defend_Guardian","Guardian:Defend_Guardian"],"Smiling Mask":350,"obtain_stats":[{"downfall:HeartBlessingRed":18,"Happy Flower":52,"Guardian:ModeShifter":0,"Velvet Choker":0,"Thread and Needle":30,"downfall:HeartBlessingGreen":43,"Incense Burner":42,"War Paint":53,"Smiling Mask":14,"WarpedTongs":3,"SlaversCollar":34,"HornCleat":41,"Ornamental Fan":30,"downfall:HeartBlessingBlue":40,"Philosopher\u0027s Stone":17,"MealTicket":44,"Kunai":7,"Chemical X":31,"TungstenRod":38},{"downfall:HeartBlessingRed":8,"Happy Flower":30,"Guardian:ModeShifter":0,"Velvet Choker":0,"Thread and Needle":16,"downfall:HeartBlessingGreen":22,"Incense Burner":22,"War Paint":30,"Smiling Mask":6,"WarpedTongs":1,"SlaversCollar":19,"HornCleat":21,"Ornamental Fan":16,"downfall:HeartBlessingBlue":21,"Philosopher\u0027s Stone":8,"MealTicket":23,"Kunai":3,"Chemical X":17,"TungstenRod":21},{"downfall:HeartBlessingRed":29,"Happy Flower":154,"Guardian:ModeShifter":0,"Velvet Choker":0,"Thread and Needle":60,"downfall:HeartBlessingGreen":93,"Incense Burner":93,"War Paint":154,"Smiling Mask":19,"WarpedTongs":3,"SlaversCollar":75,"HornCleat":85,"Ornamental Fan":60,"downfall:HeartBlessingBlue":85,"Philosopher\u0027s Stone":29,"MealTicket":98,"Kunai":10,"Chemical X":64,"TungstenRod":85}],"TungstenRod":17,"WarpedTongs":[156]},"card_choices":[{"not_picked":["Guardian:CrystalBeam","Guardian:PrimingBeam"],"picked":"Guardian:ChargeCore","floor":2.0},{"not_picked":["Guardian:PiercingHide","Guardian:Emergency"],"picked":"Guardian:WalkerClaw","floor":4.0},{"not_picked":["Guardian:TemporalStrike","Guardian:Gem_Cyan"],"picked":"Guardian:Gem_Red","floor":5.0},{"not_picked":["Guardian:PrimingBeam","Guardian:TimeBomb"],"picked":"Guardian:SentryBeam","floor":9.0},{"not_picked":["Guardian:ShieldCharger","Guardian:WalkerClaw"],"picked":"Guardian:Reroute","floor":10.0},{"not_picked":["Guardian:FloatingOrbs","Guardian:DecasProtection"],"picked":"Guardian:Gem_White","floor":12.0},{"not_picked":["Guardian:TemporalStrike","Guardian:ChargeCore"],"picked":"Guardian:PrimingBeam","floor":15.0},{"not_picked":["Guardian:StasisStrike","Guardian:Gem_Synthetic"],"picked":"Guardian:RevengeProtocol","floor":16.0},{"not_picked":["Guardian:Planning+1","Guardian:Reroute+1","Guardian:GuardianWhirl+1"],"picked":"SKIP","floor":19.0},{"not_picked":["Guardian:Gem_Green","Guardian:Gem_Cyan"],"picked":"Guardian:Gem_Blue","floor":20.0},{"not_picked":["Guardian:Recover","Guardian:Reroute"],"picked":"Guardian:RefractedBeam+1","floor":21.0},{"not_picked":["Guardian:WalkerClaw","Guardian:Gem_Cyan"],"picked":"Guardian:PrimingBeam+1","floor":23.0},{"not_picked":["Guardian:TemporalStrike+1","Guardian:PolyBeam"],"picked":"Guardian:PrismaticBarrier","floor":25.0},{"not_picked":["Guardian:Suspension","Guardian:Reroute"],"picked":"Guardian:Gem_Purple","floor":26.0},{"not_picked":["Guardian:PiercingHide","Guardian:SentryBeam+1","Guardian:FloatingOrbs"],"picked":"SKIP","floor":28.0},{"not_picked":["Guardian:Planning+1","Guardian:RollAttack+1"],"picked":"Guardian:MultiBeam","floor":30.0},{"not_picked":["Guardian:Planning","Guardian:CrystalBeam+1"],"picked":"Guardian:SphericShield","floor":31.0},{"not_picked":["Guardian:BronzeOrb","Guardian:PiercingHide+1"],"picked":"Guardian:PrismaticBeam+1","floor":32.0},{"not_picked":["Guardian:AncientConstruct","Guardian:SphericShield"],"picked":"Guardian:Gem_Orange","floor":33},{"not_picked":["Guardian:TemporalStrike","Guardian:Recover+1","Guardian:Reroute"],"picked":"SKIP","floor":36},{"not_picked":["Guardian:VentSteam+1","Guardian:Reroute"],"picked":"Guardian:SphericShield","floor":42},{"not_picked":["Guardian:DecasProtection+1","Guardian:RollAttack+1"],"picked":"Guardian:Gem_Crimson","floor":44},{"not_picked":["Guardian:BronzeOrb","Guardian:VentSteam+1","Guardian:Reroute+1"],"picked":"SKIP","floor":45},{"not_picked":["Guardian:SentryBeam+1","Guardian:TemporalShield"],"picked":"Guardian:DecasProtection","floor":46},{"not_picked":["Guardian:Gem_Cyan","Guardian:RollAttack"],"picked":"Guardian:TemporalShield+1","floor":47},{"not_picked":["Guardian:FastForward","Guardian:Emergency+1","Guardian:TemporalStrike+1"],"picked":"SKIP","floor":48},{"not_picked":["Guardian:PrismaticBarrier+1","Guardian:EvasiveProtocol"],"picked":"Guardian:Gem_Blue","floor":49},{"not_picked":["Guardian:ChargeCore+1","Guardian:PrimingBeam+1"],"picked":"Guardian:Gem_Green","floor":52}],"player_experience":1791689,"relics_obtained":[{"floor":7.0,"key":"Kunai"},{"floor":14.0,"key":"Smiling Mask"},{"floor":30.0,"key":"Thread and Needle"},{"floor":30.0,"key":"Ornamental Fan"},{"floor":38,"key":"TungstenRod"},{"floor":41,"key":"HornCleat"},{"floor":42,"key":"Incense Burner"},{"floor":44,"key":"MealTicket"},{"floor":52,"key":"Happy Flower"}],"event_choices":[{"damage_healed":0,"gold_gain":0,"player_choice":"Fight","damage_taken":0,"max_hp_gain":0,"max_hp_loss":0,"event_name":"Mysterious Sphere","floor":38,"gold_loss":0}],"is_beta":false,"boss_relics":[{"not_picked":["Fusion Hammer","Guardian:StasisSlotReductionRelic"],"picked":"Philosopher\u0027s Stone"},{"not_picked":["bronze:MakeshiftBattery","Cursed Key"],"picked":"SlaversCollar"}],"items_purged_floors":[4,23,31,37,53],"is_endless":false,"potions_floor_spawned":[5,9,19,25,26,30,32,33,36,42,45,46,52],"killed_by":"downfall:NeowBossFinal","ascension_level":0}}