{"host":"o6nndy8fvkon49s1","time":1612821011,"event":{"mods":["BaseMod","CapriCore","Hermit","HololiveMod","Marisa????????","Minty Spire (QoL Compilation)","Prisma Mod","Reimu??????","StSLib","Td1madao Mod","The Animator","The Immortal","The Marked","The Senshi","The Servant 0.9.4"],"gold_per_floor":[119,119,136,136,154,154,187,34,87,107,107,127,160,160],"floor_reached":13,"language":"ENG","playtime":455,"items_purged":[],"score":95,"play_id":"0c59d634-0c03-4b0b-8a79-09c908197f5a","local_time":"20210208155011","is_ascension_mode":false,"campfire_choices":[{"data":"PrismaMod:IllyaPoisonTippedWeapons","floor":6,"key":"SMITH"},{"data":"PrismaMod:IllyaUncommonDefend","floor":11,"key":"SMITH"}],"circlet_count":0,"master_deck":["PrismaMod:IllyaCommonAttack","PrismaMod:IllyaCommonDefend","PrismaMod:IllyaCommonAttack","PrismaMod:IllyaCommonDefend","PrismaMod:IllyaCommonAttack","PrismaMod:IllyaCommonDefend","PrismaMod:IllyaCommonAttack","PrismaMod:IllyaCommonDefend","PrismaMod:IllyaCommonAttack","PrismaMod:IllyaCommonDefend","PrismaMod:IllyaUncommonAttack","PrismaMod:IllyaUncommonDefend+1","PrismaMod:IllyaPoisonTippedWeapons+1","PrismaMod:IllyaFriendMaker","PrismaMod:IllyaBoysLove","PrismaMod:IllyaInstallCaster","PrismaMod:IllyaCommandSeal"],"relics":["PrismaMod:PrismaRuby","Happy Flower","Toy Ornithopter","Oddly Smooth Stone","InkBottle"],"acts_visited":["Exordium"],"potions_floor_usage":[12,13],"damage_taken":[{"damage":6,"enemies":"Small Slimes","floor":1,"turns":3},{"damage":0,"enemies":"Jaw Worm","floor":3,"turns":4},{"damage":6,"enemies":"Cultist","floor":5,"turns":4},{"damage":12,"enemies":"Gremlin Nob","floor":7,"turns":4},{"damage":3,"enemies":"3 Louse","floor":10,"turns":5},{"damage":1,"enemies":"Looter","floor":12,"turns":4},{"damage":9,"enemies":"Lagavulin","floor":13,"turns":6}],"seed_played":"-5135828932779505112","potions_obtained":[{"floor":3,"key":"DuplicationPotion"},{"floor":5,"key":"Dexterity Potion"},{"floor":10,"key":"SpeedPotion"}],"is_trial":false,"path_per_floor":["M","?","M","?","M","R","E","$","T","M","R","M","E"],"character_chosen":"ILLYA","items_purchased":["PrismaMod:IllyaInstallCaster"],"campfire_rested":0,"item_purchase_floors":[8],"current_hp_per_floor":[76,81,81,81,75,75,63,63,63,60,60,64,63,63],"gold":160,"neow_bonus":"TEN_PERCENT_HP_BONUS","is_daily":false,"chose_seed":false,"campfire_upgraded":2,"win_rate":0.0,"timestamp":1612821011,"path_taken":["M","?","M","?","M","R","E","$","T","M","R","?","E"],"items_purchased_type":["Card"],"build_version":"2020-12-22","purchased_purges":0,"victory":false,"max_hp_per_floor":[82,87,87,87,87,87,87,87,87,87,87,87,87,87],"card_choices":[{"not_picked":["PrismaMod:IllyaHassanGift","PrismaMod:IllyaPartialInstallAssassin"],"picked":"PrismaMod:IllyaPoisonTippedWeapons","floor":1},{"not_picked":["PrismaMod:IllyaPoisonBlock","PrismaMod:IllyaPoisonBomb","PrismaMod:IllyaPoisonTippedWeapons"],"picked":"SKIP","floor":3},{"not_picked":["PrismaMod:IllyaBride","PrismaMod:IllyaEvokeAll"],"picked":"PrismaMod:IllyaFriendMaker","floor":5},{"not_picked":["PrismaMod:IllyaRussianRoulette","PrismaMod:IllyaRapidFire"],"picked":"PrismaMod:IllyaBoysLove","floor":7},{"not_picked":["PrismaMod:IllyaUberChannel","PrismaMod:IllyaPoisoningPhantasm"],"picked":"PrismaMod:IllyaCommandSeal","floor":10},{"not_picked":["PrismaMod:IllyaUncommonAttack","PrismaMod:IllyaGun","PrismaMod:IllyaGrailKun"],"picked":"SKIP","floor":12}],"player_experience":263667,"relics_obtained":[{"floor":7,"key":"Toy Ornithopter"},{"floor":9,"key":"Oddly Smooth Stone"},{"floor":13,"key":"InkBottle"}],"event_choices":[{"damage_healed":0,"gold_gain":0,"player_choice":"Donut","damage_taken":0,"max_hp_gain":5,"max_hp_loss":0,"event_name":"Big Fish","floor":2,"gold_loss":0},{"damage_healed":0,"gold_gain":0,"player_choice":"Gave Potion","damage_taken":0,"relics_obtained":["Happy Flower"],"max_hp_gain":0,"max_hp_loss":0,"event_name":"WeMeetAgain","floor":4,"gold_loss":0}],"is_beta":false,"boss_relics":[],"items_purged_floors":[],"is_endless":false,"potions_floor_spawned":[3,5,10],"killed_by":"Lagavulin","ascension_level":0}}