{"host":"s8k5cflc37iwptcn","time":1612821912,"event":{"mods":["BaseMod","Minty Spire (QoL Compilation)","Relic Stats"],"gold_per_floor":[362,312,161,236,249,279,279,279,355,355,355],"floor_reached":10,"language":"ENG","playtime":367,"items_purged":[],"score":74,"play_id":"63c59561-e85b-4381-a512-32be69df3b40","local_time":"20210208230512","is_ascension_mode":true,"campfire_choices":[{"data":"Wild Strike","floor":7.0,"key":"SMITH"}],"circlet_count":0,"master_deck":["Strike_R","Strike_R","Strike_R","Strike_R","Defend_R","Defend_R","Defend_R","Defend_R","Bash","Clothesline","Wild Strike+1","Shockwave"],"relics":["Burning Blood","Bag of Preparation","Mummified Hand","Tiny Chest","White Beast Statue"],"acts_visited":["Exordium"],"potions_floor_usage":[],"damage_taken":[{"damage":2.0,"enemies":"2 Louse","floor":1.0,"turns":3.0},{"damage":5.0,"enemies":"Small Slimes","floor":5.0,"turns":3.0},{"damage":37.0,"enemies":"Lagavulin","floor":6.0,"turns":7.0},{"damage":20,"enemies":"3 Sentries","floor":10,"turns":3}],"seed_played":"6297986972465398061","potions_obtained":[{"floor":5.0,"key":"LiquidMemories"}],"is_trial":false,"path_per_floor":["M","?","$","?","M","E","R","?","T","E"],"character_chosen":"IRONCLAD","items_purchased":["Bag of Preparation"],"campfire_rested":0,"item_purchase_floors":[3],"current_hp_per_floor":[60,60,60,49,50,19,19,19,19,0,0],"gold":355,"neow_bonus":"TWO_FIFTY_GOLD","is_daily":false,"chose_seed":false,"campfire_upgraded":1,"win_rate":0.0,"timestamp":1612821912,"path_taken":["M","?","$","?","M","E","R","?","T","E"],"items_purchased_type":["Relic"],"build_version":"2020-12-22","purchased_purges":0,"victory":false,"max_hp_per_floor":[80,80,80,80,80,80,80,80,80,80,80],"relic_stats":{"counters":[4,16],"Mummified Hand":[0],"Tiny Chest":0,"Bag of Preparation":[6],"obtain_stats":[{"Mummified Hand":6,"Tiny Chest":8,"Bag of Preparation":3,"Burning Blood":0,"White Beast Statue":9},{"Mummified Hand":3,"Tiny Chest":3,"Bag of Preparation":1,"Burning Blood":0,"White Beast Statue":3},{"Mummified Hand":13,"Tiny Chest":13,"Bag of Preparation":3,"Burning Blood":0,"White Beast Statue":13}],"Burning Blood":18},"card_choices":[{"not_picked":["Seeing Red","Rage"],"picked":"Clothesline","floor":1.0},{"not_picked":["Battle Trance","Sever Soul"],"picked":"Wild Strike","floor":5.0},{"not_picked":["Perfected Strike","Havoc"],"picked":"Shockwave","floor":6.0}],"player_experience":139419,"relics_obtained":[{"floor":6.0,"key":"Mummified Hand"},{"floor":9.0,"key":"White Beast Statue"}],"event_choices":[{"cards_removed":["Strike_R"],"damage_healed":0.0,"max_hp_gain":0.0,"max_hp_loss":0.0,"gold_gain":0.0,"event_name":"The Cleric","player_choice":"Card Removal","floor":2.0,"gold_loss":50.0,"damage_taken":0.0},{"damage_healed":0.0,"max_hp_gain":0.0,"max_hp_loss":0.0,"gold_gain":75.0,"event_name":"World of Goop","player_choice":"Gather Gold","floor":4.0,"gold_loss":0.0,"damage_taken":11.0},{"damage_healed":0.0,"max_hp_gain":0.0,"max_hp_loss":0.0,"gold_gain":0.0,"event_name":"Dead Adventurer","player_choice":"Searched \u00271\u0027 times","floor":8.0,"gold_loss":0.0,"damage_taken":0.0,"relics_obtained":["Tiny Chest"]}],"is_beta":false,"boss_relics":[],"items_purged_floors":[],"is_endless":false,"potions_floor_spawned":[5],"killed_by":"3 Sentries","ascension_level":3}}