{"host":"y0i0tbisecj7yjyn","time":1612746974,"event":{"mods":["A Penny For Your Troubles","AlwaysNeverKeys","BaseMod","BetterRewards","Colored Map","Colored Powertips","Curses Come First","Displayed Cursed Tome","Keyboard Shortcuts","Minty Spire (QoL Compilation)","Random Character Button","Rare Cards Sparkle","Relic Sorter","StSLib","SuperFastMode","Transform Curses","Weighted Paths"],"gold_per_floor":[111,386,403,423,434,464,464,493,517,122,122,122,138,150,150,246,246,265,265,265,119,119,119,133,133,214,214,214],"floor_reached":27,"language":"ENG","playtime":1113,"items_purged":["Regret"],"score":268,"play_id":"257bcbb0-e4ac-4a4e-8e76-7f92ee2f24d1","local_time":"20210207191614","is_ascension_mode":true,"campfire_choices":[{"floor":7,"key":"REST"},{"floor":15,"key":"REST"},{"floor":23,"key":"REST"}],"circlet_count":0,"master_deck":["Strike_B","Strike_B","Strike_B","Strike_B","Defend_B","Defend_B","Defend_B","Defend_B","Zap","Dualcast","Coolheaded","Chill","Hello World","Defragment","Blizzard","Metamorphosis","Storm","Coolheaded","Creative AI","Creative AI","Conserve Battery"],"relics":["Cracked Core","Emotion Chip","Bag of Preparation","Strawberry","Vajra","Fusion Hammer","Boot","Pear"],"acts_visited":["Exordium","TheCity"],"potions_floor_usage":[5,6,8,8,8,8,13,13,27],"damage_taken":[{"damage":0,"enemies":"Cultist","floor":1,"turns":4},{"damage":2,"enemies":"Jaw Worm","floor":3,"turns":3},{"damage":5,"enemies":"Small Slimes","floor":4,"turns":4},{"damage":19,"enemies":"Exordium Wildlife","floor":5,"turns":5},{"damage":24,"enemies":"Lagavulin","floor":6,"turns":7},{"damage":20,"enemies":"Gremlin Nob","floor":8,"turns":3},{"damage":2,"enemies":"Large Slime","floor":13,"turns":4},{"damage":17,"enemies":"Exordium Thugs","floor":14,"turns":4},{"damage":19,"enemies":"Hexaghost","floor":16,"turns":7},{"damage":30,"enemies":"3 Byrds","floor":18,"turns":3},{"damage":26,"enemies":"2 Thieves","floor":24,"turns":3},{"damage":55,"enemies":"Slavers","floor":27,"turns":3}],"seed_played":"-2246133567047052737","potions_obtained":[{"floor":0,"key":"DuplicationPotion"},{"floor":0,"key":"SneckoOil"},{"floor":0,"key":"Weak Potion"},{"floor":3,"key":"EntropicBrew"},{"floor":5,"key":"ColorlessPotion"},{"floor":8,"key":"Dexterity Potion"},{"floor":24,"key":"Weak Potion"}],"is_trial":false,"path_per_floor":["M","?","M","M","M","E","R","E","T","$","$","?","M","M","R","B",null,"M","?","?","$","?","R","M","$","T","E"],"character_chosen":"DEFECT","items_purchased":["Vajra","Metamorphosis","Boot"],"campfire_rested":3,"item_purchase_floors":[10,10,21],"current_hp_per_floor":[75,75,73,68,49,25,47,27,34,34,34,34,32,15,39,20,82,52,36,36,36,36,62,36,36,46,0,0],"gold":214,"neow_bonus":"THREE_SMALL_POTIONS","is_daily":false,"chose_seed":false,"campfire_upgraded":0,"win_rate":0.0,"timestamp":1612746974,"path_taken":["M","?","?","M","M","E","R","E","T","?","$","?","M","M","R","BOSS","M","?","?","?","?","R","?","?","T","E"],"items_purchased_type":["Relic","Card","Relic"],"build_version":"2020-12-22","purchased_purges":1,"victory":false,"max_hp_per_floor":[75,75,75,75,75,75,75,75,82,82,82,82,82,82,82,82,82,82,87,87,87,87,87,87,87,97,97,97],"card_choices":[{"not_picked":["Blizzard","Capacitor"],"picked":"Coolheaded","floor":1},{"not_picked":["Genetic Algorithm","Redo"],"picked":"Chill","floor":3},{"not_picked":["Compile Driver","Barrage","Glacier"],"picked":"SKIP","floor":4},{"not_picked":["Turbo","Capacitor"],"picked":"Hello World","floor":5},{"not_picked":["Fusion","Gash"],"picked":"Defragment","floor":6},{"not_picked":["Thunder Strike","Conserve Battery"],"picked":"Blizzard","floor":8},{"not_picked":["Aggregate","Doom and Gloom"],"picked":"Storm","floor":13},{"not_picked":["Darkness","Ball Lightning"],"picked":"Coolheaded","floor":14},{"not_picked":["Multi-Cast","Biased Cognition"],"picked":"Creative AI","floor":16},{"not_picked":["Rebound","BootSequence","Turbo"],"picked":"SKIP","floor":18},{"not_picked":["Lockon","Redo"],"picked":"Conserve Battery","floor":24}],"player_experience":390122,"relics_obtained":[{"floor":6,"key":"Emotion Chip"},{"floor":8,"key":"Bag of Preparation"},{"floor":9,"key":"Strawberry"},{"floor":26,"key":"Pear"}],"event_choices":[{"damage_healed":0,"gold_gain":275,"player_choice":"Desecrate","damage_taken":0,"max_hp_gain":0,"max_hp_loss":0,"event_name":"Golden Shrine","floor":2,"gold_loss":0,"cards_obtained":["Regret"]},{"damage_healed":0,"gold_gain":0,"player_choice":"Ignored","damage_taken":0,"max_hp_gain":0,"max_hp_loss":0,"event_name":"Golden Wing","floor":12,"gold_loss":0},{"damage_healed":0,"gold_gain":0,"player_choice":"Shed Blood","damage_taken":21,"max_hp_gain":5,"max_hp_loss":0,"event_name":"Forgotten Altar","floor":19,"gold_loss":0},{"damage_healed":0,"gold_gain":0,"player_choice":"Ignored","damage_taken":0,"max_hp_gain":0,"max_hp_loss":0,"event_name":"Vampires","floor":20,"gold_loss":0},{"damage_healed":0,"gold_gain":0,"player_choice":"Copied","damage_taken":0,"max_hp_gain":0,"max_hp_loss":0,"event_name":"Duplicator","floor":22,"gold_loss":0,"cards_obtained":["Creative AI"]}],"is_beta":false,"boss_relics":[{"not_picked":["Runic Pyramid","Ectoplasm"],"picked":"Fusion Hammer"}],"items_purged_floors":[10],"is_endless":false,"potions_floor_spawned":[3,5,8,24],"killed_by":"Slavers","ascension_level":2}}