{"host":"udzsrhbqdxqtlypj","time":1612813371,"event":{"mods":["BaseMod","Minty Spire (QoL Compilation)","Relic Stats"],"gold_per_floor":[117,117,131,206,44,44,113,164,232,297,353,416,128,153,153],"floor_reached":14,"language":"ENG","playtime":1201,"items_purged":["Strike_G"],"score":150,"play_id":"33647ff3-4fdb-49ec-a9cb-d78536b15406","local_time":"20210208134251","is_ascension_mode":true,"campfire_choices":[{"data":"HandOfGreed","floor":6,"key":"SMITH"}],"circlet_count":0,"master_deck":["AscendersBane","Strike_G","Strike_G","Strike_G","Strike_G","Defend_G+1","Defend_G","Defend_G","Defend_G","Defend_G","Survivor","Neutralize","Flying Knee","Poisoned Stab","HandOfGreed+1","Blade Dance+1","Footwork","Dash","Calculated Gamble","PiercingWail","Eviscerate"],"relics":["Ring of the Snake","NeowsBlessing","Bag of Marbles","InkBottle","War Paint","Ancient Tea Set"],"acts_visited":["Exordium"],"potions_floor_usage":[8,14],"damage_taken":[{"damage":0,"enemies":"Cultist","floor":1,"turns":1},{"damage":0,"enemies":"Jaw Worm","floor":3,"turns":1},{"damage":0,"enemies":"2 Louse","floor":7,"turns":3},{"damage":20,"enemies":"Lagavulin","floor":8,"turns":5},{"damage":0,"enemies":"Large Slime","floor":10,"turns":7},{"damage":3,"enemies":"Gremlin Nob","floor":11,"turns":3},{"damage":6,"enemies":"3 Louse","floor":12,"turns":4},{"damage":29,"enemies":"3 Sentries","floor":14,"turns":6}],"seed_played":"-1009821511869283973","potions_obtained":[{"floor":3,"key":"BlessingOfTheForge"},{"floor":7,"key":"Dexterity Potion"},{"floor":11,"key":"CultistPotion"}],"is_trial":false,"path_per_floor":["M","?","M","?","$","R","M","E","T","M","E","M","$","E"],"character_chosen":"THE_SILENT","items_purchased":["HandOfGreed","Ancient Tea Set","Eviscerate"],"campfire_rested":0,"item_purchase_floors":[5,13,13],"current_hp_per_floor":[63,68,68,57,57,57,57,37,37,37,34,28,28,0,0],"gold":153,"neow_bonus":"THREE_ENEMY_KILL","is_daily":false,"chose_seed":false,"campfire_upgraded":1,"win_rate":0.0,"timestamp":1612813371,"path_taken":["M","?","M","?","$","R","M","E","T","M","E","M","?","E"],"items_purchased_type":["Card","Relic","Card"],"build_version":"2020-12-22","purchased_purges":1,"victory":false,"max_hp_per_floor":[70,75,75,75,75,75,75,75,75,75,75,75,75,75,75],"relic_stats":{"counters":[8,30],"War Paint":["Blade Dance","Defend_G"],"obtain_stats":[{"NeowsBlessing":0,"Bag of Marbles":8,"War Paint":11,"Ancient Tea Set":13,"InkBottle":9,"Ring of the Snake":0},{"NeowsBlessing":0,"Bag of Marbles":4,"War Paint":6,"Ancient Tea Set":7,"InkBottle":4,"Ring of the Snake":0},{"NeowsBlessing":0,"Bag of Marbles":10,"War Paint":20,"Ancient Tea Set":24,"InkBottle":10,"Ring of the Snake":0}],"InkBottle":[4],"Ring of the Snake":[16]},"card_choices":[{"not_picked":["Backstab","Outmaneuver"],"picked":"Flying Knee","floor":1},{"not_picked":["Distraction","Catalyst"],"picked":"Poisoned Stab","floor":3},{"not_picked":["Poisoned Stab","Cloak And Dagger"],"picked":"Blade Dance","floor":7},{"not_picked":["Skewer","Accuracy"],"picked":"Footwork","floor":8},{"not_picked":["Dagger Throw","Reflex"],"picked":"Dash","floor":10},{"not_picked":["Acrobatics","Underhanded Strike"],"picked":"Calculated Gamble","floor":11},{"not_picked":["Dodge and Roll","Poisoned Stab"],"picked":"PiercingWail","floor":12}],"player_experience":2838197,"relics_obtained":[{"floor":8,"key":"Bag of Marbles"},{"floor":9,"key":"InkBottle"},{"floor":11,"key":"War Paint"}],"event_choices":[{"damage_healed":0,"gold_gain":0,"player_choice":"Donut","damage_taken":0,"max_hp_gain":5,"max_hp_loss":0,"event_name":"Big Fish","floor":2,"gold_loss":0},{"damage_healed":0,"gold_gain":75,"player_choice":"Gather Gold","damage_taken":11,"max_hp_gain":0,"max_hp_loss":0,"event_name":"World of Goop","floor":4,"gold_loss":0}],"is_beta":false,"boss_relics":[],"items_purged_floors":[13],"is_endless":false,"potions_floor_spawned":[3,7,11],"killed_by":"3 Sentries","ascension_level":10}}