{"host":"c2vrdknshfutmcsq","time":1612810790,"event":{"mods":["BaseMod","Minty Spire (QoL Compilation)"],"gold_per_floor":[17,35,35,83,102,102,129,129,129,129,149,173,191,225,225,321,321,337,262,282,297,297,297,313,348,373,409,425,41,41,62,62,155,155,168,168,189,213,236,284,314,314,338,14,14,86,109,136,136,136,136,136],"floor_reached":51,"language":"ENG","playtime":11556,"items_purged":[],"score":1537,"play_id":"93236e87-cbae-4a09-a124-aa5482cef88e","local_time":"20210208195950","is_ascension_mode":true,"campfire_choices":[{"data":"Dualcast","floor":6.0,"key":"SMITH"},{"floor":8.0,"key":"REST"},{"floor":15.0,"key":"REST"},{"floor":23.0,"key":"REST"},{"floor":30.0,"key":"REST"},{"floor":32.0,"key":"REST"},{"data":"Fission","floor":42.0,"key":"SMITH"},{"data":"Buffer","floor":45.0,"key":"SMITH"},{"floor":49.0,"key":"REST"}],"circlet_count":0,"master_deck":["AscendersBane","Dualcast+1","Streamline","Conserve Battery","Undo","Seek","Lockon","Barrage","BootSequence","Reinforced Body","Rainbow","Steam Power","Buffer+1","Cold Snap","Fission+1","Ball Lightning","Doom and Gloom","Seek","Conserve Battery","Stack","Ball Lightning","Defragment","Ball Lightning","Seek","Conserve Battery","Stack+1","BootSequence+1","Stack+1","Buffer","Self Repair","Conserve Battery+1","Reboot+1","Stack+1","Hologram+1","Double Energy+1"],"relics":["Cracked Core","Emotion Chip","DataDisk","Question Card","Orichalcum","Golden Idol","Darkstone Periapt","Pandora\u0027s Box","Nilry\u0027s Codex","Vajra","Pen Nib","Mummified Hand","Toxic Egg 2","SlaversCollar","CeramicFish","Nunchaku","Smiling Mask","PreservedInsect","Centennial Puzzle","Unceasing Top"],"acts_visited":["Exordium","TheCity","TheBeyond"],"potions_floor_usage":[],"damage_taken":[{"damage":7.0,"enemies":"Small Slimes","floor":1.0,"turns":4.0},{"damage":2.0,"enemies":"Jaw Worm","floor":2.0,"turns":2.0},{"damage":0.0,"enemies":"2 Louse","floor":5.0,"turns":3.0},{"damage":32.0,"enemies":"Gremlin Nob","floor":7.0,"turns":4.0},{"damage":2.0,"enemies":"Large Slime","floor":11.0,"turns":4.0},{"damage":1.0,"enemies":"Exordium Wildlife","floor":12.0,"turns":4.0},{"damage":1.0,"enemies":"Exordium Thugs","floor":13.0,"turns":3.0},{"damage":0.0,"enemies":"Lagavulin","floor":14.0,"turns":6.0},{"damage":20.0,"enemies":"Slime Boss","floor":16.0,"turns":8.0},{"damage":0.0,"enemies":"Chosen","floor":18.0,"turns":6.0},{"damage":0.0,"enemies":"3 Byrds","floor":20.0,"turns":5.0},{"damage":7.0,"enemies":"Centurion and Healer","floor":21.0,"turns":6.0},{"damage":0.0,"enemies":"Sentry and Sphere","floor":24.0,"turns":7.0},{"damage":30.0,"enemies":"Slavers","floor":25.0,"turns":6.0},{"damage":6.0,"enemies":"Gremlin Leader","floor":27.0,"turns":6.0},{"damage":5.0,"enemies":"Shelled Parasite and Fungi","floor":28.0,"turns":4.0},{"damage":5.0,"enemies":"Centurion and Healer","floor":31.0,"turns":5.0},{"damage":28.0,"enemies":"Collector","floor":33.0,"turns":13.0},{"damage":0.0,"enemies":"3 Shapes","floor":35.0,"turns":3.0},{"damage":16.0,"enemies":"Orb Walker","floor":37.0,"turns":5.0},{"damage":9.0,"enemies":"Writhing Mass","floor":39.0,"turns":6.0},{"damage":0.0,"enemies":"Nemesis","floor":40.0,"turns":9.0},{"damage":0.0,"enemies":"4 Shapes","floor":41.0,"turns":6.0},{"damage":17.0,"enemies":"2 Orb Walkers","floor":46.0,"turns":5.0},{"damage":0.0,"enemies":"3 Darklings","floor":47.0,"turns":3.0},{"damage":10.0,"enemies":"Spire Growth","floor":48.0,"turns":6.0},{"damage":40.0,"enemies":"Time Eater","floor":50.0,"turns":12.0},{"damage":18,"enemies":"Awakened One","floor":51,"turns":4}],"seed_played":"-3871681781166219179","potions_obtained":[{"floor":7.0,"key":"ColorlessPotion"},{"floor":12.0,"key":"PowerPotion"},{"floor":13.0,"key":"PowerPotion"},{"floor":14.0,"key":"FocusPotion"},{"floor":16.0,"key":"AttackPotion"},{"floor":21.0,"key":"LiquidMemories"},{"floor":25.0,"key":"EssenceOfSteel"},{"floor":27.0,"key":"SkillPotion"},{"floor":37.0,"key":"Energy Potion"},{"floor":41.0,"key":"Swift Potion"},{"floor":46.0,"key":"ColorlessPotion"}],"is_trial":false,"path_per_floor":["M","M","?","T","M","R","E","R","T","?","M","M","M","E","R","B",null,"M","?","M","M","?","R","M","E","T","E","M","$","R","M","R","B",null,"M","?","M","T","M","E","M","R","T","$","R","?","M","M","R","B","B"],"character_chosen":"DEFECT","items_purchased":["Toxic Egg 2","Stack+1","BootSequence+1","PreservedInsect","Centennial Puzzle"],"campfire_rested":6,"item_purchase_floors":[29,29,29,44,44],"current_hp_per_floor":[57,55,48,48,48,48,16,37,37,37,35,34,33,33,54,34,62,62,62,62,55,34,55,55,25,25,19,14,14,35,30,51,23,59,59,59,50,50,48,55,55,55,55,55,55,45,52,49,70,40,22,22],"gold":136,"neow_bonus":"ONE_RARE_RELIC","is_daily":false,"chose_seed":false,"campfire_upgraded":3,"win_rate":0.0,"timestamp":1612810790,"path_taken":["M","M","?","?","M","R","E","R","T","?","M","M","M","E","R","BOSS","M","?","M","M","?","R","M","E","T","E","?","$","R","M","R","BOSS","M","?","?","?","M","E","M","R","T","$","R","?","M","M","R","BOSS","BOSS"],"items_purchased_type":["Relic","Card","Card","Relic","Relic"],"build_version":"2020-12-22","purchased_purges":0,"victory":false,"max_hp_per_floor":[71,71,71,71,71,71,71,71,71,71,71,71,71,71,71,71,71,71,71,71,71,71,71,71,71,71,71,71,71,71,71,71,71,71,71,71,71,71,71,71,71,71,71,71,71,71,71,71,71,71,71,71],"card_choices":[{"not_picked":["Cold Snap","Steam Power"],"picked":"Streamline","floor":1.0},{"not_picked":["Beam Cell","Scrape"],"picked":"Conserve Battery","floor":2.0},{"not_picked":["Gash","Streamline"],"picked":"Undo","floor":5.0},{"not_picked":["Streamline","Gash"],"picked":"Seek","floor":7.0},{"not_picked":["Compile Driver","Double Energy","Chaos"],"picked":"Lockon","floor":11.0},{"not_picked":["Streamline","Static Discharge","Beam Cell"],"picked":"Barrage","floor":12.0},{"not_picked":["Barrage","Conserve Battery","Force Field"],"picked":"BootSequence","floor":13.0},{"not_picked":["Steam","Coolheaded","Sweeping Beam"],"picked":"Reinforced Body","floor":14.0},{"not_picked":["Machine Learning","Seek","Reboot"],"picked":"Rainbow","floor":16.0},{"not_picked":["Streamline","Rebound","Chill"],"picked":"Conserve Battery","floor":18.0},{"not_picked":["Tempest","Redo","Ball Lightning"],"picked":"Stack","floor":20.0},{"not_picked":["Blizzard","Barrage","Hologram"],"picked":"Ball Lightning","floor":21.0},{"not_picked":["Gash","Hologram","Rebound"],"picked":"Defragment","floor":24.0},{"not_picked":["Blizzard","Go for the Eyes","Chill"],"picked":"Ball Lightning","floor":25.0},{"not_picked":["Rebound+1","Barrage","Stack"],"picked":"Seek","floor":27.0},{"not_picked":["Rebound","Hologram","Compile Driver"],"picked":"Conserve Battery","floor":28.0},{"not_picked":["Consume+1","Ball Lightning","Redo+1"],"picked":"Stack+1","floor":31.0},{"not_picked":["Meteor Strike","Biased Cognition","Machine Learning"],"picked":"Buffer","floor":33.0},{"not_picked":["Capacitor","Coolheaded+1","Redo+1"],"picked":"Self Repair","floor":35.0},{"not_picked":["Gash","Steam+1","Buffer"],"picked":"Conserve Battery+1","floor":37.0},{"not_picked":["Ball Lightning","Heatsinks","Sweeping Beam+1","Coolheaded+1"],"picked":"SKIP","floor":39.0},{"not_picked":["Loop","Steam Power+1","Hologram+1"],"picked":"Reboot+1","floor":40.0},{"not_picked":["Undo+1","Glacier+1","Gash"],"picked":"Stack+1","floor":41.0},{"not_picked":["Go for the Eyes","Rebound","Steam+1"],"picked":"Hologram+1","floor":46.0},{"not_picked":["Hologram+1","Capacitor","Redo+1","Scrape"],"picked":"SKIP","floor":47.0},{"not_picked":["Defragment+1","Undo+1","Steam Power+1"],"picked":"Double Energy+1","floor":48.0}],"player_experience":1360345,"relics_obtained":[{"floor":4.0,"key":"DataDisk"},{"floor":7.0,"key":"Question Card"},{"floor":9.0,"key":"Orichalcum"},{"floor":14.0,"key":"Darkstone Periapt"},{"floor":22.0,"key":"Nilry\u0027s Codex"},{"floor":25.0,"key":"Vajra"},{"floor":26.0,"key":"Pen Nib"},{"floor":27.0,"key":"Mummified Hand"},{"floor":38.0,"key":"CeramicFish"},{"floor":40.0,"key":"Nunchaku"},{"floor":43.0,"key":"Smiling Mask"},{"floor":46.0,"key":"Unceasing Top"}],"event_choices":[{"cards_removed":["Strike_B"],"damage_healed":0.0,"max_hp_gain":0.0,"max_hp_loss":0.0,"gold_gain":0.0,"event_name":"Golden Wing","player_choice":"Card Removal","floor":3.0,"gold_loss":0.0,"damage_taken":7.0},{"damage_healed":0.0,"max_hp_gain":0.0,"max_hp_loss":0.0,"gold_gain":0.0,"event_name":"Golden Idol","player_choice":"Take Wound","floor":10.0,"gold_loss":0.0,"damage_taken":0.0,"relics_obtained":["Golden Idol"],"cards_obtained":["Injury"]},{"cards_removed":["Injury"],"damage_healed":0.0,"max_hp_gain":0.0,"max_hp_loss":0.0,"gold_gain":0.0,"event_name":"Beggar","player_choice":"Gave Gold","floor":19.0,"gold_loss":75.0,"damage_taken":0.0},{"damage_healed":0.0,"max_hp_gain":0.0,"max_hp_loss":0.0,"gold_gain":0.0,"event_name":"Cursed Tome","player_choice":"Obtained Book","floor":22.0,"gold_loss":0.0,"damage_taken":21.0},{"cards_removed":["Zap"],"damage_healed":0.0,"max_hp_gain":0.0,"max_hp_loss":0.0,"gold_gain":0.0,"event_name":"Bonfire Elementals","player_choice":"Offered Basic","floor":36.0,"gold_loss":0.0,"damage_taken":0.0},{"damage_healed":0.0,"max_hp_gain":0.0,"max_hp_loss":0.0,"gold_gain":0.0,"event_name":"Mysterious Sphere","player_choice":"Fight","floor":46.0,"gold_loss":0.0,"damage_taken":0.0}],"is_beta":false,"boss_relics":[{"not_picked":["Velvet Choker","Philosopher\u0027s Stone"],"picked":"Pandora\u0027s Box"},{"not_picked":["SacredBark","Snecko Eye"],"picked":"SlaversCollar"}],"items_purged_floors":[],"is_endless":false,"potions_floor_spawned":[7,12,13,14,16,21,25,27,37,41,46],"killed_by":"Awakened One","ascension_level":20}}