{"host":"dtz8fhk52srfoofc","time":1612790931,"event":{"mods":["2.2 Compatiblity","AchievementEnabler","Aspiration","BaseMod","Beaked The Cultist","Better Altar","Better Match","Better Note","Better Sensory Stone","Better Third Choice","BetterRewards","Colored Map","Colored Powertips","Energized Spire","Gold Saver","Gremlin Skip","Highlight Path","Infinite Spire","JesterMod","Kratos Character Expansion","Minty Spire (QoL Compilation)","Permanent Neow","QueenMod","Quick Restart","Rare Cards Sparkle","Remove Card Discount Mod","Shop Mod","Somnambulant","Spicy Shops","StSLib","Steal the Spire","The Blackbeard","The Mystic","The Senshi","The Wild Card","TheHero","Transform Curses","Unceasing Turn Reminder","everything is the same but u backflip on backflip"],"gold_per_floor":[846,846,856,196,196,196,4,20,20,39,39,72,72,136,136,233,233,243,243,243,243,243,257,276,276,303,323,338,338,338,9,9,109,109,124,104,104,117,128,128,128],"floor_reached":40,"language":"ENG","playtime":3076,"items_purged":[],"score":459,"play_id":"d331153b-9be7-4f79-95f6-553d278682f0","local_time":"20210208072851","is_ascension_mode":false,"campfire_choices":[{"floor":6,"key":"REST"},{"floor":15,"key":"REST"},{"floor":25,"key":"REST"},{"floor":32,"key":"REST"}],"circlet_count":0,"master_deck":["jesterMod:Sickle","jesterMod:Defend","jesterMod:Defend","jesterMod:Defend","jesterMod:Defend","jesterMod:Dodge","Flash of Steel","jesterMod:Prankster","jesterMod:Disposophobia","jesterMod:Dilapidation+1","jesterMod:Mending","jesterMod:DesperateStrike","jesterMod:QuickStrike","jesterMod:Disposophobia","jesterMod:SelfMockery","Injury","jesterMod:Tinker+1","Doppelganger","jesterMod:Encore","jesterMod:Hide","jesterMod:DancingMad","jesterMod:ExperimentalTreatment","jesterMod:HitAndRun+1","jesterMod:Anticipation","Bite+1","Bite+1","Bite+1","Bite+1","Bite+1","jesterMod:Inspiration","jesterMod:Precipitation","jesterMod:Unleash+1","jesterMod:Mending","jesterMod:Squander","jesterMod:DaggerRain+1","jesterMod:Overthink","jesterMod:Dilapidation+1","jesterMod:Juggler","jesterMod:Precipitation+1","jesterMod:JackInTheBox+1","jesterMod:Unleash"],"relics":["Ice Cream","aspiration:Nostalgia","Ring of the Snake","Membership Card","Gremlin Horn","Molten Egg 2","Ancient Tea Set","infinitespire:PuzzleCube","aspiration:SecretTechniqueScroll","Nloth\u0027s Gift","Juzu Bracelet","MawBank","Lizard Tail","Orrery","energizedSpire:OgreHead"],"acts_visited":["Exordium","TheCity","TheBeyond"],"potions_floor_usage":[28,28,33],"damage_taken":[{"damage":0,"enemies":"2 Louse","floor":1,"turns":2},{"damage":4,"enemies":"Small Slimes","floor":3,"turns":4},{"damage":0,"enemies":"Jaw Worm","floor":8,"turns":1},{"damage":13,"enemies":"Gremlin Gang","floor":10,"turns":2},{"damage":16,"enemies":"Lagavulin","floor":12,"turns":4},{"damage":11,"enemies":"The Guardian","floor":16,"turns":6},{"damage":17,"enemies":"Shell Parasite","floor":18,"turns":4},{"damage":0,"enemies":"Chosen","floor":23,"turns":4},{"damage":29,"enemies":"Shelled Parasite and Fungi","floor":24,"turns":5},{"damage":16,"enemies":"Sentry and Sphere","floor":27,"turns":8},{"damage":17,"enemies":"Centurion and Healer","floor":28,"turns":5},{"damage":45,"enemies":"Collector","floor":33,"turns":7},{"damage":7,"enemies":"Orb Walker","floor":35,"turns":3},{"damage":10,"enemies":"3 Shapes","floor":38,"turns":3},{"damage":33,"enemies":"3 Darklings","floor":39,"turns":4},{"damage":43,"enemies":"Reptomancer","floor":40,"turns":2}],"seed_played":"4671359711435344494","potions_obtained":[{"floor":3,"key":"Block Potion"},{"floor":10,"key":"Dexterity Potion"},{"floor":12,"key":"Explosive Potion"},{"floor":23,"key":"SkillPotion"},{"floor":24,"key":"ColorlessPotion"},{"floor":27,"key":"PowerPotion"},{"floor":36,"key":"Dexterity Potion"},{"floor":39,"key":"Weak Potion"}],"is_trial":false,"path_per_floor":["M","?","M","$","?","R","$","M","T","M","?","E","?","?","R","B",null,"M","?","?","?","?","M","M","R","T","M","M","?","?","$","R","B",null,"M","?","?","M","M","E"],"character_chosen":"THE_JESTER","items_purchased":["Ice Cream","aspiration:Nostalgia","jesterMod:Dilapidation","jesterMod:Mending","jesterMod:DesperateStrike","Membership Card","jesterMod:QuickStrike","Lizard Tail","jesterMod:Inspiration","jesterMod:Precipitation","Orrery","jesterMod:Dilapidation+1"],"campfire_rested":4,"item_purchase_floors":[4,4,4,4,4,7,7,31,31,31,31,31],"current_hp_per_floor":[70,70,66,66,52,70,70,70,70,57,57,41,9,9,30,19,70,53,53,53,53,53,53,24,45,45,31,14,14,14,14,28,42,49,48,48,48,48,22,0,0],"gold":128,"neow_bonus":"RANDOM_COLORLESS","is_daily":false,"chose_seed":false,"campfire_upgraded":0,"win_rate":0.0,"timestamp":1612790931,"path_taken":["M","?","M","$","?","R","?","?","T","M","?","E","?","?","R","BOSS","M","?","?","?","?","?","M","R","T","M","M","?","?","$","R","BOSS","M","?","?","M","M","E"],"items_purchased_type":["Relic","Relic","Card","Card","Card","Relic","Card","Relic","Card","Card","Relic","Card"],"build_version":"2020-12-22","purchased_purges":0,"victory":false,"max_hp_per_floor":[70,70,70,70,70,70,70,70,70,70,70,70,70,70,70,70,70,70,70,70,70,70,70,70,70,70,70,70,49,49,49,49,49,49,49,49,49,49,49,49,49],"card_choices":[{"not_picked":["Discovery","Bandage Up"],"picked":"Flash of Steel","floor":0},{"not_picked":["jesterMod:Mending","jesterMod:Feint"],"picked":"jesterMod:Prankster","floor":1},{"not_picked":["jesterMod:DaggerRain","jesterMod:Precipitation"],"picked":"jesterMod:Disposophobia","floor":3},{"not_picked":["jesterMod:TrickyDodge","jesterMod:Finale"],"picked":"jesterMod:Disposophobia","floor":8},{"not_picked":["jesterMod:SmokeScreen","jesterMod:Precipitation"],"picked":"jesterMod:SelfMockery","floor":10},{"not_picked":["jesterMod:Dilapidation+1","jesterMod:Frenzy"],"picked":"jesterMod:Tinker+1","floor":12},{"not_picked":["jesterMod:Finale+1","jesterMod:ButterflyDance"],"picked":"jesterMod:Encore","floor":16},{"not_picked":["jesterMod:Anticipation","jesterMod:SmokeScreen+1"],"picked":"jesterMod:Hide","floor":18},{"not_picked":["jesterMod:SmokeScreen+1","jesterMod:QuickStrike+1"],"picked":"jesterMod:DancingMad","floor":23},{"not_picked":["jesterMod:Flee","jesterMod:Procrastination"],"picked":"jesterMod:ExperimentalTreatment","floor":24},{"not_picked":["jesterMod:Procrastination","jesterMod:Rebuff+1"],"picked":"jesterMod:HitAndRun+1","floor":27},{"not_picked":["jesterMod:Flee","jesterMod:Frenzy"],"picked":"jesterMod:Anticipation","floor":28},{"not_picked":["jesterMod:DancingMad","jesterMod:DanceOfChaos"],"picked":"jesterMod:Unleash+1","floor":31},{"not_picked":["jesterMod:TrickyDodge","jesterMod:Disposophobia"],"picked":"jesterMod:Mending","floor":31},{"not_picked":["jesterMod:RecklessStrike+1","jesterMod:ButterKnife+1"],"picked":"jesterMod:Squander","floor":31},{"not_picked":["jesterMod:SwiftDodge","jesterMod:ButterKnife+1"],"picked":"jesterMod:DaggerRain+1","floor":31},{"not_picked":["jesterMod:DancingMad","jesterMod:QuickStrike+1"],"picked":"jesterMod:Overthink","floor":31},{"not_picked":["jesterMod:Squander","jesterMod:BoilDown+1"],"picked":"jesterMod:Juggler","floor":33},{"not_picked":["jesterMod:DanceOfChaos","jesterMod:Loot"],"picked":"jesterMod:Precipitation+1","floor":35},{"not_picked":["jesterMod:Feint+1","jesterMod:QuickStrike+1"],"picked":"jesterMod:JackInTheBox+1","floor":38},{"not_picked":["jesterMod:TrickyDodge+1","jesterMod:Anticipation"],"picked":"jesterMod:Unleash","floor":39}],"player_experience":220279,"relics_obtained":[{"floor":9,"key":"Gremlin Horn"},{"floor":12,"key":"Ancient Tea Set"},{"floor":26,"key":"Juzu Bracelet"}],"event_choices":[{"damage_healed":0,"gold_gain":0,"player_choice":"Leave","damage_taken":0,"max_hp_gain":0,"max_hp_loss":0,"event_name":"The Cleric","floor":2,"gold_loss":0},{"damage_healed":66,"gold_gain":0,"player_choice":"Upgrade","damage_taken":14,"max_hp_gain":0,"max_hp_loss":70,"event_name":"betterThird:BetterShining","floor":5,"gold_loss":0,"cards_upgraded":["jesterMod:Strike","jesterMod:Dilapidation"]},{"damage_healed":0,"gold_gain":64,"player_choice":"Gained Gold","damage_taken":0,"max_hp_gain":0,"max_hp_loss":0,"event_name":"Golden Wing","floor":14,"gold_loss":0},{"damage_healed":0,"gold_gain":0,"player_choice":"Traded Relic","damage_taken":0,"relics_obtained":["Nloth\u0027s Gift"],"max_hp_gain":0,"max_hp_loss":0,"event_name":"N\u0027loth","floor":19,"relics_lost":["jesterMod:JesterCap"],"gold_loss":0},{"damage_healed":0,"gold_gain":0,"player_choice":"Ignored","damage_taken":0,"max_hp_gain":0,"max_hp_loss":0,"event_name":"betterNote:BetterNote","floor":20,"gold_loss":0,"cards_obtained":["somnambulantmod: SleepParalysis"]},{"damage_healed":0,"gold_gain":0,"player_choice":"Ignored","damage_taken":0,"max_hp_gain":0,"max_hp_loss":0,"event_name":"Ghosts","floor":21,"gold_loss":0},{"damage_healed":0,"gold_gain":0,"player_choice":"Ignored","damage_taken":0,"max_hp_gain":0,"max_hp_loss":0,"event_name":"blackbeard:ShipwreckEvent","floor":22,"gold_loss":0},{"damage_healed":0,"gold_gain":0,"player_choice":"Became a vampire","damage_taken":0,"max_hp_gain":0,"max_hp_loss":21,"event_name":"Vampires","floor":29,"gold_loss":0,"cards_obtained":["Bite","Bite","Bite","Bite","Bite"]},{"damage_healed":0,"gold_gain":0,"player_choice":"Opened","damage_taken":0,"relics_obtained":["MawBank"],"max_hp_gain":0,"max_hp_loss":0,"event_name":"The Mausoleum","floor":30,"gold_loss":0},{"damage_healed":0,"gold_gain":0,"player_choice":"Bought 1 Potion","damage_taken":0,"max_hp_gain":0,"max_hp_loss":0,"event_name":"The Woman in Blue","floor":36,"gold_loss":0},{"damage_healed":0,"gold_gain":0,"player_choice":"Ignored","damage_taken":0,"max_hp_gain":0,"max_hp_loss":0,"event_name":"Tomb of Lord Red Mask","floor":37,"gold_loss":0}],"is_beta":false,"boss_relics":[{"not_picked":["energizedSpire:SpiderWeb","Fusion Hammer"],"picked":"aspiration:SecretTechniqueScroll"},{"not_picked":["energizedSpire:DeadBattery","aspiration:FutureDiary"],"picked":"energizedSpire:OgreHead"}],"items_purged_floors":[],"is_endless":false,"potions_floor_spawned":[3,10,12,16,23,24,27,39],"killed_by":"Reptomancer","ascension_level":0}}