{"host":"wbs0wzz0alz01mnq","time":1612805727,"event":{"mods":["BaseMod","Bestiary","GifTheSpireLib","Googly Eyes","GungeonMod","Highlight Path","Mimic Mod","Minty Spire (QoL Compilation)","Quick Restart","StSLib","Waifu the Spire"],"gold_per_floor":[109,147,160,6,181,181,199,199,223,223,250,273,288,306,306,409,409,429,429,528,528,551,580,580,580,580,432,459,343,343,353,353,353,353],"floor_reached":33,"language":"ENG","playtime":1599,"items_purged":["Doubt"],"score":255,"play_id":"3a29c9bf-4805-4b2c-84d1-975807401004","local_time":"20210208123527","is_ascension_mode":false,"campfire_choices":[{"data":"DemoMod:FinishedGun","floor":6,"key":"SMITH"},{"data":"DemoMod:AbyssalTentacle","floor":8,"key":"SMITH"},{"data":"DemoMod:SniperShot","floor":15,"key":"SMITH"},{"data":"DemoMod:ShadowBullets","floor":25,"key":"SMITH"},{"data":"DemoMod:ChanceBullets","floor":30,"key":"SMITH"},{"data":"DemoMod:CursedBullets","floor":32,"key":"SMITH"}],"circlet_count":0,"master_deck":["DemoMod:Defend_Huntress","DemoMod:Defend_Huntress","DemoMod:Defend_Huntress","DemoMod:Roll","DemoMod:ManualReload","DemoMod:RustySidearm","DemoMod:CrossBow","DemoMod:FinishedGun+1","DemoMod:BattleInHaste","DemoMod:GunstockTap","DemoMod:HardPowerCard","DemoMod:AbyssalTentacle+1","DemoMod:Unity","DemoMod:SniperShot+1","DemoMod:MachoBrace","DemoMod:SuppressiveFire","DemoMod:ShadowBullets+1","DemoMod:BoxingGlove","DemoMod:SuppressiveFire","DemoMod:Ejector+1","DemoMod:AWP","DemoMod:CursedBullets+1","DemoMod:GunslingerForm","DemoMod:EasyReloadBullets","DemoMod:EasyReloadBullets","DemoMod:ChanceBullets+1","DemoMod:EasyReloadBullets","DemoMod:PracticeMakesPerfect+1","DemoMod:Purify+1","DemoMod:JK47+1"],"relics":["DemoMod:Dog","Vajra","Membership Card","Boot","Gambling Chip","DemoMod:Unsteady","DemoMod:ClearGuonStone","Empty Cage","Centennial Puzzle","DemoMod:Bottle","Lee\u0027s Waffle","Orrery"],"acts_visited":["Exordium","TheCity"],"potions_floor_usage":[28,33],"damage_taken":[{"damage":0,"enemies":"Jaw Worm","floor":1,"turns":2},{"damage":4,"enemies":"Cultist","floor":2,"turns":7},{"damage":0,"enemies":"Cultist","floor":3,"turns":2},{"damage":0,"enemies":"Small Slimes","floor":7,"turns":1},{"damage":0,"enemies":"Blue Slaver","floor":12,"turns":1},{"damage":0,"enemies":"Looter","floor":13,"turns":2},{"damage":0,"enemies":"Exordium Wildlife","floor":14,"turns":2},{"damage":31,"enemies":"Hexaghost","floor":16,"turns":5},{"damage":12,"enemies":"Shell Parasite","floor":18,"turns":3},{"damage":28,"enemies":"3 Byrds","floor":22,"turns":6},{"damage":21,"enemies":"Book of Stabbing","floor":23,"turns":4},{"damage":23,"enemies":"Centurion and Healer","floor":28,"turns":4},{"damage":9,"enemies":"Snecko","floor":31,"turns":4},{"damage":72,"enemies":"Automaton","floor":33,"turns":6}],"seed_played":"-2038293365166946948","potions_obtained":[{"floor":3,"key":"Explosive Potion"},{"floor":12,"key":"FearPotion"},{"floor":13,"key":"Dexterity Potion"},{"floor":16,"key":"Fire Potion"},{"floor":31,"key":"FearPotion"}],"is_trial":false,"path_per_floor":["M","?","M","$","?","R","M","R","T","?","T","M","M","M","R","B",null,"M","?","?","?","M","E","?","R","T","$","M","$","R","M","R","B"],"character_chosen":"HUNTRESS","items_purchased":["Membership Card","DemoMod:CursedBullets","Lee\u0027s Waffle","DemoMod:EasyReloadBullets","Orrery"],"campfire_rested":0,"item_purchase_floors":[4,27,27,29,29],"current_hp_per_floor":[70,66,66,66,66,66,66,66,66,66,66,66,66,66,66,35,70,58,58,58,58,30,9,9,9,9,77,54,54,54,45,45,0,0],"gold":353,"neow_bonus":"ONE_RANDOM_RARE_CARD","is_daily":false,"chose_seed":false,"campfire_upgraded":6,"win_rate":0.0,"timestamp":1612805727,"path_taken":["M","?","?","$","?","R","M","R","T","?","?","M","M","M","R","BOSS","M","?","?","?","M","E","?","R","T","?","M","$","R","?","R","BOSS"],"items_purchased_type":["Relic","Card","Relic","Card","Relic"],"build_version":"2020-12-22","purchased_purges":1,"victory":false,"max_hp_per_floor":[70,70,70,70,70,70,70,70,70,70,70,70,70,70,70,70,70,70,70,70,70,70,70,70,70,70,77,77,77,77,77,77,77,77],"card_choices":[{"not_picked":["DemoMod:FastSwitch","DemoMod:ZorGun"],"picked":"DemoMod:BattleInHaste","floor":1},{"not_picked":["DemoMod:DirectionalPad","DemoMod:HuntsMan"],"picked":"DemoMod:GunstockTap","floor":2},{"not_picked":["DemoMod:FastSwitch","DemoMod:RadGun"],"picked":"DemoMod:HardPowerCard","floor":3},{"not_picked":["DemoMod:JK47","DemoMod:Unmoved"],"picked":"DemoMod:AbyssalTentacle","floor":7},{"not_picked":["DemoMod:ConditionalReflex","DemoMod:BattleInHaste"],"picked":"DemoMod:Unity","floor":12},{"not_picked":["DemoMod:JK47","DemoMod:GunstockTap"],"picked":"DemoMod:SniperShot","floor":13},{"not_picked":["DemoMod:PotionOfGunFriendShip","DemoMod:FastSwitch"],"picked":"DemoMod:MachoBrace","floor":14},{"not_picked":["DemoMod:Elimentaler","DemoMod:DoubleVision"],"picked":"DemoMod:SuppressiveFire","floor":16},{"not_picked":["DemoMod:DirectionalPad+1","DemoMod:ConditionalReflex"],"picked":"DemoMod:ShadowBullets","floor":18},{"not_picked":["DemoMod:JK47","DemoMod:BoxingGlove+1"],"picked":"DemoMod:Ejector+1","floor":22},{"not_picked":["DemoMod:ZorGun+1","DemoMod:JK47"],"picked":"DemoMod:AWP","floor":23},{"not_picked":["DemoMod:GunstockTap+1","DemoMod:FortunesFavor+1"],"picked":"DemoMod:GunslingerForm","floor":28},{"not_picked":["DemoMod:FastSwitch","DemoMod:ZorGun+1"],"picked":"DemoMod:EasyReloadBullets","floor":29},{"not_picked":["DemoMod:Unmoved","DemoMod:SAA+1"],"picked":"DemoMod:ChanceBullets","floor":29},{"not_picked":["DemoMod:MegaHand","DemoMod:GunShield"],"picked":"DemoMod:EasyReloadBullets","floor":29},{"not_picked":["DemoMod:Unmoved","DemoMod:GunstockTap"],"picked":"DemoMod:PracticeMakesPerfect+1","floor":29},{"not_picked":["DemoMod:FastSwitch","DemoMod:BattleInHaste"],"picked":"DemoMod:Purify+1","floor":29},{"not_picked":["DemoMod:BattleInHaste","DemoMod:ConditionalReflex"],"picked":"DemoMod:JK47+1","floor":31}],"player_experience":12258,"relics_obtained":[{"floor":2,"key":"DemoMod:WeirdEgg"},{"floor":9,"key":"Boot"},{"floor":11,"key":"DemoMod:ClearGuonStone"},{"floor":23,"key":"Centennial Puzzle"},{"floor":26,"key":"DemoMod:Bottle"}],"event_choices":[{"damage_healed":0,"gold_gain":175,"player_choice":"AGREE","damage_taken":0,"max_hp_gain":0,"max_hp_loss":0,"event_name":"Liars Game","floor":5,"gold_loss":0,"cards_obtained":["Doubt"]},{"damage_healed":0,"gold_gain":0,"cards_transformed":["DemoMod:Strike_Huntress","DemoMod:Defend_Huntress"],"player_choice":"Became Test Subject","damage_taken":0,"max_hp_gain":0,"max_hp_loss":0,"event_name":"Drug Dealer","floor":19,"gold_loss":0,"cards_obtained":["DemoMod:BoxingGlove","DemoMod:SuppressiveFire"]},{"damage_healed":0,"gold_gain":99,"player_choice":"Stole From Cult","damage_taken":0,"max_hp_gain":0,"max_hp_loss":0,"event_name":"Nest","floor":20,"gold_loss":0},{"damage_healed":0,"gold_gain":0,"player_choice":"Ignored","damage_taken":0,"max_hp_gain":0,"max_hp_loss":0,"event_name":"Vampires","floor":21,"gold_loss":0},{"damage_healed":0,"gold_gain":0,"player_choice":"Ignored","damage_taken":0,"max_hp_gain":0,"max_hp_loss":0,"event_name":"Ghosts","floor":24,"gold_loss":0}],"is_beta":false,"boss_relics":[{"not_picked":["Black Star","Calling Bell"],"picked":"Empty Cage"}],"items_purged_floors":[27],"is_endless":false,"potions_floor_spawned":[3,12,13,14,16,22,31],"killed_by":"Automaton","ascension_level":0}}