{"host":"syozzdlzcqop4jia","time":1612752078,"event":{"mods":["BaseMod","Colored Map","Colored Powertips","Minty Spire (QoL Compilation)","Quick Restart"],"gold_per_floor":[112,131,145,158,158,158,187,152,152,221,239,239,254,36,36,138,138,150,178,178,188,7,37,37,72,123,137,37,56,89,108,108,108,108],"floor_reached":33,"language":"ENG","playtime":2012,"items_purged":["Defend_B","Strike_B"],"score":322,"play_id":"878edd44-5b72-4d01-90b0-1822feada1a0","local_time":"20210208034118","is_ascension_mode":true,"campfire_choices":[{"data":"Zap","floor":6,"key":"SMITH"},{"data":"Capacitor","floor":12,"key":"SMITH"},{"floor":15,"key":"REST"},{"floor":24,"key":"REST"},{"floor":32,"key":"REST"}],"circlet_count":0,"master_deck":["Strike_B","Strike_B","Strike_B","Defend_B","Defend_B","Defend_B","Zap+1","Dualcast","Ball Lightning","Melter","Melter","Rip and Tear","Capacitor+1","Biased Cognition","Ball Lightning","Secret Technique","Thunder Strike","Chaos+1","Self Repair","Glacier","BootSequence","Capacitor","Melter","Compile Driver+1"],"relics":["Cracked Core","Shuriken","Blue Candle","Sozu","Red Mask","Meat on the Bone","Bottled Flame","Bag of Preparation","Omamori"],"acts_visited":["Exordium","TheCity"],"potions_floor_usage":[13,25],"damage_taken":[{"damage":1,"enemies":"Cultist","floor":1,"turns":3},{"damage":5,"enemies":"Small Slimes","floor":2,"turns":3},{"damage":0,"enemies":"2 Louse","floor":3,"turns":2},{"damage":0,"enemies":"Large Slime","floor":4,"turns":5},{"damage":34,"enemies":"3 Sentries","floor":7,"turns":6},{"damage":6,"enemies":"Exordium Wildlife","floor":11,"turns":3},{"damage":11,"enemies":"Gremlin Gang","floor":13,"turns":3},{"damage":48,"enemies":"The Guardian","floor":16,"turns":9},{"damage":46,"enemies":"2 Thieves","floor":18,"turns":4},{"damage":7,"enemies":"Masked Bandits","floor":19,"turns":3},{"damage":1,"enemies":"Chosen","floor":21,"turns":3},{"damage":32,"enemies":"Book of Stabbing","floor":23,"turns":5},{"damage":34,"enemies":"Slavers","floor":25,"turns":4},{"damage":11,"enemies":"3 Cultists","floor":27,"turns":5},{"damage":5,"enemies":"Sentry and Sphere","floor":29,"turns":4},{"damage":27,"enemies":"Book of Stabbing","floor":30,"turns":5},{"damage":22,"enemies":"Snecko","floor":31,"turns":4},{"damage":70,"enemies":"Automaton","floor":33,"turns":6}],"seed_played":"8338584218715546741","potions_obtained":[{"floor":1,"key":"PowerPotion"},{"floor":2,"key":"Dexterity Potion"},{"floor":4,"key":"FearPotion"},{"floor":13,"key":"Fire Potion"}],"is_trial":false,"path_per_floor":["M","M","M","M","?","R","E","?","T","?","M","R","M","$","R","B",null,"M","?","?","M","$","E","R","E","T","M","$","M","E","M","R","B"],"character_chosen":"DEFECT","items_purchased":["Ball Lightning","Secret Technique","Self Repair","Glacier"],"campfire_rested":3,"item_purchase_floors":[14,14,22,22],"current_hp_per_floor":[74,69,69,69,69,69,35,53,53,53,47,47,36,36,58,10,75,29,22,47,46,46,21,43,28,28,36,36,50,42,39,61,0,0],"gold":108,"neow_bonus":"THREE_CARDS","is_daily":false,"chose_seed":false,"campfire_upgraded":2,"win_rate":0.0,"timestamp":1612752078,"path_taken":["M","M","?","M","?","R","E","?","T","?","M","R","M","$","R","BOSS","M","?","?","M","$","E","R","E","T","M","?","M","E","?","R","BOSS"],"items_purchased_type":["Card","Card","Card","Card"],"build_version":"2020-12-22","purchased_purges":2,"victory":false,"max_hp_per_floor":[75,75,75,75,75,75,75,75,75,75,75,75,75,75,75,75,75,75,75,75,75,75,75,75,75,75,75,75,75,75,75,75,75,75],"card_choices":[{"not_picked":["Doom and Gloom","Sweeping Beam"],"picked":"Ball Lightning","floor":0},{"not_picked":["Reinforced Body","Scrape"],"picked":"Melter","floor":1},{"not_picked":["Leap","Streamline"],"picked":"Melter","floor":2},{"not_picked":["Static Discharge","Hello World","Compile Driver"],"picked":"SKIP","floor":3},{"not_picked":["Scrape","Go for the Eyes"],"picked":"Rip and Tear","floor":4},{"not_picked":["Hologram","Consume","Rebound"],"picked":"SKIP","floor":7},{"not_picked":["Consume","Go for the Eyes"],"picked":"Capacitor","floor":11},{"not_picked":["Recycle","Barrage"],"picked":"Biased Cognition","floor":13},{"not_picked":["Reboot","Seek"],"picked":"Thunder Strike","floor":16},{"not_picked":["Leap","Rebound","Reinforced Body+1"],"picked":"SKIP","floor":18},{"not_picked":["Gash","Stack"],"picked":"Chaos+1","floor":19},{"not_picked":["Streamline","Hologram","Go for the Eyes"],"picked":"SKIP","floor":21},{"not_picked":["Coolheaded","Core Surge"],"picked":"BootSequence","floor":23},{"not_picked":["Fusion","Rebound","Compile Driver"],"picked":"SKIP","floor":25},{"not_picked":["Redo","Cold Snap"],"picked":"Capacitor","floor":27},{"not_picked":["Gash","Leap"],"picked":"Melter","floor":29},{"not_picked":["Steam Power","Barrage"],"picked":"Compile Driver+1","floor":30},{"not_picked":["Static Discharge","Coolheaded","Compile Driver"],"picked":"SKIP","floor":31}],"player_experience":599959,"relics_obtained":[{"floor":7,"key":"Shuriken"},{"floor":9,"key":"Blue Candle"},{"floor":19,"key":"Red Mask"},{"floor":23,"key":"Meat on the Bone"},{"floor":25,"key":"Bottled Flame"},{"floor":26,"key":"Bag of Preparation"},{"floor":30,"key":"Omamori"}],"event_choices":[{"damage_healed":0,"gold_gain":0,"player_choice":"Ignored","damage_taken":0,"max_hp_gain":0,"max_hp_loss":0,"event_name":"Golden Idol","floor":5,"gold_loss":0},{"damage_healed":18,"gold_gain":0,"player_choice":"Healed","damage_taken":0,"max_hp_gain":0,"max_hp_loss":0,"event_name":"The Cleric","floor":8,"gold_loss":35},{"damage_healed":0,"gold_gain":69,"player_choice":"Gained Gold","damage_taken":0,"max_hp_gain":0,"max_hp_loss":0,"event_name":"Golden Wing","floor":10,"gold_loss":0},{"damage_healed":0,"gold_gain":0,"player_choice":"Fought Bandits","damage_taken":0,"max_hp_gain":0,"max_hp_loss":0,"event_name":"Masked Bandits","floor":19,"gold_loss":0},{"damage_healed":25,"gold_gain":0,"player_choice":"Heal","damage_taken":0,"max_hp_gain":0,"max_hp_loss":0,"event_name":"The Library","floor":20,"gold_loss":0}],"is_beta":false,"boss_relics":[{"not_picked":["SacredBark","Ectoplasm"],"picked":"Sozu"}],"items_purged_floors":[22,28],"is_endless":false,"potions_floor_spawned":[1,2,4,11,13,19,21,25,27,30],"killed_by":"Automaton","ascension_level":1}}