{"host":"3498uni0c31c9bdm","time":1612773566,"event":{"mods":["BaseMod","Better Match","Better Note","Better Sensory Stone","Better Skull","Better Third Choice","Colored Map","Minty Spire (QoL Compilation)","Quick Restart","RNG Fix","Random Character Button","Replay The Spire","Shop Mod","Smile Girya","StSLib","Unceasing Turn Reminder"],"gold_per_floor":[117,117,135,153,167,196,196,226,226,226,243,243,256,256,256,256,256],"floor_reached":16,"language":"ENG","playtime":590,"items_purged":[],"score":174,"play_id":"71e48e90-6469-45da-9812-c83dcf9b5a49","local_time":"20210208193926","is_ascension_mode":true,"campfire_choices":[{"floor":7,"key":"REST"},{"floor":12,"key":"REST"},{"floor":15,"key":"RECALL"}],"circlet_count":0,"master_deck":["AscendersBane","Strike_R","Strike_R","Strike_R","Strike_R","Strike_R","Defend_R","Defend_R","Defend_R","Defend_R","Bash","Clothesline","ReplayTheSpireMod:Muscle Training","Heavy Blade","Perfected Strike","Infernal Blade","Barricade","Rage","Flex"],"relics":["Burning Blood","The Courier","Replay:Bottled Flurry","Garlic","TungstenRod"],"acts_visited":["Exordium"],"potions_floor_usage":[6,6,6,8,11],"damage_taken":[{"damage":6,"enemies":"Cultist","floor":1,"turns":4},{"damage":6,"enemies":"2 Louse","floor":3,"turns":4},{"damage":6,"enemies":"Small Slimes","floor":4,"turns":4},{"damage":43,"enemies":"Exordium Thugs","floor":5,"turns":7},{"damage":14,"enemies":"Lagavulin","floor":6,"turns":7},{"damage":35,"enemies":"Gremlin Nob","floor":8,"turns":5},{"damage":2,"enemies":"2 Fungi Beasts","floor":11,"turns":3},{"damage":10,"enemies":"3 Louse","floor":13,"turns":4},{"damage":70,"enemies":"Fading Forest","floor":16,"turns":10}],"seed_played":"644161048676670970","potions_obtained":[{"floor":0,"key":"EntropicBrew"},{"floor":0,"key":"DistilledChaos"},{"floor":8,"key":"FearPotion"}],"is_trial":false,"path_per_floor":["M","?","M","M","M","E","R","E","T","?","M","R","M","T","R","B"],"character_chosen":"IRONCLAD","items_purchased":[],"campfire_rested":2,"item_purchase_floors":[],"current_hp_per_floor":[72,72,72,72,35,27,51,22,22,22,26,50,46,46,46,0,0],"gold":256,"neow_bonus":"THREE_SMALL_POTIONS","is_daily":false,"chose_seed":false,"campfire_upgraded":0,"win_rate":0.0,"timestamp":1612773566,"path_taken":["M","?","?","M","M","E","R","E","T","?","M","R","M","?","R","BOSS"],"items_purchased_type":[],"build_version":"2020-12-22","purchased_purges":0,"victory":false,"max_hp_per_floor":[80,80,80,80,80,80,80,80,80,80,80,80,80,80,80,80,80],"card_choices":[{"not_picked":["Flex","ReplayTheSpireMod:Corrosion Curse"],"picked":"Clothesline","floor":1},{"not_picked":["Cleave","Clash"],"picked":"ReplayTheSpireMod:Muscle Training","floor":3},{"not_picked":["Infernal Blade","Shrug It Off"],"picked":"Heavy Blade","floor":4},{"not_picked":["Twin Strike","Heavy Blade"],"picked":"Perfected Strike","floor":5},{"not_picked":["Shrug It Off","Replay:Many Hands"],"picked":"Infernal Blade","floor":6},{"not_picked":["Power Through","Shrug It Off"],"picked":"Barricade","floor":8},{"not_picked":["Clothesline","Body Slam"],"picked":"Rage","floor":11},{"not_picked":["Perfected Strike","Clothesline"],"picked":"Flex","floor":13}],"player_experience":848428,"relics_obtained":[{"floor":6,"key":"The Courier"},{"floor":8,"key":"Replay:Bottled Flurry"},{"floor":9,"key":"Garlic"},{"floor":10,"key":"TungstenRod"}],"event_choices":[{"damage_healed":0,"gold_gain":0,"player_choice":"Leave","damage_taken":0,"max_hp_gain":0,"max_hp_loss":0,"event_name":"The Cleric","floor":2,"gold_loss":0},{"damage_healed":0,"gold_gain":0,"player_choice":"Relic","damage_taken":0,"max_hp_gain":0,"max_hp_loss":0,"event_name":"Wheel of Change","floor":10,"gold_loss":0}],"is_beta":false,"boss_relics":[],"items_purged_floors":[],"is_endless":false,"potions_floor_spawned":[1,8],"killed_by":"Fading Forest","ascension_level":11}}