{"host":"u6f15rvcj4nca0wu","time":1612785260,"event":{"mods":["BaseMod","Bestiary","Colored Map","Highlight Path","Minty Spire (Améliorations d\u0027érgonomie)","Relic Stats"],"gold_per_floor":[117,136,136,155,167,496,496,372,445,464,475,534,534,553,553,658,658,668,96,108,123,71,90,109,136,191,191,206,4,4,22,22,117,117,131,146,162,179,194,194,206,206,252,278,278,188,188,204,204,204],"floor_reached":51,"language":"FRA","playtime":16204,"items_purged":["Defend_P","Defend_P","Defend_P"],"score":684,"play_id":"12a81afe-2907-411b-b809-8934ca566d3d","local_time":"20210208125420","is_ascension_mode":false,"campfire_choices":[{"floor":7.0,"key":"REST"},{"data":"ClearTheMind","floor":13.0,"key":"SMITH"},{"data":"Eruption","floor":15.0,"key":"SMITH"},{"data":"Devotion","floor":27.0,"key":"SMITH"},{"data":"BattleHymn","floor":30.0,"key":"SMITH"},{"floor":32.0,"key":"REST"},{"floor":40.0,"key":"REST"},{"data":"Establishment","floor":42.0,"key":"SMITH"},{"data":"Secret Technique","floor":49,"key":"SMITH"}],"circlet_count":0,"master_deck":["Strike_P","Strike_P","Defend_P","Eruption+1","Vigilance","ClearTheMind+1","CutThroughFate","Sanctity","BowlingBash","Halt","DeceiveReality","Devotion+1","BattleHymn+1","Evaluate","BattleHymn+1","Establishment+1","Pray","EmptyMind","Weave+1","Protect","Prostrate","Prostrate","EmptyFist+1","Judgement","CarveReality+1","Evaluate+1","Brilliance","Evaluate+1","WaveOfTheHand+1","Halt+1","Pray+1","FlurryOfBlows+1","Secret Technique+1","Consecrate+1"],"relics":["HolyWater","Old Coin","Eternal Feather","Regal Pillow","Philosopher\u0027s Stone","TheAbacus","Ancient Tea Set","Potion Belt","Happy Flower","Pen Nib","MealTicket"],"acts_visited":["Exordium","TheCity","TheBeyond"],"potions_floor_usage":[50],"damage_taken":[{"damage":0.0,"enemies":"Cultist","floor":1.0,"turns":4.0},{"damage":0.0,"enemies":"2 Louse","floor":2.0,"turns":5.0},{"damage":3.0,"enemies":"Jaw Worm","floor":4.0,"turns":4.0},{"damage":2.0,"enemies":"Gremlin Gang","floor":5.0,"turns":7.0},{"damage":25.0,"enemies":"Gremlin Nob","floor":6.0,"turns":5.0},{"damage":2.0,"enemies":"2 Fungi Beasts","floor":10.0,"turns":3.0},{"damage":4.0,"enemies":"Exordium Wildlife","floor":11.0,"turns":4.0},{"damage":15.0,"enemies":"Gremlin Nob","floor":12.0,"turns":4.0},{"damage":9.0,"enemies":"Blue Slaver","floor":14.0,"turns":4.0},{"damage":21.0,"enemies":"The Guardian","floor":16.0,"turns":6.0},{"damage":0.0,"enemies":"Shell Parasite","floor":18.0,"turns":3.0},{"damage":7.0,"enemies":"Chosen","floor":20.0,"turns":6.0},{"damage":13.0,"enemies":"Sentry and Sphere","floor":21.0,"turns":4.0},{"damage":6.0,"enemies":"Centurion and Healer","floor":23.0,"turns":6.0},{"damage":14.0,"enemies":"Cultist and Chosen","floor":24.0,"turns":5.0},{"damage":1.0,"enemies":"Book of Stabbing","floor":25.0,"turns":4.0},{"damage":2.0,"enemies":"3 Cultists","floor":28.0,"turns":5.0},{"damage":20.0,"enemies":"Snake Plant","floor":31.0,"turns":4.0},{"damage":2.0,"enemies":"Collector","floor":33.0,"turns":6.0},{"damage":0.0,"enemies":"Orb Walker","floor":35.0,"turns":3.0},{"damage":13.0,"enemies":"3 Shapes","floor":36.0,"turns":3.0},{"damage":23.0,"enemies":"3 Darklings","floor":37.0,"turns":5.0},{"damage":17.0,"enemies":"4 Shapes","floor":38.0,"turns":4.0},{"damage":6.0,"enemies":"Sphere and 2 Shapes","floor":39.0,"turns":4.0},{"damage":6.0,"enemies":"3 Darklings","floor":41.0,"turns":5.0},{"damage":6.0,"enemies":"Giant Head","floor":44.0,"turns":6.0},{"damage":0.0,"enemies":"Jaw Worm Horde","floor":47.0,"turns":1.0},{"damage":9.0,"enemies":"Maw","floor":48.0,"turns":5.0},{"damage":55,"enemies":"Donu and Deca","floor":50,"turns":6}],"seed_played":"4093656794185073211","potions_obtained":[{"floor":1.0,"key":"Swift Potion"},{"floor":6.0,"key":"AttackPotion"},{"floor":10.0,"key":"EssenceOfSteel"},{"floor":11.0,"key":"LiquidBronze"},{"floor":14.0,"key":"SmokeBomb"},{"floor":18.0,"key":"Dexterity Potion"},{"floor":21.0,"key":"EntropicBrew"},{"floor":24.0,"key":"DuplicationPotion"},{"floor":36.0,"key":"Swift Potion"},{"floor":37.0,"key":"Weak Potion"}],"is_trial":false,"path_per_floor":["M","M","?","M","M","E","R","$","T","M","M","?","R","M","R","B",null,"M","$","M","M","$","M","M","E","T","R","M","$","R","M","R","B",null,"M","M","M","M","M","R","M","R","T","E","?","?","M","M","R","B",null],"character_chosen":"WATCHER","items_purchased":["Swift Potion","TheAbacus","Ancient Tea Set","EmptyMind","Ambrosia","Prostrate","StancePotion"],"campfire_rested":3,"item_purchase_floors":[8,19,19,19,19,22,29],"current_hp_per_floor":[79,79,79,76,74,49,72,72,72,70,66,51,60,51,60,39,79,79,79,72,59,59,53,39,38,38,53,51,51,66,46,79,77,79,79,66,43,26,20,76,70,79,79,73,73,73,73,64,79,36],"gold":204,"neow_bonus":"TEN_PERCENT_HP_BONUS","is_daily":false,"chose_seed":false,"campfire_upgraded":6,"win_rate":0.0,"timestamp":1612785260,"path_taken":["M","M","?","M","M","E","R","$","T","M","M","?","R","M","R","BOSS","M","$","M","M","$","M","M","E","T","R","M","$","R","M","R","BOSS","M","M","M","M","M","R","M","R","T","E","?","?","?","M","R","BOSS"],"items_purchased_type":["Potion","Relic","Relic","Card","Potion","Card","Potion"],"build_version":"2020-12-13","purchased_purges":3,"victory":true,"max_hp_per_floor":[79,79,79,79,79,79,79,79,79,79,79,79,79,79,79,79,79,79,79,79,79,79,79,79,79,79,79,79,79,79,79,79,79,79,79,79,79,79,79,79,79,79,79,79,79,79,79,79,79,79],"relic_stats":{"Regal Pillow":15,"TheAbacus":[36],"Happy Flower":[19],"counters":[29,131],"Eternal Feather":105,"MealTicket":0,"Pen Nib":[6],"obtain_stats":[{"Potion Belt":25,"Regal Pillow":12,"TheAbacus":19,"Happy Flower":26,"HolyWater":34,"Eternal Feather":9,"Philosopher\u0027s Stone":17,"MealTicket":44,"Pen Nib":43,"PureWater":0,"Ancient Tea Set":19,"Old Coin":6},{"Potion Belt":16,"Regal Pillow":8,"TheAbacus":11,"Happy Flower":16,"HolyWater":19,"Eternal Feather":5,"Philosopher\u0027s Stone":10,"MealTicket":26,"Pen Nib":25,"PureWater":0,"Ancient Tea Set":11,"Old Coin":5},{"Potion Belt":74,"Regal Pillow":36,"TheAbacus":49,"Happy Flower":74,"HolyWater":89,"Eternal Feather":25,"Philosopher\u0027s Stone":46,"MealTicket":119,"Pen Nib":113,"PureWater":0,"Ancient Tea Set":49,"Old Coin":25}]},"card_choices":[{"not_picked":["Perseverance","CrushJoints"],"picked":"ClearTheMind","floor":1.0},{"not_picked":["EmptyFist","Crescendo"],"picked":"CutThroughFate","floor":2.0},{"not_picked":["Establishment","Halt"],"picked":"BowlingBash","floor":4.0},{"not_picked":["Nirvana","FlyingSleeves"],"picked":"Halt","floor":5.0},{"not_picked":["Protect","Evaluate"],"picked":"DeceiveReality","floor":6.0},{"not_picked":["Collect","SashWhip"],"picked":"Devotion","floor":10.0},{"not_picked":["SignatureMove","Indignation"],"picked":"BattleHymn","floor":11.0},{"not_picked":["FlurryOfBlows","Tantrum"],"picked":"Evaluate","floor":12.0},{"not_picked":["DeceiveReality","ClearTheMind"],"picked":"BattleHymn","floor":14.0},{"not_picked":["Omniscience","Scrawl"],"picked":"Establishment","floor":16.0},{"not_picked":["ClearTheMind+1","WaveOfTheHand"],"picked":"Pray","floor":18.0},{"not_picked":["Tantrum","WaveOfTheHand"],"picked":"Weave+1","floor":20.0},{"not_picked":["Nirvana","MentalFortress"],"picked":"Protect","floor":21.0},{"not_picked":["SignatureMove","Indignation"],"picked":"Prostrate","floor":23.0},{"not_picked":["Evaluate","Wallop"],"picked":"EmptyFist+1","floor":24.0},{"not_picked":["EmptyMind","WheelKick"],"picked":"Judgement","floor":25.0},{"not_picked":["Weave+1","CutThroughFate"],"picked":"CarveReality+1","floor":28.0},{"not_picked":["Adaptation","SashWhip"],"picked":"Evaluate+1","floor":31.0},{"not_picked":["MasterReality","DeusExMachina"],"picked":"Brilliance","floor":33.0},{"not_picked":["Weave+1","LikeWater"],"picked":"Evaluate+1","floor":35.0},{"not_picked":["ClearTheMind+1","Study"],"picked":"WaveOfTheHand+1","floor":36.0},{"not_picked":["EmptyBody","FollowUp","SignatureMove+1"],"picked":"SKIP","floor":37.0},{"not_picked":["WindmillStrike","FlyingSleeves"],"picked":"Halt+1","floor":38.0},{"not_picked":["Halt","EmptyFist+1"],"picked":"Pray+1","floor":39.0},{"not_picked":["WaveOfTheHand+1","EmptyFist","WindmillStrike+1"],"picked":"SKIP","floor":41.0},{"not_picked":["Fasting2+1","DevaForm"],"picked":"FlurryOfBlows+1","floor":44.0},{"not_picked":["PanicButton","Discovery"],"picked":"Secret Technique","floor":45.0},{"not_picked":["EmptyFist","Swivel"],"picked":"Consecrate+1","floor":48.0}],"player_experience":200131,"relics_obtained":[{"floor":6.0,"key":"Old Coin"},{"floor":9.0,"key":"Eternal Feather"},{"floor":12.0,"key":"Regal Pillow"},{"floor":25.0,"key":"Potion Belt"},{"floor":26.0,"key":"Happy Flower"},{"floor":43.0,"key":"Pen Nib"},{"floor":44.0,"key":"MealTicket"}],"event_choices":[{"damage_healed":0.0,"max_hp_gain":0.0,"max_hp_loss":0.0,"gold_gain":0.0,"cards_transformed":["Strike_P"],"event_name":"Living Wall","player_choice":"Change","floor":3.0,"gold_loss":0.0,"damage_taken":0.0,"cards_obtained":["Sanctity"]},{"damage_healed":0.0,"max_hp_gain":0.0,"max_hp_loss":0.0,"gold_gain":0.0,"event_name":"Dead Adventurer","player_choice":"Searched \u00271\u0027 times","floor":12.0,"gold_loss":0.0,"damage_taken":0.0},{"damage_healed":0.0,"max_hp_gain":0.0,"max_hp_loss":0.0,"gold_gain":0.0,"event_name":"SensoryStone","player_choice":"Memory 1","floor":45.0,"gold_loss":0.0,"damage_taken":0.0},{"cards_removed":["Strike_P"],"damage_healed":0.0,"max_hp_gain":0.0,"max_hp_loss":0.0,"gold_gain":0.0,"event_name":"Designer","player_choice":"Upgrade and Remove","floor":46.0,"gold_loss":90.0,"damage_taken":0.0,"cards_upgraded":["BattleHymn"]}],"is_beta":false,"boss_relics":[{"not_picked":["Black Star","VioletLotus"],"picked":"Philosopher\u0027s Stone"},{"not_picked":["Sozu","Tiny House"],"picked":"HolyWater"}],"items_purged_floors":[8,19,29],"is_endless":false,"potions_floor_spawned":[1,6,10,11,14,18,21,24,36,37,41,47],"ascension_level":0}}