{"host":"8pvw2tcf9wctlvur","time":1612752661,"event":{"mods":["BaseMod","Better Third Choice","Colored Powertips","Curses Come First","Minty Spire (QoL Compilation)","Rare Cards Sparkle","Relic Stats","StSLib","SuperFastMode"],"gold_per_floor":[117,127,202,222,222,239,239,271,343,353,363,363,363,72,72,193,193,212,212,212,230,253,253,271,307,307,307,111,135,10,34,34,164,164,188,212,228,34,55,55,93,108,108,108,131,131,81,102,102,102],"floor_reached":51,"language":"ENG","playtime":2294,"items_purged":["Injury"],"score":761,"play_id":"acd96f63-1d8e-4d2c-8dd6-a943c2b01f3d","local_time":"20210207195101","is_ascension_mode":true,"campfire_choices":[{"floor":7,"key":"REST"},{"data":"Chill","floor":13,"key":"SMITH"},{"floor":15,"key":"REST"},{"floor":23,"key":"REST"},{"floor":27,"key":"REST"},{"data":"Defragment","floor":32,"key":"SMITH"},{"floor":40,"key":"REST"},{"data":"Apotheosis","floor":49,"key":"SMITH"}],"circlet_count":0,"master_deck":["Strike_B","Strike_B","Strike_B","Strike_B","Defend_B","Defend_B","Defend_B","Defend_B","Zap","Dualcast","BootSequence","Ball Lightning","Streamline","Reinforced Body","Streamline","Tempest","Chill+1","Static Discharge","Conserve Battery","Seek","Doom and Gloom","Turbo+1","Steam","Gash","Gash","Defragment+1","Reboot","Electrodynamics","Darkness","Biased Cognition","Streamline+1","Genetic Algorithm+1","Glacier+1","Barrage","Apotheosis+1","Barrage","Hologram","Lockon","Writhe","Skim+1","Hologram","Multi-Cast"],"relics":["Cracked Core","NeowsBlessing","Unceasing Top","Ancient Tea Set","Eternal Feather","Mercury Hourglass","Golden Idol","Runic Capacitor","Runic Pyramid","Enchiridion","Boot","Meat on the Bone","Nuclear Battery","Letter Opener","InkBottle"],"acts_visited":["Exordium","TheCity","TheBeyond"],"potions_floor_usage":[8,16,16,29,33,33,33,50,50],"damage_taken":[{"damage":0,"enemies":"2 Louse","floor":1,"turns":1},{"damage":0,"enemies":"Small Slimes","floor":2,"turns":1},{"damage":0,"enemies":"Jaw Worm","floor":4,"turns":1},{"damage":5,"enemies":"Looter","floor":6,"turns":3},{"damage":11,"enemies":"Gremlin Nob","floor":8,"turns":3},{"damage":10,"enemies":"Exordium Wildlife","floor":10,"turns":3},{"damage":2,"enemies":"Blue Slaver","floor":11,"turns":2},{"damage":36,"enemies":"Hexaghost","floor":16,"turns":6},{"damage":0,"enemies":"Chosen","floor":18,"turns":4},{"damage":21,"enemies":"2 Thieves","floor":21,"turns":4},{"damage":13,"enemies":"Sentry and Sphere","floor":22,"turns":5},{"damage":5,"enemies":"Snake Plant","floor":24,"turns":4},{"damage":18,"enemies":"Slavers","floor":25,"turns":4},{"damage":0,"enemies":"Centurion and Healer","floor":29,"turns":4},{"damage":0,"enemies":"Chosen and Byrds","floor":31,"turns":4},{"damage":25,"enemies":"Automaton","floor":33,"turns":7},{"damage":28,"enemies":"3 Darklings","floor":35,"turns":4},{"damage":13,"enemies":"Orb Walker","floor":36,"turns":4},{"damage":37,"enemies":"Jaw Worm Horde","floor":37,"turns":4},{"damage":11,"enemies":"Sphere and 2 Shapes","floor":39,"turns":4},{"damage":54,"enemies":"Reptomancer","floor":41,"turns":7},{"damage":0,"enemies":"Transient","floor":42,"turns":5},{"damage":13,"enemies":"Jaw Worm Horde","floor":45,"turns":4},{"damage":5,"enemies":"Sphere and 2 Shapes","floor":48,"turns":5},{"damage":8,"enemies":"Donu and Deca","floor":50,"turns":6}],"seed_played":"8702457429382055005","potions_obtained":[{"floor":6,"key":"Swift Potion"},{"floor":8,"key":"FocusPotion"},{"floor":11,"key":"ColorlessPotion"},{"floor":21,"key":"Fire Potion"},{"floor":24,"key":"SpeedPotion"},{"floor":25,"key":"LiquidMemories"},{"floor":42,"key":"FearPotion"},{"floor":48,"key":"Explosive Potion"}],"is_trial":false,"path_per_floor":["M","M","?","M","?","M","R","E","T","M","M","?","R","$","R","B",null,"M","?","?","M","M","R","M","E","T","R","$","M","$","M","R","B",null,"M","M","M","$","M","R","E","M","T","?","M","?","$","M","R","B",null],"character_chosen":"DEFECT","items_purchased":["Runic Capacitor","Static Discharge","Conserve Battery","Defragment","Reboot","SkillPotion","Barrage","Apotheosis","Hologram"],"campfire_rested":5,"item_purchase_floors":[14,14,14,28,28,30,38,38,47],"current_hp_per_floor":[75,75,64,64,53,48,70,59,59,49,47,47,56,56,75,39,75,75,59,59,38,25,59,54,36,36,73,73,73,73,73,75,50,75,47,46,21,21,22,65,23,35,35,54,41,41,41,48,72,64],"gold":102,"neow_bonus":"THREE_ENEMY_KILL","is_daily":false,"chose_seed":false,"campfire_upgraded":3,"win_rate":0.0,"timestamp":1612752661,"path_taken":["M","M","?","M","?","M","R","E","T","M","M","?","R","$","R","BOSS","M","?","?","M","M","R","M","E","T","R","$","M","$","M","R","BOSS","M","M","M","$","M","R","E","M","T","?","M","?","?","M","R","BOSS"],"items_purchased_type":["Relic","Card","Card","Card","Card","Potion","Card","Card","Card"],"build_version":"2020-12-22","purchased_purges":1,"victory":true,"max_hp_per_floor":[75,75,75,75,75,75,75,75,75,75,75,75,75,75,75,75,75,75,75,75,75,75,75,75,75,75,75,75,75,75,75,75,75,75,75,75,75,75,75,75,75,75,75,75,75,75,75,75,75,75],"relic_stats":{"counters":[25,97],"Golden Idol":145,"Eternal Feather":95,"Letter Opener":[69],"Boot":[53],"obtain_stats":[{"NeowsBlessing":0,"Golden Idol":12,"Enchiridion":19,"Eternal Feather":8,"Runic Capacitor":14,"Letter Opener":41,"Ancient Tea Set":5,"Boot":25,"Mercury Hourglass":9,"Nuclear Battery":34,"Cracked Core":0,"Unceasing Top":5,"InkBottle":43,"Runic Pyramid":17,"Meat on the Bone":26},{"NeowsBlessing":0,"Golden Idol":7,"Enchiridion":9,"Eternal Feather":5,"Runic Capacitor":7,"Letter Opener":21,"Ancient Tea Set":3,"Boot":13,"Mercury Hourglass":5,"Nuclear Battery":16,"Cracked Core":0,"Unceasing Top":3,"InkBottle":22,"Runic Pyramid":8,"Meat on the Bone":13},{"NeowsBlessing":0,"Golden Idol":13,"Enchiridion":23,"Eternal Feather":9,"Runic Capacitor":13,"Letter Opener":78,"Ancient Tea Set":3,"Boot":40,"Mercury Hourglass":9,"Nuclear Battery":55,"Cracked Core":0,"Unceasing Top":3,"InkBottle":83,"Runic Pyramid":19,"Meat on the Bone":40}],"Unceasing Top":[18],"InkBottle":[6],"Mercury Hourglass":[388],"Meat on the Bone":72},"card_choices":[{"not_picked":["Turbo","Go for the Eyes"],"picked":"BootSequence","floor":1},{"not_picked":["Barrage","Compile Driver"],"picked":"Ball Lightning","floor":2},{"not_picked":["Aggregate","Sunder"],"picked":"Streamline","floor":4},{"not_picked":["Reprogram","Ball Lightning"],"picked":"Reinforced Body","floor":6},{"not_picked":["Ball Lightning","Beam Cell"],"picked":"Streamline","floor":8},{"not_picked":["Hello World","Fusion"],"picked":"Tempest","floor":10},{"not_picked":["Force Field","Steam"],"picked":"Chill","floor":11},{"not_picked":["Machine Learning","Hyperbeam"],"picked":"Seek","floor":16},{"not_picked":["Hello World","Streamline"],"picked":"Doom and Gloom","floor":18},{"not_picked":["Leap","Cold Snap"],"picked":"Turbo+1","floor":21},{"not_picked":["Stack","Sweeping Beam"],"picked":"Steam","floor":22},{"not_picked":["Beam Cell","Self Repair+1"],"picked":"Gash","floor":24},{"not_picked":["Stack","Darkness"],"picked":"Gash","floor":25},{"not_picked":["Steam Power","Coolheaded+1"],"picked":"Electrodynamics","floor":29},{"not_picked":["Stack","Heatsinks"],"picked":"Darkness","floor":31},{"not_picked":["Core Surge","Seek"],"picked":"Biased Cognition","floor":33},{"not_picked":["Beam Cell","Gash"],"picked":"Streamline+1","floor":35},{"not_picked":["Glacier+1","Beam Cell"],"picked":"Genetic Algorithm+1","floor":36},{"not_picked":["Conserve Battery","Coolheaded"],"picked":"Glacier+1","floor":37},{"not_picked":["Redo","BootSequence+1"],"picked":"Barrage","floor":39},{"not_picked":["BootSequence","Beam Cell"],"picked":"Hologram","floor":41},{"not_picked":["Stack","Beam Cell"],"picked":"Lockon","floor":42},{"not_picked":["Streamline","Rip and Tear+1"],"picked":"Skim+1","floor":45},{"not_picked":["Darkness","Defragment"],"picked":"Multi-Cast","floor":48}],"player_experience":276426,"relics_obtained":[{"floor":8,"key":"Eternal Feather"},{"floor":9,"key":"Mercury Hourglass"},{"floor":19,"key":"Enchiridion"},{"floor":25,"key":"Boot"},{"floor":26,"key":"Meat on the Bone"},{"floor":41,"key":"Letter Opener"},{"floor":43,"key":"InkBottle"}],"event_choices":[{"damage_healed":0,"gold_gain":75,"player_choice":"Gold","damage_taken":11,"max_hp_gain":0,"max_hp_loss":0,"event_name":"betterThird:BetterGoop","floor":3,"gold_loss":0},{"damage_healed":0,"gold_gain":1,"player_choice":"Relic Relic ","damage_taken":11,"max_hp_gain":0,"max_hp_loss":0,"event_name":"betterThird:BetterScrap","floor":5,"gold_loss":0,"cards_obtained":["Wallop"]},{"damage_healed":0,"gold_gain":0,"player_choice":"Take Wound","damage_taken":0,"relics_obtained":["Golden Idol"],"max_hp_gain":0,"max_hp_loss":0,"event_name":"Golden Idol","floor":12,"gold_loss":0,"cards_obtained":["Injury"]},{"damage_healed":0,"gold_gain":0,"player_choice":"Obtained Book","damage_taken":16,"max_hp_gain":0,"max_hp_loss":0,"event_name":"Cursed Tome","floor":19,"gold_loss":0},{"damage_healed":0,"gold_gain":0,"player_choice":"Ignored","damage_taken":0,"max_hp_gain":0,"max_hp_loss":0,"event_name":"Vampires","floor":20,"gold_loss":0},{"damage_healed":19,"gold_gain":0,"player_choice":"Writhe","damage_taken":0,"max_hp_gain":0,"max_hp_loss":0,"event_name":"Winding Halls","floor":44,"gold_loss":0,"cards_obtained":["Writhe"]},{"damage_healed":0,"gold_gain":0,"player_choice":"Ignored","damage_taken":0,"max_hp_gain":0,"max_hp_loss":0,"event_name":"Mysterious Sphere","floor":46,"gold_loss":0}],"is_beta":false,"boss_relics":[{"not_picked":["Runic Dome","Coffee Dripper"],"picked":"Runic Pyramid"},{"not_picked":["Snecko Eye","SlaversCollar"],"picked":"Nuclear Battery"}],"items_purged_floors":[30],"is_endless":false,"potions_floor_spawned":[6,8,11,21,24,25,42,48],"ascension_level":1}}