{"host":"dl909bjyolgrn2uw","time":1612824125,"event":{"mods":["2.2 Compatiblity","AlwaysNeverKeys","BaseMod","Bestiary","Better Altar","Better Note","Better Sensory Stone","Better Skull","Better Vampires","Better-Laid Plans","BetterRewards","Colored Powertips","Curses Come First","Disable Question Mark Monsters","Displayed Cursed Tome","Emptier Cage","Evolution","Minty Spire (QoL Compilation)","Permanent Neow","Quick Restart","Rare Cards Sparkle","Relic Stats","Shop Mod","Spicy Shops","StSLib","SuperFastMode","Transform Curses"],"gold_per_floor":[114,138,213,397,233,256,278,313,359,400,409,409,443,465,465,571,571,596,511,536,564,279,317,317,359,371,383,410,205,236,260,260,374,374,396,230,230,248,25,25,62,62,86,103,122,159,59,73,73,73],"floor_reached":51,"language":"ENG","playtime":2860,"items_purged":["Doubt","Strike_R","Normality","Strike_R","Strike_R","Strike_R+1"],"score":1736,"play_id":"4e54a355-8157-4d9d-8aec-da761c9b2838","local_time":"20210208164205","is_ascension_mode":true,"campfire_choices":[{"data":"Bash","floor":12.0,"key":"SMITH"},{"data":"True Grit","floor":15.0,"key":"SMITH"},{"floor":24.0,"key":"REST"},{"data":"Dark Embrace","floor":27.0,"key":"SMITH"},{"data":"Feel No Pain","floor":32,"key":"SMITH"},{"data":"Dark Embrace","floor":40,"key":"SMITH"},{"data":"Fiend Fire","floor":49,"key":"SMITH"}],"circlet_count":0,"master_deck":["Defend_R","Defend_R","Defend_R","Defend_R","Bash+1","Twin Strike","Feel No Pain","Burning Pact","Cleave","Shrug It Off","Reckless Charge","Shrug It Off","Sword Boomerang","True Grit+1","Fiend Fire+1","Clothesline","Battle Trance","Thunderclap+1","Dark Embrace+1","Battle Trance","True Grit+1","Pummel+1","Feel No Pain+1","Shrug It Off","Spot Weakness","Feel No Pain","Dark Embrace+1","Power Through","Juggernaut","Dark Embrace+1","Seeing Red","Purity","Panacea","Armaments+1","Power Through","Demon Form","Battle Trance"],"relics":["Burning Blood","EVO:Axolotl","Bag of Preparation","Membership Card","Medical Kit","Ice Cream","CeramicFish","Gremlin Horn","Singing Bowl","Charon\u0027s Ashes","Akabeko","Darkstone Periapt","Ancient Tea Set","Vajra","Regal Pillow","Black Star","Kunai","Shuriken","DollysMirror","Centennial Puzzle","Whetstone","Anchor","MawBank","The Courier","Gambling Chip","Pen Nib","Happy Flower","PreservedInsect","Juzu Bracelet","Coffee Dripper","OrangePellets","Potion Belt","Orrery","Orichalcum","Mummified Hand","Bag of Marbles","Girya","Lantern"],"acts_visited":["Exordium","TheCity","TheBeyond"],"potions_floor_usage":[50],"damage_taken":[{"damage":3.0,"enemies":"Small Slimes","floor":1.0,"turns":4.0},{"damage":6.0,"enemies":"2 Louse","floor":2.0,"turns":3.0},{"damage":0.0,"enemies":"Cultist","floor":6.0,"turns":3.0},{"damage":10.0,"enemies":"Red Slaver","floor":7.0,"turns":3.0},{"damage":7.0,"enemies":"3 Sentries","floor":8.0,"turns":3.0},{"damage":27.0,"enemies":"Lagavulin","floor":10.0,"turns":6.0},{"damage":7.0,"enemies":"Gremlin Nob","floor":13.0,"turns":3.0},{"damage":0.0,"enemies":"Exordium Wildlife","floor":14.0,"turns":2.0},{"damage":10.0,"enemies":"The Guardian","floor":16.0,"turns":9.0},{"damage":16.0,"enemies":"2 Thieves","floor":18.0,"turns":3.0},{"damage":8.0,"enemies":"3 Byrds","floor":20.0,"turns":4.0},{"damage":35.0,"enemies":"Centurion and Healer","floor":21.0,"turns":11.0},{"damage":52.0,"enemies":"Slavers","floor":23.0,"turns":6.0},{"damage":0.0,"enemies":"Gremlin Leader","floor":25.0,"turns":2.0},{"damage":0.0,"enemies":"Cultist and Chosen","floor":28.0,"turns":2.0},{"damage":4,"enemies":"Book of Stabbing","floor":30,"turns":4},{"damage":0,"enemies":"Chosen and Byrds","floor":31,"turns":4},{"damage":0,"enemies":"Automaton","floor":33,"turns":7},{"damage":3,"enemies":"3 Darklings","floor":35,"turns":2},{"damage":0,"enemies":"Giant Head","floor":41,"turns":4},{"damage":0,"enemies":"Orb Walker","floor":44,"turns":1},{"damage":0,"enemies":"Writhing Mass","floor":45,"turns":1},{"damage":0,"enemies":"Reptomancer","floor":46,"turns":2},{"damage":0,"enemies":"Maw","floor":48,"turns":1},{"damage":0,"enemies":"Awakened One","floor":50,"turns":6}],"seed_played":"9049257437989730614","potions_obtained":[{"floor":7.0,"key":"Energy Potion"},{"floor":13.0,"key":"LiquidMemories"},{"floor":16.0,"key":"Regen Potion"},{"floor":18.0,"key":"BloodPotion"},{"floor":21.0,"key":"FearPotion"},{"floor":23.0,"key":"Regen Potion"},{"floor":33,"key":"Block Potion"},{"floor":41,"key":"CultistPotion"},{"floor":48,"key":"LiquidMemories"}],"is_trial":false,"path_per_floor":["M","M","?","?","$","M","M","E","T","E","?","R","E","M","R","B",null,"M","?","M","M","$","E","R","E","T","R","M","$","E","M","R","B",null,"M","$","?","?","$","R","E","?","T","M","M","E","$","M","R","B",null],"character_chosen":"IRONCLAD","items_purchased":["Bag of Preparation","Membership Card","Medical Kit","Ice Cream","CeramicFish","Gremlin Horn","Singing Bowl","Feel No Pain","Charon\u0027s Ashes","Burning Pact","Akabeko","Shuriken","Dark Embrace","DollysMirror","Centennial Puzzle","Pen Nib","Happy Flower","Feel No Pain","Shrug It Off","Spot Weakness","Feel No Pain","Dark Embrace","Seeing Red","OrangePellets","Potion Belt","Orrery","LiquidMemories"],"campfire_rested":1,"item_purchase_floors":[0,0,0,0,0,0,0,5,5,5,5,22,22,22,22,29,29,29,29,29,29,29,36,39,39,39,39],"current_hp_per_floor":[77,77,66,66,66,72,68,67,67,46,46,46,45,51,51,47,73,63,63,61,48,48,17,56,62,62,62,70,76,80,86,86,92,92,92,92,87,87,93,93,93,93,93,95,97,97,97,99,99,99],"gold":73,"neow_bonus":"","is_daily":false,"chose_seed":false,"campfire_upgraded":6,"win_rate":0.0,"timestamp":1612824125,"path_taken":["M","M","?","?","$","M","M","E","T","E","?","R","E","M","R","BOSS","M","?","M","M","$","E","R","E","T","R","M","$","E","M","R","BOSS","M","$","?","?","$","R","E","?","T","M","M","E","$","M","R","BOSS"],"items_purchased_type":["Relic","Relic","Relic","Relic","Relic","Relic","Relic","Card","Relic","Card","Relic","Relic","Card","Relic","Relic","Relic","Relic","Card","Card","Card","Card","Card","Card","Relic","Relic","Relic","Potion"],"build_version":"2020-12-22","purchased_purges":6,"victory":true,"max_hp_per_floor":[82,82,82,82,82,82,82,82,82,82,82,82,82,82,82,82,82,82,82,82,82,82,82,82,82,82,82,84,90,92,92,92,92,92,92,92,87,87,93,93,93,93,93,95,97,97,97,99,99,99],"relic_stats":{"Darkstone Periapt":6,"Regal Pillow":15,"Gremlin Horn":[39,44],"Singing Bowl":24,"CeramicFish":333,"Bag of Preparation":[50],"Juzu Bracelet":1,"Whetstone":["Bane","Bane","Dagger Spray","Dagger Spray","Strike_R","Clash"],"Burning Blood":227,"Centennial Puzzle":[21],"Mummified Hand":[164],"Gambling Chip":[162],"Kunai":[40],"Happy Flower":[12],"counters":[78,386],"Charon\u0027s Ashes":[781],"Pen Nib":[5],"PreservedInsect":757,"Orichalcum":[0],"Medical Kit":[58],"MawBank":144,"OrangePellets":[4],"Shuriken":[9],"Black Star":5,"obtain_stats":[{"Ice Cream":10,"Gremlin Horn":6,"CeramicFish":0,"Vajra":10,"EVO:Axolotl":0,"Whetstone":21,"Centennial Puzzle":14,"HornCleat":8,"DollysMirror":0,"MealTicket":43,"Kunai":19,"Runic Cube":0,"Girya":46,"Happy Flower":29,"Blue Candle":9,"Velvet Choker":17,"Charon\u0027s Ashes":5,"Pen Nib":29,"Letter Opener":9,"War Paint":11,"Question Card":0,"Akabeko":5,"WarpedTongs":38,"OrangePellets":39,"Shuriken":22,"Snecko Eye":34,"Black Star":17,"Pocketwatch":46,"Darkstone Periapt":8,"Regal Pillow":30,"Lantern":46,"Singing Bowl":21,"StoneCalendar":36,"Juzu Bracelet":44,"Bag of Preparation":0,"Cursed Key":17,"Ancient Tea Set":9,"Burning Blood":0,"Mummified Hand":13,"Pantograph":41,"Gambling Chip":26,"Red Mask":20,"Runic Pyramid":34,"Potion Belt":43,"Lee\u0027s Waffle":47,"PreservedInsect":31,"The Courier":25,"Omamori":44,"Orichalcum":41,"Medical Kit":47,"MawBank":23,"Peace Pipe":26,"Anchor":23,"Orrery":0,"Art of War":47,"Coffee Dripper":34,"Bag of Marbles":43,"Membership Card":0},{"Ice Cream":6,"Gremlin Horn":30,"CeramicFish":53,"Vajra":59,"EVO:Axolotl":0,"Whetstone":12,"Centennial Puzzle":8,"HornCleat":31,"DollysMirror":25,"MealTicket":20,"Kunai":63,"Runic Cube":0,"Girya":76,"Happy Flower":68,"Blue Candle":5,"Velvet Choker":9,"Charon\u0027s Ashes":55,"Pen Nib":68,"Letter Opener":31,"War Paint":6,"Question Card":25,"Akabeko":55,"WarpedTongs":48,"OrangePellets":72,"Shuriken":65,"Snecko Eye":45,"Black Star":62,"Pocketwatch":23,"Darkstone Periapt":58,"Regal Pillow":15,"Lantern":76,"Singing Bowl":38,"StoneCalendar":19,"Juzu Bracelet":51,"Bag of Preparation":53,"Cursed Key":36,"Ancient Tea Set":58,"Burning Blood":0,"Mummified Hand":34,"Pantograph":49,"Gambling Chip":67,"Red Mask":12,"Runic Pyramid":17,"Potion Belt":50,"Lee\u0027s Waffle":23,"PreservedInsect":16,"The Courier":67,"Omamori":21,"Orichalcum":73,"Medical Kit":23,"MawBank":40,"Peace Pipe":14,"Anchor":66,"Orrery":25,"Art of War":23,"Coffee Dripper":71,"Bag of Marbles":73,"Membership Card":53},{"Ice Cream":22,"Gremlin Horn":159,"CeramicFish":290,"Vajra":312,"EVO:Axolotl":0,"Whetstone":53,"Centennial Puzzle":28,"HornCleat":164,"DollysMirror":139,"MealTicket":103,"Kunai":329,"Runic Cube":0,"Girya":379,"Happy Flower":354,"Blue Candle":16,"Velvet Choker":41,"Charon\u0027s Ashes":297,"Pen Nib":354,"Letter Opener":164,"War Paint":22,"Question Card":139,"Akabeko":297,"WarpedTongs":255,"OrangePellets":371,"Shuriken":344,"Snecko Eye":241,"Black Star":326,"Pocketwatch":122,"Darkstone Periapt":306,"Regal Pillow":65,"Lantern":379,"Singing Bowl":195,"StoneCalendar":96,"Juzu Bracelet":273,"Bag of Preparation":290,"Cursed Key":186,"Ancient Tea Set":306,"Burning Blood":0,"Mummified Hand":177,"Pantograph":262,"Gambling Chip":352,"Red Mask":53,"Runic Pyramid":84,"Potion Belt":267,"Lee\u0027s Waffle":122,"PreservedInsect":71,"The Courier":352,"Omamori":112,"Orichalcum":375,"Medical Kit":122,"MawBank":205,"Peace Pipe":60,"Anchor":350,"Orrery":139,"Art of War":122,"Coffee Dripper":369,"Bag of Marbles":375,"Membership Card":290}]},"card_choices":[{"not_picked":["Havoc","Heavy Blade","True Grit"],"picked":"Singing Bowl","floor":1.0},{"not_picked":["Perfected Strike","Havoc"],"picked":"Twin Strike","floor":2.0},{"not_picked":["Sword Boomerang","Armaments"],"picked":"Cleave","floor":6.0},{"not_picked":["Wild Strike","Perfected Strike"],"picked":"Clash","floor":7.0},{"not_picked":["Dark Embrace","Headbutt"],"picked":"Shrug It Off","floor":8.0},{"not_picked":["Iron Wave","Intimidate"],"picked":"Reckless Charge","floor":10.0},{"not_picked":["Blood for Blood","Hemokinesis"],"picked":"Sword Boomerang","floor":13.0},{"not_picked":["Sentinel","Ghostly Armor"],"picked":"True Grit","floor":14.0},{"not_picked":["Brutality","Reaper"],"picked":"Fiend Fire","floor":16.0},{"not_picked":["Clash+1","Headbutt+1"],"picked":"Clothesline","floor":18.0},{"not_picked":["Headbutt+1","Body Slam"],"picked":"Battle Trance","floor":20.0},{"not_picked":["Rampage","Juggernaut"],"picked":"Thunderclap+1","floor":21.0},{"not_picked":["Pommel Strike","Infernal Blade"],"picked":"True Grit+1","floor":23.0},{"not_picked":["Twin Strike","Headbutt"],"picked":"Pummel+1","floor":25.0},{"not_picked":["Body Slam","Thunderclap+1","Perfected Strike"],"picked":"Singing Bowl","floor":28.0},{"not_picked":["Flex","Bludgeon","Hemokinesis"],"picked":"Singing Bowl","floor":30},{"not_picked":["Carnage","Anger"],"picked":"Power Through","floor":31},{"not_picked":["Limit Break","Demon Form"],"picked":"Juggernaut","floor":33},{"not_picked":["Body Slam+1","Dropkick"],"picked":"Dark Embrace+1","floor":35},{"not_picked":["Madness","Forethought"],"picked":"Purity","floor":38},{"not_picked":["Secret Weapon","Panache"],"picked":"Panacea","floor":38},{"not_picked":["Cleave","Brutality"],"picked":"Armaments+1","floor":39},{"not_picked":["Whirlwind","Wild Strike","Anger+1"],"picked":"Singing Bowl","floor":39},{"not_picked":["Fire Breathing+1","Shrug It Off+1"],"picked":"Power Through","floor":39},{"not_picked":["Sword Boomerang","Pummel","Clothesline+1"],"picked":"Singing Bowl","floor":39},{"not_picked":["Perfected Strike","Sword Boomerang+1","Entrench+1"],"picked":"Singing Bowl","floor":39},{"not_picked":["Pommel Strike","Flex"],"picked":"Demon Form","floor":41},{"not_picked":["Searing Blow","Iron Wave","Cleave+1"],"picked":"Singing Bowl","floor":44},{"not_picked":["Perfected Strike","Headbutt","Shrug It Off"],"picked":"Singing Bowl","floor":45},{"not_picked":["Thunderclap+1","Juggernaut"],"picked":"Battle Trance","floor":46},{"not_picked":["Entrench+1","Anger","Wild Strike"],"picked":"Singing Bowl","floor":48}],"player_experience":362072,"relics_obtained":[{"floor":8.0,"key":"Darkstone Periapt"},{"floor":9.0,"key":"Ancient Tea Set"},{"floor":10.0,"key":"Vajra"},{"floor":13.0,"key":"Regal Pillow"},{"floor":23.0,"key":"Whetstone"},{"floor":23.0,"key":"Anchor"},{"floor":25.0,"key":"MawBank"},{"floor":25.0,"key":"The Courier"},{"floor":26.0,"key":"Gambling Chip"},{"floor":30,"key":"PreservedInsect"},{"floor":30,"key":"Juzu Bracelet"},{"floor":41,"key":"Orichalcum"},{"floor":41,"key":"Mummified Hand"},{"floor":43,"key":"Bag of Marbles"},{"floor":46,"key":"Girya"},{"floor":46,"key":"Lantern"}],"event_choices":[{"damage_healed":0.0,"max_hp_gain":0.0,"max_hp_loss":0.0,"gold_gain":75.0,"event_name":"World of Goop","player_choice":"Gather Gold","floor":3.0,"gold_loss":0.0,"damage_taken":11.0},{"damage_healed":0.0,"max_hp_gain":0.0,"max_hp_loss":0.0,"gold_gain":175.0,"event_name":"Liars Game","player_choice":"AGREE","floor":4.0,"gold_loss":0.0,"damage_taken":0.0,"cards_obtained":["Doubt"]},{"damage_healed":0.0,"max_hp_gain":0.0,"max_hp_loss":0.0,"gold_gain":0.0,"cards_transformed":["Strike_R"],"event_name":"Living Wall","player_choice":"Change","floor":11.0,"gold_loss":0.0,"damage_taken":0.0,"cards_obtained":["Shrug It Off"]},{"damage_healed":0.0,"max_hp_gain":0.0,"max_hp_loss":0.0,"gold_gain":0.0,"event_name":"Addict","player_choice":"Obtained Relic","floor":19.0,"gold_loss":85.0,"damage_taken":0.0,"relics_obtained":["Kunai"]},{"damage_healed":0,"gold_gain":0,"player_choice":"Max HP","damage_taken":0,"max_hp_gain":0,"max_hp_loss":5,"event_name":"Winding Halls","floor":37,"gold_loss":0},{"damage_healed":0,"gold_gain":3,"player_choice":"1","damage_taken":0,"max_hp_gain":0,"max_hp_loss":0,"event_name":"betterStone:BetterStone","floor":38,"gold_loss":0},{"cards_removed":["Clash"],"damage_healed":0,"gold_gain":0,"player_choice":"Purged","damage_taken":0,"max_hp_gain":0,"max_hp_loss":0,"event_name":"Purifier","floor":42,"gold_loss":0}],"is_beta":false,"boss_relics":[{"not_picked":["Runic Cube","Philosopher\u0027s Stone"],"picked":"Black Star"},{"not_picked":["SacredBark","Fusion Hammer"],"picked":"Coffee Dripper"}],"items_purged_floors":[5,22,29,36,36,47],"is_endless":false,"potions_floor_spawned":[7,13,16,18,21,23,33,41,46,48],"ascension_level":8}}