{"host":"0tiuc76yumknr6qf","time":1612807765,"event":{"mods":["Aspiration","BaseMod","Bestiary","Colored Map","DeckTracker","Highlight Path","Minty Spire (QoL Compilation)","StSLib"],"gold_per_floor":[114,132,152,152,165,165,199,199,199,199,209,237,252,282,282,354,354,370,382,382,382,382,382,382,382],"floor_reached":24,"language":"ENG","playtime":1549,"items_purged":[],"score":412,"play_id":"e92282ce-71ce-46f0-b424-e9234e0831cf","local_time":"20210208120925","is_ascension_mode":true,"campfire_choices":[{"data":"Clothesline","floor":6,"key":"SMITH"},{"data":"Pommel Strike","floor":8,"key":"SMITH"},{"data":"Barricade","floor":10,"key":"SMITH"},{"data":"Armaments","floor":15,"key":"SMITH"},{"data":"Flex","floor":23,"key":"SMITH"}],"circlet_count":0,"master_deck":["AscendersBane","Strike_R+1","Strike_R+1","Strike_R+1","Defend_R+1","Defend_R+1","Defend_R+1","Defend_R+1","Bash+1","Clothesline+1","Pommel Strike+1","Pummel","Feel No Pain","Barricade+1","Metallicize","Pummel","Flex+1","Armaments+1","Limit Break","Entrench+1","Disarm"],"relics":["Burning Blood","aspiration:Nostalgia","Cracked Core","Incense Burner","Kunai","aspiration:FrozenJewel","Odd Mushroom","Empty Cage"],"acts_visited":["Exordium","TheCity"],"potions_floor_usage":[7,16,24,24],"damage_taken":[{"damage":9,"enemies":"Small Slimes","floor":1,"turns":5},{"damage":0,"enemies":"Cultist","floor":2,"turns":3},{"damage":3,"enemies":"2 Louse","floor":3,"turns":3},{"damage":2,"enemies":"2 Fungi Beasts","floor":5,"turns":3},{"damage":24,"enemies":"Lagavulin","floor":7,"turns":5},{"damage":27,"enemies":"Exordium Thugs","floor":11,"turns":5},{"damage":8,"enemies":"3 Sentries","floor":12,"turns":11},{"damage":0,"enemies":"Blue Slaver","floor":13,"turns":5},{"damage":4,"enemies":"The Mushroom Lair","floor":14,"turns":5},{"damage":24,"enemies":"Slime Boss","floor":16,"turns":20},{"damage":25,"enemies":"Shell Parasite","floor":18,"turns":10},{"damage":20,"enemies":"Chosen","floor":19,"turns":7},{"damage":30,"enemies":"Gremlin Leader","floor":24,"turns":13}],"seed_played":"-1526253562739669918","potions_obtained":[{"floor":1,"key":"Ancient Potion"},{"floor":5,"key":"Energy Potion"},{"floor":11,"key":"GamblersBrew"},{"floor":12,"key":"HeartOfIron"},{"floor":16,"key":"Fire Potion"}],"is_trial":false,"path_per_floor":["M","M","M","?","M","R","E","R","T","R","M","E","M","?","R","B",null,"M","M","?","?","?","R","E"],"character_chosen":"IRONCLAD","items_purchased":[],"campfire_rested":0,"item_purchase_floors":[],"current_hp_per_floor":[65,71,74,74,75,75,57,57,57,57,36,34,40,42,42,24,62,43,29,29,29,23,23,0,0],"gold":382,"neow_bonus":"NOSTALGIA","is_daily":false,"chose_seed":false,"campfire_upgraded":5,"win_rate":0.0,"timestamp":1612807765,"path_taken":["M","M","M","?","?","R","E","R","T","R","M","E","?","?","R","BOSS","M","M","?","?","?","R","E"],"items_purchased_type":[],"build_version":"2020-12-22","purchased_purges":0,"victory":false,"max_hp_per_floor":[75,75,75,75,75,75,75,75,75,75,75,75,75,75,75,75,75,75,75,75,75,75,75,75,75],"card_choices":[{"not_picked":["Combust","Wild Strike"],"picked":"Clothesline","floor":1},{"not_picked":["Rupture","Clothesline"],"picked":"Pommel Strike","floor":2},{"not_picked":["Warcry","Anger"],"picked":"Pummel","floor":3},{"not_picked":["Body Slam","Warcry"],"picked":"Feel No Pain","floor":5},{"not_picked":["True Grit","Blood for Blood"],"picked":"Barricade","floor":7},{"not_picked":["Cleave","Clothesline"],"picked":"Metallicize","floor":11},{"not_picked":["Cleave","Rage"],"picked":"Pummel","floor":12},{"not_picked":["Headbutt","Hemokinesis"],"picked":"Flex","floor":13},{"not_picked":["Pommel Strike","Carnage"],"picked":"Armaments","floor":14},{"not_picked":["Exhume","Immolate"],"picked":"Limit Break","floor":16},{"not_picked":["Twin Strike","Pommel Strike"],"picked":"Entrench+1","floor":18},{"not_picked":["Sword Boomerang","Iron Wave","Uppercut"],"picked":"SKIP","floor":19}],"player_experience":1957833,"relics_obtained":[{"floor":7,"key":"Incense Burner"},{"floor":9,"key":"Kunai"},{"floor":12,"key":"aspiration:FrozenJewel"},{"floor":14,"key":"Odd Mushroom"}],"event_choices":[{"damage_healed":0,"gold_gain":0,"player_choice":"Upgraded","damage_taken":0,"max_hp_gain":0,"max_hp_loss":0,"event_name":"Upgrade Shrine","floor":4,"gold_loss":0,"cards_upgraded":["Bash"]},{"damage_healed":0,"gold_gain":0,"player_choice":"Fought Mushrooms","damage_taken":0,"max_hp_gain":0,"max_hp_loss":0,"event_name":"Mushrooms","floor":14,"gold_loss":0},{"damage_healed":0,"gold_gain":0,"player_choice":"Read","damage_taken":0,"max_hp_gain":0,"max_hp_loss":0,"event_name":"The Library","floor":20,"gold_loss":0,"cards_obtained":["Disarm"]},{"damage_healed":0,"gold_gain":0,"player_choice":"Simplicity","damage_taken":0,"max_hp_gain":0,"max_hp_loss":0,"event_name":"Back to Basics","floor":21,"gold_loss":0,"cards_upgraded":["Strike_R","Strike_R","Strike_R","Defend_R","Defend_R","Defend_R","Defend_R"]},{"damage_healed":0,"gold_gain":0,"player_choice":"","damage_taken":6,"max_hp_gain":0,"max_hp_loss":0,"event_name":"Knowing Skull","floor":22,"potions_obtained":[],"gold_loss":0,"cards_obtained":[]}],"is_beta":false,"boss_relics":[{"not_picked":["SlaversCollar","aspiration:BursterCore"],"picked":"Empty Cage"}],"items_purged_floors":[],"is_endless":false,"potions_floor_spawned":[1,5,11,12,16,18],"killed_by":"Gremlin Leader","ascension_level":20}}