{"host":"kn32u0f2pym5bozc","time":1612788458,"event":{"mods":["2.2 Compatiblity","BaseMod","Better Third Choice","Minty Spire (QoL Compilation)","Permanent Neow","Relic Stats","StSLib","The Animator"],"gold_per_floor":[11,11,11,47,71,71,121,121,121,121,49,84,119,144,144,268,268,292,337,358,371,385,385,385],"floor_reached":23,"language":"ENG","playtime":1531,"items_purged":[],"score":305,"play_id":"5f485fef-cdb7-4191-9e73-97b2aa4345e3","local_time":"20210208074738","is_ascension_mode":true,"campfire_choices":[{"data":"animator:Kira","floor":6.0,"key":"SMITH"},{"data":"animator:Demiurge","floor":8.0,"key":"SMITH"},{"floor":10.0,"key":"REST"},{"floor":15.0,"key":"REST"}],"circlet_count":0,"master_deck":["AscendersBane","animator:Strike_Overlord","animator:Defend_Overlord","animator:Strike","animator:Strike","animator:Strike+1","animator:Defend","animator:Defend","animator:Defend+1","animator:Cocytus","animator:Demiurge+1","animator:Kira+1","animator:Shichika","animator:Yuuichirou","animator:Lancer","animator:Shalltear","animator:Sebas","animator:TukaLunaMarceau","animator:Konayuki","animator:LizardPriest","animator:Biyorigo","animator:Evileye","animator:IrohaTamaki","animator:FielNirvalen","animator:Verdia"],"relics":["animator:LivingPicture","animator:TheMissingPiece","animator:PurgingStone","Golden Idol","Strawberry","Tiny Chest","MealTicket","animator:HolyGrailRelic","PreservedInsect"],"acts_visited":["Exordium","TheCity"],"potions_floor_usage":[23],"damage_taken":[{"damage":0.0,"enemies":"Small Slimes","floor":1.0,"turns":5.0},{"damage":17.0,"enemies":"Jaw Worm","floor":4.0,"turns":3.0},{"damage":2.0,"enemies":"Cultist","floor":5.0,"turns":4.0},{"damage":39.0,"enemies":"3 Sentries","floor":7.0,"turns":10.0},{"damage":13.0,"enemies":"Lots of Slimes","floor":12.0,"turns":3.0},{"damage":19.0,"enemies":"Lagavulin","floor":13.0,"turns":6.0},{"damage":0.0,"enemies":"Exordium Wildlife","floor":14.0,"turns":4.0},{"damage":4.0,"enemies":"Hexaghost","floor":16.0,"turns":6.0},{"damage":0.0,"enemies":"Spheric Guardian","floor":18.0,"turns":2.0},{"damage":33.0,"enemies":"2 Thieves","floor":20.0,"turns":4.0},{"damage":5.0,"enemies":"Snake Plant","floor":21.0,"turns":5.0},{"damage":25.0,"enemies":"Chosen and Byrds","floor":22.0,"turns":7.0},{"damage":8,"enemies":"Slavers","floor":23,"turns":1}],"seed_played":"7798548133845564377","potions_obtained":[{"floor":1.0,"key":"PowerPotion"},{"floor":4.0,"key":"PowerPotion"},{"floor":5.0,"key":"Regen Potion"},{"floor":7.0,"key":"FearPotion"},{"floor":18.0,"key":"Explosive Potion"}],"is_trial":false,"path_per_floor":["M","?","?","M","M","R","E","R","T","R","$","M","E","M","R","B",null,"M","T","M","M","M","E"],"character_chosen":"THE_ANIMATOR","items_purchased":["animator:Sebas"],"campfire_rested":2,"item_purchase_floors":[11],"current_hp_per_floor":[59,59,47,30,28,28,23,23,23,43,43,30,11,11,31,27,66,69,69,38,33,8,0,0],"gold":385,"neow_bonus":"RANDOM_COLORLESS_2","is_daily":false,"chose_seed":false,"campfire_upgraded":2,"win_rate":0.0,"timestamp":1612788458,"path_taken":["M","?","?","M","M","R","E","R","T","R","?","?","E","?","R","BOSS","M","?","M","?","M","E"],"items_purchased_type":["Card"],"build_version":"2020-12-22","purchased_purges":0,"victory":false,"max_hp_per_floor":[66,61,61,61,61,61,68,68,68,68,68,68,68,68,68,68,76,79,79,81,78,75,72,72],"relic_stats":{"counters":[13,60],"Golden Idol":75,"Tiny Chest":1,"MealTicket":0,"PreservedInsect":41,"obtain_stats":[{"animator:HolyGrailRelic":17,"animator:PurgingStone":0,"Golden Idol":2,"animator:TheMissingPiece":0,"Strawberry":7,"Tiny Chest":9,"MealTicket":13,"animator:LivingPicture":0,"PreservedInsect":19},{"animator:HolyGrailRelic":8,"animator:PurgingStone":0,"Golden Idol":1,"animator:TheMissingPiece":0,"Strawberry":4,"Tiny Chest":4,"MealTicket":6,"animator:LivingPicture":0,"PreservedInsect":9},{"animator:HolyGrailRelic":41,"animator:PurgingStone":0,"Golden Idol":5,"animator:TheMissingPiece":0,"Strawberry":22,"Tiny Chest":22,"MealTicket":31,"animator:LivingPicture":0,"PreservedInsect":43}]},"card_choices":[{"not_picked":["animator:TakanashiRikka","animator:KotoriKanbe"],"picked":"animator:Kira","floor":0.0},{"not_picked":["animator:Sonic","animator:KyokoSakura"],"picked":"animator:Shichika","floor":1.0},{"not_picked":["animator:Spearman","animator:Mikaela"],"picked":"animator:Yuuichirou","floor":4.0},{"not_picked":["animator:DolaCouronne","animator:Fredrika"],"picked":"animator:Lancer","floor":5.0},{"not_picked":["animator:Evileye","animator:PandorasActor"],"picked":"animator:Shalltear","floor":7.0},{"not_picked":["animator:Viivi","animator:Hakurou"],"picked":"animator:TukaLunaMarceau","floor":12.0},{"not_picked":["animator:Greed","animator:YuiTsuruno"],"picked":"animator:Konayuki","floor":13.0},{"not_picked":["animator:Shion","animator:IzunaHatsuse"],"picked":"animator:LizardPriest","floor":14.0},{"not_picked":["animator:Greed","animator:Saitama"],"picked":"animator:Biyorigo","floor":16.0},{"not_picked":["animator:Demiurge","animator:Entoma"],"picked":"animator:Evileye","floor":18.0},{"not_picked":["animator:IzunaHatsuse","animator:Azekura"],"picked":"animator:IrohaTamaki","floor":20.0},{"not_picked":["animator:Ara","animator:UneriGinkaku"],"picked":"animator:FielNirvalen","floor":21.0},{"not_picked":["animator:Kuribayashi","animator:Elsword"],"picked":"animator:Verdia","floor":22.0}],"player_experience":927741,"relics_obtained":[{"floor":7.0,"key":"Strawberry"},{"floor":9.0,"key":"Tiny Chest"},{"floor":13.0,"key":"MealTicket"},{"floor":19.0,"key":"PreservedInsect"}],"event_choices":[{"damage_healed":0.0,"max_hp_gain":0.0,"max_hp_loss":5.0,"gold_gain":0.0,"event_name":"Golden Idol","player_choice":"Lose Max HP","floor":2.0,"gold_loss":0.0,"damage_taken":0.0,"relics_obtained":["Golden Idol"]},{"damage_healed":59.0,"max_hp_gain":0.0,"max_hp_loss":61.0,"gold_gain":0.0,"event_name":"betterThird:BetterShining","player_choice":"Upgrade","floor":3.0,"gold_loss":0.0,"damage_taken":12.0,"cards_upgraded":["animator:Defend","animator:Strike"]}],"is_beta":false,"boss_relics":[{"not_picked":["Pandora\u0027s Box","Calling Bell"],"picked":"animator:HolyGrailRelic"}],"items_purged_floors":[],"is_endless":false,"potions_floor_spawned":[1,4,5,7,18],"killed_by":"Slavers","ascension_level":10}}