{"host":"bx54wbx1b8s5cm4v","time":1612823437,"event":{"mods":["BaseMod","Beaked The Cultist","GifTheSpireLib","Hubris","Marisa????????","Minty Spire (QoL Compilation)","StSLib","The Blackbeard","The Bladedancer","The Cursed","The Disciple","The Druid","The Forsaken","The Necromancer","The Runesmith","The Servant 0.9.4","TheBandit"],"gold_per_floor":[117,134,153,168,181,181,209,209,235,262,262,116,130,205,205,306,306,321,334,334,259,122,155,55,89,89,118,118,132,132,132,132,227,227,239,239,339,349,382,401,427,459,470,470,504,504,504,504,504,25,55,55,55],"floor_reached":55,"language":"ENG","playtime":2126,"items_purged":["Strike_R","Strike_R"],"score":962,"play_id":"245f816f-1094-4427-b22e-e21a789290cb","local_time":"20210208193037","is_ascension_mode":true,"campfire_choices":[{"data":"Berserk","floor":6,"key":"SMITH"},{"data":"Intimidate","floor":8,"key":"SMITH"},{"data":"Spot Weakness","floor":11,"key":"SMITH"},{"data":"Inflame","floor":15,"key":"SMITH"},{"floor":28,"key":"RECALL"},{"floor":30,"key":"REST"},{"floor":32,"key":"REST"},{"floor":47,"key":"REST"},{"floor":49,"key":"REST"},{"floor":52,"key":"REST"}],"circlet_count":0,"master_deck":["Strike_R","Strike_R","Defend_R","Defend_R","Defend_R","Defend_R+1","Bash","Pommel Strike","Clash","Flex+1","Berserk+1","Cleave","Intimidate+1","Spot Weakness+1","Inflame+1","Twin Strike","Feed","Armaments","Flex+1","Limit Break+1","Infernal Blade","Clash+1","Pommel Strike","Pummel","Metallicize","Fiend Fire","Pummel","Metallicize+1","Ghostly Armor+1","Heavy Blade","Heavy Blade+1"],"relics":["Burning Blood","hubris:Teleporter","Toy Ornithopter","Centennial Puzzle","War Paint","Fusion Hammer","CaptainsWheel","Strawberry","hubris:MysteriousPyramids","Self Forming Clay","Omamori","Philosopher\u0027s Stone","Sundial","Toxic Egg 2","Ornamental Fan","HandDrill","Letter Opener","Pear"],"acts_visited":["Exordium","TheCity","TheBeyond","TheEnding"],"potions_floor_usage":[16,25,30,42,44,46,50,50],"damage_taken":[{"damage":15,"enemies":"Small Slimes","floor":1,"turns":3},{"damage":1,"enemies":"Cultist","floor":2,"turns":3},{"damage":7,"enemies":"2 Louse","floor":3,"turns":2},{"damage":10,"enemies":"2 Fungi Beasts","floor":4,"turns":4},{"damage":6,"enemies":"Exordium Thugs","floor":5,"turns":4},{"damage":30,"enemies":"3 Sentries","floor":7,"turns":6},{"damage":15,"enemies":"Lagavulin","floor":10,"turns":6},{"damage":6,"enemies":"Looter","floor":13,"turns":2},{"damage":12,"enemies":"Slime Boss","floor":16,"turns":6},{"damage":2,"enemies":"Chosen","floor":18,"turns":3},{"damage":28,"enemies":"2 Thieves","floor":19,"turns":3},{"damage":11,"enemies":"Gremlin Leader","floor":23,"turns":5},{"damage":29,"enemies":"Slavers","floor":25,"turns":4},{"damage":5,"enemies":"Gremlin Leader","floor":27,"turns":4},{"damage":21,"enemies":"Snake Plant","floor":29,"turns":3},{"damage":24,"enemies":"hubris:MusketHawk","floor":33,"turns":5},{"damage":17,"enemies":"3 Darklings","floor":35,"turns":3},{"damage":0,"enemies":"Orb Walker","floor":39,"turns":2},{"damage":38,"enemies":"Nemesis","floor":40,"turns":3},{"damage":21,"enemies":"4 Shapes","floor":42,"turns":2},{"damage":49,"enemies":"beaked:SuperParasite","floor":44,"turns":5},{"damage":4,"enemies":"Sphere and 2 Shapes","floor":46,"turns":4},{"damage":43,"enemies":"Nemesis","floor":48,"turns":5},{"damage":21,"enemies":"hubris:GrandSnecko","floor":50,"turns":8},{"damage":57,"enemies":"Shield and Spear","floor":54,"turns":5},{"damage":62,"enemies":"The Heart","floor":55,"turns":3}],"seed_played":"3666096840452182569","potions_obtained":[{"floor":2,"key":"Energy Potion"},{"floor":4,"key":"BloodPotion"},{"floor":5,"key":"Energy Potion"},{"floor":16,"key":"SmokeBomb"},{"floor":27,"key":"LiquidMemories"},{"floor":29,"key":"Fruit Juice"},{"floor":33,"key":"Energy Potion"},{"floor":44,"key":"SkillPotion"},{"floor":46,"key":"Fire Potion"}],"is_trial":false,"path_per_floor":["M","M","M","M","M","R","E","R","T","E","R","$","M","?","R","B",null,"M","M","?","?","$","E","$","E","T","E","R","M","R","?","R","B",null,"M","?","?","M","E","M","T","E","M","R","E","R","B",null,"R","$","E","B"],"character_chosen":"IRONCLAD","items_purchased":["Inflame","Limit Break","HandDrill","Letter Opener","Heavy Blade","Fire Potion"],"campfire_rested":5,"item_purchase_floors":[12,22,53,53,53,53],"current_hp_per_floor":[63,68,67,63,63,63,39,39,39,30,30,30,30,23,23,22,72,75,56,49,49,49,51,51,37,37,38,38,26,63,63,92,74,97,86,86,86,92,60,50,50,31,41,71,37,67,62,103,103,103,62,0,0],"gold":55,"neow_bonus":"ONE_RARE_RELIC","is_daily":false,"chose_seed":false,"campfire_upgraded":4,"win_rate":0.0,"timestamp":1612823437,"path_taken":["M","M","M","M","M","R","E","R","T","E","R","$","M","?","R","BOSS","M","M","?","?","$","E","$","E","T","E","R","M","R","?","R","BOSS","M","?","?","?","E","M","T","E","M","R","E","R","BOSS","R","$","E","BOSS"],"items_purchased_type":["Card","Card","Relic","Relic","Card","Potion"],"build_version":"2020-12-22","purchased_purges":2,"victory":false,"max_hp_per_floor":[72,72,72,72,72,72,72,72,72,72,72,72,72,72,72,72,72,75,78,78,78,78,85,85,89,89,89,89,92,97,97,97,97,97,97,97,97,97,97,97,97,97,100,100,103,103,103,103,103,103,113,113,113],"card_choices":[{"not_picked":["Perfected Strike","Headbutt"],"picked":"Pommel Strike","floor":1},{"not_picked":["Fire Breathing","Body Slam"],"picked":"Clash","floor":2},{"not_picked":["Sword Boomerang","Rampage"],"picked":"Flex","floor":3},{"not_picked":["Anger","True Grit"],"picked":"Berserk","floor":4},{"not_picked":["Body Slam","Shrug It Off"],"picked":"Cleave","floor":5},{"not_picked":["Thunderclap","Wild Strike"],"picked":"Intimidate","floor":7},{"not_picked":["Clash","Clothesline"],"picked":"Spot Weakness","floor":10},{"not_picked":["Sever Soul","Clash"],"picked":"Twin Strike","floor":13},{"not_picked":["Brutality","Berserk"],"picked":"Feed","floor":16},{"not_picked":["Warcry","True Grit+1"],"picked":"Armaments","floor":18},{"not_picked":["hubris:CleavingFinish","Flame Barrier"],"picked":"Flex+1","floor":19},{"not_picked":["Flex+1","Headbutt+1"],"picked":"Infernal Blade","floor":23},{"not_picked":["Fire Breathing","Body Slam"],"picked":"Clash+1","floor":25},{"not_picked":["hubris:SharpeningStone+1","Headbutt"],"picked":"Pommel Strike","floor":27},{"not_picked":["Cleave+1","Anger+1"],"picked":"Pummel","floor":29},{"not_picked":["Feed","Berserk"],"picked":"Fiend Fire","floor":33},{"not_picked":["Anger+1","Cleave","Wild Strike"],"picked":"SKIP","floor":35},{"not_picked":["Headbutt","Flex+1","Flame Barrier+1"],"picked":"SKIP","floor":39},{"not_picked":["Intimidate+1","Armaments","Rupture"],"picked":"SKIP","floor":40},{"not_picked":["Thunderclap+1","Second Wind"],"picked":"Pummel","floor":42},{"not_picked":["Dropkick+1","Clothesline"],"picked":"Metallicize+1","floor":44},{"not_picked":["Fire Breathing","Body Slam","Heavy Blade+1"],"picked":"SKIP","floor":46},{"not_picked":["Bludgeon","Impervious+1"],"picked":"Ghostly Armor+1","floor":48},{"not_picked":["Burning Pact+1","Combust"],"picked":"Heavy Blade+1","floor":54}],"player_experience":33533,"relics_obtained":[{"floor":7,"key":"Toy Ornithopter"},{"floor":9,"key":"Centennial Puzzle"},{"floor":10,"key":"War Paint"},{"floor":23,"key":"Strawberry"},{"floor":25,"key":"hubris:MysteriousPyramids"},{"floor":26,"key":"Self Forming Clay"},{"floor":27,"key":"Omamori"},{"floor":40,"key":"Sundial"},{"floor":44,"key":"Toxic Egg 2"},{"floor":48,"key":"Ornamental Fan"},{"floor":54,"key":"Pear"}],"event_choices":[{"damage_healed":0,"gold_gain":75,"player_choice":"Touch","damage_taken":7,"max_hp_gain":0,"max_hp_loss":0,"event_name":"FaceTrader","floor":14,"gold_loss":0},{"damage_healed":0,"gold_gain":0,"player_choice":"CaptainsWheel","damage_taken":0,"relics_obtained":["CaptainsWheel"],"max_hp_gain":0,"max_hp_loss":0,"event_name":"blackbeard:ShipwreckEvent","floor":20,"gold_loss":0},{"cards_removed":["Strike_R"],"damage_healed":0,"gold_gain":0,"player_choice":"Gave Gold","damage_taken":0,"max_hp_gain":0,"max_hp_loss":0,"event_name":"Beggar","floor":21,"gold_loss":75},{"damage_healed":0,"gold_gain":0,"player_choice":"Read","damage_taken":0,"max_hp_gain":0,"max_hp_loss":0,"event_name":"The Library","floor":31,"gold_loss":0,"cards_obtained":["Metallicize"]},{"damage_healed":0,"gold_gain":100,"player_choice":"Pray","damage_taken":0,"max_hp_gain":0,"max_hp_loss":0,"event_name":"Golden Shrine","floor":38,"gold_loss":0}],"is_beta":false,"boss_relics":[{"not_picked":["hubris:RunicObelisk","hubris:Backtick"],"picked":"Fusion Hammer"},{"not_picked":["beaked:SacredDeck","Coffee Dripper"],"picked":"Philosopher\u0027s Stone"}],"items_purged_floors":[12,24],"is_endless":false,"potions_floor_spawned":[2,4,5,16,19,27,29,33,39,44,46],"killed_by":"The Heart","ascension_level":3}}