{"host":"0cnf9zf1gia27zti","time":1612826787,"event":{"mods":["BaseMod","Better Third Choice","BetterRewards","Card Forge","ChefMod","Colored Map","Colored Powertips","Conspire","Downfall","Googly Eyes","Infinite Spire","Minty Spire (QoL Compilation)","Practice Mode","Quick Restart","Replay The Spire","Shade Mod","Spicy Shops","StSLib","The Marked"],"gold_per_floor":[110,110,122,122,139,172,192,220,244,51,51,51,51,118,130,164,164,241,241,259,259,277,277,277,310,310,345,371,405,416,433,468,468,468,569,619,675,700,700,763,823,901,993,1099,1177,1251,1251,1375,156,194,194,204],"floor_reached":53,"language":"ENG","playtime":7506,"items_purged":["Strike_R","Defend_R"],"score":1631,"play_id":"9d023f33-aa45-4a47-96d7-010c9f2037df","local_time":"20210208232626","is_ascension_mode":true,"campfire_choices":[{"data":"Whirlwind","floor":11,"key":"SMITH"},{"data":"ReplayTheSpireMod:Muscle Training","floor":26,"key":"SMITH"},{"floor":34,"key":"REST"},{"floor":51,"key":"DIG"}],"circlet_count":0,"master_deck":["AscendersBane","Shrug It Off+1","Limit Break+1","Heavy Blade+1","Shrug It Off+1","Sword Boomerang+1","Inflame+1","Shrug It Off+1","ReplayTheSpireMod:Muscle Training+1","Whirlwind+1","Whirlwind+1","Insight+1","ReplayTheSpireMod:Muscle Training+1","Demon Form+1","Warcry","Warcry","Warcry+1","Inflame"],"relics":["Burning Blood","Hammer of Thor","Seething Fire","Anvil of the Gods","Vajra","infinitespire:WardingShard","TheAbacus","Eternal Feather","Thread and Needle","StoneCalendar","Art of War","Omamori","HornCleat","Gremlin Food","Black Star","MutagenicStrength","Replay:Baseball","Happy Flower","Paper Frog","Bronze Scales","Dream Catcher","King of Hearts","Replay:PocketPolymizer","Centennial Puzzle","sneckomod:BlankCard","infinitespire:EvilPickle","Tiny House","Charon\u0027s Ashes","Red Skull","Replay:Bandana","Ancient Tea Set","Replay:Multitool","Toxic Egg 2","Mirror","infinitespire:Satchel","Pocketwatch","Brimstone","infinitespire:Golems Mask","conspire:Dentures","Bag of Preparation","infinitespire:FocusingShard","Replay:Mystery Machine"],"acts_visited":["Exordium","TheCity","TheBeyond"],"potions_floor_usage":[16,27,27,35,42,42,42,42,42,42,43,48,52,52],"damage_taken":[{"damage":0,"enemies":"Cultist","floor":1,"turns":2},{"damage":0,"enemies":"Jaw Worm","floor":3,"turns":2},{"damage":0,"enemies":"Small Slimes","floor":5,"turns":3},{"damage":1,"enemies":"Gremlin Nob","floor":6,"turns":2},{"damage":2,"enemies":"Exordium Thugs","floor":7,"turns":3},{"damage":0,"enemies":"Lagavulin","floor":8,"turns":5},{"damage":0,"enemies":"Exordium Wildlife","floor":15,"turns":4},{"damage":0,"enemies":"3 Sentries","floor":16,"turns":3},{"damage":2,"enemies":"Fading Forest","floor":18,"turns":8},{"damage":1,"enemies":"2 Thieves","floor":20,"turns":3},{"damage":0,"enemies":"Chosen","floor":22,"turns":2},{"damage":3,"enemies":"Book of Stabbing","floor":25,"turns":3},{"damage":0,"enemies":"Slavers","floor":27,"turns":1},{"damage":0,"enemies":"Book of Stabbing","floor":29,"turns":3},{"damage":1,"enemies":"Centurion and Healer","floor":30,"turns":2},{"damage":1,"enemies":"Snake Plant","floor":31,"turns":1},{"damage":0,"enemies":"Gremlin Leader","floor":32,"turns":2},{"damage":1,"enemies":"Pondfish","floor":35,"turns":5},{"damage":0,"enemies":"Orb Walker","floor":37,"turns":2},{"damage":0,"enemies":"Mind Bloom Boss Battle","floor":38,"turns":4},{"damage":0,"enemies":"3 Darklings","floor":40,"turns":2},{"damage":1,"enemies":"Maw","floor":41,"turns":3},{"damage":15,"enemies":"R_Hoarder","floor":42,"turns":5},{"damage":0,"enemies":"Jaw Worm Horde","floor":43,"turns":3},{"damage":5,"enemies":"Nemesis","floor":44,"turns":3},{"damage":14,"enemies":"R_Hoarder","floor":48,"turns":6},{"damage":3,"enemies":"Spire Growth","floor":50,"turns":2},{"damage":24,"enemies":"Replay:Hell Engine","floor":52,"turns":5}],"seed_played":"-7749422444416866306","potions_obtained":[{"floor":3,"key":"LiquidMemories"},{"floor":6,"key":"Languid Potion"},{"floor":16,"key":"DuplicationPotion"},{"floor":22,"key":"Adrenaline Potion"},{"floor":27,"key":"DistilledChaos"},{"floor":29,"key":"Weak Potion"},{"floor":35,"key":"DuplicationPotion"},{"floor":36,"key":"AttackPotion"},{"floor":42,"key":"SneckoOil"}],"is_trial":false,"path_per_floor":["M","T","M","$","M","E","M","E","T","$","R","PTL","PTL","?","M","E","R_BF","B",null,"M","?","M","?","?","E","R","E","T","E","M","M","E","?","R","B",null,"M","?","?","M","M","E","M","E","T","T","?","E","$","M","R","B",null],"character_chosen":"IRONCLAD","items_purchased":["Vajra","Shrug It Off","infinitespire:WardingShard","TheAbacus","Whirlwind","Omamori","Brimstone","infinitespire:Golems Mask","conspire:Dentures","Bag of Preparation","infinitespire:FocusingShard","SteroidPotion","Guardian:BlockOnCardUsePotion","Warcry+1","Inflame"],"campfire_rested":1,"item_purchase_floors":[0,0,0,0,10,10,49,49,49,49,49,49,49,49,49],"current_hp_per_floor":[78,78,80,80,80,80,80,80,80,80,80,80,80,80,80,80,80,80,80,80,80,80,80,80,80,80,80,80,80,80,80,80,80,80,80,85,85,85,85,85,85,76,82,83,83,83,83,75,75,78,85,67],"gold":204,"neow_bonus":"","is_daily":false,"chose_seed":false,"campfire_upgraded":2,"win_rate":0.0,"timestamp":1612826786,"path_taken":["M","?","M","$","?","E","?","E","T","$","R","PTL","PTL","?","M","E","R_BF","BOSS","M","?","M","?","?","E","R","E","T","E","M","M","E","?","R","BOSS","M","?","?","M","M","E","M","E","T","?","?","E","$","M","R","BOSS"],"items_purchased_type":["Relic","Card","Relic","Relic","Card","Relic","Relic","Relic","Relic","Relic","Relic","Potion","Potion","Card","Card"],"build_version":"2020-12-22","purchased_purges":2,"victory":true,"max_hp_per_floor":[80,80,80,80,80,80,80,80,80,80,80,80,80,80,80,80,80,80,80,80,80,80,80,80,80,80,80,80,80,80,80,80,80,80,80,85,85,85,85,85,85,85,85,85,85,85,85,85,85,85,85,85],"card_choices":[{"not_picked":["Pommel Strike","Twin Strike","Infernal Blade"],"picked":"SKIP","floor":1},{"not_picked":["ReplayTheSpireMod:Corrosion Curse","Wild Strike"],"picked":"ReplayTheSpireMod:Muscle Training","floor":3},{"not_picked":["Run Through","Massacre","ReplayTheSpireMod:LeadingStrike"],"picked":"SKIP","floor":5},{"not_picked":["Entrench","Offering","Sword Boomerang"],"picked":"SKIP","floor":6},{"not_picked":["Wild Strike","Clothesline","Disarm"],"picked":"SKIP","floor":7},{"not_picked":["Ghostly Armor","Wild Strike","Perfected Strike"],"picked":"SKIP","floor":8},{"not_picked":["ReplayTheSpireMod:Limb From Limb","Defy Death"],"picked":"Whirlwind","floor":15},{"not_picked":["ReplayTheSpireMod:LeadingStrike","Wild Strike","Perfected Strike"],"picked":"SKIP","floor":16},{"not_picked":["Infernal Blade+1","Dark Embrace","Sentinel"],"picked":"SKIP","floor":20},{"not_picked":["Wild Strike","Iron Wave"],"picked":"ReplayTheSpireMod:Muscle Training","floor":22},{"not_picked":["Twin Strike","Cleave","Second Wind"],"picked":"SKIP","floor":25},{"not_picked":["ReplayReversal","Anger+1","Sentinel"],"picked":"SKIP","floor":27},{"not_picked":["Rage","Clash","Clothesline"],"picked":"SKIP","floor":29},{"not_picked":["Searing Blow","Havoc","ReplayTheSpireMod:Limb From Limb"],"picked":"SKIP","floor":30},{"not_picked":["Thunderclap+1","Heavy Blade","Twin Strike"],"picked":"SKIP","floor":31},{"not_picked":["Life Link","Replay:Many Hands","ReplayTheSpireMod:Strike From Hell+1"],"picked":"SKIP","floor":32},{"not_picked":["Offering","Reaper"],"picked":"Demon Form","floor":35},{"not_picked":["conspire:Charge","Armaments"],"picked":"Warcry","floor":36},{"not_picked":["Perfected Strike","Inflame","Carnage+1"],"picked":"SKIP","floor":37},{"not_picked":["ReplayReversal","Replay:Undeath\u0027s Touch+1","Wild Strike"],"picked":"SKIP","floor":40},{"not_picked":["Disarm","Havoc+1","Rupture"],"picked":"SKIP","floor":41},{"not_picked":["Clothesline","conspire:ExplosiveBarrier","True Grit"],"picked":"SKIP","floor":42},{"not_picked":["Replay:Undeath\u0027s Touch","Defy Death"],"picked":"Warcry","floor":43},{"not_picked":["Flame Barrier+1","ReplayReversal+1","Carnage"],"picked":"SKIP","floor":44},{"not_picked":["infinitespire:OneForAll","Combust+1","Massacre"],"picked":"SKIP","floor":48},{"not_picked":["Anger","ReplayTheSpireMod:Strike From Hell","Pommel Strike+1"],"picked":"SKIP","floor":50}],"player_experience":3745308,"relics_obtained":[{"floor":2,"key":"Eternal Feather"},{"floor":6,"key":"Thread and Needle"},{"floor":8,"key":"StoneCalendar"},{"floor":9,"key":"Art of War"},{"floor":16,"key":"HornCleat"},{"floor":17,"key":"Gremlin Food"},{"floor":25,"key":"Replay:Baseball"},{"floor":25,"key":"Happy Flower"},{"floor":27,"key":"Paper Frog"},{"floor":27,"key":"Bronze Scales"},{"floor":28,"key":"Dream Catcher"},{"floor":29,"key":"King of Hearts"},{"floor":29,"key":"Replay:PocketPolymizer"},{"floor":32,"key":"Centennial Puzzle"},{"floor":32,"key":"sneckomod:BlankCard"},{"floor":38,"key":"Charon\u0027s Ashes"},{"floor":42,"key":"Red Skull"},{"floor":42,"key":"Replay:Bandana"},{"floor":44,"key":"Ancient Tea Set"},{"floor":44,"key":"Replay:Multitool"},{"floor":45,"key":"Toxic Egg 2"},{"floor":46,"key":"Mirror"},{"floor":48,"key":"infinitespire:Satchel"},{"floor":48,"key":"Pocketwatch"},{"floor":51,"key":"Replay:Mystery Machine"}],"event_choices":[{"damage_healed":0,"gold_gain":67,"player_choice":"Gained Gold","damage_taken":0,"max_hp_gain":0,"max_hp_loss":0,"event_name":"Golden Wing","floor":14,"gold_loss":0},{"damage_healed":0,"gold_gain":0,"player_choice":"Insight","damage_taken":1,"max_hp_gain":0,"max_hp_loss":0,"event_name":"betterThird:BetterWriting","floor":21,"gold_loss":0,"cards_obtained":["Insight"]},{"damage_healed":0,"gold_gain":0,"player_choice":"Ignored","damage_taken":0,"max_hp_gain":0,"max_hp_loss":0,"event_name":"Beggar","floor":23,"gold_loss":0},{"damage_healed":0,"gold_gain":0,"player_choice":"Inject Mutagens","damage_taken":0,"relics_obtained":["MutagenicStrength"],"max_hp_gain":0,"max_hp_loss":0,"event_name":"Drug Dealer","floor":24,"gold_loss":0},{"damage_healed":0,"gold_gain":0,"player_choice":"Ignored","damage_taken":0,"max_hp_gain":0,"max_hp_loss":0,"event_name":"Vampires","floor":33,"gold_loss":0},{"damage_healed":0,"gold_gain":0,"player_choice":"Fight","damage_taken":0,"max_hp_gain":0,"max_hp_loss":0,"event_name":"MindBloom","floor":38,"gold_loss":0},{"damage_healed":0,"gold_gain":0,"player_choice":"Leave","damage_taken":0,"max_hp_gain":0,"max_hp_loss":0,"event_name":"conspire:Investor","floor":47,"gold_loss":0}],"is_beta":false,"boss_relics":[{"not_picked":["Black Blood","SlaversCollar"],"picked":"Black Star"},{"not_picked":["bronze:MakeshiftBattery","Replay:Bronze Core"],"picked":"Tiny House"}],"items_purged_floors":[0,0],"is_endless":false,"potions_floor_spawned":[3,6,15,16,22,27,29,31,35,38,42,50],"ascension_level":13}}