{"host":"pesfwaef25r60kxm","time":1612770557,"event":{"mods":["100% Spire Juice","ATMod(阿瑾Mod)","Act Like it!","Arknights","BaseMod","Colored Powertips","Downfall","Gensokyo","Hunter 猎人","Luminous","Minty Spire (QoL Compilation)","Pale of the Ancients","Reimu（博丽灵梦）","Reliquary","Replay The Spire","RumiaBox-露米娅的神秘盒子","Shop Mod","Spicy Shops","StSLib","The Cursed","The Poker Player","The Servant 0.9.4","WarShipGirlsR/战舰少女R mod","[IsaacMod]以撒尖塔","noobMod","【功能Mod】聪明的最终Boss","【遗物卡牌】REMEMod"],"gold_per_floor":[112,123,138,149,167,192,209,209,209,34,50,125,125,175,175,275,275,294,122,122,133,0,0,20,49,97,117,146,166,166,176,176,271,271,290,301,90,169,0,0,29,29,29,29,64,75,0,10,90,90,106,117,117,117,117,136,136,0,0,0],"floor_reached":61,"language":"ZHS","playtime":1702,"items_purged":["ats:Strike G","ats:Strike G","ats:Strike V","ats:Strike C","ats:Defend","ats:Strike S","ats:Defend","ats:Defend"],"score":1626,"play_id":"82539a36-ebb1-43f5-841c-b894dd23a2b5","local_time":"20210208154917","is_ascension_mode":true,"campfire_choices":[{"data":"ats:Overload","floor":13,"key":"SMITH"},{"floor":15,"key":"RECALL"},{"data":"ats:Consecutive Shot Auto","floor":23,"key":"SMITH"},{"data":"ats:True Silver Slash","floor":30,"key":"SMITH"},{"data":"ats:Poison Spread","floor":32,"key":"SMITH"},{"data":"ats:Serious Mode","floor":40,"key":"SMITH"},{"data":"ats:True Silver Slash","floor":42,"key":"SMITH"},{"data":"ats:Thorns","floor":44,"key":"SMITH"},{"data":"ats:Demon Strength","floor":55,"key":"SMITH"},{"data":"ats:True Silver Slash","floor":57,"key":"SMITH"}],"circlet_count":0,"master_deck":["ats:Armor Crushing Shot","ats:Emotion Absorption","Luminous:Lania_Blessing_Luminous","ats:Consecutive Shot Auto+1","ats:Poison Spread+1","ats:Overload+1","ats:True Silver Slash+1","AT_PowerWithin","ats:Thorns+1","ats:Demon Strength+1","ats:Sashimi Platter","ats:Consecutive Shot Auto","ats:Thorns+1","ats:Healing Strengthening","ats:Guard Mode+1","ats:True Silver Slash+1","ats:Serious Mode+1","ats:Demon Strength+1","ats:True Silver Slash+1","ats:Rapid Magazine+1","ats:Sashimi Platter","ats:Overload+1","ats:Echo Reverb"],"relics":["ats:Sanity","HushsDoor","ice","REME_ComplimentaryCards","AT_ATBox","MaYiHuaBei","AddBug","SecretRecord","SecretRecord","SecretRecord","SecretRecord","SecretRecord","SecretRecord","SecretRecord","SecretRecord","SecretRecord"],"acts_visited":["Exordium","TheCity","TheBeyond","paleoftheancients:PaleOfTheAncients"],"potions_floor_usage":[45,45,50,60,60,60],"damage_taken":[{"damage":10,"enemies":"Small Slimes","floor":1,"turns":4},{"damage":23,"enemies":"2 Louse","floor":2,"turns":4},{"damage":13,"enemies":"Jaw Worm","floor":3,"turns":4},{"damage":30,"enemies":"Gremlin Gang","floor":4,"turns":6},{"damage":10,"enemies":"Exordium Wildlife","floor":5,"turns":5},{"damage":24,"enemies":"Gremlin Nob","floor":6,"turns":4},{"damage":14,"enemies":"Red Slaver","floor":7,"turns":2},{"damage":6,"enemies":"Exordium Thugs","floor":11,"turns":3},{"damage":8,"enemies":"Hiden Room Battle","floor":14,"turns":3},{"damage":0,"enemies":"The Guardian","floor":16,"turns":4},{"damage":0,"enemies":"Spheric Guardian","floor":18,"turns":2},{"damage":0,"enemies":"3 Byrds","floor":21,"turns":2},{"damage":2,"enemies":"Snake Plant","floor":24,"turns":2},{"damage":8,"enemies":"Book of Stabbing","floor":25,"turns":2},{"damage":2,"enemies":"Shelled Parasite and Fungi","floor":27,"turns":1},{"damage":21,"enemies":"Slavers","floor":28,"turns":2},{"damage":12,"enemies":"Chosen and Byrds","floor":29,"turns":2},{"damage":0,"enemies":"Sentry and Sphere","floor":31,"turns":2},{"damage":1,"enemies":"Collector","floor":33,"turns":4},{"damage":21,"enemies":"3 Shapes","floor":35,"turns":2},{"damage":4,"enemies":"3 Darklings","floor":36,"turns":3},{"damage":3,"enemies":"Nemesis","floor":41,"turns":1},{"damage":0,"enemies":"Reptomancer","floor":45,"turns":2},{"damage":1,"enemies":"Spire Growth","floor":46,"turns":2},{"damage":0,"enemies":"Jaw Worm Horde","floor":48,"turns":2},{"damage":368,"enemies":"Time Eater","floor":50,"turns":15},{"damage":60,"enemies":"Time Eater","floor":51,"turns":3},{"damage":11,"enemies":"Time Eater","floor":52,"turns":2},{"damage":31,"enemies":"Time Eater","floor":56,"turns":4},{"damage":603,"enemies":"LittleHush","floor":60,"turns":15}],"seed_played":"-5055753577186508657","potions_obtained":[{"floor":1,"key":"ats:Emergency Sanity Potion"},{"floor":2,"key":"BlessingOfTheForge"},{"floor":6,"key":"DistilledChaos"},{"floor":24,"key":"Fire Potion"},{"floor":46,"key":"Fire Potion"},{"floor":52,"key":"ZuzhouPotion:ReiMu"},{"floor":56,"key":"champ:CounterPotion"}],"is_trial":false,"path_per_floor":["M","M","M","M","M","E","M","?","T","$","M","?","R","?","R","B",null,"M","$","?","M","$","R","M","E","T","M","E","M","R","M","R","B",null,"M","M","$","?","?","R","E","R","T","R","E","M","$","M","R","B","M","M","?","$","R","M","R","$","?","B",null],"character_chosen":"DOCTOR_CLASS","items_purchased":["GuppysHead","AT_PowerWithin","ats:Thorns","GuppysPaw","ats:Serious Mode","ats:Echo Reverb"],"campfire_rested":0,"item_purchase_floors":[17,17,19,34,37,58],"current_hp_per_floor":[67,44,36,11,72,48,34,34,34,34,33,22,22,77,77,77,66,66,66,66,66,66,66,64,56,56,54,33,26,26,26,26,47,77,80,79,79,64,64,64,61,61,61,61,61,74,74,84,84,108,60,49,49,49,49,80,80,80,80,339],"gold":0,"neow_bonus":"REMOVE_CARD","is_daily":false,"chose_seed":false,"campfire_upgraded":9,"win_rate":0.0,"timestamp":1612770557,"path_taken":["M","M","M","M","M","E","M","?","T","$","M","?","R","?","R","BOSS","M","$","?","M","$","R","M","E","T","M","E","M","R","M","R","BOSS","M","M","$","?","?","R","E","R","T","R","E","M","$","?","R","BOSS","M","M","?","$","R","M","R","$","?","BOSS"],"items_purchased_type":["Relic","Card","Card","Relic","Card","Card"],"build_version":"2020-12-22","purchased_purges":8,"victory":true,"max_hp_per_floor":[72,72,72,72,72,74,75,75,75,75,76,76,76,78,78,83,66,66,66,66,84,84,84,84,86,86,86,88,90,90,90,90,94,77,83,84,84,84,84,84,84,84,84,84,84,84,84,84,84,108,109,111,111,111,111,112,112,112,112,736],"card_choices":[{"not_picked":["ats:Part Time Job","ats:Leaping Hammer","ats:Roar Of Ursus"],"picked":"SKIP","floor":1},{"not_picked":["ats:Shell Defense","ats:Spore Proliferation","ats:Guard Mode"],"picked":"SKIP","floor":2},{"not_picked":["ats:Guard Mode","ats:Revitalization"],"picked":"Bomb","floor":3},{"not_picked":["ats:Sashimi Platter","ats:Automatic Cover"],"picked":"ats:Consecutive Shot Auto","floor":4},{"not_picked":["ats:LN2 Cannon","ats:Powerful Strike"],"picked":"ats:Poison Spread","floor":5},{"not_picked":["ats:Magnetic Hammer","ats:Rat Pack"],"picked":"ats:Overload","floor":6},{"not_picked":["ats:Guard Mode","ats:Closed Bolt Burst Fire","ats:Automatic Cover"],"picked":"SKIP","floor":7},{"not_picked":["ats:Apocalypse","ats:Curse Doll","ats:Shell Defense"],"picked":"SKIP","floor":11},{"not_picked":["ats:Shadow Assault","ats:Dogmatic Field"],"picked":"ats:True Silver Slash","floor":16},{"not_picked":["ats:Revitalization","ats:Ignite","ats:Leaping Hammer+1"],"picked":"SKIP","floor":18},{"not_picked":["ats:Absolute Focus","ats:Blood Oath"],"picked":"ats:Demon Strength","floor":21},{"not_picked":["ats:Sunburst","ats:Leaping Hammer+1","ats:Blood Oath"],"picked":"SKIP","floor":24},{"not_picked":["ats:Closed Bolt Burst Fire","ats:Literary Storm"],"picked":"ats:Sashimi Platter","floor":25},{"not_picked":["ats:Healing Strengthening","ats:Literary Storm"],"picked":"ats:Consecutive Shot Auto","floor":27},{"not_picked":["ats:Absolute Focus","ats:Closed Bolt Burst Fire"],"picked":"ats:Thorns+1","floor":28},{"not_picked":["ats:Poison Spread","ats:Consecutive Shot Auto"],"picked":"ats:Healing Strengthening","floor":29},{"not_picked":["ats:Flame Of Heaven+1","ats:Blood Oath"],"picked":"ats:Guard Mode+1","floor":31},{"not_picked":["ats:Volcano","ats:Rat Pack"],"picked":"ats:True Silver Slash","floor":33},{"not_picked":["ats:Assault Order+1","ats:Blood Oath","ats:Automatic Cover"],"picked":"SKIP","floor":35},{"not_picked":["ats:Blood Oath+1","ats:Apocalypse","ats:Steam Pump+1"],"picked":"SKIP","floor":36},{"not_picked":["ats:LN2 Cannon+1","ats:Composite Medical Shells"],"picked":"ats:Demon Strength+1","floor":41},{"not_picked":["ats:Chain Hook","ats:Thermite Blade+1","ats:Automatic Cover"],"picked":"SKIP","floor":45},{"not_picked":["ats:Apocalypse","ats:Very Hot Blade"],"picked":"ats:True Silver Slash","floor":46},{"not_picked":["ats:Apocalypse+1","ats:Cat Scratch"],"picked":"ats:Rapid Magazine+1","floor":48},{"not_picked":["ats:Song Of Battle+1","ats:Explosion Area Strengthen+1"],"picked":"ats:Sashimi Platter","floor":51},{"not_picked":["ats:Assault Order","ats:Mental Burst"],"picked":"ats:Overload+1","floor":52},{"not_picked":["ats:Ignite+1","ats:Curse Doll+1","ats:Explosion Area Strengthen"],"picked":"SKIP","floor":56}],"player_experience":229907,"relics_obtained":[{"floor":1,"key":"AddBug"},{"floor":6,"key":"ats:Originium"},{"floor":6,"key":"BelialBook"},{"floor":11,"key":"SecretRecord"},{"floor":14,"key":"GnawedLeaf"},{"floor":14,"key":"PokeGo"},{"floor":14,"key":"SecretRecord"},{"floor":24,"key":"SecretRecord"},{"floor":25,"key":"ats:Originium"},{"floor":25,"key":"ats:Hidden Killer"},{"floor":26,"key":"reliquary:Knoch"},{"floor":27,"key":"SecretRecord"},{"floor":28,"key":"SecretRecord"},{"floor":28,"key":"ats:Originium"},{"floor":28,"key":"Dead Branch"},{"floor":36,"key":"SecretRecord"},{"floor":41,"key":"ats:Originium"},{"floor":41,"key":"Bottled Lightning"},{"floor":43,"key":"InkBottle"},{"floor":45,"key":"ats:Originium"},{"floor":45,"key":"AT_SpeedBoots"},{"floor":46,"key":"SecretRecord"},{"floor":51,"key":"paleoftheancients:SoulOfTheSilent"},{"floor":52,"key":"paleoftheancients:SoulOfTheGuardian"},{"floor":52,"key":"SecretRecord"},{"floor":56,"key":"paleoftheancients:SoulOfTheDefect"}],"event_choices":[{"damage_healed":0,"gold_gain":75,"player_choice":"Gather Gold","damage_taken":11,"max_hp_gain":0,"max_hp_loss":0,"event_name":"World of Goop","floor":12,"gold_loss":0},{"damage_healed":0,"gold_gain":0,"player_choice":"Fight","damage_taken":0,"max_hp_gain":0,"max_hp_loss":0,"event_name":"HidenRoomEvent","floor":14,"gold_loss":0},{"damage_healed":0,"gold_gain":0,"player_choice":"Gave Potion","damage_taken":0,"relics_obtained":["reliquary:NewFriend"],"max_hp_gain":0,"max_hp_loss":0,"event_name":"WeMeetAgain","floor":20,"gold_loss":0},{"damage_healed":0,"gold_gain":0,"player_choice":"Paid","damage_taken":0,"relics_obtained":["Red Mask"],"max_hp_gain":0,"max_hp_loss":0,"event_name":"Tomb of Lord Red Mask","floor":39,"gold_loss":169}],"is_beta":false,"boss_relics":[{"not_picked":["Ectoplasm","Cursed Key"],"picked":"SoulBox"},{"not_picked":[]},{"not_picked":["Honey Jar","reliquary:Craggleroot"],"picked":"ats:Sanity Plus"},{"not_picked":[]}],"items_purged_floors":[10,10,17,19,22,34,37,47],"is_endless":false,"potions_floor_spawned":[1,2,6,7,11,24,25,27,28,41,46,52,56],"ascension_level":4}}