{"host":"mg6qqnp83j5r6p2r","time":1612805915,"event":{"mods":["BaseMod","Colored Map","Colored Powertips","Highlight Path","Minty Spire (QoL Compilation)","Rare Cards Sparkle","Relic Sorter","Relic Stats","StSLib"],"gold_per_floor":[18,18,18,18,31,64,64,108,108,122,138,22,22,35,35,163,163,186,186,211,234,30,30,30],"floor_reached":23,"language":"ENG","playtime":785,"items_purged":[],"score":231,"play_id":"89cefd53-743f-44ef-a97b-2904d3d9dbfe","local_time":"20210208113835","is_ascension_mode":true,"campfire_choices":[{"data":"Neutralize","floor":7,"key":"SMITH"},{"floor":13,"key":"REST"},{"data":"Backflip","floor":15,"key":"SMITH"}],"circlet_count":0,"master_deck":["Strike_G","Strike_G","Strike_G","Strike_G","Strike_G","Defend_G","Defend_G","Defend_G","Defend_G","Defend_G","Survivor","Neutralize+1","Thinking Ahead","Slice","Cloak And Dagger","Infinite Blades","Dagger Spray","Backflip+1","After Image","Necronomicurse","Footwork+1","Deflect"],"relics":["Ring of the Serpent","Golden Idol","StrikeDummy","The Courier","Letter Opener","TwistedFunnel","Necronomicon","Kunai"],"acts_visited":["Exordium","TheCity"],"potions_floor_usage":[6,6,16,18,21],"damage_taken":[{"damage":0,"enemies":"Jaw Worm","floor":1,"turns":5},{"damage":0,"enemies":"Small Slimes","floor":5,"turns":3},{"damage":8,"enemies":"Gremlin Nob","floor":6,"turns":4},{"damage":22,"enemies":"3 Sentries","floor":8,"turns":8},{"damage":0,"enemies":"Cultist","floor":10,"turns":2},{"damage":14,"enemies":"Exordium Thugs","floor":11,"turns":4},{"damage":0,"enemies":"Looter","floor":14,"turns":3},{"damage":8,"enemies":"Slime Boss","floor":16,"turns":7},{"damage":9,"enemies":"2 Thieves","floor":18,"turns":3},{"damage":11,"enemies":"Spheric Guardian","floor":20,"turns":6},{"damage":12,"enemies":"3 Cultists","floor":21,"turns":5},{"damage":25,"enemies":"Gremlin Leader","floor":23,"turns":1}],"seed_played":"-8400462648782300433","potions_obtained":[{"floor":1,"key":"AttackPotion"},{"floor":4,"key":"LiquidBronze"},{"floor":4,"key":"Energy Potion"},{"floor":14,"key":"Fire Potion"},{"floor":16,"key":"DistilledChaos"},{"floor":20,"key":"LiquidBronze"}],"is_trial":false,"path_per_floor":["M","?","?","?","M","E","R","E","T","M","M","$","R","M","R","B",null,"M","?","M","M","$","E"],"character_chosen":"THE_SILENT","items_purchased":["TwistedFunnel","Kunai"],"campfire_rested":1,"item_purchase_floors":[12,22],"current_hp_per_floor":[70,53,50,50,50,42,42,20,20,20,6,6,27,27,27,19,70,61,45,34,22,22,0,0],"gold":30,"neow_bonus":"RANDOM_COLORLESS_2","is_daily":false,"chose_seed":false,"campfire_upgraded":2,"win_rate":0.0,"timestamp":1612805915,"path_taken":["M","?","?","?","M","E","R","E","T","?","M","?","R","M","R","BOSS","M","?","M","M","$","E"],"items_purchased_type":["Relic","Relic"],"build_version":"2020-12-22","purchased_purges":0,"victory":false,"max_hp_per_floor":[70,70,70,70,70,70,70,70,70,70,70,70,70,70,70,70,70,70,70,70,70,70,70,70],"relic_stats":{"counters":[12,51],"Golden Idol":69,"Necronomicon":[0],"Letter Opener":[10],"Kunai":[0],"obtain_stats":[{"TwistedFunnel":12,"Golden Idol":2,"The Courier":6,"Necronomicon":19,"Letter Opener":8,"Kunai":22,"StrikeDummy":3,"Ring of the Serpent":17,"Ring of the Snake":0},{"TwistedFunnel":6,"Golden Idol":1,"The Courier":3,"Necronomicon":9,"Letter Opener":4,"Kunai":11,"StrikeDummy":1,"Ring of the Serpent":8,"Ring of the Snake":0},{"TwistedFunnel":26,"Golden Idol":5,"The Courier":12,"Necronomicon":39,"Letter Opener":20,"Kunai":50,"StrikeDummy":5,"Ring of the Serpent":36,"Ring of the Snake":0}]},"card_choices":[{"not_picked":["Master of Strategy","Magnetism"],"picked":"Thinking Ahead","floor":0.0},{"not_picked":["Dodge and Roll","Quick Slash"],"picked":"Slice","floor":1},{"not_picked":["Backflip","Acrobatics"],"picked":"Cloak And Dagger","floor":5},{"not_picked":["Crippling Poison","Slice"],"picked":"Infinite Blades","floor":6},{"not_picked":["Poisoned Stab","Choke"],"picked":"Dagger Spray","floor":8},{"not_picked":["Heel Hook","Blade Dance","Slice"],"picked":"SKIP","floor":10},{"not_picked":["All Out Attack","Catalyst","Riddle With Holes"],"picked":"SKIP","floor":11},{"not_picked":["Wraith Form v2","Prepared"],"picked":"Backflip","floor":14},{"not_picked":["Bullet Time","Night Terror"],"picked":"After Image","floor":16},{"not_picked":["Dagger Spray","Deadly Poison+1","Poisoned Stab"],"picked":"SKIP","floor":18},{"not_picked":["Bane","Prepared"],"picked":"Footwork+1","floor":20},{"not_picked":["Sucker Punch","Deadly Poison"],"picked":"Deflect","floor":21}],"player_experience":237464,"relics_obtained":[{"floor":6,"key":"The Courier"},{"floor":8,"key":"Letter Opener"},{"floor":19,"key":"Necronomicon"}],"event_choices":[{"damage_healed":0,"gold_gain":0,"player_choice":"Take Damage","damage_taken":17,"relics_obtained":["Golden Idol"],"max_hp_gain":0,"max_hp_loss":0,"event_name":"Golden Idol","floor":2,"gold_loss":0},{"damage_healed":0,"gold_gain":0,"player_choice":"Success","damage_taken":3,"relics_obtained":["StrikeDummy"],"max_hp_gain":0,"max_hp_loss":0,"event_name":"Scrap Ooze","floor":3,"gold_loss":0},{"damage_healed":0,"gold_gain":0,"player_choice":"Got Potions","damage_taken":0,"max_hp_gain":0,"max_hp_loss":0,"event_name":"Lab","floor":4,"gold_loss":0},{"damage_healed":0,"gold_gain":0,"player_choice":"Obtained Book","damage_taken":16,"max_hp_gain":0,"max_hp_loss":0,"event_name":"Cursed Tome","floor":19,"gold_loss":0}],"is_beta":false,"boss_relics":[{"not_picked":["Runic Pyramid","Ectoplasm"],"picked":"Ring of the Serpent"}],"items_purged_floors":[],"is_endless":false,"potions_floor_spawned":[1,14,16,20],"killed_by":"Gremlin Leader","ascension_level":3}}