{"host":"ouhnlk7sufsq27y5","time":1612755979,"event":{"mods":["Act Like it!","AlwaysNeverKeys","Aspiration","BaseMod","Better Match","Better Third Choice","Card Forge","Conspire","Dark Map","Gold Saver","HololiveMod","Hubris","Infinite Spire","Koishi","Minty Spire (QoL Compilation)","Reliquary","Replay The Spire","Shop Mod","StSLib","Yuri Mod"],"gold_per_floor":[112,124,118,118,118,145,10,10,37,37,37,37,37,71,71,175,175,191,191,191,204,204,236,236,246,246,277,324,336,376,405,417,528,540,552,552],"floor_reached":35,"language":"ENG","playtime":3453,"items_purged":["hubris:Envy"],"score":492,"play_id":"535b55c2-e35d-497b-bd57-53ec5b48a49b","local_time":"20210207224619","is_ascension_mode":false,"campfire_choices":[{"floor":8,"key":"RECALL"},{"data":"yuri:ConsumeGlitch","floor":10,"key":"SMITH"},{"data":"yuri:Spin","floor":13,"key":"SMITH"},{"data":"yuri:WickedSlash","floor":15,"key":"SMITH"},{"floor":24,"key":"REST"},{"data":"Hololive_CallShishiroBotan","floor":32,"key":"SMITH"}],"circlet_count":0,"master_deck":["yuri:yuriStrike","yuri:yuriStrike","yuri:yuriStrike","yuri:yuriStrike","yuri:yuriStrike","yuri:yuriDefend","yuri:yuriDefend","yuri:yuriDefend","yuri:yuriDefend","yuri:yuriDefend","yuri:Oolong","yuri:yuriStab","yuri:Spin+1","yuri:BrokenCode+1","yuri:SturdyUniform+1","yuri:Stalk","yuri:ConsumeGlitch+1","yuri:WickedSlash+1","yuri:DistillInsanity","yuri:RecklessStrike","yuri:Spin","Hololive_CallShishiroBotan+1","infinitespire:Starlight","yuri:RepairCode+1","Koishi:Jaunt+1","Blade Dance","hubris:NaturalOne","Core Surge","Master of Strategy","yuri:UnstableStrike+1","ReplayUltimateDefense"],"relics":["yuri:yuriKnife","Hammer of Thor","Seething Fire","Anvil of the Gods","NeowsBlessing","ReplayTheSpireMod:CursedCoin","Replay:Accelerometer","Bottled Flame","hubris:Icosahedron","conspire:Flyswatter","hubris:GrandSneckoEye","PrismaticShard","aspiration:Lifesprig","Mango","MawBank","Garlic","hubris:TenFootPole","infinitespire:WardingShard","reliquary:WritOfMandamus"],"acts_visited":["Exordium","TheCity","TheBeyond"],"potions_floor_usage":[25],"damage_taken":[{"damage":0,"enemies":"Cultist","floor":1,"turns":1},{"damage":0,"enemies":"Jaw Worm","floor":2,"turns":1},{"damage":0,"enemies":"Lagavulin","floor":6,"turns":1},{"damage":19,"enemies":"Gremlin Nob","floor":14,"turns":5},{"damage":43,"enemies":"Slime Boss","floor":16,"turns":8},{"damage":20,"enemies":"Chosen","floor":18,"turns":6},{"damage":28,"enemies":"3 Byrds","floor":21,"turns":4},{"damage":40,"enemies":"Nightmare","floor":23,"turns":8},{"damage":0,"enemies":"Centurion and Healer","floor":25,"turns":5},{"damage":24,"enemies":"conspire:MimicChest","floor":27,"turns":6},{"damage":32,"enemies":"Gremlin Leader","floor":28,"turns":5},{"damage":2,"enemies":"Replay:Snechameleon","floor":30,"turns":4},{"damage":0,"enemies":"Cultist and Chosen","floor":31,"turns":4},{"damage":38,"enemies":"Automaton","floor":33,"turns":7},{"damage":105,"enemies":"3 Shapes","floor":35,"turns":10}],"seed_played":"1018880831837163087","potions_obtained":[{"floor":2,"key":"SpeedPotion"},{"floor":16,"key":"Explosive Potion"},{"floor":18,"key":"EntropicBrew"},{"floor":28,"key":"Adrenaline Potion"}],"is_trial":false,"path_per_floor":["M","M","$","?","?","E","$","R","T","R","?","?","R","E","R","B",null,"M","?","?","M","AVR","NM","R","M","T","?","E","?","E","M","R","B",null,"M"],"character_chosen":"YURI","items_purchased":["ReplayTheSpireMod:CursedCoin","yuri:SturdyUniform","yuri:ConsumeGlitch"],"campfire_rested":1,"item_purchase_floors":[3,3,7],"current_hp_per_floor":[80,80,80,80,80,80,80,80,80,80,80,80,80,64,64,25,83,67,67,59,36,36,3,29,43,57,50,28,28,30,44,44,23,104,0,0],"gold":552,"neow_bonus":"THREE_ENEMY_KILL","is_daily":false,"chose_seed":false,"campfire_upgraded":4,"win_rate":0.0,"timestamp":1612755979,"path_taken":["M","M","$","?","?","E","$","R","T","R","?","?","R","E","R","BOSS","M","?","?","M","AVR","NM","R","M","T","?","E","?","E","M","R","BOSS","M"],"items_purchased_type":["Relic","Card","Card"],"build_version":"2020-12-22","purchased_purges":1,"victory":false,"max_hp_per_floor":[80,80,80,80,80,80,80,80,80,80,80,80,80,83,83,83,83,83,83,83,84,84,87,87,87,101,104,104,104,104,104,104,104,104,104,104],"card_choices":[{"not_picked":["yuri:MPose","yuri:DejaVu"],"picked":"yuri:Spin","floor":1},{"not_picked":["yuri:GlitchedStrike","yuri:GrowingInsanity"],"picked":"yuri:BrokenCode","floor":2},{"not_picked":["yuri:GlitchedStrike","yuri:yuriQuickStrike"],"picked":"yuri:Stalk","floor":6},{"not_picked":["yuri:RecklessStrike","yuri:ThornRemove"],"picked":"yuri:WickedSlash","floor":14},{"not_picked":["yuri:RemoveSafetyChecks","yuri:MirrorInsanity"],"picked":"yuri:DistillInsanity","floor":16},{"not_picked":["yuri:Stare","yuri:yuriQuickStrike"],"picked":"yuri:RecklessStrike","floor":18},{"not_picked":["yuri:MPose","yuri:RecklessStrike+1"],"picked":"yuri:Spin","floor":20},{"not_picked":["Koishi:HeartfeltFancy","Endless Agony"],"picked":"Hololive_CallShishiroBotan","floor":21},{"not_picked":["ReplayTheSpireMod:Haul","ReplayTheSpireMod:Echoes of Time"],"picked":"infinitespire:Starlight","floor":23},{"not_picked":["Hololive_StarCraft","Flex"],"picked":"yuri:RepairCode+1","floor":23},{"not_picked":["Dodge and Roll","yuri:GlitchedStrike"],"picked":"Koishi:Jaunt+1","floor":25},{"not_picked":["Compile Driver","Dash"],"picked":"Blade Dance","floor":27},{"not_picked":["Poisoned Stab","Cold Snap"],"picked":"Core Surge","floor":28},{"not_picked":["Cold Snap","Wallop"],"picked":"Master of Strategy","floor":30},{"not_picked":["hubris:Ssssneak+1","Anger"],"picked":"yuri:UnstableStrike+1","floor":31},{"not_picked":["Blasphemy","aspiration:Lunge"],"picked":"ReplayUltimateDefense","floor":33}],"player_experience":1512245,"relics_obtained":[{"floor":6,"key":"Replay:Accelerometer"},{"floor":11,"key":"Bottled Flame"},{"floor":14,"key":"conspire:Flyswatter"},{"floor":20,"key":"PrismaticShard"},{"floor":23,"key":"aspiration:Lifesprig"},{"floor":26,"key":"Mango"},{"floor":27,"key":"MawBank"},{"floor":28,"key":"Garlic"},{"floor":30,"key":"infinitespire:WardingShard"}],"event_choices":[{"damage_healed":0,"gold_gain":0,"player_choice":"Grow","damage_taken":0,"max_hp_gain":0,"max_hp_loss":0,"event_name":"Living Wall","floor":5,"gold_loss":0,"cards_upgraded":["yuri:BrokenCode"]},{"damage_healed":0,"gold_gain":0,"player_choice":"Leave","damage_taken":0,"max_hp_gain":0,"max_hp_loss":0,"event_name":"conspire:Investor","floor":19,"gold_loss":0}],"is_beta":false,"boss_relics":[{"not_picked":["Ectoplasm","aspiration:WatcherSkillbook"],"picked":"hubris:GrandSneckoEye"},{"not_picked":["Hololive_TopUpMoneyS","hubris:RunicObelisk"],"picked":"reliquary:WritOfMandamus"}],"items_purged_floors":[3],"is_endless":true,"potions_floor_spawned":[2,16,18,23,28,31,33],"killed_by":"3 Shapes","ascension_level":0}}