{"host":"zjnmjbs15rdpqnz9","time":1612813998,"event":{"mods":["BaseMod","Downfall","Minty Spire (QoL Compilation)","StSLib"],"gold_per_floor":[199,213,213,388,399,416,416,432,450,483,483,483,483,509,520,520,520,520],"floor_reached":16,"language":"ENG","playtime":538,"items_purged":[],"score":102,"play_id":"af6c6ad4-1920-4a08-b30a-e383b2eabe9a","local_time":"20210208125318","is_ascension_mode":false,"campfire_choices":[{"data":"bronze:Goto","floor":1,"key":"SMITH"},{"data":"bronze:Invalidate","floor":11,"key":"SMITH"},{"data":"bronze:RecursiveStrike","floor":13,"key":"SMITH"}],"circlet_count":0,"master_deck":["bronze:Strike","bronze:Strike","bronze:Strike","bronze:Defend","bronze:Defend","bronze:Defend","bronze:Defend","bronze:Replicate","bronze:Goto+1","bronze:CloningBeam","Doubt","bronze:BronzeOrb","bronze:Iterate","bronze:DigitalCarnage","bronze:Invalidate+1","bronze:Iterate","bronze:RecursiveStrike+1","bronze:Overheat","bronze:GetLatest"],"relics":["bronze:BronzeCore","downfall:BrokenWingStatue","Happy Flower","Toy Ornithopter","Odd Mushroom"],"acts_visited":["Exordium"],"potions_floor_usage":[],"damage_taken":[{"damage":3,"enemies":"Jaw Worm","floor":2,"turns":5},{"damage":2,"enemies":"2 Louse","floor":5,"turns":3},{"damage":0,"enemies":"Small Slimes","floor":6,"turns":4},{"damage":0,"enemies":"3 Louse","floor":8,"turns":3},{"damage":15,"enemies":"Exordium Wildlife","floor":9,"turns":3},{"damage":8,"enemies":"Gremlin Nob","floor":10,"turns":3},{"damage":10,"enemies":"The Mushroom Lair","floor":14,"turns":3},{"damage":0,"enemies":"Blue Slaver","floor":15,"turns":2},{"damage":32,"enemies":"IC_STATUS_ARCHETYPE","floor":16,"turns":6}],"seed_played":"3555128979334554266","potions_obtained":[{"floor":2,"key":"Strength Potion"},{"floor":5,"key":"sneckomod:MuddlingPotion"},{"floor":9,"key":"sneckomod:MuddlingPotion"}],"is_trial":false,"path_per_floor":["R","M","?","?","M","M","T","M","M","E","R","?","R","?","M","B"],"character_chosen":"THE_AUTOMATON","items_purchased":[],"campfire_rested":0,"item_purchase_floors":[],"current_hp_per_floor":[70,67,67,67,65,65,65,65,50,42,42,42,42,32,32,0,0,0],"gold":520,"neow_bonus":"HUNDRED_GOLD","is_daily":false,"chose_seed":false,"campfire_upgraded":3,"win_rate":0.0,"timestamp":1612813998,"path_taken":["R","M","?","?","M","M","T","M","M","E","R","?","R","?","M","BOSS"],"items_purchased_type":[],"build_version":"2020-12-22","purchased_purges":0,"victory":false,"max_hp_per_floor":[70,70,70,70,70,70,70,70,70,70,70,70,70,70,70,70,70,70],"card_choices":[{"not_picked":["bronze:Backtrace","bronze:CutThrough"],"picked":"bronze:CloningBeam","floor":2},{"not_picked":["bronze:FineTuning","bronze:ChosenStrike"],"picked":"bronze:BronzeOrb","floor":5},{"not_picked":["bronze:ItsAFeature","bronze:NullPointer"],"picked":"bronze:Iterate","floor":6},{"not_picked":["bronze:Backtrace","bronze:Flail"],"picked":"bronze:DigitalCarnage","floor":8},{"not_picked":["bronze:WildBeam","bronze:DigitalCarnage"],"picked":"bronze:Invalidate","floor":9},{"not_picked":["bronze:BuggyMess","bronze:Allocate"],"picked":"bronze:Iterate","floor":10},{"not_picked":["bronze:Backtrace","bronze:Iterate"],"picked":"bronze:Overheat","floor":14},{"not_picked":["bronze:Turbo","bronze:Frontload"],"picked":"bronze:GetLatest","floor":15}],"player_experience":894283,"relics_obtained":[{"floor":7,"key":"Happy Flower"},{"floor":10,"key":"Toy Ornithopter"},{"floor":14,"key":"Odd Mushroom"}],"event_choices":[{"damage_healed":0,"gold_gain":0,"player_choice":"Fought Mushrooms","damage_taken":0,"max_hp_gain":0,"max_hp_loss":0,"event_name":"Mushrooms","floor":14,"gold_loss":0}],"is_beta":false,"boss_relics":[],"items_purged_floors":[],"is_endless":false,"potions_floor_spawned":[2,5,9,10,15],"killed_by":"IC_STATUS_ARCHETYPE","ascension_level":0}}