{"host":"d6v9h08n6lx0nsey","time":1612744090,"event":{"mods":["BaseMod","Downfall","Minty Spire (QoL Compilation)","StSLib"],"gold_per_floor":[99,99,119,119,135,159,183,183,201,228,92,267,267,53,68,163,163,163,163,180,197,57,88,88,126,140,156,156,166,181,212,224,324,324,24,24,24,124,83,95,172,172,189,241,241,267,92,104,115,115,115,115,115,115],"floor_reached":52,"language":"ENG","playtime":14522,"items_purged":["bronze:Strike","Doubt","bronze:Defend","bronze:Defend","Slimebound:Tackle+1"],"score":745,"play_id":"075747b9-3639-4583-89b4-90c320656ede","local_time":"20210208002810","is_ascension_mode":false,"campfire_choices":[{"data":"bronze:Replicate","floor":1.0,"key":"SMITH"},{"data":"bronze:Branch","floor":13.0,"key":"SMITH"},{"floor":18.0,"key":"RECALL"},{"data":"bronze:AlphaBuild","floor":35,"key":"SMITH"},{"data":"bronze:NullPointer","floor":42,"key":"SMITH"}],"circlet_count":0,"master_deck":["bronze:Defend","bronze:Replicate+1","bronze:Goto","bronze:Philosophize","bronze:DigitalCarnage","bronze:DelayedSlice","bronze:Branch+1","bronze:Frontload+1","bronze:Return","bronze:Overheat","bronze:BitShift","bronze:CleanCode","bronze:ThunderWave","bronze:GetLatest","bronze:NullPointer+1","bronze:HardenedForm","bronze:CleanCode","Slimebound:Tackle+1","Slimebound:Tackle+1","bronze:Safeguard+1","bronze:AlphaBuild+1","bronze:OilSpill","bronze:ForceShield","bronze:Repulsor"],"relics":["bronze:BronzeCore","bronze:SilverBullet","Centennial Puzzle","Juzu Bracelet","MealTicket","Snecko Eye","Nilry\u0027s Codex","Ice Cream","Lantern","Unceasing Top","Busted Crown","downfall:HeartBlessingRed","downfall:HeartBlessingGreen","downfall:HeartBlessingBlue","Toy Ornithopter","HornCleat","Potion Belt","Orichalcum"],"acts_visited":["Exordium","TheCity","TheBeyond","TheEnding"],"potions_floor_usage":[22,30,30,31,32,50,50,50],"damage_taken":[{"damage":0.0,"enemies":"Cultist","floor":3.0,"turns":2.0},{"damage":0.0,"enemies":"Small Slimes","floor":5.0,"turns":3.0},{"damage":1.0,"enemies":"Jaw Worm","floor":9.0,"turns":3.0},{"damage":12.0,"enemies":"Gremlin Nob","floor":10.0,"turns":3.0},{"damage":10.0,"enemies":"downfall:FleeingMerchant","floor":11.0,"turns":4.0},{"damage":0.0,"enemies":"downfall:FleeingMerchant","floor":14.0,"turns":4.0},{"damage":6.0,"enemies":"Exordium Wildlife","floor":15.0,"turns":2.0},{"damage":33.0,"enemies":"WA_ARCHETYPE_RETAIN","floor":16.0,"turns":6.0},{"damage":2.0,"enemies":"Chosen","floor":20.0,"turns":4.0},{"damage":0,"enemies":"Spheric Guardian","floor":21,"turns":2},{"damage":3,"enemies":"downfall:FleeingMerchant","floor":22,"turns":4},{"damage":1,"enemies":"Gremlin Leader","floor":23,"turns":5},{"damage":13,"enemies":"downfall:FleeingMerchant","floor":25,"turns":3},{"damage":0,"enemies":"Shelled Parasite and Fungi","floor":26,"turns":2},{"damage":0,"enemies":"Snecko","floor":27,"turns":4},{"damage":26,"enemies":"Snake Plant","floor":29,"turns":5},{"damage":0,"enemies":"Sentry and Sphere","floor":30,"turns":3},{"damage":30,"enemies":"Slavers","floor":31,"turns":4},{"damage":7,"enemies":"Centurion and Healer","floor":32,"turns":2},{"damage":4,"enemies":"SI_MIRROR_ARCHETYPE","floor":33,"turns":8},{"damage":0,"enemies":"downfall:LadyInBlue","floor":38,"turns":9},{"damage":0,"enemies":"Orb Walker","floor":40,"turns":3},{"damage":0,"enemies":"3 Shapes","floor":43,"turns":4},{"damage":0,"enemies":"Reptomancer","floor":46,"turns":6},{"damage":0,"enemies":"Maw","floor":48,"turns":7},{"damage":0,"enemies":"3 Darklings","floor":49,"turns":2},{"damage":64,"enemies":"DF_ARCHETYPE_ORBS","floor":50,"turns":8},{"damage":118,"enemies":"downfall:CharBossMerchant","floor":52,"turns":8}],"seed_played":"8964474199217257316","potions_obtained":[{"floor":3.0,"key":"FearPotion"},{"floor":5.0,"key":"Weak Potion"},{"floor":15.0,"key":"SkillPotion"},{"floor":20,"key":"Dexterity Potion"},{"floor":21,"key":"Explosive Potion"},{"floor":26,"key":"SpeedPotion"},{"floor":30,"key":"Fire Potion"},{"floor":31,"key":"sneckomod:MuddlingPotion"},{"floor":38,"key":"SneckoOil"},{"floor":38,"key":"champ:CounterPotion"},{"floor":38,"key":"DistilledChaos"},{"floor":48,"key":"FearPotion"}],"is_trial":false,"path_per_floor":["R","?","M","?","M","T","T","?","M","E","$","?","R","$","M","B",null,"R","?","M","M","$","E","T","$","M","M","?","M","M","E","M","B",null,"R","?","?","?","$","M","T","R","M","T","?","E","$","M","M","B",null,"E"],"character_chosen":"THE_AUTOMATON","items_purchased":["bronze:Frontload","bronze:Overheat","bronze:BitShift","Lantern","bronze:ForceShield"],"campfire_rested":0,"item_purchase_floors":[11,14,14,25,39],"current_hp_per_floor":[77,82,82,82,82,82,82,75,74,62,67,67,67,82,76,43,82,82,66,64,64,76,75,75,69,69,69,69,43,43,13,6,2,82,92,92,92,92,92,92,92,92,92,92,92,92,92,92,92,38,92,0,0,0],"gold":115,"neow_bonus":"TEN_PERCENT_HP_BONUS","is_daily":false,"chose_seed":false,"campfire_upgraded":4,"win_rate":0.0,"timestamp":1612744090,"path_taken":["R","?","M","?","M","?","T","?","M","E","$","?","R","$","M","BOSS","R","?","M","M","$","E","T","$","M","M","?","M","M","E","M","BOSS","R","?","?","?","?","M","T","R","M","?","?","E","$","M","M","BOSS","E"],"items_purchased_type":["Card","Card","Card","Relic","Card"],"build_version":"2020-12-22","purchased_purges":5,"victory":false,"max_hp_per_floor":[77,82,82,82,82,82,82,82,82,82,82,82,82,82,82,82,82,82,82,82,82,82,82,82,82,82,82,82,82,82,82,82,82,82,92,92,92,92,92,92,92,92,92,92,92,92,92,92,92,92,92,92,92,92],"card_choices":[{"not_picked":["bronze:Turbo","bronze:MaxOutput"],"picked":"bronze:Philosophize","floor":3.0},{"not_picked":["bronze:MaxOutput","bronze:BugBarrage","bronze:OilSpill"],"picked":"SKIP","floor":5.0},{"not_picked":["bronze:WhirlingStrike","bronze:ItsAFeature"],"picked":"bronze:DigitalCarnage","floor":9.0},{"not_picked":["bronze:Branch","bronze:OilSpill"],"picked":"bronze:DelayedSlice","floor":10.0},{"not_picked":["bronze:Deprecate","bronze:MaxOutput"],"picked":"bronze:Branch","floor":11.0},{"not_picked":["bronze:Branch","bronze:DelayedSlice"],"picked":"bronze:Return","floor":14.0},{"not_picked":["bronze:Frontload","bronze:DelayedGuard"],"picked":"bronze:CleanCode","floor":15.0},{"not_picked":["bronze:Verify","bronze:BurnOut"],"picked":"bronze:ThunderWave","floor":16.0},{"not_picked":["bronze:BuggyMess","bronze:WildBeam"],"picked":"bronze:GetLatest","floor":20},{"not_picked":["bronze:Invalidate+1","bronze:Iterate"],"picked":"bronze:NullPointer","floor":21},{"not_picked":["bronze:WhirlingStrike","bronze:BuggyMess","bronze:BugBarrage"],"picked":"SKIP","floor":22},{"not_picked":["bronze:Safeguard","bronze:OilSpill"],"picked":"bronze:HardenedForm","floor":23},{"not_picked":["bronze:Overheat","bronze:FollowUp"],"picked":"bronze:Optimize","floor":25},{"not_picked":["bronze:CutThrough","bronze:BitShift","bronze:Overheat"],"picked":"SKIP","floor":26},{"not_picked":["bronze:DelayedGuard","bronze:FineTuning"],"picked":"bronze:CleanCode","floor":27},{"not_picked":["bronze:OilSpill","bronze:Invalidate","bronze:WhirlingStrike"],"picked":"SKIP","floor":29},{"not_picked":["bronze:Fortify","bronze:BugBarrage","bronze:DarkDash"],"picked":"SKIP","floor":30},{"not_picked":["bronze:Shell","bronze:CutThrough"],"picked":"bronze:Safeguard+1","floor":31},{"not_picked":["bronze:DelayedSlice","bronze:CutThrough","bronze:Iterate"],"picked":"SKIP","floor":32},{"not_picked":["bronze:CleanCode","bronze:Virus"],"picked":"bronze:AlphaBuild","floor":33},{"not_picked":["bronze:FollowUp+1"],"picked":"SKIP","floor":40},{"not_picked":["bronze:CloningBeam+1"],"picked":"SKIP","floor":43},{"not_picked":[],"picked":"bronze:Repulsor","floor":46},{"not_picked":["bronze:BuggyMess"],"picked":"SKIP","floor":48},{"not_picked":["bronze:Overheat"],"picked":"SKIP","floor":49}],"player_experience":77026,"relics_obtained":[{"floor":6.0,"key":"bronze:SilverBullet"},{"floor":7.0,"key":"Centennial Puzzle"},{"floor":10.0,"key":"MealTicket"},{"floor":19.0,"key":"Nilry\u0027s Codex"},{"floor":23,"key":"Ice Cream"},{"floor":31,"key":"Unceasing Top"},{"floor":38,"key":"Toy Ornithopter"},{"floor":41,"key":"HornCleat"},{"floor":44,"key":"Potion Belt"},{"floor":46,"key":"Orichalcum"}],"event_choices":[{"damage_healed":0.0,"max_hp_gain":5.0,"max_hp_loss":0.0,"gold_gain":0.0,"event_name":"Big Fish","player_choice":"Donut","floor":2.0,"gold_loss":0.0,"damage_taken":0.0},{"cards_removed":["bronze:Strike"],"damage_healed":0.0,"max_hp_gain":0.0,"max_hp_loss":0.0,"gold_gain":0.0,"event_name":"The Cleric","player_choice":"Card Removal","floor":4.0,"gold_loss":0.0,"damage_taken":0.0},{"damage_healed":0.0,"max_hp_gain":0.0,"max_hp_loss":0.0,"gold_gain":0.0,"event_name":"Scrap Ooze","player_choice":"Success","floor":8.0,"gold_loss":0.0,"damage_taken":7.0,"relics_obtained":["Juzu Bracelet"]},{"cards_removed":["bronze:Optimize"],"damage_healed":0,"gold_gain":0,"player_choice":"Removed Power","damage_taken":0,"max_hp_gain":0,"max_hp_loss":0,"event_name":"Falling","floor":45,"gold_loss":0}],"is_beta":false,"boss_relics":[{"not_picked":["Black Star","Empty Cage"],"picked":"Snecko Eye"},{"not_picked":["bronze:PlatinumCore","Runic Pyramid"],"picked":"Busted Crown"}],"items_purged_floors":[11,14,22,25,47],"is_endless":false,"potions_floor_spawned":[3,5,15,20,21,26,30,31,40,43,48],"killed_by":"downfall:CharBossMerchant","ascension_level":0}}