{"host":"fxrgx7wt2cpkbhka","time":1612753609,"event":{"mods":["AchievementEnabler","BaseMod","Colored Powertips","Dark Map","Minty Spire (QoL Compilation)","Permanent Neow","Quick Restart","Slay-I","StSLib","Waifu the Spire"],"gold_per_floor":[117,192,207,58,76,110,126,126,172,347,347,204,204,215,215,320,320,338,263,40,140,159,159,194,211,260,276,276,276,375,61,61,161,161,171,171,171,171,182,182,197,197,220,142,155,155,174,207,207,207],"floor_reached":51,"language":"ENG","playtime":2378,"items_purged":["Doubt","Decay"],"score":1065,"play_id":"2a5acc5c-c291-4ea1-98b7-5ac65b833818","local_time":"20210207190649","is_ascension_mode":true,"campfire_choices":[{"data":"Bane","floor":8,"key":"SMITH"},{"floor":15,"key":"REST"},{"data":"Leg Sweep","floor":23,"key":"SMITH"},{"floor":32,"key":"REST"},{"data":"Corpse Explosion","floor":40,"key":"SMITH"},{"data":"All Out Attack","floor":42,"key":"SMITH"},{"floor":46,"key":"REST"},{"data":"Dash","floor":49,"key":"SMITH"}],"circlet_count":0,"master_deck":["AscendersBane","Strike_G","Strike_G","Strike_G","Defend_G","Defend_G","Defend_G","Defend_G","Defend_G","Survivor+1","Neutralize+1","All Out Attack+1","Backflip+1","Bane+1","Footwork+1","Corpse Explosion+1","Noxious Fumes+1","Leg Sweep+1","Noxious Fumes+1","After Image+1","Footwork+1","Writhe","Dash+1"],"relics":["Ring of the Serpent","TwistedFunnel","Frozen Egg 2","Oddly Smooth Stone","Pen Nib","Busted Crown","War Paint","Centennial Puzzle","Akabeko","Art of War","Eternal Feather"],"acts_visited":["Exordium","TheCity","TheBeyond"],"potions_floor_usage":[22,24,33,48,50],"damage_taken":[{"damage":1,"enemies":"Small Slimes","floor":1,"turns":4},{"damage":0,"enemies":"Cultist","floor":3,"turns":3},{"damage":0,"enemies":"2 Louse","floor":5,"turns":1},{"damage":24,"enemies":"Gremlin Nob","floor":6,"turns":4},{"damage":0,"enemies":"Looter","floor":7,"turns":3},{"damage":10,"enemies":"Exordium Wildlife","floor":14,"turns":3},{"damage":9,"enemies":"The Guardian","floor":16,"turns":21},{"damage":10,"enemies":"Shell Parasite","floor":18,"turns":5},{"damage":12,"enemies":"Chosen","floor":22,"turns":4},{"damage":12,"enemies":"Slavers","floor":24,"turns":3},{"damage":12,"enemies":"Shelled Parasite and Fungi","floor":25,"turns":4},{"damage":3,"enemies":"Chosen and Byrds","floor":27,"turns":3},{"damage":30,"enemies":"Automaton","floor":33,"turns":9},{"damage":0,"enemies":"Orb Walker","floor":35,"turns":4},{"damage":0,"enemies":"3 Darklings","floor":39,"turns":3},{"damage":18,"enemies":"Sphere and 2 Shapes","floor":41,"turns":4},{"damage":15,"enemies":"Transient","floor":45,"turns":5},{"damage":7,"enemies":"Maw","floor":47,"turns":7},{"damage":3,"enemies":"Giant Head","floor":48,"turns":12},{"damage":35,"enemies":"Awakened One","floor":50,"turns":17}],"seed_played":"-9077830382261324272","potions_obtained":[{"floor":6,"key":"SteroidPotion"},{"floor":14,"key":"DistilledChaos"},{"floor":16,"key":"Fire Potion"},{"floor":24,"key":"Dexterity Potion"},{"floor":39,"key":"Weak Potion"},{"floor":45,"key":"AttackPotion"}],"is_trial":false,"path_per_floor":["M","?","M","$","M","E","M","R","T","?","?","$","?","M","R","B",null,"M","?","$","?","M","R","E","M","T","M","?","?","?","$","R","B",null,"M","?","?","?","M","R","M","R","T","$","M","R","M","E","R","B",null],"character_chosen":"THE_SILENT","items_purchased":["TwistedFunnel","Footwork+1","Noxious Fumes+1","War Paint","Akabeko","Noxious Fumes+1","Dash"],"campfire_rested":3,"item_purchase_floors":[4,12,20,20,31,31,44],"current_hp_per_floor":[62,55,55,55,55,31,31,31,31,31,6,6,29,19,40,31,60,50,50,50,50,38,38,26,14,14,11,11,11,11,11,32,2,53,53,53,70,70,70,70,52,52,52,52,37,58,51,48,60,25],"gold":207,"neow_bonus":"UPGRADE_CARD","is_daily":false,"chose_seed":false,"campfire_upgraded":5,"win_rate":0.0,"timestamp":1612753609,"path_taken":["M","?","M","$","?","E","M","R","T","?","?","$","?","M","R","BOSS","M","?","$","?","M","R","E","M","T","?","?","?","?","?","R","BOSS","M","?","?","?","M","R","M","R","T","$","M","R","M","E","R","BOSS"],"items_purchased_type":["Relic","Card","Card","Relic","Relic","Card","Card"],"build_version":"2020-12-22","purchased_purges":2,"victory":true,"max_hp_per_floor":[70,70,70,70,70,70,70,70,70,70,70,70,70,70,70,70,70,70,70,70,70,70,70,70,70,70,70,70,70,70,70,70,70,70,70,70,70,70,70,70,70,70,70,70,70,70,70,70,70,70],"card_choices":[{"not_picked":["PiercingWail","Bane"],"picked":"All Out Attack","floor":1},{"not_picked":["Flying Knee","Deflect"],"picked":"Backflip","floor":3},{"not_picked":["Backflip","Outmaneuver"],"picked":"Bane","floor":5},{"not_picked":["Reflex","Eviscerate","Blur"],"picked":"SKIP","floor":6},{"not_picked":["Flechettes","Blur","PiercingWail"],"picked":"SKIP","floor":7},{"not_picked":["Bouncing Flask","Prepared","Accuracy+1"],"picked":"SKIP","floor":14},{"not_picked":["Malaise","Night Terror"],"picked":"Corpse Explosion","floor":16},{"not_picked":["Sucker Punch"],"picked":"SKIP","floor":18},{"not_picked":[],"picked":"Leg Sweep","floor":22},{"not_picked":["Reflex+1"],"picked":"SKIP","floor":24},{"not_picked":["Riddle With Holes+1"],"picked":"SKIP","floor":25},{"not_picked":["Blade Dance+1"],"picked":"SKIP","floor":27},{"not_picked":[],"picked":"After Image+1","floor":33},{"not_picked":[],"picked":"Footwork+1","floor":35},{"not_picked":["Quick Slash+1"],"picked":"SKIP","floor":39},{"not_picked":["Infinite Blades+1"],"picked":"SKIP","floor":41},{"not_picked":["Blade Dance"],"picked":"SKIP","floor":45},{"not_picked":["Skewer+1"],"picked":"SKIP","floor":47},{"not_picked":["PiercingWail+1"],"picked":"SKIP","floor":48}],"player_experience":754426,"relics_obtained":[{"floor":6,"key":"Frozen Egg 2"},{"floor":9,"key":"Oddly Smooth Stone"},{"floor":24,"key":"Centennial Puzzle"},{"floor":43,"key":"Art of War"},{"floor":48,"key":"Eternal Feather"}],"event_choices":[{"damage_healed":0,"gold_gain":75,"player_choice":"Touch","damage_taken":7,"max_hp_gain":0,"max_hp_loss":0,"event_name":"FaceTrader","floor":2,"gold_loss":0},{"damage_healed":0,"gold_gain":175,"player_choice":"AGREE","damage_taken":0,"max_hp_gain":0,"max_hp_loss":0,"event_name":"Liars Game","floor":10,"gold_loss":0,"cards_obtained":["Doubt"]},{"damage_healed":0,"gold_gain":0,"player_choice":"Success","damage_taken":25,"relics_obtained":["Pen Nib"],"max_hp_gain":0,"max_hp_loss":0,"event_name":"Scrap Ooze","floor":11,"gold_loss":0},{"damage_healed":23,"gold_gain":0,"player_choice":"Banana","damage_taken":0,"max_hp_gain":0,"max_hp_loss":0,"event_name":"Big Fish","floor":13,"gold_loss":0},{"cards_removed":["Strike_G"],"damage_healed":0,"gold_gain":0,"player_choice":"Gave Gold","damage_taken":0,"max_hp_gain":0,"max_hp_loss":0,"event_name":"Beggar","floor":19,"gold_loss":75},{"damage_healed":0,"gold_gain":100,"player_choice":"Pray","damage_taken":0,"max_hp_gain":0,"max_hp_loss":0,"event_name":"Golden Shrine","floor":21,"gold_loss":0},{"damage_healed":0,"gold_gain":0,"player_choice":"Smashed Altar","damage_taken":0,"max_hp_gain":0,"max_hp_loss":0,"event_name":"Forgotten Altar","floor":28,"gold_loss":0,"cards_obtained":["Decay"]},{"damage_healed":0,"gold_gain":0,"player_choice":"Ignored","damage_taken":0,"max_hp_gain":0,"max_hp_loss":0,"event_name":"Vampires","floor":29,"gold_loss":0},{"damage_healed":0,"gold_gain":99,"player_choice":"Stole From Cult","damage_taken":0,"max_hp_gain":0,"max_hp_loss":0,"event_name":"Nest","floor":30,"gold_loss":0},{"cards_removed":["Strike_G"],"damage_healed":0,"gold_gain":0,"player_choice":"Removed Attack","damage_taken":0,"max_hp_gain":0,"max_hp_loss":0,"event_name":"Falling","floor":36,"gold_loss":0},{"damage_healed":18,"gold_gain":0,"player_choice":"Writhe","damage_taken":0,"max_hp_gain":0,"max_hp_loss":0,"event_name":"Winding Halls","floor":37,"gold_loss":0,"cards_obtained":["Writhe"]},{"damage_healed":0,"gold_gain":0,"player_choice":"Memory 1","damage_taken":0,"max_hp_gain":0,"max_hp_loss":0,"event_name":"SensoryStone","floor":38,"gold_loss":0}],"is_beta":false,"boss_relics":[{"not_picked":["Empty Cage","Snecko Eye"],"picked":"Busted Crown"},{"not_picked":["Pandora\u0027s Box","Fusion Hammer"],"picked":"Ring of the Serpent"}],"items_purged_floors":[12,31],"is_endless":false,"potions_floor_spawned":[5,6,14,16,22,24,39,45],"ascension_level":10}}