{"host":"1vzdexsn8vtq5lt7","time":1612757902,"event":{"mods":["Act Like it!","BaseMod","Colored Map","Colored Powertips","Conspire","Downfall","Easy Mod","Energized Spire","Minty Spire (QoL Compilation)","Quick Restart","Relic Stats","Replay The Spire","StSLib","SuperFastMode","TestMod","【功能Mod】Neow奖励","【功能Mod】混沌之环修复补丁","【功能Mod】精心准备","【遗物卡牌】REMEMod","没有小屋子和绿帽子啦"],"gold_per_floor":[112,112,112,112,127,168,168,202,202,233,233,246,246,246],"floor_reached":13,"language":"ZHS","playtime":508,"items_purged":[],"score":202,"play_id":"3230f337-2b9b-413d-a9d5-f2d9c0234ce1","local_time":"20210208121822","is_ascension_mode":true,"campfire_choices":[{"data":"MasterReality","floor":7.0,"key":"SMITH"}],"circlet_count":0,"master_deck":["EasyMod:card_1","AscendersBane","Strike_P","Strike_P","Defend_P","Defend_P","Eruption+1","Vigilance","Unload","FlurryOfBlows","ForeignInfluence","Steam","MasterReality+1","FollowUp","Blasphemy","MentalFortress"],"relics":["REME_ComplimentaryCards","testmod-Temperance","HolyWater","testmod-HarvestTotem","Golden Idol","Nunchaku","Counterbalance","Quantum Egg","conspire:DecoderRing","Replay:Ringing Soul"],"acts_visited":["Exordium"],"potions_floor_usage":[10],"damage_taken":[{"damage":12.0,"enemies":"Jaw Worm","floor":1.0,"turns":4.0},{"damage":0.0,"enemies":"2 Louse","floor":5.0,"turns":3.0},{"damage":16.0,"enemies":"Lagavulin","floor":6.0,"turns":5.0},{"damage":11.0,"enemies":"3 Sentries","floor":8.0,"turns":4.0},{"damage":49,"enemies":"Lagavulin","floor":10,"turns":8},{"damage":0,"enemies":"Small Slimes","floor":12,"turns":2},{"damage":49,"enemies":"3 Sentries","floor":13,"turns":7}],"seed_played":"425061509803422162","potions_obtained":[{"floor":1.0,"key":"Reflective Coating"},{"floor":8.0,"key":"EssenceOfSteel"}],"is_trial":false,"path_per_floor":["M","?","?","?","M","E","R","E","T","E","T","M","E"],"character_chosen":"WATCHER","items_purchased":[],"campfire_rested":0,"item_purchase_floors":[],"current_hp_per_floor":[125,125,125,89,89,73,73,62,62,13,13,25,0,0],"gold":246,"neow_bonus":"BOSS_RELIC","is_daily":false,"chose_seed":false,"campfire_upgraded":1,"win_rate":0.0,"timestamp":1612757902,"path_taken":["M","?","?","?","M","E","R","E","T","E","?","?","E"],"items_purchased_type":[],"build_version":"2020-12-22","purchased_purges":0,"victory":false,"max_hp_per_floor":[144,144,144,144,144,144,144,144,144,144,144,150,150,150],"relic_stats":{"Nunchaku":[4],"counters":[7,33],"Golden Idol":27,"obtain_stats":[{"Replay:Ringing Soul":11,"Nunchaku":6,"testmod-TestBox":0,"testmod-Temperance":0,"Golden Idol":4,"Counterbalance":8,"Quantum Egg":9,"conspire:DecoderRing":10,"HolyWater":0,"testmod-HarvestTotem":0,"PureWater":0,"REME_ComplimentaryCards":0},{"Replay:Ringing Soul":5,"Nunchaku":3,"testmod-TestBox":0,"testmod-Temperance":0,"Golden Idol":1,"Counterbalance":4,"Quantum Egg":4,"conspire:DecoderRing":5,"HolyWater":0,"testmod-HarvestTotem":0,"PureWater":0,"REME_ComplimentaryCards":0},{"Replay:Ringing Soul":24,"Nunchaku":12,"testmod-TestBox":0,"testmod-Temperance":0,"Golden Idol":4,"Counterbalance":16,"Quantum Egg":16,"conspire:DecoderRing":24,"HolyWater":0,"testmod-HarvestTotem":0,"PureWater":0,"REME_ComplimentaryCards":0}]},"card_choices":[{"not_picked":["Crescendo","WindmillStrike"],"picked":"FlurryOfBlows","floor":1.0},{"not_picked":["Prostrate","Replay:Vibes","EmptyFist"],"picked":"SKIP","floor":5.0},{"not_picked":["Evaluate","Wireheading"],"picked":"MasterReality","floor":6.0},{"not_picked":["EmptyBody","Crescendo"],"picked":"FollowUp","floor":8.0},{"not_picked":["BowlingBash","Tantrum"],"picked":"Blasphemy","floor":10},{"not_picked":["SignatureMove","Halt"],"picked":"MentalFortress","floor":12}],"player_experience":255163,"relics_obtained":[{"floor":6.0,"key":"Nunchaku"},{"floor":8.0,"key":"Counterbalance"},{"floor":9.0,"key":"Quantum Egg"},{"floor":10,"key":"conspire:DecoderRing"},{"floor":11,"key":"Replay:Ringing Soul"}],"event_choices":[{"damage_healed":0.0,"max_hp_gain":0.0,"max_hp_loss":0.0,"gold_gain":0.0,"event_name":"Living Wall","player_choice":"Grow","floor":2.0,"gold_loss":0.0,"damage_taken":0.0,"cards_upgraded":["Eruption"]},{"damage_healed":0.0,"max_hp_gain":0.0,"max_hp_loss":0.0,"gold_gain":0.0,"event_name":"Golden Idol","player_choice":"Take Damage","floor":4.0,"gold_loss":0.0,"damage_taken":36.0,"relics_obtained":["Golden Idol"]}],"is_beta":false,"boss_relics":[],"items_purged_floors":[],"is_endless":false,"potions_floor_spawned":[1,8],"killed_by":"3 Sentries","ascension_level":10}}