{"host":"jb40sdn36ct36hhv","time":1612760424,"event":{"mods":["Act Like it!","BaseMod","Better Third Choice","Minty Spire (QoL Compilation)","StSLib","The Runesmith"],"gold_per_floor":[119,133,58,58,68,68,96,96,96,126,126,126,159,152,152,281,281,301,131,131,145,145,188,63,94,94,108,131,147,147,147,147,266,266,280,190,37,57,78,122,122,158,158,158,158,178,217,243,243,243,243,243,15,51,51,51],"floor_reached":55,"language":"ENG","playtime":6049,"items_purged":["Runesmith:Strike_RS","Runesmith:Defend_RS","Runesmith:Defend_RS"],"score":1086,"play_id":"b1fc1204-d596-4fd4-9fe9-2dcc0d2484b7","local_time":"20210207210024","is_ascension_mode":false,"campfire_choices":[{"data":"Runesmith:CraftMagma","floor":6,"key":"SMITH"},{"data":"Runesmith:CraftMagma","floor":8,"key":"SMITH"},{"data":"Runesmith:LightningRod","floor":11,"key":"SMITH"},{"data":"Runesmith:CraftMagma","floor":15,"key":"SMITH"},{"data":"Runesmith:Fortify","floor":30,"key":"SMITH"},{"data":"Runesmith:NegativeSpace","floor":32,"key":"SMITH"},{"floor":41,"key":"RECALL"},{"data":"Runesmith:MetallurgicalResearch","floor":44,"key":"SMITH"},{"data":"Runesmith:LightningRod","floor":49,"key":"SMITH"},{"data":"The Bomb","floor":52,"key":"SMITH"}],"circlet_count":0,"master_deck":["Runesmith:Strike_RS","Runesmith:CraftFirestone+1","Runesmith:Fortify+1","Runesmith:LightningRod+1","Runesmith:CraftMagma+1","Runesmith:Accelerate+1","Runesmith:CraftMagma+1","Runesmith:CraftObretio","Runesmith:CraftMagma+1","Runesmith:ReplicatingBarrier+1","Runesmith:GoWithTheFlow","Runesmith:NanitesCloud","Runesmith:NegativeSpace+1","Runesmith:RunicBlueprint+1","Runesmith:FissionHammer","Runesmith:CraftMagma+1","Runesmith:MetallurgicalResearch+1","Runesmith:CraftObretio+1","Runesmith:LightningRod+1","The Bomb+1","Runesmith:Augment+1","Runesmith:Superposition","Runesmith:NanitesCloud+1"],"relics":["Runesmith:CoreCrystal","WingedGreaves","Mummified Hand","Vajra","Golden Idol","FossilizedHelix","Empty Cage","Gambling Chip","Tiny Chest","TungstenRod","CaptainsWheel","PreservedInsect","Bottled Lightning","Runesmith:Locket","Runesmith:Nanobots","War Paint","Runesmith:AutoHammer","Pocketwatch"],"acts_visited":["Exordium","TheCity","TheBeyond","TheEnding"],"potions_floor_usage":[13,13,17,25,55,55,55],"damage_taken":[{"damage":0,"enemies":"Jaw Worm","floor":1,"turns":4},{"damage":1,"enemies":"Small Slimes","floor":2,"turns":4},{"damage":0,"enemies":"Cultist","floor":5,"turns":3},{"damage":8,"enemies":"Gremlin Nob","floor":7,"turns":5},{"damage":8,"enemies":"3 Sentries","floor":10,"turns":7},{"damage":3,"enemies":"Gremlin Nob","floor":13,"turns":4},{"damage":0,"enemies":"Exordium Thugs","floor":14,"turns":4},{"damage":0,"enemies":"Hexaghost","floor":16,"turns":8},{"damage":0,"enemies":"Spheric Guardian","floor":18,"turns":5},{"damage":0,"enemies":"Shell Parasite","floor":21,"turns":5},{"damage":0,"enemies":"Gremlin Leader","floor":23,"turns":9},{"damage":0,"enemies":"Book of Stabbing","floor":25,"turns":6},{"damage":0,"enemies":"Snake Plant","floor":27,"turns":4},{"damage":0,"enemies":"Centurion and Healer","floor":28,"turns":6},{"damage":0,"enemies":"Sentry and Sphere","floor":29,"turns":6},{"damage":0,"enemies":"Champ","floor":33,"turns":15},{"damage":0,"enemies":"Orb Walker","floor":35,"turns":5},{"damage":0,"enemies":"3 Darklings","floor":38,"turns":6},{"damage":0,"enemies":"Jaw Worm Horde","floor":39,"turns":5},{"damage":6,"enemies":"Nemesis","floor":40,"turns":7},{"damage":0,"enemies":"Giant Head","floor":42,"turns":8},{"damage":0,"enemies":"Sphere and 2 Shapes","floor":46,"turns":5},{"damage":23,"enemies":"Reptomancer","floor":47,"turns":6},{"damage":0,"enemies":"Time Eater","floor":50,"turns":16},{"damage":0,"enemies":"Shield and Spear","floor":54,"turns":8},{"damage":76,"enemies":"The Heart","floor":55,"turns":5}],"seed_played":"-726225477260327272","potions_obtained":[{"floor":2,"key":"LiquidMemories"},{"floor":5,"key":"EntropicBrew"},{"floor":10,"key":"LiquidBronze"},{"floor":13,"key":"FearPotion"},{"floor":18,"key":"PowerPotion"},{"floor":23,"key":"Fruit Juice"},{"floor":25,"key":"SteroidPotion"},{"floor":29,"key":"GamblersBrew"},{"floor":42,"key":"LiquidBronze"},{"floor":47,"key":"Dexterity Potion"}],"is_trial":false,"path_per_floor":["M","M","$","?","M","R","E","R","T","E","R","?","E","M","R","B",null,"M","$","?","M","?","E","$","E","T","M","M","M","R","$","R","B",null,"M","?","$","M","M","E","R","E","T","R","?","M","E","T","R","B",null,"R","$","E","B"],"character_chosen":"RUNESMITH_CLASS","items_purchased":["Runesmith:NanitesCloud","PreservedInsect","Runesmith:Superposition","Runesmith:AutoHammer"],"campfire_rested":0,"item_purchase_floors":[19,37,53,53],"current_hp_per_floor":[49,48,48,41,41,41,33,33,33,25,25,25,22,22,22,22,65,65,65,65,65,59,59,59,64,64,64,64,64,64,64,64,64,70,70,70,70,70,70,64,64,64,64,64,55,55,32,32,32,32,70,70,70,70,0,0],"gold":51,"neow_bonus":"THREE_RARE_CARDS","is_daily":false,"chose_seed":false,"campfire_upgraded":9,"win_rate":0.0,"timestamp":1612760424,"path_taken":["M","M","$","?","M","R","E","R","T","E","R","?","E","M","R","BOSS","M","$","?","M","?","E","$","E","T","M","M","M","R","$","R","BOSS","M","?","?","M","M","E","R","E","T","R","?","M","E","?","R","BOSS","R","$","E","BOSS"],"items_purchased_type":["Card","Relic","Card","Relic"],"build_version":"2020-12-22","purchased_purges":3,"victory":false,"max_hp_per_floor":[70,70,70,70,70,70,70,70,70,70,70,65,65,65,65,65,65,65,65,65,65,65,65,65,70,70,70,70,70,70,70,70,70,70,70,70,70,70,70,70,70,70,70,70,70,70,70,70,70,70,70,70,70,70,70,70],"card_choices":[{"not_picked":["Runesmith:CraftIndustria","Runesmith:ReplicatingBarrier"],"picked":"Runesmith:LightningRod","floor":0},{"not_picked":["Runesmith:RuneHurl","Runesmith:MakeshiftArmor","Runesmith:HeatedChisel"],"picked":"SKIP","floor":1},{"not_picked":["Runesmith:EarthShield","Runesmith:UnstableHammer"],"picked":"Runesmith:CraftMagma","floor":2},{"not_picked":["Runesmith:Attraction","Runesmith:HammerThrow"],"picked":"Runesmith:Accelerate","floor":5},{"not_picked":["Runesmith:HeatedChisel","Runesmith:BackupBattery"],"picked":"Runesmith:CraftMagma","floor":7},{"not_picked":["Runesmith:DoubleUp","Runesmith:StaticCage","Runesmith:HeatedChisel"],"picked":"SKIP","floor":10},{"not_picked":["Runesmith:Overpower","Runesmith:HeatedChisel"],"picked":"Runesmith:CraftObretio","floor":13},{"not_picked":["Runesmith:EnergizedChisel","Runesmith:UnstableHammer"],"picked":"Runesmith:CraftMagma","floor":14},{"not_picked":["Runesmith:MetallurgicalResearch","Runesmith:CraftIndustria"],"picked":"Runesmith:ReplicatingBarrier","floor":16},{"not_picked":["Runesmith:Grindstone","Runesmith:EarthShield+1"],"picked":"Runesmith:GoWithTheFlow","floor":18},{"not_picked":["Runesmith:MakeshiftArmor","Runesmith:CraftProtectio","Runesmith:ShiftingStrike"],"picked":"SKIP","floor":21},{"not_picked":["Runesmith:HeatedChisel","Runesmith:LastStand"],"picked":"Runesmith:NegativeSpace","floor":23},{"not_picked":["Runesmith:RuneHurl","Runesmith:Repurpose+1"],"picked":"Runesmith:RunicBlueprint+1","floor":25},{"not_picked":["Runesmith:BackupBattery","Runesmith:StaticCage+1","Runesmith:CraftProtectio"],"picked":"SKIP","floor":27},{"not_picked":["Runesmith:HeatExchange","Runesmith:Grindstone"],"picked":"Runesmith:FissionHammer","floor":28},{"not_picked":["Runesmith:HeatExchange","Runesmith:HammerThrow"],"picked":"Runesmith:CraftMagma+1","floor":29},{"not_picked":["Runesmith:CraftIndustria","Runesmith:CraftMedicinae"],"picked":"Runesmith:MetallurgicalResearch","floor":33},{"not_picked":["Runesmith:Firestorm+1","Runesmith:Repurpose+1"],"picked":"Runesmith:CraftObretio+1","floor":35},{"not_picked":["Runesmith:ShiftingStrike","Runesmith:Reinforce","Runesmith:CraftMagma"],"picked":"SKIP","floor":38},{"not_picked":["Runesmith:UnstableHammer+1","Runesmith:ChiselStab","Runesmith:StaticCage"],"picked":"SKIP","floor":39},{"not_picked":["Runesmith:BackupBattery+1","Runesmith:EnergizedChisel+1"],"picked":"Runesmith:LightningRod","floor":40},{"not_picked":["Runesmith:Empowerment","Runesmith:CraftVitae+1","Runesmith:FrozenChisel+1"],"picked":"SKIP","floor":42},{"not_picked":["Mind Blast","PanicButton"],"picked":"The Bomb","floor":45},{"not_picked":["Runesmith:StaticCage+1","Runesmith:Overpower","Runesmith:ChiselStab"],"picked":"SKIP","floor":46},{"not_picked":["Runesmith:GrandSlam","Runesmith:MakeshiftArmor"],"picked":"Runesmith:Augment+1","floor":47},{"not_picked":["Runesmith:RuneHurl","Runesmith:Overpower+1"],"picked":"Runesmith:NanitesCloud+1","floor":54}],"player_experience":984477,"relics_obtained":[{"floor":7,"key":"WingedGreaves"},{"floor":9,"key":"Mummified Hand"},{"floor":10,"key":"Vajra"},{"floor":13,"key":"FossilizedHelix"},{"floor":23,"key":"Tiny Chest"},{"floor":25,"key":"TungstenRod"},{"floor":26,"key":"CaptainsWheel"},{"floor":40,"key":"Bottled Lightning"},{"floor":42,"key":"Runesmith:Locket"},{"floor":47,"key":"Runesmith:Nanobots"},{"floor":48,"key":"War Paint"},{"floor":54,"key":"Pocketwatch"}],"event_choices":[{"cards_removed":["Runesmith:Defend_RS"],"damage_healed":0,"gold_gain":0,"player_choice":"Card Removal","damage_taken":7,"max_hp_gain":0,"max_hp_loss":0,"event_name":"Golden Wing","floor":4,"gold_loss":0},{"damage_healed":0,"gold_gain":0,"player_choice":"Lose Max HP","damage_taken":0,"relics_obtained":["Golden Idol"],"max_hp_gain":0,"max_hp_loss":5,"event_name":"Golden Idol","floor":12,"gold_loss":0},{"damage_healed":0,"gold_gain":0,"player_choice":"Opened","damage_taken":0,"relics_obtained":["Gambling Chip"],"max_hp_gain":0,"max_hp_loss":0,"event_name":"The Mausoleum","floor":20,"gold_loss":0},{"damage_healed":0,"gold_gain":0,"player_choice":"Damaged","damage_taken":6,"max_hp_gain":0,"max_hp_loss":0,"event_name":"Wheel of Change","floor":22,"gold_loss":0},{"cards_removed":["Runesmith:Strike_RS"],"damage_healed":0,"gold_gain":0,"player_choice":"Upgrade and Remove","damage_taken":0,"max_hp_gain":0,"max_hp_loss":0,"event_name":"Designer","floor":36,"gold_loss":90,"cards_upgraded":["Runesmith:ReplicatingBarrier"]},{"damage_healed":0,"gold_gain":0,"player_choice":"Memory 3","damage_taken":10,"max_hp_gain":0,"max_hp_loss":0,"event_name":"SensoryStone","floor":45,"gold_loss":0}],"is_beta":false,"boss_relics":[{"not_picked":["Fusion Hammer","Sozu"],"picked":"Empty Cage"},{"not_picked":["Astrolabe","Philosopher\u0027s Stone"],"picked":"Runesmith:CoreCrystal"}],"items_purged_floors":[3,19,24],"is_endless":false,"potions_floor_spawned":[2,5,10,13,18,23,25,28,29,39,42,47],"killed_by":"The Heart","ascension_level":0}}