{"host":"yuhy0i501zzmn1iz","time":1612752848,"event":{"mods":["AchievementEnabler","BaseMod","Bestiary","Better Match","Better Note","Better Sensory Stone","Better Third Choice","Block Reminder","Curses Come First","Downfall","Minty Spire (QoL Compilation)","StSLib","slay the spire mod where everything is the same but ironclad has a cowboy hat"],"gold_per_floor":[113,131,131,56,56,56,72,72,72,83,83,112,126,141,141,237,237,248,248,95,95,166,166,166],"floor_reached":23,"language":"ENG","playtime":1066,"items_purged":["Defend_G"],"score":336,"play_id":"3e17cc39-1931-48af-9ecd-d570a791c41f","local_time":"20210207215408","is_ascension_mode":true,"campfire_choices":[{"floor":6,"key":"REST"},{"data":"Mayhem","floor":8,"key":"SMITH"},{"data":"Chrysalis","floor":11,"key":"SMITH"},{"data":"Calculated Gamble","floor":15,"key":"SMITH"}],"circlet_count":0,"master_deck":["Defend_G","Defend_G","Defend_G","Defend_G","Survivor","Neutralize","Blade Dance","Dagger Spray","Deep Breath","Chrysalis+1","Corpse Explosion","Mayhem+1","Calculated Gamble+1","Reflex","Endless Agony","Backflip","Burst","Glass Knife","Leg Sweep+1","Bite","Bite","Bite","Bite","Bite","Noxious Fumes"],"relics":["Ring of the Snake","Dead Branch","Potion Belt","Nunchaku","Black Star","The Courier"],"acts_visited":["Exordium","TheCity"],"potions_floor_usage":[],"damage_taken":[{"damage":4,"enemies":"Small Slimes","floor":1,"turns":4},{"damage":2,"enemies":"Jaw Worm","floor":2,"turns":4},{"damage":0,"enemies":"Cultist","floor":7,"turns":2},{"damage":0,"enemies":"Large Slime","floor":10,"turns":5},{"damage":0,"enemies":"Lagavulin","floor":12,"turns":3},{"damage":0,"enemies":"3 Louse","floor":13,"turns":2},{"damage":6,"enemies":"Blue Slaver","floor":14,"turns":2},{"damage":33,"enemies":"Hexaghost","floor":16,"turns":9},{"damage":30,"enemies":"Shell Parasite","floor":18,"turns":7},{"damage":24,"enemies":"Book of Stabbing","floor":23,"turns":4}],"seed_played":"-869548511763096094","potions_obtained":[{"floor":7,"key":"SpeedPotion"},{"floor":10,"key":"SteroidPotion"},{"floor":14,"key":"BlessingOfTheForge"},{"floor":18,"key":"Dexterity Potion"}],"is_trial":false,"path_per_floor":["M","M","?","?","?","R","M","R","T","M","R","E","M","M","R","B",null,"M","?","$","?","T","E"],"character_chosen":"THE_SILENT","items_purchased":["Noxious Fumes"],"campfire_rested":1,"item_purchase_floors":[20],"current_hp_per_floor":[41,39,39,39,32,53,53,53,53,53,53,53,53,47,47,14,56,26,26,26,19,19,0,0],"gold":166,"neow_bonus":"ONE_RARE_RELIC","is_daily":false,"chose_seed":false,"campfire_upgraded":3,"win_rate":0.0,"timestamp":1612752848,"path_taken":["M","M","?","?","?","R","M","R","T","M","R","E","M","M","R","BOSS","M","?","$","?","?","E"],"items_purchased_type":["Card"],"build_version":"2020-12-22","purchased_purges":1,"victory":false,"max_hp_per_floor":[70,70,70,70,70,70,70,70,70,70,70,70,70,70,70,70,70,70,49,49,54,54,54,54],"card_choices":[{"not_picked":["Cloak And Dagger","Underhanded Strike"],"picked":"Blade Dance","floor":1},{"not_picked":["Underhanded Strike","Flechettes"],"picked":"Dagger Spray","floor":2},{"not_picked":["Purity","Mind Blast"],"picked":"Deep Breath","floor":3},{"not_picked":["Master of Strategy","Violence"],"picked":"Chrysalis","floor":4},{"not_picked":["Doppelganger","Envenom"],"picked":"Corpse Explosion","floor":4},{"not_picked":["Violence","Panache"],"picked":"Mayhem","floor":4},{"not_picked":["Finisher","PiercingWail"],"picked":"Calculated Gamble","floor":7},{"not_picked":["Prepared","Flechettes"],"picked":"Reflex","floor":10},{"not_picked":["Skewer","Outmaneuver"],"picked":"Endless Agony","floor":12},{"not_picked":["Well Laid Plans","Sucker Punch"],"picked":"Backflip","floor":13},{"not_picked":["Choke","Poisoned Stab"],"picked":"Burst","floor":14},{"not_picked":["Tools of the Trade","After Image"],"picked":"Glass Knife","floor":16},{"not_picked":["Calculated Gamble","PiercingWail"],"picked":"Leg Sweep+1","floor":18}],"player_experience":357831,"relics_obtained":[{"floor":9,"key":"Potion Belt"},{"floor":12,"key":"Nunchaku"},{"floor":22,"key":"The Courier"}],"event_choices":[{"damage_healed":0,"gold_gain":1,"player_choice":"1","damage_taken":0,"max_hp_gain":0,"max_hp_loss":0,"event_name":"betterStone:BetterStone","floor":3,"gold_loss":0},{"damage_healed":0,"gold_gain":0,"player_choice":"1","damage_taken":0,"max_hp_gain":0,"max_hp_loss":0,"event_name":"betterMatch:BetterMatch","floor":4,"gold_loss":0,"cards_obtained":["betterMatch:ColorlessRareCard","betterMatch:RareCard","betterMatch:ColorlessRareCard"]},{"cards_removed":["Strike_G"],"damage_healed":0,"gold_gain":0,"player_choice":"Card Removal","damage_taken":7,"max_hp_gain":0,"max_hp_loss":0,"event_name":"Golden Wing","floor":5,"gold_loss":0},{"damage_healed":0,"gold_gain":0,"player_choice":"Became a vampire","damage_taken":0,"max_hp_gain":0,"max_hp_loss":21,"event_name":"Vampires","floor":19,"gold_loss":0,"cards_obtained":["Bite","Bite","Bite","Bite","Bite"]},{"damage_healed":0,"gold_gain":0,"player_choice":"Shed Blood","damage_taken":12,"max_hp_gain":5,"max_hp_loss":0,"event_name":"Forgotten Altar","floor":21,"gold_loss":0}],"is_beta":false,"boss_relics":[{"not_picked":["Velvet Choker","Calling Bell"],"picked":"Black Star"}],"items_purged_floors":[20],"is_endless":false,"potions_floor_spawned":[7,10,14,18],"killed_by":"Book of Stabbing","ascension_level":6}}