{"host":"v3qphhcqhwfpabne","time":1612803108,"event":{"mods":["100% Spire Juice","2.2 Compatiblity","AchievementEnabler","BaseMod","CapriCore","DeckTracker","KinomotoSakuraMod(ÙÊñýÜâ?)","Koishi","Marisa£¨Ùöéë¡¡Øª×âÞÞ£©","Minty Spire (QoL Compilation)","Permanent Neow","Prisma Mod","StSLib","Td1madao Mod","The Bug Knight","The Cursed","The Immortal","The Runesmith","WarShipGirlsR/??á´Ò³R mod"],"gold_per_floor":[116,136,136,136,148,148,160,160,160,178,190,61,61,73,73,170,170,184,201,45,64,334,334,334],"floor_reached":23,"language":"KOR","playtime":759,"items_purged":["Strike_R"],"score":204,"play_id":"621d2394-1608-4abc-ad43-8204288668be","local_time":"20210209015148","is_ascension_mode":true,"campfire_choices":[{"data":"Whirlwind","floor":6,"key":"SMITH"},{"data":"Dark Embrace","floor":8,"key":"SMITH"},{"data":"Fire Breathing","floor":13,"key":"SMITH"},{"floor":15,"key":"REST"}],"circlet_count":0,"master_deck":["Strike_R","Strike_R","Strike_R","Defend_R","Defend_R","Defend_R","Defend_R","Bash","Thunderclap","Power Through","Whirlwind+1","Dark Embrace+1","Fire Breathing","Fire Breathing+1","Bandage Up","Burning Pact","Fiend Fire","Shrug It Off","True Grit+1","Power Through","Dark Embrace+1"],"relics":["Burning Blood","NeowsBlessing","Ornamental Fan","HollowMod:LifeEnderRelic","Mark of Pain"],"acts_visited":["Exordium","TheCity"],"potions_floor_usage":[16,16,16],"damage_taken":[{"damage":0,"enemies":"Cultist","floor":1,"turns":1},{"damage":0,"enemies":"Jaw Worm","floor":2,"turns":1},{"damage":0,"enemies":"Small Slimes","floor":5,"turns":1},{"damage":0,"enemies":"Gremlin Gang","floor":7,"turns":1},{"damage":12,"enemies":"3 Louse","floor":10,"turns":2},{"damage":24,"enemies":"Blue Slaver","floor":11,"turns":5},{"damage":20,"enemies":"Looter","floor":14,"turns":4},{"damage":54,"enemies":"The Guardian","floor":16,"turns":11},{"damage":25,"enemies":"Spheric Guardian","floor":18,"turns":4},{"damage":0,"enemies":"Chosen","floor":19,"turns":4},{"damage":13,"enemies":"Shelled Parasite and Fungi","floor":21,"turns":5},{"damage":53,"enemies":"Book of Stabbing","floor":23,"turns":5}],"seed_played":"2631791922413901844","potions_obtained":[{"floor":2,"key":"SkillPotion"},{"floor":10,"key":"SkillPotion"},{"floor":14,"key":"Explosive Potion"},{"floor":21,"key":"Dexterity Potion"}],"is_trial":false,"path_per_floor":["M","M","?","?","M","R","M","R","T","M","M","$","R","M","R","B",null,"M","M","$","M","?","E"],"character_chosen":"IRONCLAD","items_purchased":["Fire Breathing","Bandage Up","Power Through"],"campfire_rested":1,"item_purchase_floors":[12,12,20],"current_hp_per_floor":[80,80,55,55,61,61,67,67,67,61,43,43,43,33,57,13,80,65,75,75,72,45,0,0],"gold":334,"neow_bonus":"THREE_ENEMY_KILL","is_daily":false,"chose_seed":false,"campfire_upgraded":3,"win_rate":0.0,"timestamp":1612803108,"path_taken":["M","M","?","?","M","R","M","R","T","M","M","$","R","?","R","BOSS","M","M","$","M","?","E"],"items_purchased_type":["Card","Card","Card"],"build_version":"2020-12-22","purchased_purges":1,"victory":false,"max_hp_per_floor":[80,80,80,80,80,80,80,80,80,80,80,80,80,80,80,80,80,80,80,80,80,80,80,80],"card_choices":[{"not_picked":["Battle Trance","Heavy Blade"],"picked":"Thunderclap","floor":1},{"not_picked":["Perfected Strike","Sever Soul"],"picked":"Power Through","floor":2},{"not_picked":["Anger","Cleave"],"picked":"Whirlwind","floor":5},{"not_picked":["Thunderclap","Impervious"],"picked":"Dark Embrace","floor":7},{"not_picked":["Thunderclap","Metallicize"],"picked":"Fire Breathing","floor":10},{"not_picked":["True Grit","Clothesline","Uppercut"],"picked":"SKIP","floor":11},{"not_picked":["Iron Wave","Hemokinesis"],"picked":"Burning Pact","floor":14},{"not_picked":["Juggernaut","Impervious"],"picked":"Fiend Fire","floor":16},{"not_picked":["Blood for Blood","Pommel Strike+1"],"picked":"Shrug It Off","floor":18},{"not_picked":["Iron Wave","Heavy Blade"],"picked":"True Grit+1","floor":19},{"not_picked":["Warcry+1","Body Slam"],"picked":"Dark Embrace+1","floor":21}],"player_experience":119848,"relics_obtained":[{"floor":9,"key":"HollowMod:LifeEnderRelic"}],"event_choices":[{"damage_healed":0,"gold_gain":0,"player_choice":"Success","damage_taken":25,"relics_obtained":["Ornamental Fan"],"max_hp_gain":0,"max_hp_loss":0,"event_name":"Scrap Ooze","floor":3,"gold_loss":0},{"cards_removed":["Strike_R"],"damage_healed":0,"gold_gain":0,"player_choice":"Offered Basic","damage_taken":0,"max_hp_gain":0,"max_hp_loss":0,"event_name":"Bonfire Elementals","floor":4,"gold_loss":0},{"damage_healed":0,"gold_gain":270,"player_choice":"GOLD GOLD GOLD ","damage_taken":27,"max_hp_gain":0,"max_hp_loss":0,"event_name":"Knowing Skull","floor":22,"potions_obtained":[],"gold_loss":0,"cards_obtained":[]}],"is_beta":false,"boss_relics":[{"not_picked":["Busted Crown","Runic Dome"],"picked":"Mark of Pain"}],"items_purged_floors":[20],"is_endless":false,"potions_floor_spawned":[2,10,14,21],"killed_by":"Book of Stabbing","ascension_level":2}}