{"host":"Kdaddybrian","time":1612756359,"event":{"mods":["AchievementEnabler","BaseMod","Bestiary","Colored Map","Colored Powertips","Minty Spire (QoL Compilation)","Potion Indicator Mod","Quick Restart","Rare Cards Sparkle","Relic Stats","StSLib","Uncapped","Weighted Paths"],"gold_per_floor":[163,37,54,70,20,46,46,87,168,203,232,232,232,166,166,298,307,331,331,359,359,27,36,71,96,96,96,139,71,93,116,125,230,230,258,278,67,88,102,138,165,208,277,306,320,290,290,145,145,145,145,145,29,67,67],"floor_reached":56,"language":"ENG","playtime":3368,"items_purged":["Strike_P"],"score":1776,"play_id":"ea11bb88-5dfd-4a95-8d80-f2ba2231e010","local_time":"20210207225239","is_ascension_mode":true,"campfire_choices":[{"data":"Eruption","floor":7.0,"key":"SMITH"},{"floor":12.0,"key":"REST"},{"data":"Adaptation","floor":15.0,"key":"SMITH"},{"floor":23.0,"key":"REST"},{"data":"Scrawl","floor":27.0,"key":"SMITH"},{"floor":32.0,"key":"REST"},{"floor":47.0,"key":"RECALL"},{"floor":49.0,"key":"REST"},{"floor":52.0,"key":"REST"}],"circlet_count":0,"master_deck":["AscendersBane","Strike_P+1","Defend_P","Defend_P","Defend_P","Defend_P","Eruption+1","Vigilance","CutThroughFate","Weave","Adaptation+1","EmptyFist","FlyingSleeves","Adaptation","FlurryOfBlows","Wallop","DevaForm+1","Consecrate","Scrawl+1","CurseOfTheBell","WheelKick","ThirdEye+1","Evaluate","TalkToTheHand+1","Wallop","Evaluate+1","Crescendo","Study+1","Tantrum","WheelKick","Tantrum+1","DevaForm+1","Sanctity+1","BattleHymn+1","EmptyFist+1","Wireheading+1","Crescendo+1","ForeignInfluence+1","EmptyMind","Wish","LikeWater+1","Fasting2+1","Tantrum"],"relics":["Tiny House","Du-Vu Doll","CeramicFish","Frozen Egg 2","Meat on the Bone","Bloody Idol","FossilizedHelix","Calling Bell","Nunchaku","Kunai","Ice Cream","Dream Catcher","ClockworkSouvenir","Bottled Flame","Gremlin Horn","Ornamental Fan","Busted Crown","Orrery","Regal Pillow","Potion Belt","Strange Spoon","Pantograph"],"acts_visited":["Exordium","TheCity","TheBeyond","TheEnding"],"potions_floor_usage":[55,55,55,55,55,55,55,55,55,55],"damage_taken":[{"damage":2.0,"enemies":"Jaw Worm","floor":1.0,"turns":3.0},{"damage":4.0,"enemies":"2 Louse","floor":3.0,"turns":3.0},{"damage":0.0,"enemies":"Cultist","floor":4.0,"turns":3.0},{"damage":18.0,"enemies":"Gremlin Nob","floor":6.0,"turns":4.0},{"damage":7.0,"enemies":"Lagavulin","floor":8.0,"turns":5.0},{"damage":42.0,"enemies":"Gremlin Nob","floor":10.0,"turns":5.0},{"damage":0.0,"enemies":"Large Slime","floor":11.0,"turns":2.0},{"damage":32.0,"enemies":"The Guardian","floor":16.0,"turns":11.0},{"damage":41.0,"enemies":"3 Byrds","floor":18.0,"turns":5.0},{"damage":0.0,"enemies":"Spheric Guardian","floor":20.0,"turns":3.0},{"damage":65.0,"enemies":"Gremlin Leader","floor":24.0,"turns":8.0},{"damage":0.0,"enemies":"Centurion and Healer","floor":25.0,"turns":7.0},{"damage":21.0,"enemies":"Slavers","floor":28.0,"turns":5.0},{"damage":16.0,"enemies":"Snake Plant","floor":30.0,"turns":4.0},{"damage":18.0,"enemies":"Cultist and Chosen","floor":31.0,"turns":5.0},{"damage":11.0,"enemies":"Champ","floor":33.0,"turns":8.0},{"damage":0.0,"enemies":"3 Darklings","floor":35.0,"turns":2.0},{"damage":0.0,"enemies":"3 Shapes","floor":36.0,"turns":2.0},{"damage":0.0,"enemies":"Maw","floor":38.0,"turns":4.0},{"damage":26.0,"enemies":"Sphere and 2 Shapes","floor":39.0,"turns":5.0},{"damage":30.0,"enemies":"Reptomancer","floor":40.0,"turns":4.0},{"damage":19.0,"enemies":"4 Shapes","floor":41.0,"turns":7.0},{"damage":11.0,"enemies":"Nemesis","floor":42.0,"turns":5.0},{"damage":36.0,"enemies":"3 Darklings","floor":44.0,"turns":4.0},{"damage":2.0,"enemies":"Transient","floor":45.0,"turns":5.0},{"damage":75.0,"enemies":"Awakened One","floor":50.0,"turns":9.0},{"damage":47.0,"enemies":"Shield and Spear","floor":54.0,"turns":6.0},{"damage":75,"enemies":"The Heart","floor":55,"turns":7}],"seed_played":"-7604215749453176008","potions_obtained":[{"floor":0.0,"key":"Fruit Juice"},{"floor":3.0,"key":"DistilledChaos"},{"floor":6.0,"key":"SkillPotion"},{"floor":8.0,"key":"ColorlessPotion"},{"floor":16.0,"key":"ColorlessPotion"},{"floor":20.0,"key":"CultistPotion"},{"floor":24.0,"key":"Fire Potion"},{"floor":30.0,"key":"Ancient Potion"},{"floor":33.0,"key":"FearPotion"},{"floor":41.0,"key":"SkillPotion"},{"floor":42.0,"key":"EntropicBrew"},{"floor":46.0,"key":"Swift Potion"},{"floor":46.0,"key":"SteroidPotion"},{"floor":54.0,"key":"SpeedPotion"}],"is_trial":false,"path_per_floor":["M","$","M","M","?","E","R","E","T","E","M","R","?","?","R","B",null,"M","?","M","?","$","R","E","M","T","R","E","$","M","M","R","B",null,"M","M","$","M","M","E","M","E","T","M","M","?","R","$","R","B",null,"R","$","E","B",null],"character_chosen":"WATCHER","items_purchased":["Adaptation","EmptyFist","Dream Catcher","ClockworkSouvenir","Evaluate","Study+1","Orrery","Strange Spoon","Fasting2+1","PowerPotion"],"campfire_rested":5,"item_purchase_floors":[2,2,22,22,22,29,37,48,53,53],"current_hp_per_floor":[68,68,64,64,64,46,46,39,39,2,14,38,38,38,38,18,62,33,33,55,55,60,76,33,55,55,55,56,61,55,59,76,75,76,76,76,76,76,55,47,50,49,54,40,55,55,55,55,76,13,60,76,76,51,13],"gold":67,"neow_bonus":"BOSS_RELIC","is_daily":false,"chose_seed":false,"campfire_upgraded":3,"win_rate":0.0,"timestamp":1612756359,"path_taken":["M","$","M","M","?","E","R","E","T","E","M","R","?","?","R","BOSS","M","?","M","?","$","R","E","M","T","R","E","$","M","M","R","BOSS","M","M","?","M","M","E","M","E","T","M","?","?","R","?","R","BOSS","R","$","E","BOSS"],"items_purchased_type":["Card","Card","Relic","Relic","Card","Card","Relic","Relic","Card","Potion"],"build_version":"2020-12-18","purchased_purges":1,"victory":true,"max_hp_per_floor":[77,77,77,77,77,77,77,77,77,82,82,82,76,76,76,76,76,76,76,76,76,76,76,76,76,76,76,76,76,76,76,76,76,76,76,76,76,76,76,76,76,76,76,76,76,76,76,76,76,76,76,76,76,76,76],"relic_stats":{"Regal Pillow":0,"Gremlin Horn":[21,21],"counters":[28,141],"CeramicFish":252,"Strange Spoon":[23],"Nunchaku":[36],"Dream Catcher":4,"Busted Crown":34,"Ornamental Fan":[256],"Bloody Idol":145,"Pantograph":25,"Kunai":[84],"obtain_stats":[{"Ice Cream":17,"Potion Belt":42,"Regal Pillow":40,"Tiny House":0,"Gremlin Horn":26,"Golden Idol":13,"CeramicFish":8,"Frozen Egg 2":9,"ClockworkSouvenir":22,"Du-Vu Doll":6,"Calling Bell":17,"Strange Spoon":48,"Nunchaku":17,"Dream Catcher":22,"Bottled Flame":24,"Busted Crown":34,"Ornamental Fan":28,"Bloody Idol":19,"Pantograph":54,"Orrery":37,"Kunai":17,"PureWater":0,"FossilizedHelix":14,"Meat on the Bone":10},{"Ice Cream":8,"Potion Belt":23,"Regal Pillow":21,"Tiny House":0,"Gremlin Horn":12,"Golden Idol":7,"CeramicFish":5,"Frozen Egg 2":5,"ClockworkSouvenir":10,"Du-Vu Doll":4,"Calling Bell":8,"Strange Spoon":25,"Nunchaku":8,"Dream Catcher":10,"Bottled Flame":11,"Busted Crown":16,"Ornamental Fan":13,"Bloody Idol":9,"Pantograph":27,"Orrery":18,"Kunai":8,"PureWater":0,"FossilizedHelix":7,"Meat on the Bone":6},{"Ice Cream":36,"Potion Belt":110,"Regal Pillow":98,"Tiny House":0,"Gremlin Horn":59,"Golden Idol":25,"CeramicFish":18,"Frozen Egg 2":18,"ClockworkSouvenir":44,"Du-Vu Doll":13,"Calling Bell":36,"Strange Spoon":119,"Nunchaku":36,"Dream Catcher":44,"Bottled Flame":52,"Busted Crown":81,"Ornamental Fan":64,"Bloody Idol":41,"Pantograph":134,"Orrery":85,"Kunai":36,"PureWater":0,"FossilizedHelix":25,"Meat on the Bone":23}],"Meat on the Bone":180},"card_choices":[{"not_picked":["Crescendo","Collect"],"picked":"CutThroughFate","floor":0.0},{"not_picked":["ThirdEye","JustLucky"],"picked":"Weave","floor":1.0},{"not_picked":["Evaluate","ThirdEye"],"picked":"FlyingSleeves","floor":3.0},{"not_picked":["BowlingBash","InnerPeace"],"picked":"Adaptation","floor":4.0},{"not_picked":["Fasting2","FlyingSleeves"],"picked":"FlurryOfBlows","floor":6.0},{"not_picked":["Conclude","Sanctity"],"picked":"Wallop","floor":8.0},{"not_picked":["Evaluate","EmptyBody"],"picked":"DevaForm+1","floor":10.0},{"not_picked":["Worship","PathToVictory"],"picked":"Consecrate","floor":11.0},{"not_picked":["DevaForm+1","ConjureBlade"],"picked":"Scrawl","floor":16.0},{"not_picked":["FollowUp","Sanctity"],"picked":"WheelKick","floor":18.0},{"not_picked":["ForeignInfluence","CrushJoints+1"],"picked":"ThirdEye+1","floor":20.0},{"not_picked":["Swivel","Perseverance"],"picked":"TalkToTheHand+1","floor":23.0},{"not_picked":["Establishment+1","Sanctity"],"picked":"Wallop","floor":24.0},{"not_picked":["FollowUp","WheelKick"],"picked":"Evaluate+1","floor":25.0},{"not_picked":["SashWhip+1","WreathOfFlame"],"picked":"Crescendo","floor":28.0},{"not_picked":["WaveOfTheHand","Prostrate"],"picked":"Tantrum","floor":30.0},{"not_picked":["ForeignInfluence","FlurryOfBlows+1"],"picked":"WheelKick","floor":31.0},{"not_picked":["Halt","CrushJoints+1"],"picked":"Tantrum+1","floor":32.0},{"not_picked":["Brilliance","Judgement"],"picked":"DevaForm+1","floor":33.0},{"not_picked":[],"picked":"Sanctity+1","floor":35.0},{"not_picked":[],"picked":"BattleHymn+1","floor":36.0},{"not_picked":[],"picked":"EmptyFist+1","floor":37.0},{"not_picked":[],"picked":"Wireheading+1","floor":37.0},{"not_picked":[],"picked":"Crescendo+1","floor":38.0},{"not_picked":["BowlingBash"],"picked":"SKIP","floor":39.0},{"not_picked":[],"picked":"ForeignInfluence+1","floor":40.0},{"not_picked":[],"picked":"EmptyMind","floor":41.0},{"not_picked":[],"picked":"Wish","floor":42.0},{"not_picked":[],"picked":"LikeWater+1","floor":44.0},{"not_picked":["Indignation"],"picked":"SKIP","floor":45.0},{"not_picked":[],"picked":"Tantrum","floor":54.0}],"player_experience":3029627,"relics_obtained":[{"floor":6.0,"key":"Du-Vu Doll"},{"floor":8.0,"key":"CeramicFish"},{"floor":9.0,"key":"Frozen Egg 2"},{"floor":10.0,"key":"Meat on the Bone"},{"floor":17.0,"key":"Nunchaku"},{"floor":17.0,"key":"Kunai"},{"floor":17.0,"key":"Ice Cream"},{"floor":24.0,"key":"Bottled Flame"},{"floor":26.0,"key":"Gremlin Horn"},{"floor":28.0,"key":"Ornamental Fan"},{"floor":40.0,"key":"Regal Pillow"},{"floor":42.0,"key":"Potion Belt"},{"floor":54.0,"key":"Pantograph"}],"event_choices":[{"cards_removed":["Strike_P"],"damage_healed":0.0,"max_hp_gain":0.0,"max_hp_loss":0.0,"gold_gain":0.0,"event_name":"The Cleric","player_choice":"Card Removal","floor":5.0,"gold_loss":50.0,"damage_taken":0.0},{"damage_healed":0.0,"max_hp_gain":0.0,"max_hp_loss":6.0,"gold_gain":0.0,"event_name":"Golden Idol","player_choice":"Lose Max HP","floor":13.0,"gold_loss":0.0,"damage_taken":0.0,"relics_obtained":["Golden Idol"]},{"damage_healed":0.0,"max_hp_gain":0.0,"max_hp_loss":0.0,"gold_gain":0.0,"event_name":"WeMeetAgain","player_choice":"Paid Gold","floor":14.0,"gold_loss":66.0,"damage_taken":0.0,"relics_obtained":["FossilizedHelix"]},{"damage_healed":0.0,"max_hp_gain":0.0,"max_hp_loss":0.0,"gold_gain":0.0,"event_name":"Forgotten Altar","player_choice":"Gave Idol","floor":19.0,"relics_lost":["Golden Idol"],"gold_loss":0.0,"damage_taken":0.0,"relics_obtained":["Bloody Idol"]},{"cards_removed":["Strike_P"],"damage_healed":0.0,"max_hp_gain":0.0,"max_hp_loss":0.0,"gold_gain":0.0,"event_name":"Purifier","player_choice":"Purged","floor":21.0,"gold_loss":0.0,"damage_taken":0.0},{"damage_healed":0.0,"max_hp_gain":0.0,"max_hp_loss":0.0,"gold_gain":0.0,"event_name":"The Woman in Blue","player_choice":"Bought 2 Potions","floor":46.0,"gold_loss":0.0,"damage_taken":0.0}],"is_beta":true,"boss_relics":[{"not_picked":["Black Star","Empty Cage"],"picked":"Calling Bell"},{"not_picked":["Runic Dome","Coffee Dripper"],"picked":"Busted Crown"}],"items_purged_floors":[37],"is_endless":false,"potions_floor_spawned":[3,6,8,16,20,24,30,33,35,38,41,42,54],"ascension_level":10}}