{"host":"d61fcf2p3sjwe6yo","time":1612817161,"event":{"mods":["BaseMod","Colored Map","Koishi","Marisa????????","Minty Spire (QoL Compilation)","StSLib","SuperFastMode","The Servant 0.9.4"],"gold_per_floor":[116,128,178,197,212,212,230,230,255,280,296,296,19,45,45,122,122,138,138,138,149,99,99,99,99],"floor_reached":24,"language":"ENG","playtime":1069,"items_purged":["Koishi:BasicStrike"],"score":462,"play_id":"98ac8e16-963a-4f22-ae9a-d630b46bb4da","local_time":"20210208234601","is_ascension_mode":true,"campfire_choices":[{"data":"Koishi:StingingMind","floor":6,"key":"SMITH"},{"data":"Koishi:PhantomBarrier","floor":8,"key":"SMITH"},{"data":"Koishi:TerrifyingSpectre","floor":15,"key":"SMITH"},{"floor":23,"key":"REST"}],"circlet_count":0,"master_deck":["AscendersBane","Koishi:BasicStrike","Koishi:BasicDefend","Koishi:BasicDefend","Koishi:BasicDefend","Koishi:BasicDefend","Koishi:Provoke","Koishi:HauntingSlash","Koishi:Whimsy","Koishi:StingingMind+1","Koishi:UnseenTerror","Koishi:PhantomBarrier+1","Koishi:UnconsciousUrges","Koishi:Catatonia","Koishi:TerrifyingSpectre+1","Koishi:TerrifyingSpectre","Koishi:UnconsciousUprising","Koishi:UnconsciousUrges","Koishi:Bloodlust"],"relics":["Koishi:ImaginaryFriend","Pen Nib","Art of War","Molten Egg 2","Smiling Mask","Cursed Key","Enchiridion"],"acts_visited":["Exordium","TheCity"],"potions_floor_usage":[12,14,14],"damage_taken":[{"damage":4,"enemies":"Jaw Worm","floor":1,"turns":6},{"damage":2,"enemies":"Cultist","floor":2,"turns":5},{"damage":2,"enemies":"Small Slimes","floor":4,"turns":3},{"damage":10,"enemies":"Red Slaver","floor":5,"turns":3},{"damage":1,"enemies":"2 Fungi Beasts","floor":7,"turns":3},{"damage":29,"enemies":"3 Sentries","floor":10,"turns":13},{"damage":6,"enemies":"Looter","floor":11,"turns":2},{"damage":0,"enemies":"Gremlin Nob","floor":14,"turns":2},{"damage":37,"enemies":"The Guardian","floor":16,"turns":10},{"damage":30,"enemies":"2 Thieves","floor":18,"turns":5},{"damage":23,"enemies":"3 Byrds","floor":21,"turns":8},{"damage":42,"enemies":"Slavers","floor":24,"turns":4}],"seed_played":"5903143757740793372","potions_obtained":[{"floor":1,"key":"SteroidPotion"},{"floor":5,"key":"Weak Potion"},{"floor":12,"key":"Fruit Juice"},{"floor":12,"key":"SneckoOil"},{"floor":21,"key":"SpeedPotion"}],"is_trial":false,"path_per_floor":["M","M","?","M","M","R","M","R","T","E","M","?","$","E","R","B",null,"M","?","?","M","$","R","E"],"character_chosen":"KOISHI","items_purchased":["Molten Egg 2"],"campfire_rested":1,"item_purchase_floors":[13],"current_hp_per_floor":[55,56,56,59,56,56,62,62,62,40,38,43,43,49,49,28,57,38,38,17,11,11,31,0,0],"gold":99,"neow_bonus":"TEN_PERCENT_HP_BONUS","is_daily":false,"chose_seed":false,"campfire_upgraded":3,"win_rate":0.0,"timestamp":1612817161,"path_taken":["M","M","?","M","?","R","M","R","T","E","M","?","$","E","R","BOSS","M","?","?","M","$","R","E"],"items_purchased_type":["Relic"],"build_version":"2020-12-22","purchased_purges":1,"victory":false,"max_hp_per_floor":[62,62,62,62,62,62,62,62,62,62,62,67,67,67,67,67,67,67,67,67,67,67,67,67,67],"card_choices":[{"not_picked":["Koishi:CatchAndRose","Koishi:UnconsciousUprising"],"picked":"Koishi:Whimsy","floor":1},{"not_picked":["Koishi:SprinkleStarAndHeart","Koishi:HeartfeltFancy"],"picked":"Koishi:StingingMind","floor":2},{"not_picked":["Koishi:DreadfulBlow","Koishi:FreudianInstinct"],"picked":"Koishi:UnseenTerror","floor":4},{"not_picked":["Koishi:SprinkleStarAndHeart","Koishi:FidgetySnatcher"],"picked":"Koishi:PhantomBarrier","floor":5},{"not_picked":["Koishi:MassHysteria","Koishi:EmbryosDream"],"picked":"Koishi:UnconsciousUrges","floor":7},{"not_picked":["Koishi:SuperEgo","Koishi:DreadfulBlow"],"picked":"Koishi:Catatonia","floor":10},{"not_picked":["Koishi:UnansweredLove","Koishi:BloodcurdlingScream","Koishi:ParalyzingFear"],"picked":"SKIP","floor":11},{"not_picked":["Koishi:Catatonia+1","Koishi:HeartfeltFancy"],"picked":"Koishi:TerrifyingSpectre","floor":14},{"not_picked":["Koishi:FadingMemory","Koishi:FormlessExistence"],"picked":"Koishi:TerrifyingSpectre","floor":16},{"not_picked":["Koishi:EmbryosDream","Koishi:SubterraneanRose"],"picked":"Koishi:UnconsciousUprising","floor":18},{"not_picked":["Koishi:FreudianInstinct","Koishi:SpiritedAway+1","Koishi:SubterraneanRose"],"picked":"SKIP","floor":21}],"player_experience":294823,"relics_obtained":[{"floor":9,"key":"Pen Nib"},{"floor":10,"key":"Art of War"},{"floor":14,"key":"Smiling Mask"},{"floor":20,"key":"Enchiridion"}],"event_choices":[{"damage_healed":0,"gold_gain":50,"player_choice":"Pray","damage_taken":0,"max_hp_gain":0,"max_hp_loss":0,"event_name":"Golden Shrine","floor":3,"gold_loss":0},{"damage_healed":0,"gold_gain":0,"player_choice":"Got Potions","damage_taken":0,"max_hp_gain":0,"max_hp_loss":0,"event_name":"Lab","floor":12,"gold_loss":0},{"damage_healed":0,"gold_gain":0,"cards_transformed":["Koishi:BasicStrike","Koishi:BasicStrike"],"player_choice":"Became Test Subject","damage_taken":0,"max_hp_gain":0,"max_hp_loss":0,"event_name":"Drug Dealer","floor":19,"gold_loss":0,"cards_obtained":["Koishi:UnconsciousUrges","Koishi:Bloodlust"]},{"damage_healed":0,"gold_gain":0,"player_choice":"Obtained Book","damage_taken":21,"max_hp_gain":0,"max_hp_loss":0,"event_name":"Cursed Tome","floor":20,"gold_loss":0}],"is_beta":false,"boss_relics":[{"not_picked":["Velvet Choker","Busted Crown"],"picked":"Cursed Key"}],"items_purged_floors":[22],"is_endless":false,"potions_floor_spawned":[1,5,11,21],"killed_by":"Slavers","ascension_level":20}}