{"host":"uhnh33uh34qot0et","time":1612806105,"event":{"mods":["BaseMod","Colored Map","Downfall","Hermit","Marisa????????","Minty Spire (QoL Compilation)","StSLib","The Bug Knight","The Cursed","The Servant 0.9.4"],"gold_per_floor":[111,111,129,147,161,191,191,224,224,177,177,141,141,141,141,241,241,253,253,253],"floor_reached":19,"language":"ENG","playtime":415,"items_purged":[],"score":175,"play_id":"1d169211-dd08-42f2-a7b9-ce633d5f05d0","local_time":"20210208184145","is_ascension_mode":false,"campfire_choices":[{"floor":7,"key":"REST"},{"floor":11,"key":"REST"},{"floor":13,"key":"REST"},{"data":"Reprogram","floor":15,"key":"SMITH"}],"circlet_count":0,"master_deck":["Strike_B","Strike_B","Strike_B","Strike_B+1","Defend_B","Defend_B","Defend_B","Defend_B","Zap","Dualcast","Rebound","Sunder","Rip and Tear+1","Gash","Reprogram+1","Rip and Tear","Creative AI","Gash"],"relics":["Cracked Core","NeowsBlessing","Question Card","Vajra","Whetstone","SacredBark"],"acts_visited":["Exordium","TheCity"],"potions_floor_usage":[6,19,19],"damage_taken":[{"damage":0,"enemies":"Cultist","floor":1,"turns":1},{"damage":0,"enemies":"Jaw Worm","floor":3,"turns":1},{"damage":0,"enemies":"2 Louse","floor":4,"turns":1},{"damage":11,"enemies":"2 Fungi Beasts","floor":5,"turns":3},{"damage":41,"enemies":"Lagavulin","floor":6,"turns":5},{"damage":26,"enemies":"Gremlin Nob","floor":8,"turns":4},{"damage":24,"enemies":"The Guardian","floor":16,"turns":11},{"damage":5,"enemies":"Chosen","floor":18,"turns":3},{"damage":70,"enemies":"3 Byrds","floor":19,"turns":4}],"seed_played":"6537942268319096966","potions_obtained":[{"floor":3,"key":"SneckoOil"},{"floor":4,"key":"bronze:BurnAndBuffPotion"},{"floor":16,"key":"sneckomod:MuddlingPotion"}],"is_trial":false,"path_per_floor":["M","?","M","M","M","E","R","E","T","?","R","$","R","?","R","B",null,"M","M"],"character_chosen":"DEFECT","items_purchased":["Rip and Tear"],"campfire_rested":3,"item_purchase_floors":[12],"current_hp_per_floor":[75,75,75,75,64,23,45,19,19,19,41,41,63,63,63,39,75,70,0,0],"gold":253,"neow_bonus":"THREE_ENEMY_KILL","is_daily":false,"chose_seed":false,"campfire_upgraded":1,"win_rate":0.0,"timestamp":1612806105,"path_taken":["M","?","M","M","M","E","R","E","T","?","R","$","R","?","R","BOSS","M","M"],"items_purchased_type":["Card"],"build_version":"2020-12-22","purchased_purges":0,"victory":false,"max_hp_per_floor":[75,75,75,75,75,75,75,75,75,75,75,75,75,75,75,75,75,75,75,75],"card_choices":[{"not_picked":["Coolheaded","Force Field"],"picked":"Rebound","floor":1},{"not_picked":["Redo","Blizzard","Coolheaded"],"picked":"SKIP","floor":3},{"not_picked":["Conserve Battery","Sweeping Beam"],"picked":"Sunder","floor":4},{"not_picked":["Ball Lightning","Self Repair"],"picked":"Rip and Tear","floor":5},{"not_picked":["Lockon","Genetic Algorithm"],"picked":"Gash","floor":6},{"not_picked":["Cold Snap","Hologram","Hello World"],"picked":"Reprogram","floor":8},{"not_picked":["Meteor Strike","Rainbow","Reboot"],"picked":"Creative AI","floor":16},{"not_picked":["Leap","Chill","Ball Lightning"],"picked":"Gash","floor":18}],"player_experience":27531,"relics_obtained":[{"floor":6,"key":"Question Card"},{"floor":8,"key":"Vajra"},{"floor":9,"key":"Whetstone"}],"event_choices":[{"damage_healed":0,"gold_gain":0,"player_choice":"Ignored","damage_taken":0,"max_hp_gain":0,"max_hp_loss":0,"event_name":"Golden Wing","floor":2,"gold_loss":0},{"damage_healed":0,"gold_gain":0,"player_choice":"Left Gold","damage_taken":0,"max_hp_gain":0,"max_hp_loss":0,"event_name":"World of Goop","floor":10,"gold_loss":47},{"damage_healed":0,"gold_gain":0,"player_choice":"Leave","damage_taken":0,"max_hp_gain":0,"max_hp_loss":0,"event_name":"The Cleric","floor":14,"gold_loss":0}],"is_beta":false,"boss_relics":[{"not_picked":["Ectoplasm","Velvet Choker"],"picked":"SacredBark"}],"items_purged_floors":[],"is_endless":false,"potions_floor_spawned":[3,4,16],"killed_by":"3 Byrds","ascension_level":0}}