{"host":"tml1x4ylw9tadh99","time":1612799812,"event":{"mods":["AchievementEnabler","Act Like it!","BaseMod","Bestiary","Colored Map","Colored Powertips","DeckTracker","Friendly Minions","GifTheSpireLib","Minty Spire (QoL Compilation)","Quick Restart","Random Character Button","Random Character Mod","Relic Stats","StSLib","Synergy Search"],"gold_per_floor":[118,293,28,28,41,41,73,89,115,144,155,172,187,201,201,300,300,317,68,83,83,102,102,102,102,102,119,145,162,190,190,190,287,287,298,298,316,36,53,86,86,86],"floor_reached":41,"language":"ENG","playtime":4353,"items_purged":["Doubt","ClearTheMind","Evaluate"],"score":600,"play_id":"d8bcaeca-d626-4ecd-b1e1-696f36080ae7","local_time":"20210208165652","is_ascension_mode":false,"campfire_choices":[{"data":"Perseverance","floor":6,"key":"SMITH"},{"data":"LikeWater","floor":15,"key":"SMITH"},{"data":"Judgement","floor":23,"key":"SMITH"},{"floor":25,"key":"REST"},{"data":"LikeWater","floor":32,"key":"SMITH"}],"circlet_count":0,"master_deck":["Strike_P","Strike_P","Strike_P","Strike_P","Defend_P","Defend_P","Defend_P","Defend_P","Eruption","Vigilance","Perseverance+1","LikeWater+1","LikeWater+1","SignatureMove+1","DeusExMachina","Judgement+1","ClearTheMind+1","Nirvana+1","Necronomicurse","WaveOfTheHand","JustLucky+1","JustLucky+1","LessonLearned+1"],"relics":["PureWater","NeowsBlessing","Happy Flower","Anchor","PreservedInsect","Molten Egg 2","Runic Pyramid","Toolbox","Necronomicon","Matryoshka","Bronze Scales","Regal Pillow","MutagenicStrength","Sozu","Pen Nib","Darkstone Periapt"],"acts_visited":["Exordium","TheCity","TheBeyond"],"potions_floor_usage":[22,22,40],"damage_taken":[{"damage":0,"enemies":"Jaw Worm","floor":1,"turns":1},{"damage":0,"enemies":"Small Slimes","floor":5,"turns":1},{"damage":0,"enemies":"Gremlin Nob","floor":7,"turns":1},{"damage":0,"enemies":"Cultist","floor":8,"turns":5},{"damage":18,"enemies":"3 Sentries","floor":10,"turns":10},{"damage":0,"enemies":"Blue Slaver","floor":11,"turns":5},{"damage":0,"enemies":"Exordium Wildlife","floor":12,"turns":4},{"damage":0,"enemies":"Large Slime","floor":13,"turns":6},{"damage":0,"enemies":"2 Fungi Beasts","floor":14,"turns":5},{"damage":34,"enemies":"The Guardian","floor":16,"turns":8},{"damage":0,"enemies":"2 Thieves","floor":18,"turns":3},{"damage":2,"enemies":"3 Byrds","floor":20,"turns":5},{"damage":1,"enemies":"Snake Plant","floor":22,"turns":2},{"damage":8,"enemies":"Centurion and Healer","floor":27,"turns":4},{"damage":4,"enemies":"Slavers","floor":28,"turns":4},{"damage":0,"enemies":"Cultist and Chosen","floor":29,"turns":5},{"damage":0,"enemies":"Book of Stabbing","floor":30,"turns":3},{"damage":0,"enemies":"Champ","floor":33,"turns":7},{"damage":0,"enemies":"Orb Walker","floor":35,"turns":2},{"damage":0,"enemies":"3 Shapes","floor":37,"turns":3},{"damage":14,"enemies":"Maw","floor":39,"turns":7},{"damage":56,"enemies":"Giant Head","floor":40,"turns":8},{"damage":9,"enemies":"Transient","floor":41,"turns":5}],"seed_played":"-9058127071525779894","potions_obtained":[{"floor":4,"key":"Energy Potion"},{"floor":4,"key":"Dexterity Potion"},{"floor":4,"key":"Fire Potion"},{"floor":7,"key":"Fire Potion"},{"floor":20,"key":"CultistPotion"},{"floor":27,"key":"SneckoOil"},{"floor":30,"key":"FearPotion"},{"floor":33,"key":"Block Potion"}],"is_trial":false,"path_per_floor":["M","?","$","?","M","R","E","M","T","E","M","M","M","M","R","B",null,"M","$","M","?","M","R","?","R","T","M","E","M","E","?","R","B",null,"M","?","M","$","M","E","M"],"character_chosen":"WATCHER","items_purchased":["Happy Flower","Perseverance","Toolbox","Pen Nib"],"campfire_rested":1,"item_purchase_floors":[3,3,19,38],"current_hp_per_floor":[72,72,72,72,72,72,72,72,72,54,54,54,54,54,54,20,72,72,72,70,54,53,53,53,72,72,64,60,60,60,60,60,60,72,72,72,72,72,58,2,0,0],"gold":86,"neow_bonus":"THREE_ENEMY_KILL","is_daily":false,"chose_seed":false,"campfire_upgraded":4,"win_rate":0.0,"timestamp":1612799812,"path_taken":["M","?","$","?","M","R","E","M","T","E","M","M","M","?","R","BOSS","M","$","M","?","M","R","?","R","T","M","E","M","E","?","R","BOSS","M","?","M","$","M","E","M"],"items_purchased_type":["Relic","Card","Relic","Relic"],"build_version":"2020-12-22","purchased_purges":3,"victory":false,"max_hp_per_floor":[72,72,72,72,72,72,72,72,72,72,72,72,72,72,72,72,72,72,72,72,72,72,72,72,72,72,72,72,72,72,72,72,72,72,72,72,72,72,72,72,72,72],"relic_stats":{"Sozu":0,"Darkstone Periapt":0,"Regal Pillow":0,"Happy Flower":[34],"counters":[23,104],"Bronze Scales":[88],"PreservedInsect":238,"Pen Nib":[5],"Necronomicon":[23],"obtain_stats":[{"Darkstone Periapt":40,"Regal Pillow":30,"NeowsBlessing":0,"Happy Flower":3,"PreservedInsect":9,"Pen Nib":38,"Sozu":34,"Anchor":7,"Matryoshka":26,"Bronze Scales":28,"MutagenicStrength":31,"Toolbox":19,"Molten Egg 2":10,"Necronomicon":21,"PureWater":0,"Runic Pyramid":17},{"Darkstone Periapt":22,"Regal Pillow":17,"NeowsBlessing":0,"Happy Flower":1,"PreservedInsect":4,"Pen Nib":20,"Sozu":18,"Anchor":3,"Matryoshka":13,"Bronze Scales":15,"MutagenicStrength":17,"Toolbox":11,"Molten Egg 2":5,"Necronomicon":12,"PureWater":0,"Runic Pyramid":10},{"Darkstone Periapt":99,"Regal Pillow":72,"NeowsBlessing":0,"Happy Flower":1,"PreservedInsect":8,"Pen Nib":84,"Sozu":79,"Anchor":3,"Matryoshka":56,"Bronze Scales":64,"MutagenicStrength":72,"Toolbox":49,"Molten Egg 2":18,"Necronomicon":54,"PureWater":0,"Runic Pyramid":46}]},"card_choices":[{"not_picked":["BowlingBash","Halt"],"picked":"ClearTheMind","floor":1},{"not_picked":["FlurryOfBlows","FlyingSleeves"],"picked":"LikeWater","floor":5},{"not_picked":["FlyingSleeves","FearNoEvil","PathToVictory"],"picked":"SKIP","floor":7},{"not_picked":["Conclude","FlurryOfBlows"],"picked":"LikeWater","floor":8},{"not_picked":["EmptyFist+1","Swivel","Vengeance"],"picked":"SKIP","floor":10},{"not_picked":["BowlingBash+1","FlyingSleeves+1"],"picked":"Evaluate","floor":11},{"not_picked":["EmptyBody","Crescendo"],"picked":"SignatureMove+1","floor":12},{"not_picked":["Tantrum+1","FlurryOfBlows+1","ThirdEye"],"picked":"SKIP","floor":13},{"not_picked":["CrushJoints+1","FollowUp+1"],"picked":"DeusExMachina","floor":14},{"not_picked":["LessonLearned+1","Ragnarok+1"],"picked":"Judgement","floor":16},{"not_picked":["ThirdEye","Weave+1"],"picked":"ClearTheMind+1","floor":18},{"not_picked":["Evaluate","Fasting2"],"picked":"Nirvana+1","floor":20},{"not_picked":["BowlingBash+1","FlurryOfBlows+1"],"picked":"WaveOfTheHand","floor":22},{"not_picked":["Nirvana","Sanctity","CutThroughFate+1"],"picked":"SKIP","floor":27},{"not_picked":["Perseverance","Swivel+1","CutThroughFate+1"],"picked":"SKIP","floor":28},{"not_picked":["Halt+1","Crescendo"],"picked":"JustLucky+1","floor":29},{"not_picked":["EmptyFist+1","Ragnarok+1","FlyingSleeves+1"],"picked":"SKIP","floor":30},{"not_picked":["CutThroughFate+1","Evaluate"],"picked":"JustLucky+1","floor":35},{"not_picked":["Conclude+1","WaveOfTheHand+1","BowlingBash+1"],"picked":"SKIP","floor":37},{"not_picked":["CrushJoints+1","Halt+1","Sanctity"],"picked":"SKIP","floor":39},{"not_picked":["Evaluate","Wallop+1"],"picked":"LessonLearned+1","floor":40}],"player_experience":11426,"relics_obtained":[{"floor":7,"key":"Anchor"},{"floor":9,"key":"PreservedInsect"},{"floor":10,"key":"Molten Egg 2"},{"floor":21,"key":"Necronomicon"},{"floor":26,"key":"Matryoshka"},{"floor":28,"key":"Bronze Scales"},{"floor":30,"key":"Regal Pillow"},{"floor":40,"key":"Darkstone Periapt"}],"event_choices":[{"damage_healed":0,"gold_gain":175,"player_choice":"AGREE","damage_taken":0,"max_hp_gain":0,"max_hp_loss":0,"event_name":"Liars Game","floor":2,"gold_loss":0,"cards_obtained":["Doubt"]},{"damage_healed":0,"gold_gain":0,"player_choice":"Got Potions","damage_taken":0,"max_hp_gain":0,"max_hp_loss":0,"event_name":"Lab","floor":4,"gold_loss":0},{"damage_healed":0,"gold_gain":0,"player_choice":"Obtained Book","damage_taken":16,"max_hp_gain":0,"max_hp_loss":0,"event_name":"Cursed Tome","floor":21,"gold_loss":0},{"damage_healed":0,"gold_gain":0,"player_choice":"Ignored","damage_taken":0,"max_hp_gain":0,"max_hp_loss":0,"event_name":"Vampires","floor":24,"gold_loss":0},{"damage_healed":0,"gold_gain":0,"player_choice":"Inject Mutagens","damage_taken":0,"relics_obtained":["MutagenicStrength"],"max_hp_gain":0,"max_hp_loss":0,"event_name":"Drug Dealer","floor":31,"gold_loss":0},{"damage_healed":0,"gold_gain":0,"player_choice":"Ignored","damage_taken":0,"max_hp_gain":0,"max_hp_loss":0,"event_name":"Tomb of Lord Red Mask","floor":36,"gold_loss":0}],"is_beta":false,"boss_relics":[{"not_picked":["Velvet Choker","Cursed Key"],"picked":"Runic Pyramid"},{"not_picked":["Philosopher\u0027s Stone","Black Star"],"picked":"Sozu"}],"items_purged_floors":[3,19,38],"is_endless":false,"potions_floor_spawned":[5,7,8,13,14,18,20,27,30,33,37],"killed_by":"Transient","ascension_level":0}}