{"host":"i391n33tccqevi90","time":1612811692,"event":{"mods":["2.2 Compatiblity","AchievementEnabler","AlwaysNeverKeys","BaseMod","Better Third Choice","Conspire","Emptier Cage","Filter the Spire","Good Game Mod","Grow up Mod","Minty Spire (QoL Compilation)","Remove Card Discount Mod","Spicy Shops","StSLib"],"gold_per_floor":[117,117,136,155,171,171,205,380,380,411,428,428,443,38,38,38,38],"floor_reached":16,"language":"ENG","playtime":1560,"items_purged":["Doubt"],"score":162,"play_id":"bfc867d9-2a46-49f1-ac40-8cb74dda78d2","local_time":"20210208131452","is_ascension_mode":false,"campfire_choices":[{"data":"Reflex","floor":6,"key":"SMITH"},{"data":"conspire:DoublingDagger","floor":15,"key":"SMITH"}],"circlet_count":0,"master_deck":["Strike_G","Strike_G","Strike_G","Strike_G","Strike_G","Defend_G","Defend_G","Defend_G","Defend_G","Defend_G","Survivor","Neutralize","Burst","Expertise","Poisoned Stab","Backstab","Reflex+1","Tactician","Catalyst","Deflect","Burn","Deadly Poison","conspire:DoublingDagger+1","Predator"],"relics":["Ring of the Snake","REME:ComplimentaryCards","Peace Pipe","Gremlin Horn","Gambling Chip","Calipers","Ninja Scroll"],"acts_visited":["Exordium"],"potions_floor_usage":[],"damage_taken":[{"damage":0,"enemies":"Small Slimes","floor":1,"turns":3},{"damage":1,"enemies":"Cultist","floor":3,"turns":5},{"damage":0,"enemies":"conspire:RoseBush","floor":4,"turns":4},{"damage":2,"enemies":"Looter","floor":5,"turns":4},{"damage":49,"enemies":"3 Sentries","floor":7,"turns":13},{"damage":40,"enemies":"Lagavulin","floor":10,"turns":8},{"damage":9,"enemies":"3 Louse","floor":11,"turns":2},{"damage":2,"enemies":"Blue Slaver","floor":13,"turns":3},{"damage":124,"enemies":"Slime Boss","floor":16,"turns":12}],"seed_played":"72863804021060113","potions_obtained":[{"floor":1,"key":"Ancient Potion"},{"floor":3,"key":"Dexterity Potion"}],"is_trial":false,"path_per_floor":["M","?","M","M","M","R","E","?","T","E","M","?","M","$","R","B"],"character_chosen":"THE_SILENT","items_purchased":["conspire:DoublingDagger","Ninja Scroll","Predator"],"campfire_rested":0,"item_purchase_floors":[14,14,14],"current_hp_per_floor":[83,93,102,112,120,130,91,101,111,81,82,92,100,110,120,0,0],"gold":38,"neow_bonus":"ONE_RARE_RELIC","is_daily":false,"chose_seed":false,"campfire_upgraded":2,"win_rate":0.0,"timestamp":1612811692,"path_taken":["M","?","?","M","?","R","E","?","T","E","M","?","M","$","R","BOSS"],"items_purchased_type":["Card","Relic","Card"],"build_version":"2020-12-22","purchased_purges":1,"victory":false,"max_hp_per_floor":[83,93,103,113,123,133,143,153,163,173,183,193,203,213,223,223,223],"card_choices":[{"not_picked":["Prepared","Dagger Spray"],"picked":"Expertise","floor":1},{"not_picked":["Terror","Well Laid Plans"],"picked":"Poisoned Stab","floor":3},{"not_picked":["Dodge and Roll","Dagger Spray"],"picked":"Backstab","floor":4},{"not_picked":["Prepared","PiercingWail"],"picked":"Reflex","floor":5},{"not_picked":["Cloak And Dagger","Setup"],"picked":"Tactician","floor":7},{"not_picked":["A Thousand Cuts","Prepared"],"picked":"Catalyst","floor":10},{"not_picked":["Sucker Punch","Flying Knee"],"picked":"Deflect","floor":11},{"not_picked":["Flying Knee","PiercingWail"],"picked":"Deadly Poison","floor":13}],"player_experience":599842,"relics_obtained":[{"floor":7,"key":"Gremlin Horn"},{"floor":9,"key":"Gambling Chip"},{"floor":10,"key":"Calipers"}],"event_choices":[{"damage_healed":0,"gold_gain":0,"player_choice":"Bought 0 Potions","damage_taken":0,"max_hp_gain":0,"max_hp_loss":0,"event_name":"The Woman in Blue","floor":2,"gold_loss":0},{"damage_healed":0,"gold_gain":175,"player_choice":"AGREE","damage_taken":205,"max_hp_gain":0,"max_hp_loss":0,"event_name":"betterThird:BetterSerpent","floor":8,"gold_loss":0},{"damage_healed":82,"gold_gain":0,"player_choice":"Embrace Burn","damage_taken":0,"max_hp_gain":0,"max_hp_loss":183,"event_name":"betterThird:BetterShining","floor":12,"gold_loss":0}],"is_beta":false,"boss_relics":[],"items_purged_floors":[14],"is_endless":false,"potions_floor_spawned":[1,3],"killed_by":"Slime Boss","ascension_level":0}}