{"host":"h4lp0eeso8a0ssq0","time":1612823901,"event":{"mods":["2.2 Compatiblity","AchievementEnabler","BaseMod","CapriCore","Colored Map","Minty Spire (QoL Compilation)","StSLib","SuperFastMode"],"gold_per_floor":[114,189,239,257,257,288,288,321,345,345,372,392,392,372,372,443,443,454,468,18,38,55,90,90,101,147,147,158,158,169,198,198,198,198],"floor_reached":33,"language":"KOR","playtime":876,"items_purged":["Strike_G"],"score":578,"play_id":"94d5d51a-4b8c-4985-8fd4-61de21ec1579","local_time":"20210209073821","is_ascension_mode":true,"campfire_choices":[{"floor":7.0,"key":"REST"},{"floor":10.0,"key":"REST"},{"data":"Noxious Fumes","floor":15.0,"key":"SMITH"},{"data":"Catalyst","floor":24.0,"key":"SMITH"},{"data":"After Image","floor":29.0,"key":"SMITH"},{"data":"Bouncing Flask","floor":32.0,"key":"SMITH"}],"circlet_count":0,"master_deck":["AscendersBane","Strike_G","Strike_G","Strike_G","Strike_G","Defend_G","Defend_G","Defend_G","Defend_G","Defend_G","Survivor","Neutralize","Cloak And Dagger","Poisoned Stab","Dagger Spray","Bullet Time","Backstab","Noxious Fumes+1","After Image+1","Calculated Gamble","Catalyst+1","Backflip","Die Die Die","Bouncing Flask","Setup+1","Corpse Explosion","Dagger Throw","Bouncing Flask+1"],"relics":["Ring of the Snake","NeowsBlessing","Bronze Scales","Akabeko","Omamori","Centennial Puzzle","Meat on the Bone","Philosopher\u0027s Stone","Pantograph","PreservedInsect","Happy Flower","White Beast Statue"],"acts_visited":["Exordium","TheCity"],"potions_floor_usage":[33],"damage_taken":[{"damage":0.0,"enemies":"2 Louse","floor":1.0,"turns":1.0},{"damage":0.0,"enemies":"Cultist","floor":4.0,"turns":1.0},{"damage":0.0,"enemies":"3 Sentries","floor":6.0,"turns":1.0},{"damage":23.0,"enemies":"Lagavulin","floor":8.0,"turns":6.0},{"damage":18.0,"enemies":"Gremlin Nob","floor":11.0,"turns":4.0},{"damage":0.0,"enemies":"Jaw Worm","floor":12.0,"turns":3.0},{"damage":24.0,"enemies":"Hexaghost","floor":16.0,"turns":8.0},{"damage":4.0,"enemies":"Chosen","floor":18.0,"turns":4.0},{"damage":12.0,"enemies":"2 Thieves","floor":19.0,"turns":4.0},{"damage":9.0,"enemies":"3 Cultists","floor":21.0,"turns":3.0},{"damage":18.0,"enemies":"Snake Plant","floor":22.0,"turns":4.0},{"damage":14.0,"enemies":"Slavers","floor":23.0,"turns":5.0},{"damage":2.0,"enemies":"Centurion and Healer","floor":25.0,"turns":3.0},{"damage":6.0,"enemies":"3 Cultists","floor":28.0,"turns":3.0},{"damage":16.0,"enemies":"Snake Plant","floor":30.0,"turns":3.0},{"damage":22.0,"enemies":"Book of Stabbing","floor":31.0,"turns":4.0},{"damage":53,"enemies":"Champ","floor":33,"turns":6}],"seed_played":"-6684357626927445562","potions_obtained":[{"floor":6.0,"key":"ColorlessPotion"},{"floor":11.0,"key":"Swift Potion"},{"floor":14.0,"key":"AttackPotion"},{"floor":19.0,"key":"AttackPotion"},{"floor":25.0,"key":"SneckoOil"},{"floor":28.0,"key":"Strength Potion"},{"floor":30.0,"key":"ColorlessPotion"}],"is_trial":false,"path_per_floor":["M","?","?","M","?","E","R","E","T","R","E","M","?","?","R","B",null,"M","M","$","M","M","E","R","M","T","?","M","R","M","E","R","B"],"character_chosen":"THE_SILENT","items_purchased":["Pantograph","Backflip","Die Die Die"],"campfire_rested":2,"item_purchase_floors":[20,20,20],"current_hp_per_floor":[59,48,48,48,22,22,41,18,18,37,19,31,36,36,36,24,59,55,43,43,46,40,38,38,36,36,36,42,42,38,28,28,0,0],"gold":198,"neow_bonus":"THREE_ENEMY_KILL","is_daily":false,"chose_seed":false,"campfire_upgraded":4,"win_rate":0.0,"timestamp":1612823901,"path_taken":["M","?","?","?","?","E","R","E","T","R","E","M","?","?","R","BOSS","M","M","$","M","M","E","R","M","T","?","M","R","?","E","R","BOSS"],"items_purchased_type":["Relic","Card","Card"],"build_version":"2020-12-22","purchased_purges":1,"victory":false,"max_hp_per_floor":[66,66,66,66,66,66,66,66,66,66,66,66,71,71,71,71,71,71,71,71,71,71,71,71,71,71,71,71,71,71,71,71,71,71],"card_choices":[{"not_picked":["Sucker Punch","Backstab"],"picked":"Cloak And Dagger","floor":1.0},{"not_picked":["Well Laid Plans","PiercingWail"],"picked":"Poisoned Stab","floor":4.0},{"not_picked":["Quick Slash","Storm of Steel"],"picked":"Dagger Spray","floor":6.0},{"not_picked":["Accuracy","Dodge and Roll"],"picked":"Bullet Time","floor":8.0},{"not_picked":["Predator","Setup"],"picked":"Backstab","floor":11.0},{"not_picked":["Sucker Punch","Riddle With Holes"],"picked":"Noxious Fumes","floor":12.0},{"not_picked":["Phantasmal Killer","Envenom"],"picked":"After Image","floor":16.0},{"not_picked":["Distraction","Caltrops+1"],"picked":"Calculated Gamble","floor":18.0},{"not_picked":["Outmaneuver","Blade Dance"],"picked":"Catalyst","floor":19.0},{"not_picked":["Backflip","Cloak And Dagger"],"picked":"Bouncing Flask","floor":21.0},{"not_picked":["Quick Slash","Acrobatics"],"picked":"Setup+1","floor":22.0},{"not_picked":["Malaise","Cloak And Dagger"],"picked":"Corpse Explosion","floor":23.0},{"not_picked":["Bane","Accuracy"],"picked":"Dagger Throw","floor":25.0},{"not_picked":["Finisher+1","Prepared","Cloak And Dagger"],"picked":"SKIP","floor":28.0},{"not_picked":["Backflip","All Out Attack"],"picked":"Bouncing Flask","floor":30.0},{"not_picked":["Noxious Fumes","Distraction","Calculated Gamble"],"picked":"SKIP","floor":31.0}],"player_experience":188825,"relics_obtained":[{"floor":6.0,"key":"Akabeko"},{"floor":8.0,"key":"Omamori"},{"floor":9.0,"key":"Centennial Puzzle"},{"floor":11.0,"key":"Meat on the Bone"},{"floor":23.0,"key":"PreservedInsect"},{"floor":26.0,"key":"Happy Flower"},{"floor":31.0,"key":"White Beast Statue"}],"event_choices":[{"damage_healed":0.0,"max_hp_gain":0.0,"max_hp_loss":0.0,"gold_gain":75.0,"event_name":"World of Goop","player_choice":"Gather Gold","floor":2.0,"gold_loss":0.0,"damage_taken":11.0},{"damage_healed":0.0,"max_hp_gain":0.0,"max_hp_loss":0.0,"gold_gain":50.0,"event_name":"Golden Shrine","player_choice":"Pray","floor":3.0,"gold_loss":0.0,"damage_taken":0.0},{"damage_healed":0.0,"max_hp_gain":0.0,"max_hp_loss":0.0,"gold_gain":0.0,"event_name":"Scrap Ooze","player_choice":"Success","floor":5.0,"gold_loss":0.0,"damage_taken":26.0,"relics_obtained":["Bronze Scales"]},{"damage_healed":0.0,"max_hp_gain":5.0,"max_hp_loss":0.0,"gold_gain":0.0,"event_name":"Big Fish","player_choice":"Donut","floor":13.0,"gold_loss":0.0,"damage_taken":0.0},{"damage_healed":0.0,"max_hp_gain":0.0,"max_hp_loss":0.0,"gold_gain":0.0,"event_name":"The Woman in Blue","player_choice":"Bought 1 Potion","floor":14.0,"gold_loss":0.0,"damage_taken":0.0},{"damage_healed":0.0,"max_hp_gain":0.0,"max_hp_loss":0.0,"gold_gain":0.0,"event_name":"N\u0027loth","player_choice":"Ignored","floor":27.0,"gold_loss":0.0,"damage_taken":0.0}],"is_beta":false,"boss_relics":[{"not_picked":["Snecko Eye","Fusion Hammer"],"picked":"Philosopher\u0027s Stone"}],"items_purged_floors":[20],"is_endless":false,"potions_floor_spawned":[6,11,19,25,28,30],"killed_by":"Champ","ascension_level":15}}