{"host":"amduk82rbaelv3uo","time":1612812529,"event":{"mods":["AchievementEnabler","BaseMod","BetterRewards","Colored Map","Colored Powertips","Defuse TimeMaze Blight","Highlight Path","Infinite Spire","Minty Spire (QoL Compilation)","Permanent Neow","Quick Restart","Replay The Spire","StSLib","The Cursed"],"gold_per_floor":[119,119,130,150,165,192,192,202,226,260,260,260,287,287,287,287,287],"floor_reached":16,"language":"ENG","playtime":994,"items_purged":[],"score":132,"play_id":"b508e7bc-6724-4eee-95b7-e127fa840986","local_time":"20210208192849","is_ascension_mode":true,"campfire_choices":[{"floor":7.0,"key":"REST"},{"floor":11.0,"key":"REST"},{"data":"Strike_G","floor":15.0,"key":"PURGE"}],"circlet_count":0,"master_deck":["Strike_G","Strike_G","Strike_G","Defend_G","Defend_G","Defend_G","Defend_G","Defend_G","Neutralize","Mayhem","Dagger Spray","Underhanded Strike","Deadly Poison","Crippling Poison","Adrenaline","Cloak And Dagger","Cloak And Dagger","Parasite","Backflip","m_Survivalism"],"relics":["Ring of the Snake","Quantum Egg","Snake Skull","Anchor","Regal Pillow"],"acts_visited":["Exordium"],"potions_floor_usage":[],"damage_taken":[{"damage":1.0,"enemies":"Small Slimes","floor":1.0,"turns":4.0},{"damage":0.0,"enemies":"Jaw Worm","floor":3.0,"turns":6.0},{"damage":12.0,"enemies":"2 Louse","floor":4.0,"turns":2.0},{"damage":10.0,"enemies":"Exordium Thugs","floor":5.0,"turns":4.0},{"damage":14.0,"enemies":"3 Sentries","floor":6.0,"turns":8.0},{"damage":0.0,"enemies":"2 Fungi Beasts","floor":8.0,"turns":3.0},{"damage":21.0,"enemies":"Gremlin Nob","floor":10.0,"turns":4.0},{"damage":6.0,"enemies":"Lagavulin","floor":13.0,"turns":8.0},{"damage":0,"enemies":"Fading Forest","floor":16,"turns":1}],"seed_played":"2945296383877451944","potions_obtained":[{"floor":3.0,"key":"Toxic Potion"},{"floor":5.0,"key":"AttackPotion"},{"floor":6.0,"key":"SkillPotion"},{"floor":8.0,"key":"SteroidPotion"},{"floor":10.0,"key":"Weak Potion"}],"is_trial":false,"path_per_floor":["M","?","M","M","M","E","R","M","T","E","R","?","E","?","R_BF","B"],"character_chosen":"THE_SILENT","items_purchased":[],"campfire_rested":2,"item_purchase_floors":[],"current_hp_per_floor":[48,41,41,29,19,5,26,26,26,5,26,43,37,37,37,37,37],"gold":287,"neow_bonus":"RANDOM_COLORLESS_2","is_daily":false,"chose_seed":false,"campfire_upgraded":0,"win_rate":0.0,"timestamp":1612812529,"path_taken":["M","?","M","M","M","E","R","M","T","E","R","?","E","?","R_BF","BOSS"],"items_purchased_type":[],"build_version":"2020-12-22","purchased_purges":0,"victory":false,"max_hp_per_floor":[70,70,70,70,70,70,70,70,70,70,70,70,70,70,70,70,70],"card_choices":[{"not_picked":["HandOfGreed","ReplayUltimateDefense"],"picked":"Mayhem","floor":0.0},{"not_picked":["Escape Plan","Deadly Poison"],"picked":"Dagger Spray","floor":1.0},{"not_picked":["Calculated Gamble","Flying Knee"],"picked":"Underhanded Strike","floor":3.0},{"not_picked":["ReplayTheSpireMod:Shiv Toss","Dagger Throw"],"picked":"Deadly Poison","floor":4.0},{"not_picked":["Skewer","Predator"],"picked":"Crippling Poison","floor":5.0},{"not_picked":["Poisoned Stab","Slice"],"picked":"Adrenaline","floor":6.0},{"not_picked":["Outmaneuver","Quick Slash"],"picked":"Cloak And Dagger","floor":8.0},{"not_picked":["Poisoned Stab","PiercingWail"],"picked":"Cloak And Dagger","floor":10.0},{"not_picked":["Flying Knee","Reflex"],"picked":"Backflip","floor":13.0}],"player_experience":291131,"relics_obtained":[{"floor":6.0,"key":"Quantum Egg"},{"floor":9.0,"key":"Snake Skull"},{"floor":10.0,"key":"Anchor"},{"floor":13.0,"key":"Regal Pillow"}],"event_choices":[{"cards_removed":["Strike_G"],"damage_healed":0.0,"max_hp_gain":0.0,"max_hp_loss":0.0,"gold_gain":0.0,"event_name":"Golden Wing","player_choice":"Card Removal","floor":2.0,"gold_loss":0.0,"damage_taken":7.0},{"damage_healed":17.0,"max_hp_gain":0.0,"max_hp_loss":0.0,"gold_gain":0.0,"event_name":"Mushrooms","player_choice":"Healed and dodged fight","floor":12.0,"gold_loss":0.0,"damage_taken":0.0,"cards_obtained":["Parasite"]}],"is_beta":false,"boss_relics":[],"items_purged_floors":[],"is_endless":false,"potions_floor_spawned":[3,5,6,8,10],"killed_by":"Fading Forest","ascension_level":2}}