{"host":"y1oqg7uy0jc6f5mb","time":1612769865,"event":{"mods":["AchievementEnabler","BaseMod","Better Altar","Better Match","Better Note","Better Sensory Stone","Better Skull","Better Third Choice","BetterRewards","Colored Map","Colored Powertips","Downfall","Highlight Path","Minty Spire (QoL Compilation)","Permanent Neow","Quick Restart","Relic Stats","Replay The Spire","Shop Mod","Smile Girya","StSLib"],"gold_per_floor":[199,50,63,63,73,73,99,99,114,124,162,162,62,88,106,203,203,203,217,142,158,158,158,158,158,175,187,207,207,225,238,254,352,352,352,365,382,400,103,253,253,231,257,272,272,272,272],"floor_reached":45,"language":"ENG","playtime":4682,"items_purged":["ReplayTheSpireMod:Doomed","Looming Evil"],"score":548,"play_id":"4c712e17-4f95-4cb5-b40c-b785aeea004e","local_time":"20210208153745","is_ascension_mode":true,"campfire_choices":[{"floor":1.0,"key":"RECALL"},{"data":"Slimebound:CorrosiveSpit","floor":6.0,"key":"SMITH"},{"data":"Slimebound:Nibble","floor":13.0,"key":"SMITH"},{"data":"Slimebound:WasteNot","floor":18.0,"key":"SMITH"},{"data":"Slimebound:Replication","floor":23.0,"key":"SMITH"},{"data":"Slimebound:TongueLash","floor":25.0,"key":"SMITH"},{"data":"Slimebound:RainOfGoop","floor":29.0,"key":"SMITH"},{"floor":35.0,"key":"DIG"}],"circlet_count":0,"master_deck":["Slimebound:Strike_Slimebound","Slimebound:Tackle","Slimebound:Defend_Slimebound","Slimebound:Defend_Slimebound","Slimebound:Defend_Slimebound","Slimebound:Split","Slimebound:CorrosiveSpit+1","Slimebound:TongueLash+1","Slimebound:SpikyOuterGoop","Impatience","Slimebound:SpikyOuterGoop","Slimebound:AcidTongue","Slimebound:Replication+1","Slimebound:LeechingTouch","Slimebound:HauntingLick","Slimebound:Nibble+1","Slimebound:RainOfGoop+1","Slimebound:LivingWall","Slimebound:SlimeSpikes","Slimebound:WasteNot+1","Slimebound:HauntingLick+1","Slimebound:ComboTackle+1","Jack Of All Trades+1","Slimebound:ItLooksTasty+1","downfall:Icky","Slimebound:SplitSpecialist+1","Slimebound:SplitMire","Slimebound:RollThrough","Slimebound:Prepare","Slimebound:GoopSpray+1","Slimebound:DisruptingSlam","Slimebound:OozeBath","Slimebound:GoopSpray+1","Slimebound:ComboTackle+1","Slimebound:ItLooksTasty","Slimebound:ViciousTackle+1","ReplayTheSpireMod:Splinters","Slimebound:DisruptingSlam","Slimebound:Grow","Sadistic Nature","Midas Touch","Jack Of All Trades","Slimebound:MassFeed","Parasite","Slimebound:Schlurp+1"],"relics":["Slimebound:AbsorbEndCombat","Centennial Puzzle","PreservedInsect","downfall:ExtraCursedKey","downfall:HeartBlessingRed","Pear","Honey Jar","Matryoshka","Ring of Chaos","Gremlin Horn","Replay:Wax Seal","MerchantsRug","ReplayTheSpireMod:ShopPack","Boot"],"acts_visited":["Exordium","TheCity","TheBeyond"],"potions_floor_usage":[45,45],"damage_taken":[{"damage":0.0,"enemies":"downfall:FleeingMerchant","floor":2.0,"turns":4.0},{"damage":5.0,"enemies":"Cultist","floor":3.0,"turns":4.0},{"damage":7.0,"enemies":"Small Slimes","floor":5.0,"turns":4.0},{"damage":13.0,"enemies":"2 Louse","floor":9.0,"turns":2.0},{"damage":9.0,"enemies":"Blue Slaver","floor":10.0,"turns":5.0},{"damage":6.0,"enemies":"3 Sentries","floor":14.0,"turns":3.0},{"damage":8.0,"enemies":"Red Slaver","floor":15.0,"turns":2.0},{"damage":25.0,"enemies":"DF_ARCHETYPE_STREAMLINE","floor":16.0,"turns":9.0},{"damage":6.0,"enemies":"Shell Parasite","floor":19.0,"turns":6.0},{"damage":3.0,"enemies":"Spheric Guardian","floor":21.0,"turns":3.0},{"damage":0.0,"enemies":"3 Cultists","floor":26.0,"turns":4.0},{"damage":0.0,"enemies":"Centurion and Healer","floor":27.0,"turns":6.0},{"damage":6.0,"enemies":"Snake Plant","floor":28.0,"turns":3.0},{"damage":0.0,"enemies":"Chosen and Byrds","floor":30.0,"turns":4.0},{"damage":7.0,"enemies":"Centurion and Healer","floor":31.0,"turns":5.0},{"damage":8.0,"enemies":"3 Cultists","floor":32.0,"turns":4.0},{"damage":8.0,"enemies":"IC_MUSHROOM_ARCHETYPE","floor":33.0,"turns":5.0},{"damage":31.0,"enemies":"3 Darklings","floor":36.0,"turns":3.0},{"damage":10.0,"enemies":"3 Shapes","floor":37.0,"turns":4.0},{"damage":8.0,"enemies":"3 Darklings","floor":38.0,"turns":4.0},{"damage":3.0,"enemies":"downfall:FleeingMerchant","floor":39.0,"turns":4.0},{"damage":5,"enemies":"downfall:FleeingMerchant","floor":42,"turns":3},{"damage":12,"enemies":"Reptomancer","floor":43,"turns":5},{"damage":33,"enemies":"Writhing Mass","floor":44,"turns":5},{"damage":25,"enemies":"Spire Growth","floor":45,"turns":5}],"seed_played":"3820175845962557853","potions_obtained":[{"floor":9.0,"key":"Elixir"},{"floor":10.0,"key":"Explosive Potion"},{"floor":11.0,"key":"Dexterity Potion"},{"floor":14.0,"key":"Explosive Potion"},{"floor":19.0,"key":"champ:CounterPotion"},{"floor":21.0,"key":"Slimebound:SlimedPotion"},{"floor":32.0,"key":"PowerPotion"},{"floor":36.0,"key":"BlessingOfTheForge"},{"floor":38.0,"key":"DistilledChaos"},{"floor":43,"key":"SpeedPotion"},{"floor":44,"key":"SkillPotion"}],"is_trial":false,"path_per_floor":["R","$","M","?","M","R","T","?","M","M","?","?","R","E","M","B",null,"R","M","?","M","?","R","T","R","M","M","M","R","M","M","M","B",null,"R_BF","M","M","M","$","?","T","$","E","M","M"],"character_chosen":"SLIMEBOUND","items_purchased":["Slimebound:SpikyOuterGoop","Impatience","Replay:Wax Seal","Bag of Marbles","MerchantsRug","Slimebound:Grow","ReplayTheSpireMod:ShopPack"],"campfire_rested":0,"item_purchase_floors":[2,2,39,39,42,42,42],"current_hp_per_floor":[65,65,63,63,60,60,60,60,49,46,46,46,46,56,52,35,75,75,75,75,74,74,74,74,74,75,75,71,71,75,69,69,69,75,75,46,44,44,49,49,49,50,46,21,0,0,0],"gold":272,"neow_bonus":"HUNDRED_GOLD","is_daily":false,"chose_seed":false,"campfire_upgraded":6,"win_rate":0.0,"timestamp":1612769865,"path_taken":["R","$","M","?","M","R","T","?","M","?","?","?","R","E","M","BOSS","R","M","?","?","?","R","T","R","M","?","?","R","M","M","M","BOSS","R_BF","M","M","M","$","?","T","$","E","M","M"],"items_purchased_type":["Card","Card","Relic","Relic","Relic","Card","Relic"],"build_version":"2020-12-22","purchased_purges":2,"victory":false,"max_hp_per_floor":[65,65,65,65,65,65,65,65,65,65,65,65,65,75,75,75,75,75,75,75,75,75,75,75,75,75,75,75,75,75,75,75,75,75,75,75,75,75,75,75,75,75,75,75,75,75,75],"relic_stats":{"Centennial Puzzle":[53],"Gremlin Horn":[7,8],"counters":[25,106],"PreservedInsect":166,"Boot":[0],"obtain_stats":[{"MerchantsRug":42,"Pear":14,"downfall:HeartBlessingRed":13,"Gremlin Horn":35,"PreservedInsect":11,"Ring of Chaos":34,"MawBank":41,"Boot":43,"Centennial Puzzle":7,"Matryoshka":24,"Honey Jar":17,"downfall:ExtraCursedKey":12,"Slimebound:AbsorbEndCombat":0,"Bag of Marbles":39,"Replay:Wax Seal":39,"ReplayTheSpireMod:ShopPack":42},{"MerchantsRug":22,"Pear":6,"downfall:HeartBlessingRed":5,"Gremlin Horn":17,"PreservedInsect":5,"Ring of Chaos":17,"MawBank":21,"Boot":23,"Centennial Puzzle":3,"Matryoshka":10,"Honey Jar":8,"downfall:ExtraCursedKey":5,"Slimebound:AbsorbEndCombat":0,"Bag of Marbles":21,"Replay:Wax Seal":21,"ReplayTheSpireMod:ShopPack":22},{"MerchantsRug":91,"Pear":22,"downfall:HeartBlessingRed":19,"Gremlin Horn":73,"PreservedInsect":19,"Ring of Chaos":73,"MawBank":88,"Boot":96,"Centennial Puzzle":12,"Matryoshka":42,"Honey Jar":33,"downfall:ExtraCursedKey":19,"Slimebound:AbsorbEndCombat":0,"Bag of Marbles":88,"Replay:Wax Seal":88,"ReplayTheSpireMod:ShopPack":91}]},"card_choices":[{"not_picked":["Slimebound:SlimeSpikes","Slimebound:SplitLeeching"],"picked":"Slimebound:TongueLash","floor":2.0},{"not_picked":["Slimebound:RollThrough","Slimebound:LeechingTouch"],"picked":"Slimebound:SpikyOuterGoop","floor":3.0},{"not_picked":["Slimebound:Prepare","Slimebound:PressTheAttack"],"picked":"Slimebound:AcidTongue","floor":5.0},{"not_picked":["Slimebound:Repurpose","Slimebound:SplitBruiser"],"picked":"Slimebound:LeechingTouch","floor":9.0},{"not_picked":["Slimebound:LeadByExample","Slimebound:SplitLeeching"],"picked":"Slimebound:HauntingLick","floor":10.0},{"not_picked":["Slimebound:ServeAndProtect","Slimebound:SamplingLick"],"picked":"Slimebound:Nibble","floor":11.0},{"not_picked":["Slimebound:PressTheAttack","Slimebound:Teamwork"],"picked":"Slimebound:RainOfGoop","floor":11.0},{"not_picked":["Slimebound:FlameTackle","Slimebound:SplitMire"],"picked":"Slimebound:LivingWall","floor":14.0},{"not_picked":["Slimebound:SplitMire","Slimebound:Chomp"],"picked":"Slimebound:SlimeSpikes","floor":15.0},{"not_picked":["Slimebound:SelfFormingGoo","Slimebound:CheckThePlaybook"],"picked":"Slimebound:WasteNot","floor":16.0},{"not_picked":["Slimebound:SamplingLick","Slimebound:GoopTackle","Slimebound:FinishingTackle"],"picked":"Slimebound:HauntingLick+1","floor":19.0},{"not_picked":["Slimebound:FinishingTackle+1","Slimebound:LeechingTouch+1","Slimebound:SplitMire+1"],"picked":"Slimebound:ComboTackle+1","floor":20.0},{"not_picked":["Mind Blast+1","ReplayTheSpireMod:Trickstab+1","Specialist+1"],"picked":"Jack Of All Trades+1","floor":20.0},{"not_picked":["Slimebound:GoopSpray","Slimebound:TongueLash","Slimebound:SplitSpecialist+1"],"picked":"Slimebound:ItLooksTasty+1","floor":21.0},{"not_picked":["Slimebound:RejuvenatingLick","Slimebound:AcidTongue","Slimebound:SplitLeeching"],"picked":"Slimebound:SplitSpecialist+1","floor":26.0},{"not_picked":["Slimebound:SplitAcid","Slimebound:Teamwork","Slimebound:SplitBruiser"],"picked":"Slimebound:SplitMire","floor":27.0},{"not_picked":["Slimebound:SplitLeeching","Slimebound:SpikyOuterGoop+1","Slimebound:SplitAcid"],"picked":"Slimebound:RollThrough","floor":28.0},{"not_picked":["Slimebound:ProtectTheBoss","Slimebound:FlameTackle","Slimebound:SplitSpecialist"],"picked":"Slimebound:Prepare","floor":30.0},{"not_picked":["Slimebound:LeechingTouch","Slimebound:FinishingTackle","Slimebound:Schlurp"],"picked":"Slimebound:GoopSpray+1","floor":31.0},{"not_picked":["Slimebound:SamplingLick","Slimebound:RollThrough+1","Slimebound:PressTheAttack"],"picked":"Slimebound:DisruptingSlam","floor":32.0},{"not_picked":["Slimebound:DuplicatedForm","Slimebound:Darklings","Slimebound:LeechLife"],"picked":"Slimebound:OozeBath","floor":33.0},{"not_picked":["Slimebound:LeechEnergy+1","Slimebound:FinishingTackle+1","Slimebound:FlameTackle+1"],"picked":"Slimebound:GoopSpray+1","floor":36.0},{"not_picked":["Slimebound:SplitAcid","Slimebound:SamplingLick","Slimebound:PressTheAttack+1"],"picked":"Slimebound:ComboTackle+1","floor":37.0},{"not_picked":["Slimebound:Overexert","Slimebound:SamplingLick","Slimebound:SplitAcid"],"picked":"Slimebound:ItLooksTasty","floor":38.0},{"not_picked":["Slimebound:LeechingTouch","Slimebound:SamplingLick","Slimebound:PressTheAttack+1"],"picked":"Slimebound:ViciousTackle+1","floor":39.0},{"not_picked":["Slimebound:ForwardTackle","Slimebound:SamplingLick+1","Slimebound:HauntingLick"],"picked":"Slimebound:DisruptingSlam","floor":42},{"not_picked":["Violence","Secret Technique","ReplayTheSpireMod:Necrogeddon"],"picked":"Sadistic Nature","floor":42},{"not_picked":["Mind Blast","Forethought","Mayhem"],"picked":"Midas Touch","floor":42},{"not_picked":["Discovery","Impatience","Specialist"],"picked":"Jack Of All Trades","floor":42},{"not_picked":["Slimebound:PressTheAttack+1","Slimebound:SplitMire","Slimebound:RollThrough"],"picked":"Slimebound:MassFeed","floor":43},{"not_picked":["Slimebound:SplitMire","Slimebound:Nibble+1","Slimebound:SplitBruiser+1"],"picked":"Slimebound:Schlurp+1","floor":44}],"player_experience":393683,"relics_obtained":[{"floor":7.0,"key":"Centennial Puzzle"},{"floor":11.0,"key":"PreservedInsect"},{"floor":14.0,"key":"Pear"},{"floor":24.0,"key":"Matryoshka"},{"floor":35.0,"key":"Gremlin Horn"},{"floor":41,"key":"MawBank"},{"floor":43,"key":"Boot"}],"event_choices":[{"cards_removed":["Slimebound:Defend_Slimebound"],"damage_healed":0.0,"max_hp_gain":0.0,"max_hp_loss":0.0,"gold_gain":0.0,"event_name":"The Cleric","player_choice":"Card Removal","floor":4.0,"gold_loss":0.0,"damage_taken":0.0},{"damage_healed":0.0,"max_hp_gain":0.0,"max_hp_loss":0.0,"gold_gain":0.0,"event_name":"betterMatch:BetterMatch","player_choice":"2","floor":20.0,"gold_loss":0.0,"damage_taken":0.0,"cards_obtained":["betterMatch:CommonCard","betterMatch:ColorlessUncommonCard"]},{"cards_removed":["Slimebound:Strike_Slimebound"],"damage_healed":0.0,"max_hp_gain":0.0,"max_hp_loss":0.0,"gold_gain":0.0,"event_name":"Bonfire Elementals","player_choice":"Offered Basic","floor":22.0,"gold_loss":0.0,"damage_taken":0.0}],"is_beta":false,"boss_relics":[{"not_picked":["Slimebound:AbsorbEndCombatUpgraded","Velvet Choker"],"picked":"Honey Jar"},{"not_picked":["Replay:Wanted Poster","Painkiller Herb"],"picked":"Ring of Chaos"}],"items_purged_floors":[39,42],"is_endless":false,"potions_floor_spawned":[9,10,14,19,21,32,36,38,43,44],"killed_by":"Spire Growth","ascension_level":1}}