{"host":"n3vqtvx9hbigdfc4","time":1612759856,"event":{"mods":["AchievementEnabler","BaseMod","Better Third Choice","Block Reminder","Colored Map","Colored Powertips","Downfall","Minty Spire (QoL Compilation)","Permanent Neow","Rare Cards Sparkle","Relic Stats","Replay The Spire","Shop Mod","StSLib"],"gold_per_floor":[113,132,151,168,181,181,181,194,194,272,272,272,288,307,307,405,405,421,441,23,38,52,52,52,52,52],"floor_reached":25,"language":"ENG","playtime":1494,"items_purged":["Defend_G"],"score":348,"play_id":"873c72c0-ccdd-41b3-bfe6-41e1f1f7ed2f","local_time":"20210207225056","is_ascension_mode":true,"campfire_choices":[{"data":"Caltrops","floor":6,"key":"SMITH"},{"data":"Cloak And Dagger","floor":12,"key":"SMITH"},{"data":"Sucker Punch","floor":15,"key":"SMITH"},{"data":"Well Laid Plans","floor":23,"key":"SMITH"}],"circlet_count":0,"master_deck":["AscendersBane","Strike_G","Strike_G","Strike_G","Strike_G","Strike_G","Defend_G","Defend_G","Defend_G","Defend_G","Survivor","Neutralize","PiercingWail","Caltrops+1","Cloak And Dagger+1","Prepared","Hidden Blade","Sucker Punch+1","Dodge and Roll","Flying Knee","Endless Agony","Burst+1","Riddle With Holes","Well Laid Plans+1","Dagger Spray+1","Dagger Spray+1","Backstab","Cloak And Dagger"],"relics":["Coffee Dripper","Golden Idol","StrikeDummy","Golden Egg","Painkiller Herb","Toolbox","ReplayFunnel","Ring of Panic"],"acts_visited":["Exordium","TheCity"],"potions_floor_usage":[10,13,16],"damage_taken":[{"damage":1,"enemies":"Small Slimes","floor":1,"turns":5},{"damage":1,"enemies":"Jaw Worm","floor":2,"turns":7},{"damage":0,"enemies":"2 Louse","floor":3,"turns":3},{"damage":9,"enemies":"Exordium Wildlife","floor":4,"turns":7},{"damage":14,"enemies":"Gremlin Gang","floor":5,"turns":7},{"damage":0,"enemies":"2 Fungi Beasts","floor":8,"turns":5},{"damage":11,"enemies":"Gremlin Nob","floor":10,"turns":4},{"damage":0,"enemies":"Large Slime","floor":13,"turns":4},{"damage":9,"enemies":"Exordium Thugs","floor":14,"turns":5},{"damage":29,"enemies":"Slime Boss","floor":16,"turns":14},{"damage":12,"enemies":"Shell Parasite","floor":18,"turns":6},{"damage":6,"enemies":"Spheric Guardian","floor":19,"turns":3},{"damage":0,"enemies":"Snecko","floor":21,"turns":5},{"damage":18,"enemies":"Cultist and Chosen","floor":22,"turns":7},{"damage":12,"enemies":"Gremlin Leader","floor":25,"turns":4}],"seed_played":"4867198057310148802","potions_obtained":[{"floor":3,"key":"Elixir"},{"floor":8,"key":"SpeedPotion"},{"floor":10,"key":"AttackPotion"},{"floor":19,"key":"Dexterity Potion"}],"is_trial":false,"path_per_floor":["M","M","M","M","M","R","?","M","T","?","?","R","M","M","R","B",null,"?","?","T","?","?","T","?","E"],"character_chosen":"THE_SILENT","items_purchased":["Toolbox","ReplayFunnel","Dagger Spray"],"campfire_rested":0,"item_purchase_floors":[20,20,20],"current_hp_per_floor":[58,57,57,48,34,34,34,34,34,23,43,43,43,34,34,5,46,34,28,28,28,10,10,10,0,0],"gold":52,"neow_bonus":"BOSS_RELIC","is_daily":false,"chose_seed":false,"campfire_upgraded":4,"win_rate":0.0,"timestamp":1612759856,"path_taken":["M","M","M","M","M","R","?","M","T","?","?","R","?","M","R","BOSS","?","?","T","?","?","T","?","E"],"items_purchased_type":["Relic","Relic","Card"],"build_version":"2020-12-22","purchased_purges":1,"victory":false,"max_hp_per_floor":[66,66,66,66,66,66,60,60,60,60,60,60,60,60,60,60,60,60,60,60,60,60,60,60,60,60],"relic_stats":{"counters":[15,86],"Golden Idol":67,"obtain_stats":[{"ReplayFunnel":20,"Golden Egg":10,"Golden Idol":7,"Toolbox":20,"Painkiller Herb":17,"Coffee Dripper":0,"Ring of Panic":24,"StrikeDummy":9,"Ring of the Snake":0},{"ReplayFunnel":12,"Golden Egg":7,"Golden Idol":5,"Toolbox":12,"Painkiller Herb":10,"Coffee Dripper":0,"Ring of Panic":14,"StrikeDummy":6,"Ring of the Snake":0},{"ReplayFunnel":70,"Golden Egg":38,"Golden Idol":29,"Toolbox":70,"Painkiller Herb":61,"Coffee Dripper":0,"Ring of Panic":82,"StrikeDummy":34,"Ring of the Snake":0}]},"card_choices":[{"not_picked":["Poisoned Stab","Distraction"],"picked":"PiercingWail","floor":1},{"not_picked":["Acrobatics","Quick Slash"],"picked":"Caltrops","floor":2},{"not_picked":["Underhanded Strike","Bane"],"picked":"Cloak And Dagger","floor":3},{"not_picked":["Poisoned Stab","Bane"],"picked":"Prepared","floor":4},{"not_picked":["Poisoned Stab","Flying Knee"],"picked":"Hidden Blade","floor":5},{"not_picked":["Terror","Hidden Blade"],"picked":"Sucker Punch","floor":8},{"not_picked":["Bouncing Flask","Cloak And Dagger"],"picked":"Dodge and Roll","floor":10},{"not_picked":["Deflect","Backflip"],"picked":"Flying Knee","floor":13},{"not_picked":["Backflip","Prepared"],"picked":"Endless Agony","floor":14},{"not_picked":["Glass Knife","Tools of the Trade"],"picked":"Burst","floor":16},{"not_picked":["Slice+1","Flying Knee"],"picked":"Riddle With Holes","floor":18},{"not_picked":["Prepared","Hidden Blade"],"picked":"Well Laid Plans","floor":19},{"not_picked":["PiercingWail+1","Footwork"],"picked":"Backstab","floor":21},{"not_picked":["Slice","Deflect"],"picked":"Cloak And Dagger","floor":22}],"player_experience":522813,"relics_obtained":[{"floor":9,"key":"StrikeDummy"},{"floor":10,"key":"Golden Egg"},{"floor":24,"key":"Ring of Panic"}],"event_choices":[{"damage_healed":0,"gold_gain":0,"player_choice":"Lose Max HP","damage_taken":0,"relics_obtained":["Golden Idol"],"max_hp_gain":0,"max_hp_loss":6,"event_name":"Golden Idol","floor":7,"gold_loss":0},{"damage_healed":0,"gold_gain":0,"player_choice":"Searched \u00271\u0027 times","damage_taken":0,"max_hp_gain":0,"max_hp_loss":0,"event_name":"Dead Adventurer","floor":10,"gold_loss":0},{"damage_healed":20,"gold_gain":0,"player_choice":"Banana","damage_taken":0,"max_hp_gain":0,"max_hp_loss":0,"event_name":"Big Fish","floor":11,"gold_loss":0}],"is_beta":false,"boss_relics":[{"not_picked":["Ring of Chaos","bronze:MakeshiftBattery"],"picked":"Painkiller Herb"}],"items_purged_floors":[20],"is_endless":false,"potions_floor_spawned":[3,8,10,19],"killed_by":"Gremlin Leader","ascension_level":15}}