{"host":"jqln3q8z91cyrmpl","time":1612774413,"event":{"mods":["AchievementEnabler","BaseMod","Colored Map","DeckTracker","Keyboard Shortcuts","Minty Spire (QoL Compilation)","SuperFastMode"],"gold_per_floor":[115,115,115,131,149,149,4,4,4,4,37,52,52,69,69,168,168,183,203,203,302,58,92,7,25,25,39,53,53,53,71,71,166,166,177,52,67,14,14,14,14,14,38,38,0,0,14,29,29,29],"floor_reached":51,"language":"KOR","playtime":2524,"items_purged":["Strike_G","Strike_G","Strike_G"],"score":1042,"play_id":"57bffd26-5d38-43e4-aa50-78320955d04c","local_time":"20210208175333","is_ascension_mode":true,"campfire_choices":[{"data":"Cloak And Dagger","floor":6,"key":"SMITH"},{"data":"Tactician","floor":8,"key":"SMITH"},{"data":"Leg Sweep","floor":10,"key":"SMITH"},{"data":"Deadly Poison","floor":15,"key":"SMITH"},{"floor":30,"key":"REST"},{"floor":32,"key":"REST"},{"data":"Adrenaline","floor":40,"key":"SMITH"},{"data":"Purity","floor":42,"key":"SMITH"},{"floor":49,"key":"REST"}],"circlet_count":0,"master_deck":["AscendersBane","Strike_G+1","Defend_G","Defend_G","Defend_G","Defend_G","Defend_G","Survivor","Neutralize+1","Dagger Spray+1","Deadly Poison+1","Leg Sweep+1","Cloak And Dagger+1","Tactician+1","Finisher+1","Heel Hook","Acrobatics","Grand Finale","Tools of the Trade","Prepared","Adrenaline+1","Backflip+1","PiercingWail","Purity+1","Flash of Steel","Backflip+1"],"relics":["Ring of the Snake","Orichalcum","Art of War","Runic Pyramid","Lee\u0027s Waffle","Darkstone Periapt","Incense Burner","Letter Opener","Question Card","HoveringKite","Whetstone","Potion Belt","Red Mask"],"acts_visited":["Exordium","TheCity","TheBeyond"],"potions_floor_usage":[11,18,27,33,33,47,50,50],"damage_taken":[{"damage":2,"enemies":"Small Slimes","floor":1,"turns":4},{"damage":5,"enemies":"Cultist","floor":4,"turns":4},{"damage":0,"enemies":"2 Louse","floor":5,"turns":2},{"damage":9,"enemies":"3 Sentries","floor":11,"turns":6},{"damage":1,"enemies":"2 Fungi Beasts","floor":12,"turns":3},{"damage":0,"enemies":"Looter","floor":14,"turns":3},{"damage":18,"enemies":"Hexaghost","floor":16,"turns":12},{"damage":13,"enemies":"3 Byrds","floor":18,"turns":4},{"damage":0,"enemies":"Chosen","floor":19,"turns":3},{"damage":39,"enemies":"Slavers","floor":23,"turns":4},{"damage":15,"enemies":"Shelled Parasite and Fungi","floor":25,"turns":7},{"damage":24,"enemies":"Cultist and Chosen","floor":27,"turns":7},{"damage":2,"enemies":"Snecko","floor":28,"turns":5},{"damage":1,"enemies":"Shelled Parasite and Fungi","floor":31,"turns":3},{"damage":29,"enemies":"Automaton","floor":33,"turns":9},{"damage":5,"enemies":"3 Darklings","floor":35,"turns":3},{"damage":0,"enemies":"Orb Walker","floor":37,"turns":3},{"damage":3,"enemies":"Transient","floor":47,"turns":5},{"damage":12,"enemies":"Spire Growth","floor":48,"turns":5},{"damage":19,"enemies":"Awakened One","floor":50,"turns":9}],"seed_played":"-344936287358369447","potions_obtained":[{"floor":5,"key":"Strength Potion"},{"floor":16,"key":"SneckoOil"},{"floor":18,"key":"Regen Potion"},{"floor":23,"key":"CultistPotion"},{"floor":28,"key":"SkillPotion"},{"floor":33,"key":"DistilledChaos"},{"floor":35,"key":"BlessingOfTheForge"},{"floor":47,"key":"PowerPotion"}],"is_trial":false,"path_per_floor":["M","?","?","M","M","R","$","R","T","R","E","M","$","M","R","B",null,"M","M","?","?","$","E","?","M","T","M","M","T","R","M","R","B",null,"M","$","M","$","?","R","?","R","T","T","?","?","M","M","R","B",null],"character_chosen":"THE_SILENT","items_purchased":["Tactician","Lee\u0027s Waffle","PiercingWail"],"campfire_rested":3,"item_purchase_floors":[7,22,38],"current_hp_per_floor":[61,61,61,56,56,56,56,56,56,56,47,46,46,46,46,28,60,47,47,34,34,82,43,43,28,28,19,17,17,41,40,64,35,70,65,65,65,65,55,55,55,55,55,55,55,55,52,40,64,45],"gold":29,"neow_bonus":"THREE_CARDS","is_daily":false,"chose_seed":false,"campfire_upgraded":6,"win_rate":0.0,"timestamp":1612774413,"path_taken":["M","?","?","?","M","R","?","R","T","R","E","M","$","M","R","BOSS","M","M","?","?","$","E","?","M","T","M","M","?","R","M","R","BOSS","M","$","M","$","?","R","?","R","T","?","?","?","M","?","R","BOSS"],"items_purchased_type":["Card","Relic","Card"],"build_version":"2020-12-22","purchased_purges":3,"victory":true,"max_hp_per_floor":[70,70,70,70,70,70,70,70,70,70,70,70,70,70,70,70,70,70,70,75,75,82,82,82,82,82,82,82,82,82,82,82,82,82,82,82,82,82,82,82,82,82,82,82,82,82,82,82,82,82],"card_choices":[{"not_picked":["Quick Slash","Dagger Throw"],"picked":"Dagger Spray","floor":0},{"not_picked":["Bane","Acrobatics"],"picked":"Deadly Poison","floor":1},{"not_picked":["Dagger Spray","Deadly Poison"],"picked":"Leg Sweep","floor":4},{"not_picked":["Underhanded Strike","Backflip"],"picked":"Cloak And Dagger","floor":5},{"not_picked":["A Thousand Cuts","Setup"],"picked":"Finisher","floor":11},{"not_picked":["Bane","Cloak And Dagger"],"picked":"Heel Hook","floor":12},{"not_picked":["Finisher","Cloak And Dagger"],"picked":"Acrobatics","floor":14},{"not_picked":["Storm of Steel","Envenom"],"picked":"Grand Finale","floor":16},{"not_picked":["Acrobatics","Deadly Poison","Blade Dance"],"picked":"SKIP","floor":18},{"not_picked":["Slice","Bouncing Flask","Dodge and Roll+1"],"picked":"SKIP","floor":19},{"not_picked":["Blade Dance","Dagger Spray+1"],"picked":"Tools of the Trade","floor":23},{"not_picked":["Noxious Fumes","Slice+1","Riddle With Holes"],"picked":"SKIP","floor":25},{"not_picked":["Reflex","Dagger Spray"],"picked":"Prepared","floor":27},{"not_picked":["Flechettes+1","Quick Slash+1","Prepared+1"],"picked":"SKIP","floor":28},{"not_picked":["Skewer","Sucker Punch","Dagger Throw"],"picked":"Adrenaline","floor":31},{"not_picked":["Expertise","Underhanded Strike+1","Deflect"],"picked":"Backflip+1","floor":35},{"not_picked":["Slice","Blade Dance+1","Accuracy+1","Cloak And Dagger"],"picked":"SKIP","floor":37},{"not_picked":["Swift Strike","Madness","Discovery"],"picked":"Purity","floor":39},{"not_picked":["Madness","Panacea","Magnetism"],"picked":"Flash of Steel","floor":39},{"not_picked":["Dodge and Roll","Underhanded Strike","Blade Dance"],"picked":"Backflip+1","floor":47},{"not_picked":["Deflect","Outmaneuver","Choke+1","Sucker Punch+1"],"picked":"SKIP","floor":48}],"player_experience":421776,"relics_obtained":[{"floor":9,"key":"Orichalcum"},{"floor":11,"key":"Art of War"},{"floor":23,"key":"Darkstone Periapt"},{"floor":26,"key":"Letter Opener"},{"floor":29,"key":"Question Card"},{"floor":43,"key":"Whetstone"},{"floor":44,"key":"Potion Belt"}],"event_choices":[{"damage_healed":0,"gold_gain":0,"player_choice":"Grow","damage_taken":0,"max_hp_gain":0,"max_hp_loss":0,"event_name":"Living Wall","floor":2,"gold_loss":0,"cards_upgraded":["Dagger Spray"]},{"damage_healed":0,"gold_gain":0,"player_choice":"Forge","damage_taken":0,"max_hp_gain":0,"max_hp_loss":0,"event_name":"Accursed Blacksmith","floor":3,"gold_loss":0,"cards_upgraded":["Neutralize"]},{"damage_healed":0,"gold_gain":0,"player_choice":"Shed Blood","damage_taken":18,"max_hp_gain":5,"max_hp_loss":0,"event_name":"Forgotten Altar","floor":20,"gold_loss":0},{"damage_healed":0,"gold_gain":99,"player_choice":"Stole From Cult","damage_taken":0,"max_hp_gain":0,"max_hp_loss":0,"event_name":"Nest","floor":21,"gold_loss":0},{"damage_healed":0,"gold_gain":0,"player_choice":"Obtained Relic","damage_taken":0,"relics_obtained":["Incense Burner"],"max_hp_gain":0,"max_hp_loss":0,"event_name":"Addict","floor":24,"gold_loss":85},{"damage_healed":0,"gold_gain":0,"player_choice":"Memory 3","damage_taken":10,"max_hp_gain":0,"max_hp_loss":0,"event_name":"SensoryStone","floor":39,"gold_loss":0},{"damage_healed":0,"gold_gain":0,"player_choice":"Ignored","damage_taken":0,"max_hp_gain":0,"max_hp_loss":0,"event_name":"Mysterious Sphere","floor":41,"gold_loss":0},{"damage_healed":0,"gold_gain":0,"player_choice":"Paid","damage_taken":0,"relics_obtained":["Red Mask"],"max_hp_gain":0,"max_hp_loss":0,"event_name":"Tomb of Lord Red Mask","floor":45,"gold_loss":38},{"cards_removed":["Strike_G"],"damage_healed":0,"gold_gain":0,"player_choice":"Removed Attack","damage_taken":0,"max_hp_gain":0,"max_hp_loss":0,"event_name":"Falling","floor":46,"gold_loss":0}],"is_beta":false,"boss_relics":[{"not_picked":["Astrolabe","Cursed Key"],"picked":"Runic Pyramid"},{"not_picked":["Calling Bell","SacredBark"],"picked":"HoveringKite"}],"items_purged_floors":[7,22,36],"is_endless":false,"potions_floor_spawned":[5,16,18,23,28,31,33,35,37,47],"ascension_level":11}}