{"host":"j5shy70asow5koz5","time":1612760183,"event":{"mods":["2.2 Compatiblity","Act Like it!","Arknights","BaseMod","Colored Map","Marisa£¨Ùöéë¡¡Øª×âÞÞ£©","Minty Spire (QoL Compilation)","Prisma Mod","StSLib","SuperFastMode","Td1madao Mod","The Disciple","The Gatherer","The Servant 0.9.4","Waifu the Spire"],"gold_per_floor":[114,39,39,39,39,66,78,109,148,160,192,229,260,39,39,143,143,128,578,589,589,589],"floor_reached":21,"language":"KOR","playtime":409,"items_purged":["Strike_B","Strike_B"],"score":262,"play_id":"40f0c41e-1483-4d92-a6e5-391538b40d68","local_time":"20210208135623","is_ascension_mode":false,"campfire_choices":[{"data":"Ball Lightning","floor":7,"key":"SMITH"},{"data":"Dualcast","floor":10,"key":"SMITH"},{"data":"Defragment","floor":15,"key":"SMITH"}],"circlet_count":0,"master_deck":["Strike_B","Defend_B","Defend_B","Defend_B","Defend_B","Zap+1","Dualcast+1","Ball Lightning+1","Redo","Glacier","Defragment+1","Amplify","Chaos+1","Cold Snap+1"],"relics":["Cracked Core","NeowsBlessing","MawBank","Pen Nib","Centennial Puzzle","Black Star"],"acts_visited":["Exordium","TheCity"],"potions_floor_usage":[12,12,14,18],"damage_taken":[{"damage":0,"enemies":"Cultist","floor":1,"turns":1},{"damage":0,"enemies":"Gremlin Nob","floor":6,"turns":1},{"damage":0,"enemies":"Small Slimes","floor":8,"turns":1},{"damage":0,"enemies":"2 Louse","floor":11,"turns":1},{"damage":21,"enemies":"Lagavulin","floor":12,"turns":5},{"damage":5,"enemies":"Looter","floor":13,"turns":2},{"damage":0,"enemies":"The Guardian","floor":16,"turns":11},{"damage":13,"enemies":"2 Thieves","floor":18,"turns":4},{"damage":6,"enemies":"Spheric Guardian","floor":20,"turns":4},{"damage":16,"enemies":"Snake Plant","floor":21,"turns":1}],"seed_played":"238897352515073600","potions_obtained":[{"floor":6,"key":"SteroidPotion"},{"floor":8,"key":"LiquidBronze"},{"floor":11,"key":"AttackPotion"},{"floor":16,"key":"AttackPotion"}],"is_trial":false,"path_per_floor":["M","$","?","?","?","E","R","M","T","R","M","E","M","$","R","B",null,"M","?","M","M"],"character_chosen":"DEFECT","items_purchased":["Defragment","Fruit Juice"],"campfire_rested":0,"item_purchase_floors":[14,14],"current_hp_per_floor":[75,75,68,68,68,68,68,68,68,68,68,47,42,47,47,47,80,67,21,15,0,0],"gold":589,"neow_bonus":"THREE_ENEMY_KILL","is_daily":false,"chose_seed":false,"campfire_upgraded":3,"win_rate":0.0,"timestamp":1612760183,"path_taken":["M","$","?","?","?","E","R","M","T","R","M","E","M","$","R","BOSS","M","?","?","M"],"items_purchased_type":["Card","Potion"],"build_version":"2020-12-22","purchased_purges":2,"victory":false,"max_hp_per_floor":[75,75,75,75,75,75,75,75,75,75,75,75,75,80,80,80,80,80,80,80,80,80],"card_choices":[{"not_picked":["Hologram","Compile Driver","Beam Cell"],"picked":"SKIP","floor":1},{"not_picked":["Genetic Algorithm","Chaos"],"picked":"Ball Lightning","floor":6},{"not_picked":["Coolheaded","Reinforced Body"],"picked":"Redo","floor":8},{"not_picked":["Rebound","Heatsinks","Auto Shields"],"picked":"SKIP","floor":11},{"not_picked":["Rebound","Sweeping Beam"],"picked":"Glacier","floor":12},{"not_picked":["White Noise","Storm","Stack"],"picked":"SKIP","floor":13},{"not_picked":["Biased Cognition","Echo Form"],"picked":"Amplify","floor":16},{"not_picked":["Coolheaded","Reprogram"],"picked":"Chaos+1","floor":18},{"not_picked":["Steam","Rebound+1"],"picked":"Cold Snap+1","floor":20}],"player_experience":82241,"relics_obtained":[{"floor":6,"key":"MawBank"},{"floor":9,"key":"Pen Nib"},{"floor":12,"key":"Centennial Puzzle"}],"event_choices":[{"cards_removed":["Strike_B"],"damage_healed":0,"gold_gain":0,"player_choice":"Card Removal","damage_taken":7,"max_hp_gain":0,"max_hp_loss":0,"event_name":"Golden Wing","floor":3,"gold_loss":0},{"damage_healed":0,"gold_gain":0,"player_choice":"Leave","damage_taken":0,"max_hp_gain":0,"max_hp_loss":0,"event_name":"The Cleric","floor":4,"gold_loss":0},{"damage_healed":0,"gold_gain":0,"player_choice":"Grow","damage_taken":0,"max_hp_gain":0,"max_hp_loss":0,"event_name":"Living Wall","floor":5,"gold_loss":0,"cards_upgraded":["Zap"]},{"damage_healed":0,"gold_gain":450,"player_choice":"GOLD GOLD GOLD GOLD GOLD ","damage_taken":46,"max_hp_gain":0,"max_hp_loss":0,"event_name":"Knowing Skull","floor":19,"potions_obtained":[],"gold_loss":0,"cards_obtained":[]}],"is_beta":false,"boss_relics":[{"not_picked":["Sozu","SlaversCollar"],"picked":"Black Star"}],"items_purged_floors":[2,14],"is_endless":false,"potions_floor_spawned":[6,8,11,16],"killed_by":"Snake Plant","ascension_level":0}}