{"host":"344lv32hnei0mdhu","time":1612753475,"event":{"mods":["Act Like it!","BaseMod","Better Match","Better Sensory Stone","Better Skull","Better Third Choice","Better Vampires","Colored Powertips","Highlight Path","Minty Spire (QoL Compilation)","Quick Restart","Random Character Button","Rare Cards Sparkle","StSLib"],"gold_per_floor":[115,115,65,24,99,137,149,174,210,235,247,259,295,331,343,476,488,525,9,29,29,49,49,49,49],"floor_reached":24,"language":"ENG","playtime":665,"items_purged":[],"score":343,"play_id":"173606dc-3226-4275-8309-0697ecd89c55","local_time":"20210207210435","is_ascension_mode":true,"campfire_choices":[{"data":"Zap","floor":7.0,"key":"SMITH"},{"floor":12.0,"key":"RECALL"},{"data":"Metamorphosis","floor":15.0,"key":"SMITH"},{"floor":23,"key":"REST"}],"circlet_count":0,"master_deck":["AscendersBane","Strike_B","Strike_B","Strike_B","Strike_B","Defend_B","Defend_B","Defend_B","Defend_B","Zap+1","Dualcast","Genetic Algorithm","Genetic Algorithm","BootSequence","Chill","Metamorphosis+1","Ball Lightning","Self Repair","Buffer"],"relics":["Cracked Core","NeowsBlessing","Golden Idol","MawBank","Potion Belt","Inserter","Pear","TungstenRod"],"acts_visited":["Exordium","TheCity"],"potions_floor_usage":[18],"damage_taken":[{"damage":0.0,"enemies":"Jaw Worm","floor":1.0,"turns":1.0},{"damage":0.0,"enemies":"3 Sentries","floor":6.0,"turns":2.0},{"damage":0.0,"enemies":"2 Louse","floor":8.0,"turns":1.0},{"damage":3.0,"enemies":"Small Slimes","floor":10.0,"turns":4.0},{"damage":0.0,"enemies":"3 Louse","floor":13.0,"turns":4.0},{"damage":0.0,"enemies":"Exordium Thugs","floor":14.0,"turns":4.0},{"damage":26.0,"enemies":"Slime Boss","floor":16.0,"turns":10.0},{"damage":10,"enemies":"2 Thieves","floor":18,"turns":4},{"damage":10,"enemies":"Spheric Guardian","floor":20,"turns":4},{"damage":55,"enemies":"3 Cultists","floor":22,"turns":7},{"damage":0,"enemies":"Shelled Parasite and Fungi","floor":24,"turns":3}],"seed_played":"2359940820516734265","potions_obtained":[{"floor":6.0,"key":"Swift Potion"},{"floor":14.0,"key":"FocusPotion"}],"is_trial":false,"path_per_floor":["M","?","?","$","?","E","R","M","T","M","?","R","M","M","R","B",null,"M","$","M","?","M","R","M"],"character_chosen":"DEFECT","items_purchased":["BootSequence","Pear","TungstenRod"],"campfire_rested":1,"item_purchase_floors":[4,19,19],"current_hp_per_floor":[68,68,68,68,57,57,57,57,57,54,54,54,54,54,54,35,65,62,72,62,62,14,39,39,39],"gold":49,"neow_bonus":"THREE_ENEMY_KILL","is_daily":false,"chose_seed":false,"campfire_upgraded":2,"win_rate":0.0,"timestamp":1612753475,"path_taken":["M","?","?","$","?","E","R","M","T","M","?","R","M","M","R","BOSS","M","$","M","?","M","R","M"],"items_purchased_type":["Card","Relic","Relic"],"build_version":"2020-12-22","purchased_purges":0,"victory":false,"max_hp_per_floor":[75,75,75,75,75,75,75,75,75,75,75,75,75,75,75,75,75,75,85,85,85,85,85,85,85],"card_choices":[{"not_picked":["Cold Snap","Auto Shields"],"picked":"Genetic Algorithm","floor":1.0},{"not_picked":["Cold Snap","Auto Shields"],"picked":"Genetic Algorithm","floor":1.0},{"not_picked":["Stack","Loop"],"picked":"Chill","floor":6.0},{"not_picked":["Sweeping Beam","Hologram","Aggregate"],"picked":"SKIP","floor":8.0},{"not_picked":["Conserve Battery","Tempest","Compile Driver"],"picked":"SKIP","floor":10.0},{"not_picked":["Deep Breath","Discovery"],"picked":"Metamorphosis","floor":11.0},{"not_picked":["Fusion","Darkness"],"picked":"Ball Lightning","floor":13.0},{"not_picked":["Turbo","Steam"],"picked":"Self Repair","floor":14.0},{"not_picked":["Creative AI","Multi-Cast"],"picked":"Buffer","floor":16.0},{"not_picked":["Redo","Ball Lightning","Streamline+1"],"picked":"SKIP","floor":18},{"not_picked":["Compile Driver+1","Redo","Ball Lightning"],"picked":"SKIP","floor":20},{"not_picked":["Rebound","Recycle","Machine Learning"],"picked":"SKIP","floor":22}],"player_experience":416460,"relics_obtained":[{"floor":6.0,"key":"MawBank"},{"floor":9.0,"key":"Potion Belt"}],"event_choices":[{"damage_healed":0.0,"max_hp_gain":0.0,"max_hp_loss":0.0,"gold_gain":0.0,"event_name":"Golden Idol","player_choice":"Take Wound","floor":2.0,"gold_loss":0.0,"damage_taken":0.0,"relics_obtained":["Golden Idol"],"cards_obtained":["Injury"]},{"cards_removed":["Injury"],"damage_healed":0.0,"max_hp_gain":0.0,"max_hp_loss":0.0,"gold_gain":0.0,"event_name":"The Cleric","player_choice":"Card Removal","floor":3.0,"gold_loss":50.0,"damage_taken":0.0},{"damage_healed":0.0,"max_hp_gain":0.0,"max_hp_loss":0.0,"gold_gain":75.0,"event_name":"betterThird:BetterGoop","player_choice":"Gold","floor":5.0,"gold_loss":0.0,"damage_taken":11.0},{"damage_healed":0.0,"max_hp_gain":0.0,"max_hp_loss":0.0,"gold_gain":1.0,"event_name":"betterStone:BetterStone","player_choice":"1","floor":11.0,"gold_loss":0.0,"damage_taken":0.0},{"damage_healed":0,"gold_gain":0,"player_choice":"Ignored","damage_taken":0,"max_hp_gain":0,"max_hp_loss":0,"event_name":"The Mausoleum","floor":21,"gold_loss":0}],"is_beta":false,"boss_relics":[{"not_picked":["Astrolabe","Empty Cage"],"picked":"Inserter"}],"items_purged_floors":[],"is_endless":false,"potions_floor_spawned":[6,14],"killed_by":"Shelled Parasite and Fungi","ascension_level":11}}