{"host":"psytf3wd8ccrk52d","time":1612746410,"event":{"mods":["Astrologer","BaseMod","Better Third Choice","CapriCore","Colored Map","Dio Mod","Downfall","Ekko","Hermit","JesterMod","Minty Spire (QoL Compilation)","Replay The Spire","Robot Space Explorer","Shade Mod","Shop Mod","Spire Arcade","StSLib","The Alterego","The Immortal","The Marked","TheVacant"],"gold_per_floor":[112,187,187,187,204,204,224,302,302,317,317,317,329,329,329,329,329],"floor_reached":16,"language":"ENG","playtime":427,"items_purged":[],"score":90,"play_id":"aa0fff6f-3d55-4919-bf1d-cb1e7eea6492","local_time":"20210208010650","is_ascension_mode":false,"campfire_choices":[{"data":"dioMod:Minions","floor":6,"key":"SMITH"},{"data":"dioMod:DaggerSpree","floor":11,"key":"SMITH"},{"floor":15,"key":"DIG"}],"circlet_count":0,"master_deck":["dioMod:Strike","dioMod:Strike","Bite","dioMod:Defend","dioMod:Defend","dioMod:Defend","dioMod:Defend","dioMod:Muda+1","dioMod:DaggerSpree+1","dioMod:Minions+1","dioMod:DaggerSpree","dioMod:Muda","dioMod:Diversion","dioMod:StreetSign","dioMod:BloodTransfusion"],"relics":["dioMod:VampireBlood","Blood Vial","Replay:Multitool"],"acts_visited":["Exordium"],"potions_floor_usage":[],"damage_taken":[{"damage":2,"enemies":"Jaw Worm","floor":1,"turns":7},{"damage":0,"enemies":"Small Slimes","floor":5,"turns":3},{"damage":0,"enemies":"Cultist","floor":7,"turns":2},{"damage":5,"enemies":"Exordium Wildlife","floor":10,"turns":4},{"damage":8,"enemies":"Large Slime","floor":13,"turns":4},{"damage":76,"enemies":"The Guardian","floor":16,"turns":7}],"seed_played":"8095468921155569101","potions_obtained":[{"floor":13,"key":"Cursed Concoction"}],"is_trial":false,"path_per_floor":["M","?","?","?","M","R","M","T","T","M","R","?","M","?","R_BF","B"],"character_chosen":"THE_DEFAULT","items_purchased":[],"campfire_rested":0,"item_purchase_floors":[],"current_hp_per_floor":[75,64,64,64,72,72,75,75,75,75,75,75,73,73,73,0,0],"gold":329,"neow_bonus":"REMOVE_CARD","is_daily":false,"chose_seed":false,"campfire_upgraded":2,"win_rate":0.0,"timestamp":1612746410,"path_taken":["M","?","?","?","M","R","?","?","T","M","R","?","M","?","R_BF","BOSS"],"items_purchased_type":[],"build_version":"2020-12-22","purchased_purges":0,"victory":false,"max_hp_per_floor":[75,75,75,75,75,75,75,75,75,75,75,75,75,75,75,75,75],"card_choices":[{"not_picked":["dioMod:VengefulMuda","dioMod:CutDeep"],"picked":"dioMod:Muda","floor":1},{"not_picked":["dioMod:GoodbyeJojo","dioMod:BlendIn"],"picked":"dioMod:Minions","floor":5},{"not_picked":["dioMod:Minions","dioMod:DisarmingVoice","dioMod:SlashThroughTime"],"picked":"SKIP","floor":7},{"not_picked":["dioMod:FlyAway","dioMod:GoodbyeJojo","dioMod:Donut"],"picked":"SKIP","floor":10},{"not_picked":["dioMod:BloodSplash","dioMod:BlendIn","dioMod:Minions"],"picked":"SKIP","floor":13}],"player_experience":74419,"relics_obtained":[{"floor":9,"key":"Blood Vial"},{"floor":15,"key":"Replay:Multitool"}],"event_choices":[{"damage_healed":0,"gold_gain":75,"player_choice":"Gold","damage_taken":11,"max_hp_gain":0,"max_hp_loss":0,"event_name":"betterThird:BetterGoop","floor":2,"gold_loss":0},{"damage_healed":0,"gold_gain":0,"cards_transformed":["dioMod:Strike"],"player_choice":"Transformed","damage_taken":0,"max_hp_gain":0,"max_hp_loss":0,"event_name":"Transmorgrifier","floor":4,"gold_loss":0,"cards_obtained":["dioMod:DaggerSpree"]},{"damage_healed":0,"gold_gain":0,"player_choice":"Grow","damage_taken":0,"max_hp_gain":0,"max_hp_loss":0,"event_name":"Living Wall","floor":12,"gold_loss":0,"cards_upgraded":["dioMod:Muda"]}],"is_beta":false,"boss_relics":[],"items_purged_floors":[],"is_endless":false,"potions_floor_spawned":[13],"killed_by":"The Guardian","ascension_level":0}}