{"host":"i627ldzjvyz252sa","time":1612822252,"event":{"mods":["BaseMod","Colored Map","Curses Come First","Downfall","Marisa????????","Minty Spire (QoL Compilation)","StSLib","The Bug Knight","The Cursed","The Disciple","The Necromancer","The Servant 0.9.4"],"gold_per_floor":[113,133,133,133,153,153,188,188,188,206,206,220,255,273,273,373,373,385,385,385,396,408,437,447,447,501,536,556,556,655,682,682,777,777,789,842,842,842,471,471,503,503,556,556,576,604,108,125,125,125],"floor_reached":51,"language":"ENG","playtime":4354,"items_purged":["TheCursedMod:Dregs","Strike_MRS"],"score":923,"play_id":"4a75772d-9deb-4254-b478-ec9fa337605c","local_time":"20210208141052","is_ascension_mode":false,"campfire_choices":[{"data":"MagicChant","floor":6,"key":"SMITH"},{"data":"Singularity","floor":8,"key":"SMITH"},{"data":"LuminesStrike","floor":15,"key":"SMITH"},{"data":"MagicChant","floor":29,"key":"SMITH"},{"data":"LuminesStrike","floor":32,"key":"SMITH"},{"data":"IllusionStar","floor":40,"key":"SMITH"},{"data":"MagicChant","floor":44,"key":"SMITH"},{"data":"MagicChant","floor":49,"key":"SMITH"}],"circlet_count":0,"master_deck":["Defend_MRS","Defend_MRS","Defend_MRS","Defend_MRS","MasterSpark","UpSweep+1","Acceleration+1","MysteriousBeam","MagicChant+1","Singularity+1","OrrerysSun","LuminesStrike+1","LuminesStrike+1","UltimateShortwave","MysteriousBeam","SprinkleStarSeal","MagicChant+1","EarthLightRay","LuminesStrike+1","DeepEcoloBomb+1","ManaConvection","CasketOfStar","SporeBomb+1","FairyDestructionRay+1","LuminesStrike","FairyDestructionRay+1","Panache","Madness","Madness","PowerUp","IllusionStar+1","OrrerysSun","MagicChant+1","AlicesGift+1","IllusionStar","MagicChant+1"],"relics":["MiniHakkero","Mango","Calipers","Gambling Chip","Mercury Hourglass","ExperimentalFamiliar","sneckomod:BabySnecko","Bag of Marbles","Kunai","Regal Pillow","Bag of Preparation","Blood Vial","Astrolabe","CatCart","Anchor","Shuriken","Pen Nib","BreadOfAWashokuLover","Lee\u0027s Waffle","Potion Belt"],"acts_visited":["Exordium","TheCity","TheBeyond"],"potions_floor_usage":[7,16,33,33,33,33,33],"damage_taken":[{"damage":1,"enemies":"Small Slimes","floor":1,"turns":4},{"damage":9,"enemies":"Jaw Worm","floor":2,"turns":4},{"damage":0,"enemies":"Cultist","floor":5,"turns":3},{"damage":18,"enemies":"Lagavulin","floor":7,"turns":4},{"damage":7,"enemies":"Large Slime","floor":10,"turns":3},{"damage":11,"enemies":"Red Slaver","floor":12,"turns":4},{"damage":0,"enemies":"Gremlin Nob","floor":13,"turns":3},{"damage":7,"enemies":"Blue Slaver","floor":14,"turns":2},{"damage":13,"enemies":"Hexaghost","floor":16,"turns":7},{"damage":10,"enemies":"Chosen","floor":18,"turns":2},{"damage":5,"enemies":"3 Byrds","floor":21,"turns":3},{"damage":0,"enemies":"Snecko","floor":22,"turns":3},{"damage":7,"enemies":"HollowMod:Nosk","floor":23,"turns":5},{"damage":10,"enemies":"Cultist and Chosen","floor":24,"turns":2},{"damage":42,"enemies":"Gremlin Leader","floor":27,"turns":5},{"damage":0,"enemies":"Snake Plant","floor":28,"turns":1},{"damage":0,"enemies":"Slavers","floor":31,"turns":2},{"damage":28,"enemies":"Collector","floor":33,"turns":4},{"damage":3,"enemies":"3 Shapes","floor":35,"turns":1},{"damage":4,"enemies":"Orin","floor":36,"turns":7},{"damage":0,"enemies":"Nemesis","floor":41,"turns":1},{"damage":0,"enemies":"3 Darklings","floor":45,"turns":1},{"damage":13,"enemies":"Giant Head","floor":46,"turns":4},{"damage":0,"enemies":"Writhing Mass","floor":48,"turns":2},{"damage":40,"enemies":"Donu and Deca","floor":50,"turns":3}],"seed_played":"3656542097184818005","potions_obtained":[{"floor":5,"key":"Fire Potion"},{"floor":10,"key":"LiquidMemories"},{"floor":13,"key":"SpeedPotion"},{"floor":14,"key":"SkillPotion"},{"floor":16,"key":"ColorlessPotion"},{"floor":21,"key":"SteroidPotion"},{"floor":22,"key":"EntropicBrew"},{"floor":31,"key":"champ:CounterPotion"},{"floor":36,"key":"Swift Potion"},{"floor":41,"key":"SpeedPotion"},{"floor":48,"key":"hexamod:SoulburnPotion"}],"is_trial":false,"path_per_floor":["M","M","?","?","M","R","E","R","T","M","?","M","E","M","R","B",null,"M","?","?","M","M","E","M","?","T","E","M","R","?","E","R","B",null,"M","?","?","?","$","R","E","?","T","R","M","E","$","M","R","B",null],"character_chosen":"MARISA","items_purchased":["PowerUp","Anchor","IllusionStar","OrrerysSun","IllusionStar","Lee\u0027s Waffle","Potion Belt","MagicChant"],"campfire_rested":0,"item_purchase_floors":[39,39,39,39,47,47,47,47],"current_hp_per_floor":[81,72,56,56,56,56,52,52,52,45,45,34,34,27,27,14,96,86,86,86,81,81,74,64,64,64,26,26,26,26,30,30,8,96,93,92,92,80,80,80,82,82,82,82,84,77,103,103,103,63],"gold":125,"neow_bonus":"TEN_PERCENT_HP_BONUS","is_daily":false,"chose_seed":false,"campfire_upgraded":8,"win_rate":0.0,"timestamp":1612822252,"path_taken":["M","M","?","?","?","R","E","R","T","M","?","M","E","M","R","BOSS","M","?","?","M","M","E","?","?","T","E","M","R","?","E","R","BOSS","M","?","?","?","?","R","E","?","T","R","?","E","$","M","R","BOSS"],"items_purchased_type":["Card","Relic","Card","Card","Card","Relic","Relic","Card"],"build_version":"2020-12-22","purchased_purges":2,"victory":true,"max_hp_per_floor":[82,82,82,82,82,82,96,96,96,96,96,96,96,96,96,96,96,96,96,96,96,96,96,96,96,96,96,96,96,96,96,96,96,96,96,96,96,96,96,96,96,96,96,96,96,96,103,103,103,103],"card_choices":[{"not_picked":["OpenUniverse","MilkyWay"],"picked":"Acceleration","floor":1},{"not_picked":["OortCloud","SporeBomb"],"picked":"MysteriousBeam","floor":2},{"not_picked":["ShootingEcho","BlazingStar"],"picked":"MagicChant","floor":5},{"not_picked":["BlazingStar","SporeBomb"],"picked":"Singularity","floor":7},{"not_picked":["NonDirectionalLaser","GrandCross"],"picked":"OrrerysSun","floor":10},{"not_picked":["GravityBeat","MachineGunSpark"],"picked":"LuminesStrike","floor":12},{"not_picked":["DC","Orbital"],"picked":"LuminesStrike","floor":13},{"not_picked":["ShootTheMoon","AsteroidBelt","DarkSpark"],"picked":"SKIP","floor":14},{"not_picked":["BigCrunch","CollectingQuirk"],"picked":"UltimateShortwave","floor":16},{"not_picked":["GalacticHalo","ShootingEcho","NonDirectionalLaser"],"picked":"SKIP","floor":18},{"not_picked":["EventHorizon","ChargingUp+1"],"picked":"MysteriousBeam","floor":21},{"not_picked":["DarkSpark","OortCloud"],"picked":"SprinkleStarSeal","floor":22},{"not_picked":["UnstableBomb+1","OrrerysSun"],"picked":"MagicChant","floor":23},{"not_picked":["SporeBomb+1","6A+1"],"picked":"EarthLightRay","floor":24},{"not_picked":["DarkMatter","MagicChant"],"picked":"LuminesStrike","floor":27},{"not_picked":["UnstableBomb","Robbery+1"],"picked":"DeepEcoloBomb+1","floor":28},{"not_picked":["WitchOfGreed+1","DoubleSpark"],"picked":"ManaConvection","floor":31},{"not_picked":["EscapeVelocity","AbsoluteMagnitude"],"picked":"CasketOfStar","floor":33},{"not_picked":["GrandCross+1","EnergyRecoil+1"],"picked":"LuminesStrike","floor":35},{"not_picked":["ShootTheMoon","OneTimeOff"],"picked":"FairyDestructionRay+1","floor":36},{"not_picked":["Chrysalis","Secret Weapon"],"picked":"Panache","floor":37},{"not_picked":["MilkyWay+1","SporeBomb+1"],"picked":"MagicChant","floor":41},{"not_picked":["SporeBomb+1","EnergyFlow+1"],"picked":"AlicesGift+1","floor":45},{"not_picked":["MilkyWay","MaximisePower","6A"],"picked":"SKIP","floor":46},{"not_picked":["UnstableBomb","DC+1","WitchLeyline"],"picked":"SKIP","floor":48}],"player_experience":154575,"relics_obtained":[{"floor":7,"key":"Mango"},{"floor":9,"key":"Calipers"},{"floor":13,"key":"Mercury Hourglass"},{"floor":23,"key":"Bag of Marbles"},{"floor":26,"key":"Regal Pillow"},{"floor":27,"key":"Bag of Preparation"},{"floor":31,"key":"Blood Vial"},{"floor":36,"key":"CatCart"},{"floor":41,"key":"Shuriken"},{"floor":43,"key":"Pen Nib"},{"floor":46,"key":"BreadOfAWashokuLover"}],"event_choices":[{"damage_healed":0,"gold_gain":0,"player_choice":"Entered Light","damage_taken":16,"max_hp_gain":0,"max_hp_loss":0,"event_name":"Shining Light","floor":3,"gold_loss":0,"cards_upgraded":["UpSweep","Acceleration"]},{"cards_removed":["Strike_MRS"],"damage_healed":0,"gold_gain":0,"player_choice":"Offered Basic","damage_taken":0,"max_hp_gain":0,"max_hp_loss":0,"event_name":"Bonfire Elementals","floor":4,"gold_loss":0},{"damage_healed":0,"gold_gain":0,"player_choice":"Gave Potion","damage_taken":0,"relics_obtained":["Gambling Chip"],"max_hp_gain":0,"max_hp_loss":0,"event_name":"WeMeetAgain","floor":11,"gold_loss":0},{"damage_healed":0,"gold_gain":0,"player_choice":"Upgraded","damage_taken":0,"max_hp_gain":0,"max_hp_loss":0,"event_name":"Upgrade Shrine","floor":20,"gold_loss":0,"cards_upgraded":["LuminesStrike"]},{"damage_healed":0,"gold_gain":0,"player_choice":"Opened","damage_taken":0,"relics_obtained":["Kunai"],"max_hp_gain":0,"max_hp_loss":0,"event_name":"The Mausoleum","floor":25,"gold_loss":0},{"damage_healed":0,"gold_gain":99,"player_choice":"Stole From Cult","damage_taken":0,"max_hp_gain":0,"max_hp_loss":0,"event_name":"Nest","floor":30,"gold_loss":0},{"damage_healed":0,"gold_gain":0,"player_choice":"Fight","damage_taken":0,"max_hp_gain":0,"max_hp_loss":0,"event_name":"OrinTheCat","floor":36,"gold_loss":0},{"damage_healed":0,"gold_gain":0,"player_choice":"Memory 1","damage_taken":0,"max_hp_gain":0,"max_hp_loss":0,"event_name":"SensoryStone","floor":37,"gold_loss":0},{"damage_healed":0,"gold_gain":0,"player_choice":"Embrace Madness","damage_taken":12,"max_hp_gain":0,"max_hp_loss":0,"event_name":"Winding Halls","floor":38,"gold_loss":0,"cards_obtained":["Madness","Madness"]},{"damage_healed":0,"gold_gain":0,"player_choice":"Ignored","damage_taken":0,"max_hp_gain":0,"max_hp_loss":0,"event_name":"Tomb of Lord Red Mask","floor":42,"gold_loss":0}],"is_beta":false,"boss_relics":[{"not_picked":["bronze:MakeshiftBattery","RampagingMagicTools"],"picked":"ExperimentalFamiliar"},{"not_picked":["Snecko Eye","Velvet Choker"],"picked":"Astrolabe"}],"items_purged_floors":[39,47],"is_endless":false,"potions_floor_spawned":[5,10,13,14,16,21,22,27,31,36,41,48],"ascension_level":0}}