{"host":"630px4nyj50z5id8","time":1612797024,"event":{"mods":["BaseMod","Better Note","Colored Powertips","Good Game Mod","Minty Spire (QoL Compilation)","Quick Restart","Rare Cards Sparkle","Relic Filter Mod","Replay The Spire","StSLib","Waifu the Spire"],"gold_per_floor":[110,110,110,110,35,67,87,114,114,114,132,199,224,234,234,335,335,349,85,135,185,235,263,263,298,598,632,764,779,814,824,824,927,927,945,217,267,117,134,134,163,163,163,10,10,10],"floor_reached":45,"language":"ZHS","playtime":2950,"items_purged":["Strike_R","Strike_R","Strike_R","Defend_R"],"score":949,"play_id":"ddf7c921-f99c-4b25-b78a-17210407b504","local_time":"20210208231024","is_ascension_mode":true,"campfire_choices":[{"data":"DevaForm","floor":10.0,"key":"SMITH"},{"data":"Dark Embrace","floor":15.0,"key":"SMITH"},{"data":"Eclipse","floor":24.0,"key":"SMITH"},{"data":"Hemogenesis","floor":32.0,"key":"SMITH"},{"data":"Feel No Pain","floor":40,"key":"SMITH"},{"data":"Armaments","floor":42,"key":"SMITH"}],"circlet_count":0,"master_deck":["Defend_R","Defend_R","Defend_R","Bash","DevaForm+1","Fire Breathing","Disarm","Hemogenesis+1","Headbutt","Feel No Pain+1","Exhume","Dark Embrace+1","Eclipse+1","Evolve","Immolate","Brutality","Intimidate","Armaments+1","ReplayTheSpireMod:Muscle Training","Demon Form+1","Sword Boomerang","Inflame+1","Rupture+1"],"relics":["Burning Blood","REME:ComplimentaryCards","NeowsBlessing","Singing Bowl","SsserpentHead","Thread and Needle","Potion Belt","Pet Ghost","Lizard Tail","Runic Cube","Enchiridion","Ring of Peace","Blue Candle","White Beast Statue","Old Coin","ReplayTheSpireMod:Ninjato","Iron Hammer","Frozen Egg 2","Empty Cage","Replay:WaspNest","Prayer Wheel","Magic Flower","Replay:Arrowhead","PrismaticShard"],"acts_visited":["Exordium","TheCity","TheBeyond"],"potions_floor_usage":[39,39,41],"damage_taken":[{"damage":0.0,"enemies":"Jaw Worm","floor":1.0,"turns":1.0},{"damage":0.0,"enemies":"Gremlin Nob","floor":6.0,"turns":1.0},{"damage":0.0,"enemies":"2 Louse","floor":7.0,"turns":2.0},{"damage":25.0,"enemies":"3 Sentries","floor":8.0,"turns":7.0},{"damage":4.0,"enemies":"Small Slimes","floor":11.0,"turns":5.0},{"damage":5.0,"enemies":"Red Slaver","floor":12.0,"turns":6.0},{"damage":7.0,"enemies":"Lagavulin","floor":13.0,"turns":8.0},{"damage":4.0,"enemies":"Looter","floor":14.0,"turns":4.0},{"damage":10.0,"enemies":"The Guardian","floor":16.0,"turns":12.0},{"damage":17.0,"enemies":"2 Thieves","floor":18.0,"turns":5.0},{"damage":1.0,"enemies":"Gremlin Leader","floor":23.0,"turns":7.0},{"damage":4.0,"enemies":"Replay:Snechameleon","floor":25.0,"turns":6.0},{"damage":3.0,"enemies":"Book of Stabbing","floor":27.0,"turns":7.0},{"damage":26.0,"enemies":"3 Byrds","floor":29.0,"turns":6.0},{"damage":12.0,"enemies":"Replay:Snechameleon","floor":30.0,"turns":5.0},{"damage":19.0,"enemies":"Sentry and Sphere","floor":31.0,"turns":4.0},{"damage":10.0,"enemies":"Champ","floor":33.0,"turns":7.0},{"damage":7.0,"enemies":"Orb Walker","floor":35.0,"turns":6.0},{"damage":3,"enemies":"3 Shapes","floor":39,"turns":5},{"damage":40,"enemies":"Reptomancer","floor":41,"turns":7},{"damage":21,"enemies":"Jaw Worm Horde","floor":45,"turns":3}],"seed_played":"2813885115059596356","potions_obtained":[{"floor":8.0,"key":"Elixir"},{"floor":12.0,"key":"Toxic Potion"},{"floor":13.0,"key":"Dexterity Potion"},{"floor":18.0,"key":"SkillPotion"},{"floor":23.0,"key":"Block Potion"},{"floor":27.0,"key":"Fire Potion"},{"floor":29.0,"key":"Swift Potion"},{"floor":30.0,"key":"Flashbang"},{"floor":31.0,"key":"Energy Potion"},{"floor":33.0,"key":"SneckoOil"},{"floor":35.0,"key":"Block Potion"},{"floor":39,"key":"Dexterity Potion"},{"floor":41,"key":"BlessingOfTheForge"}],"is_trial":false,"path_per_floor":["M","?","?","?","$","E","M","E","T","R","M","M","E","M","R","B",null,"M","$","?","?","?","E","R","E","T","E","T","M","E","M","R","B",null,"M","$","?","$","M","R","E","R","T","$","M"],"character_chosen":"IRONCLAD","items_purchased":["Immolate","Replay:WaspNest","Prayer Wheel","Inflame+1","PrismaticShard"],"campfire_rested":0,"item_purchase_floors":[19,36,36,36,44],"current_hp_per_floor":[78,78,71,71,71,77,80,61,61,61,68,74,78,80,80,80,80,69,69,53,38,38,48,48,57,57,60,60,40,47,36,36,32,75,88,88,88,88,91,91,67,67,67,67,46,46],"gold":10,"neow_bonus":"THREE_ENEMY_KILL","is_daily":false,"chose_seed":false,"campfire_upgraded":6,"win_rate":0.0,"timestamp":1612797024,"path_taken":["M","?","?","?","$","E","M","E","T","R","M","?","E","M","R","BOSS","M","$","?","?","?","E","R","E","T","E","?","M","E","M","R","BOSS","M","$","?","$","M","R","E","R","T","$","M"],"items_purchased_type":["Card","Relic","Relic","Card","Relic"],"build_version":"2020-12-22","purchased_purges":4,"victory":false,"max_hp_per_floor":[80,80,80,80,80,80,80,80,80,80,80,80,80,80,80,80,80,80,80,80,85,85,85,85,85,85,85,85,85,87,89,89,89,89,89,89,89,89,91,91,93,93,93,93,93,93],"card_choices":[{"not_picked":["Thunderclap","Clash","ReplayTheSpireMod:Strike From Hell"],"picked":"SKIP","floor":1.0},{"not_picked":["Warcry","Sword Boomerang"],"picked":"Fire Breathing","floor":6.0},{"not_picked":["Infernal Blade","Pummel"],"picked":"Disarm","floor":7.0},{"not_picked":["Iron Wave","Rupture"],"picked":"Hemogenesis","floor":8.0},{"not_picked":["Heavy Blade","Havoc"],"picked":"Headbutt","floor":11.0},{"not_picked":["Heavy Blade","Clothesline"],"picked":"Feel No Pain","floor":12.0},{"not_picked":["Anger","Headbutt"],"picked":"Exhume","floor":13.0},{"not_picked":["Wild Strike","Armaments"],"picked":"Dark Embrace","floor":14.0},{"not_picked":["Impervious","Fiend Fire"],"picked":"Eclipse","floor":16.0},{"not_picked":["Perfected Strike","Feel No Pain"],"picked":"Evolve","floor":18.0},{"not_picked":["Combust","Wild Strike"],"picked":"Brutality","floor":23.0},{"not_picked":["Body Slam","Feel No Pain"],"picked":"Intimidate","floor":25.0},{"not_picked":["Hemokinesis","Intimidate"],"picked":"Armaments","floor":27.0},{"not_picked":["Thunderclap+1","Evolve"],"picked":"ReplayTheSpireMod:Muscle Training","floor":29.0},{"not_picked":["Rage","Anger","Havoc"],"picked":"Singing Bowl","floor":30.0},{"not_picked":["Armaments+1","ReplayTheSpireMod:Strike From Hell+1","Shrug It Off"],"picked":"Singing Bowl","floor":31.0},{"not_picked":["Bludgeon","Immolate"],"picked":"Demon Form+1","floor":33.0},{"not_picked":["Infernal Blade","Perfected Strike+1"],"picked":"Sword Boomerang","floor":35.0},{"not_picked":["Uppercut+1","Headbutt","Abandon+1"],"picked":"Singing Bowl","floor":39},{"not_picked":["Body Slam","Heavy Blade+1"],"picked":"Rupture+1","floor":39},{"not_picked":["Reckless Charge","Headbutt+1","Twin Strike+1"],"picked":"Singing Bowl","floor":41}],"player_experience":432651,"relics_obtained":[{"floor":6.0,"key":"Thread and Needle"},{"floor":8.0,"key":"Potion Belt"},{"floor":9.0,"key":"Pet Ghost"},{"floor":13.0,"key":"Lizard Tail"},{"floor":20.0,"key":"Enchiridion"},{"floor":22.0,"key":"Ring of Peace"},{"floor":23.0,"key":"Blue Candle"},{"floor":25.0,"key":"White Beast Statue"},{"floor":26.0,"key":"Old Coin"},{"floor":27.0,"key":"ReplayTheSpireMod:Ninjato"},{"floor":28.0,"key":"Iron Hammer"},{"floor":30.0,"key":"Frozen Egg 2"},{"floor":41,"key":"Magic Flower"},{"floor":43,"key":"Replay:Arrowhead"}],"event_choices":[{"damage_healed":0.0,"max_hp_gain":0.0,"max_hp_loss":0.0,"gold_gain":0.0,"event_name":"Big Fish","player_choice":"Box","floor":2.0,"gold_loss":0.0,"damage_taken":0.0,"relics_obtained":["Singing Bowl"],"cards_obtained":["Regret"]},{"cards_removed":["Regret"],"damage_healed":0.0,"max_hp_gain":0.0,"max_hp_loss":0.0,"gold_gain":0.0,"event_name":"Golden Wing","player_choice":"Card Removal","floor":3.0,"gold_loss":0.0,"damage_taken":7.0},{"damage_healed":0.0,"max_hp_gain":0.0,"max_hp_loss":0.0,"gold_gain":0.0,"event_name":"FaceTrader","player_choice":"Trade","floor":4.0,"gold_loss":0.0,"damage_taken":0.0,"relics_obtained":["SsserpentHead"]},{"damage_healed":0.0,"max_hp_gain":0.0,"max_hp_loss":0.0,"gold_gain":0.0,"event_name":"Cursed Tome","player_choice":"Obtained Book","floor":20.0,"gold_loss":0.0,"damage_taken":16.0},{"damage_healed":0.0,"max_hp_gain":5.0,"max_hp_loss":0.0,"gold_gain":0.0,"event_name":"Forgotten Altar","player_choice":"Shed Blood","floor":21.0,"gold_loss":0.0,"damage_taken":20.0},{"damage_healed":0.0,"max_hp_gain":0.0,"max_hp_loss":0.0,"gold_gain":0.0,"event_name":"The Woman in Blue","player_choice":"Bought 0 Potions","floor":37.0,"gold_loss":0.0,"damage_taken":0.0}],"is_beta":false,"boss_relics":[{"not_picked":["Philosopher\u0027s Stone","Velvet Choker"],"picked":"Runic Cube"},{"not_picked":["Runic Dome","Calling Bell"],"picked":"Empty Cage"}],"items_purged_floors":[5,19,36,38],"is_endless":false,"potions_floor_spawned":[8,12,13,18,23,27,29,30,31,33,35,39,41],"killed_by":"Jaw Worm Horde","ascension_level":8}}