{"host":"iu9giey57xit6ds2","time":1612766664,"event":{"mods":["2.2 Compatiblity","AchievementEnabler","BaseMod","Better Altar","Better Match","Better Note","Better Sensory Stone","Better Skull","Better Third Choice","Block Reminder","Colored Map","Colored Powertips","Curses Come First","Dark Map","DeckTracker","GifTheSpireLib","Minty Spire (QoL Compilation)","Potion Indicator Mod","Quick Restart","Random Character Button","Rare Cards Sparkle","Relic Sorter","Relic Stats","StSLib","SuperFastMode","Uncapped","Unceasing Turn Reminder","Username Fix"],"gold_per_floor":[119,137,151,151,100,100,110,122,146,163,175,192,192,204,204,301,301,318,338,349,365,380,415,515,515,515,535,563,109,109,123,123,221,221,234,288,338,338,356,356,356,366,393,393,427,427,352,366,366,366,366],"floor_reached":50,"language":"ENG","playtime":4114,"items_purged":["Cold Snap"],"score":608,"play_id":"64e1ab53-cb33-45ac-ade9-d44e45a9c400","local_time":"20210208144424","is_ascension_mode":false,"campfire_choices":[{"floor":6,"key":"RECALL"},{"data":"Genetic Algorithm","floor":13,"key":"SMITH"},{"data":"Redo","floor":15,"key":"SMITH"},{"data":"Creative AI","floor":25,"key":"SMITH"},{"data":"Zap","floor":30,"key":"SMITH"},{"data":"Dualcast","floor":32,"key":"SMITH"},{"data":"Storm","floor":40,"key":"SMITH"},{"data":"Loop","floor":44,"key":"SMITH"},{"data":"Hologram","floor":46,"key":"SMITH"},{"data":"Hologram","floor":49,"key":"SMITH"}],"circlet_count":0,"master_deck":["Strike_B","Strike_B","Strike_B","Strike_B","Defend_B","Defend_B","Defend_B","Defend_B","Zap+1","Dualcast+1","Creative AI+1","Sweeping Beam","Redo+1","Compile Driver","Collect+1","Glacier","Seek","Ball Lightning","Genetic Algorithm+1","Heatsinks","Electrodynamics","Barrage+1","Storm+1","Defragment+1","Fusion","Lockon","Seek","Hologram+1","Streamline+1","Loop+1","Hologram+1","Streamline+1","Streamline+1","Sweeping Beam+1","Sweeping Beam","Sweeping Beam+1","Leap+1"],"relics":["Cracked Core","Strawberry","Anchor","Strange Spoon","Nunchaku","Pear","Lee\u0027s Waffle","Runic Pyramid","Oddly Smooth Stone","Pantograph","Bottled Lightning","Orichalcum","Sling","PreservedInsect","Empty Cage","TungstenRod","FossilizedHelix","Ancient Tea Set","Bag of Marbles","Juzu Bracelet"],"acts_visited":["Exordium","TheCity","TheBeyond"],"potions_floor_usage":[11],"damage_taken":[{"damage":12,"enemies":"2 Louse","floor":1,"turns":3},{"damage":25,"enemies":"Jaw Worm","floor":2,"turns":4},{"damage":0,"enemies":"Cultist","floor":3,"turns":3},{"damage":27,"enemies":"Lots of Slimes","floor":7,"turns":4},{"damage":9,"enemies":"3 Louse","floor":8,"turns":4},{"damage":11,"enemies":"Looter","floor":11,"turns":5},{"damage":17,"enemies":"Red Slaver","floor":12,"turns":4},{"damage":38,"enemies":"Blue Slaver","floor":14,"turns":5},{"damage":73,"enemies":"The Guardian","floor":16,"turns":9},{"damage":5,"enemies":"3 Byrds","floor":18,"turns":2},{"damage":24,"enemies":"Shell Parasite","floor":19,"turns":5},{"damage":39,"enemies":"Snake Plant","floor":20,"turns":7},{"damage":29,"enemies":"Shelled Parasite and Fungi","floor":21,"turns":6},{"damage":8,"enemies":"Snecko","floor":22,"turns":6},{"damage":166,"enemies":"Slavers","floor":23,"turns":6},{"damage":36,"enemies":"3 Cultists","floor":27,"turns":4},{"damage":70,"enemies":"Gremlin Leader","floor":28,"turns":6},{"damage":30,"enemies":"Snake Plant","floor":31,"turns":6},{"damage":52,"enemies":"Collector","floor":33,"turns":7},{"damage":16,"enemies":"Orb Walker","floor":35,"turns":4},{"damage":42,"enemies":"2 Orb Walkers","floor":36,"turns":4},{"damage":35,"enemies":"Mind Bloom Boss Battle","floor":37,"turns":7},{"damage":0,"enemies":"3 Darklings","floor":39,"turns":5},{"damage":33,"enemies":"Maw","floor":42,"turns":8},{"damage":51,"enemies":"Giant Head","floor":45,"turns":7},{"damage":25,"enemies":"Jaw Worm Horde","floor":48,"turns":3},{"damage":99,"enemies":"Awakened One","floor":50,"turns":5}],"seed_played":"-4250200487080730627","potions_obtained":[{"floor":2,"key":"PowerPotion"},{"floor":8,"key":"Regen Potion"},{"floor":11,"key":"Fruit Juice"},{"floor":19,"key":"Block Potion"},{"floor":20,"key":"AttackPotion"},{"floor":23,"key":"LiquidBronze"},{"floor":36,"key":"PowerPotion"},{"floor":37,"key":"PowerPotion"}],"is_trial":false,"path_per_floor":["M","M","M","?","$","R","M","M","T","$","M","M","R","M","R","B",null,"M","M","M","M","M","E","?","R","T","M","E","$","R","M","R","B",null,"M","?","?","?","M","R","T","M","T","R","E","R","$","M","R","B"],"character_chosen":"DEFECT","items_purchased":["Anchor","Strange Spoon","Cold Snap","Ball Lightning","Nunchaku","Pear","Lee\u0027s Waffle","Orichalcum","Sling","PreservedInsect"],"campfire_rested":0,"item_purchase_floors":[5,5,5,10,10,10,10,29,29,29],"current_hp_per_floor":[75,50,75,66,66,66,71,73,73,99,104,87,87,97,97,90,104,99,75,36,75,96,85,85,85,85,49,104,104,104,89,89,90,104,88,92,94,94,99,99,99,66,66,66,71,71,71,46,46,0,0],"gold":366,"neow_bonus":"THREE_RARE_CARDS","is_daily":false,"chose_seed":false,"campfire_upgraded":9,"win_rate":0.0,"timestamp":1612766664,"path_taken":["M","M","M","?","?","R","?","M","T","$","M","M","R","M","R","BOSS","M","M","?","M","M","E","?","R","T","?","E","$","R","M","R","BOSS","M","?","?","?","?","R","?","M","T","R","E","R","?","M","R","BOSS"],"items_purchased_type":["Relic","Relic","Card","Card","Relic","Relic","Relic","Relic","Relic","Relic"],"build_version":"2020-12-22","purchased_purges":1,"victory":false,"max_hp_per_floor":[75,75,75,82,82,82,82,82,82,99,104,104,104,104,104,104,104,104,104,104,104,104,104,104,104,104,104,104,104,104,104,104,104,104,104,104,104,99,99,99,99,99,99,99,99,99,99,99,99,99,99],"relic_stats":{"Strange Spoon":[39],"Nunchaku":[7],"Lee\u0027s Waffle":16,"counters":[27,138],"Pantograph":52,"PreservedInsect":125,"Juzu Bracelet":0,"Orichalcum":[162],"obtain_stats":[{"Lee\u0027s Waffle":10,"Pear":10,"Oddly Smooth Stone":23,"PreservedInsect":29,"Juzu Bracelet":45,"Orichalcum":29,"Sling":29,"Empty Cage":34,"Ancient Tea Set":41,"Strange Spoon":5,"Anchor":5,"Nunchaku":10,"Strawberry":4,"Pantograph":26,"Bag of Marbles":43,"Bottled Lightning":28,"Cracked Core":0,"TungstenRod":36,"FossilizedHelix":37,"Runic Pyramid":17},{"Lee\u0027s Waffle":5,"Pear":5,"Oddly Smooth Stone":15,"PreservedInsect":17,"Juzu Bracelet":25,"Orichalcum":17,"Sling":17,"Empty Cage":19,"Ancient Tea Set":23,"Strange Spoon":3,"Anchor":3,"Nunchaku":5,"Strawberry":3,"Pantograph":15,"Bag of Marbles":24,"Bottled Lightning":17,"Cracked Core":0,"TungstenRod":21,"FossilizedHelix":22,"Runic Pyramid":9},{"Lee\u0027s Waffle":18,"Pear":18,"Oddly Smooth Stone":73,"PreservedInsect":83,"Juzu Bracelet":130,"Orichalcum":83,"Sling":83,"Empty Cage":96,"Ancient Tea Set":115,"Strange Spoon":10,"Anchor":10,"Nunchaku":18,"Strawberry":10,"Pantograph":73,"Bag of Marbles":123,"Bottled Lightning":83,"Cracked Core":0,"TungstenRod":103,"FossilizedHelix":110,"Runic Pyramid":41}],"TungstenRod":19},"card_choices":[{"not_picked":["Thunder Strike","Rainbow"],"picked":"Creative AI","floor":0},{"not_picked":["Double Energy","FTL"],"picked":"Sweeping Beam","floor":1},{"not_picked":["Coolheaded","Gash"],"picked":"Redo","floor":2},{"not_picked":["Go for the Eyes","Steam"],"picked":"Compile Driver","floor":3},{"not_picked":["White Noise","Reprogram"],"picked":"Glacier","floor":7},{"not_picked":["Hologram","Coolheaded"],"picked":"Seek","floor":8},{"not_picked":["Coolheaded","Static Discharge"],"picked":"Genetic Algorithm","floor":11},{"not_picked":["Go for the Eyes","Self Repair"],"picked":"Heatsinks","floor":12},{"not_picked":["Sweeping Beam","Double Energy"],"picked":"Redo","floor":14},{"not_picked":["Reboot","Amplify"],"picked":"Electrodynamics","floor":16},{"not_picked":["Streamline","Gash+1"],"picked":"Barrage+1","floor":18},{"not_picked":["Reprogram","Streamline"],"picked":"Storm","floor":19},{"not_picked":["Coolheaded","Compile Driver"],"picked":"Defragment+1","floor":20},{"not_picked":["White Noise","Static Discharge"],"picked":"Fusion","floor":21},{"not_picked":["Coolheaded+1","Consume"],"picked":"Lockon","floor":22},{"not_picked":["Double Energy+1","Redo"],"picked":"Seek","floor":23},{"not_picked":["Compile Driver","Reprogram"],"picked":"Hologram","floor":27},{"not_picked":["Force Field+1","Leap"],"picked":"Streamline+1","floor":28},{"not_picked":["Compile Driver","Conserve Battery"],"picked":"Loop","floor":31},{"not_picked":["Fission","Machine Learning"],"picked":"Buffer","floor":33},{"not_picked":["Coolheaded","Genetic Algorithm"],"picked":"Hologram","floor":35},{"not_picked":["FTL","Sweeping Beam+1"],"picked":"Streamline+1","floor":36},{"not_picked":["Leap+1","Conserve Battery"],"picked":"Streamline+1","floor":37},{"not_picked":["Compile Driver","White Noise"],"picked":"Sweeping Beam+1","floor":39},{"not_picked":["Steam","Buffer"],"picked":"Sweeping Beam","floor":42},{"not_picked":["Chill+1","Compile Driver"],"picked":"Sweeping Beam+1","floor":45},{"not_picked":["Conserve Battery","Redo"],"picked":"Leap+1","floor":48}],"player_experience":22356,"relics_obtained":[{"floor":23,"key":"Oddly Smooth Stone"},{"floor":26,"key":"Pantograph"},{"floor":28,"key":"Bottled Lightning"},{"floor":36,"key":"TungstenRod"},{"floor":37,"key":"FossilizedHelix"},{"floor":41,"key":"Ancient Tea Set"},{"floor":43,"key":"Bag of Marbles"},{"floor":45,"key":"Juzu Bracelet"}],"event_choices":[{"damage_healed":0,"gold_gain":100,"player_choice":"Pray","damage_taken":0,"max_hp_gain":0,"max_hp_loss":0,"event_name":"Golden Shrine","floor":24,"gold_loss":0},{"damage_healed":0,"gold_gain":0,"player_choice":"Fight","damage_taken":0,"max_hp_gain":0,"max_hp_loss":0,"event_name":"Mysterious Sphere","floor":36,"gold_loss":0},{"damage_healed":0,"gold_gain":0,"player_choice":"Fight","damage_taken":0,"max_hp_gain":0,"max_hp_loss":0,"event_name":"MindBloom","floor":37,"gold_loss":0},{"damage_healed":0,"gold_gain":0,"player_choice":"Max HP","damage_taken":0,"max_hp_gain":0,"max_hp_loss":5,"event_name":"Winding Halls","floor":38,"gold_loss":0}],"is_beta":false,"boss_relics":[{"not_picked":["Sozu","Velvet Choker"],"picked":"Runic Pyramid"},{"not_picked":["Cursed Key","Runic Dome"],"picked":"Empty Cage"}],"items_purged_floors":[47],"is_endless":false,"potions_floor_spawned":[2,8,11,19,20,22,23,36,37,48],"killed_by":"Awakened One","ascension_level":0}}