{"host":"xb2tau8pgi8aflss","time":1612795345,"event":{"mods":["AchievementEnabler","BaseMod","Hermit","Minty Spire (QoL Compilation)","StSLib","SuperFastMode"],"gold_per_floor":[113,4,15,15,15,50,50,90,90,108,132,132,159,182,182,292,292,285,303,330,340,9,46,67,67,147,147,171,171,11,34,34,145,204,225,225,79,105,128,128,163,0,0,0,24,45,45,72,72,72,72,72,47,47,47],"floor_reached":54,"language":"KOR","playtime":2282,"items_purged":["Strike_G"],"score":1031,"play_id":"22f39c59-59e6-4696-8f39-0852c4ef660b","local_time":"20210208234225","is_ascension_mode":true,"campfire_choices":[{"data":"Bouncing Flask","floor":7,"key":"SMITH"},{"data":"Blur","floor":12,"key":"SMITH"},{"data":"Bouncing Flask","floor":15,"key":"SMITH"},{"data":"Adrenaline","floor":25,"key":"SMITH"},{"data":"Footwork","floor":27,"key":"SMITH"},{"data":"Accuracy","floor":32,"key":"SMITH"},{"floor":40,"key":"RECALL"},{"data":"Prepared","floor":44,"key":"SMITH"},{"data":"Choke","floor":49,"key":"SMITH"},{"data":"Backflip","floor":52,"key":"SMITH"}],"circlet_count":0,"master_deck":["Strike_G","Strike_G+1","Strike_G","Defend_G","Defend_G","Defend_G","Defend_G","Survivor+1","Backflip","Bouncing Flask+1","Reflex","Dagger Spray","Blur+1","Neutralize","Cloak And Dagger","Bouncing Flask+1","PiercingWail","Acrobatics","Phantasmal Killer","Dagger Throw+1","Prepared+1","Infinite Blades","Footwork+1","Adrenaline+1","Deadly Poison+1","Deadly Poison","Adrenaline","Accuracy+1","Tactician","Bullet Time","Backflip+1","Blade Dance+1","Quick Slash+1","Choke+1","Deadly Poison","Venomology","Caltrops"],"relics":["Ring of the Snake","NeowsBlessing","Ninja Scroll","Tiny Chest","CeramicFish","Meat on the Bone","SlaversCollar","Regal Pillow","Mummified Hand","Eternal Feather","Pantograph","Nilry\u0027s Codex","Tiny House","TheAbacus","Anchor","Kunai","Red Mask"],"acts_visited":["Exordium","TheCity","TheBeyond","TheEnding"],"potions_floor_usage":[8,33,33,46,50,50,54],"damage_taken":[{"damage":0,"enemies":"Small Slimes","floor":1,"turns":1},{"damage":0,"enemies":"Jaw Worm","floor":3,"turns":1},{"damage":0,"enemies":"Lagavulin","floor":6,"turns":1},{"damage":19,"enemies":"3 Sentries","floor":8,"turns":11},{"damage":0,"enemies":"2 Louse","floor":11,"turns":2},{"damage":0,"enemies":"Lots of Slimes","floor":13,"turns":2},{"damage":0,"enemies":"Red Slaver","floor":14,"turns":3},{"damage":0,"enemies":"Hexaghost","floor":16,"turns":8},{"damage":32,"enemies":"2 Thieves","floor":18,"turns":4},{"damage":22,"enemies":"Spheric Guardian","floor":21,"turns":5},{"damage":14,"enemies":"Gremlin Leader","floor":23,"turns":8},{"damage":7,"enemies":"Centurion and Healer","floor":24,"turns":8},{"damage":1,"enemies":"Snake Plant","floor":28,"turns":4},{"damage":0,"enemies":"3 Cultists","floor":31,"turns":3},{"damage":25,"enemies":"Champ","floor":33,"turns":9},{"damage":30,"enemies":"3 Darklings","floor":35,"turns":6},{"damage":3,"enemies":"3 Shapes","floor":38,"turns":3},{"damage":38,"enemies":"Giant Head","floor":41,"turns":7},{"damage":22,"enemies":"Maw","floor":45,"turns":7},{"damage":20,"enemies":"Spire Growth","floor":46,"turns":6},{"damage":0,"enemies":"4 Shapes","floor":48,"turns":5},{"damage":87,"enemies":"Awakened One","floor":50,"turns":15},{"damage":86,"enemies":"Shield and Spear","floor":54,"turns":6}],"seed_played":"-2730272504625200114","potions_obtained":[{"floor":3,"key":"Block Potion"},{"floor":6,"key":"GamblersBrew"},{"floor":14,"key":"Weak Potion"},{"floor":21,"key":"FairyPotion"},{"floor":28,"key":"Dexterity Potion"},{"floor":34,"key":"LiquidBronze"},{"floor":45,"key":"Weak Potion"}],"is_trial":false,"path_per_floor":["M","$","M","?","?","E","R","E","T","?","M","R","M","M","R","B",null,"M","?","T","M","$","E","M","R","T","R","M","?","$","M","R","B",null,"M","?","$","M","T","R","E","?","T","R","M","M","?","M","R","B",null,"R","$","E"],"character_chosen":"THE_SILENT","items_purchased":["Bouncing Flask","Mummified Hand","Footwork","Adrenaline","Accuracy","TheAbacus","Caltrops"],"campfire_rested":0,"item_purchase_floors":[2,22,22,30,30,37,53],"current_hp_per_floor":[63,63,63,56,42,42,42,23,23,23,35,35,47,47,47,47,64,44,44,44,34,34,32,37,52,52,67,66,50,50,50,68,45,69,39,39,39,48,48,66,40,40,40,58,48,40,40,40,61,34,65,75,75,0,0],"gold":47,"neow_bonus":"THREE_ENEMY_KILL","is_daily":false,"chose_seed":false,"campfire_upgraded":9,"win_rate":0.0,"timestamp":1612795345,"path_taken":["M","$","M","?","?","E","R","E","T","?","?","R","M","M","R","BOSS","M","?","?","?","$","E","M","R","T","R","M","?","$","M","R","BOSS","M","?","$","M","?","R","E","?","T","R","M","?","?","M","R","BOSS","R","$","E"],"items_purchased_type":["Card","Relic","Card","Card","Card","Relic","Card"],"build_version":"2020-12-22","purchased_purges":1,"victory":false,"max_hp_per_floor":[70,70,70,70,70,70,70,70,70,70,70,70,70,70,70,70,70,70,70,70,70,70,70,70,70,70,70,70,70,70,70,70,70,75,75,75,75,75,75,75,75,75,75,75,75,75,75,75,75,75,75,75,75,75,75],"card_choices":[{"not_picked":["Outmaneuver","Deflect"],"picked":"Backflip","floor":1},{"not_picked":["Choke","Underhanded Strike"],"picked":"Reflex","floor":3},{"not_picked":["Flechettes","A Thousand Cuts"],"picked":"Dagger Spray","floor":6},{"not_picked":["Dagger Spray","Slice"],"picked":"Blur","floor":8},{"not_picked":["Backflip","Concentrate"],"picked":"Bouncing Flask","floor":11},{"not_picked":["Terror","Finisher"],"picked":"PiercingWail","floor":13},{"not_picked":["Sucker Punch","Accuracy"],"picked":"Acrobatics","floor":14},{"not_picked":["Unload","Die Die Die"],"picked":"Phantasmal Killer","floor":16},{"not_picked":["Quick Slash","Heel Hook"],"picked":"Dagger Throw+1","floor":18},{"not_picked":["PiercingWail+1","Grand Finale","Outmaneuver"],"picked":"SKIP","floor":21},{"not_picked":["Dash","Dagger Spray"],"picked":"Adrenaline","floor":23},{"not_picked":["Sucker Punch","Dagger Spray"],"picked":"Deadly Poison+1","floor":24},{"not_picked":["Sucker Punch+1","Prepared"],"picked":"Deadly Poison","floor":28},{"not_picked":["Flying Knee+1","Dodge and Roll+1"],"picked":"Tactician","floor":31},{"not_picked":["Night Terror","Storm of Steel"],"picked":"Bullet Time","floor":33},{"not_picked":["Dodge and Roll","Quick Slash"],"picked":"Backflip","floor":34},{"not_picked":["Accuracy+1","Slice"],"picked":"Blade Dance+1","floor":35},{"not_picked":["Sucker Punch","Masterful Stab+1"],"picked":"Quick Slash+1","floor":38},{"not_picked":["Expertise+1","Poisoned Stab","Backflip"],"picked":"SKIP","floor":41},{"not_picked":["Masterful Stab+1","Noxious Fumes+1"],"picked":"Choke","floor":45},{"not_picked":["Slice+1","Outmaneuver+1"],"picked":"Deadly Poison","floor":46},{"not_picked":["Acrobatics+1","Terror+1"],"picked":"Venomology","floor":48}],"player_experience":816935,"relics_obtained":[{"floor":6,"key":"Tiny Chest"},{"floor":8,"key":"CeramicFish"},{"floor":9,"key":"Meat on the Bone"},{"floor":20,"key":"Regal Pillow"},{"floor":23,"key":"Eternal Feather"},{"floor":26,"key":"Pantograph"},{"floor":29,"key":"Nilry\u0027s Codex"},{"floor":39,"key":"Anchor"},{"floor":41,"key":"Kunai"}],"event_choices":[{"damage_healed":0,"gold_gain":0,"player_choice":"Success","damage_taken":7,"relics_obtained":["Ninja Scroll"],"max_hp_gain":0,"max_hp_loss":0,"event_name":"Scrap Ooze","floor":4,"gold_loss":0},{"damage_healed":0,"gold_gain":0,"player_choice":"Entered Light","damage_taken":14,"max_hp_gain":0,"max_hp_loss":0,"event_name":"Shining Light","floor":5,"gold_loss":0,"cards_upgraded":["Strike_G","Survivor"]},{"damage_healed":0,"gold_gain":0,"player_choice":"2 cards matched","damage_taken":0,"max_hp_gain":0,"max_hp_loss":0,"event_name":"Match and Keep!","floor":10,"gold_loss":0,"cards_obtained":["Neutralize","Cloak And Dagger"]},{"damage_healed":0,"gold_gain":0,"cards_transformed":["Strike_G","Defend_G"],"player_choice":"Became Test Subject","damage_taken":0,"max_hp_gain":0,"max_hp_loss":0,"event_name":"Drug Dealer","floor":19,"gold_loss":0,"cards_obtained":["Prepared","Infinite Blades"]},{"damage_healed":0,"gold_gain":0,"player_choice":"Obtained Book","damage_taken":16,"max_hp_gain":0,"max_hp_loss":0,"event_name":"Cursed Tome","floor":29,"gold_loss":0},{"cards_removed":["Neutralize"],"damage_healed":0,"gold_gain":0,"player_choice":"Removed Attack","damage_taken":0,"max_hp_gain":0,"max_hp_loss":0,"event_name":"Falling","floor":36,"gold_loss":0},{"damage_healed":0,"gold_gain":0,"player_choice":"Paid","damage_taken":0,"relics_obtained":["Red Mask"],"max_hp_gain":0,"max_hp_loss":0,"event_name":"Tomb of Lord Red Mask","floor":42,"gold_loss":163},{"damage_healed":0,"gold_gain":0,"player_choice":"0 cards matched","damage_taken":0,"max_hp_gain":0,"max_hp_loss":0,"event_name":"Match and Keep!","floor":47,"gold_loss":0,"cards_obtained":[]}],"is_beta":false,"boss_relics":[{"not_picked":["Cursed Key","Velvet Choker"],"picked":"SlaversCollar"},{"not_picked":["Black Star","Runic Dome"],"picked":"Tiny House"}],"items_purged_floors":[2],"is_endless":false,"potions_floor_spawned":[3,6,14,21,28,31,45],"killed_by":"Shield and Spear","ascension_level":7}}