{"host":"1q02rw1wpi0nrsss","time":1612817481,"event":{"mods":["AchievementEnabler","BaseMod","Better Note","Better Third Choice","Bossed Relics","Custom Start","Dark Map","DeckTracker","Disable Question Mark Monsters","Minty Spire (QoL Compilation)","Permanent Neow","Quick Restart","Rare Cards Sparkle","Relic Stats","StSLib","??????REMEMod"],"gold_per_floor":[115,130,205,222,233,250,250,280,306,124,124,137,58,71,71,172,172,190,202,172,191,191,191],"floor_reached":22,"language":"ENG","playtime":1021,"items_purged":[],"score":200,"play_id":"a2ba33ef-494a-4121-8d70-ea698699346c","local_time":"20210208125121","is_ascension_mode":true,"campfire_choices":[{"data":"REME_EyeOfCthun","floor":7,"key":"SMITH"},{"data":"Flame Barrier","floor":15,"key":"SMITH"}],"circlet_count":0,"master_deck":["Strike_R","Strike_R","Strike_R","Strike_R","Defend_R","Defend_R","Defend_R","Defend_R","Bash","REME_EyeOfCthun+1","Feel No Pain","Flame Barrier+1","Exhume","REME_AllRoundStrike+1","Battle Trance","Impervious"],"relics":["Burning Blood","REME_ComplimentaryCards","PreservedInsect","Blood Vial","Coffee Dripper"],"acts_visited":["Exordium","TheCity"],"potions_floor_usage":[5,8,12,18,19,20,21,22,22],"damage_taken":[{"damage":6,"enemies":"2 Louse","floor":1,"turns":2},{"damage":5,"enemies":"Jaw Worm","floor":2,"turns":3},{"damage":0,"enemies":"Small Slimes","floor":4,"turns":2},{"damage":39,"enemies":"Exordium Thugs","floor":5,"turns":6},{"damage":6,"enemies":"2 Fungi Beasts","floor":6,"turns":4},{"damage":14,"enemies":"Lagavulin","floor":8,"turns":5},{"damage":15,"enemies":"Gremlin Gang","floor":12,"turns":2},{"damage":0,"enemies":"Looter","floor":14,"turns":2},{"damage":19,"enemies":"Hexaghost","floor":16,"turns":13},{"damage":0,"enemies":"Chosen","floor":18,"turns":1},{"damage":9,"enemies":"3 Byrds","floor":19,"turns":4},{"damage":0,"enemies":"Snake Plant","floor":21,"turns":2},{"damage":0,"enemies":"Centurion and Healer","floor":22,"turns":10}],"seed_played":"2357518040841553585","potions_obtained":[{"floor":4,"key":"SteroidPotion"},{"floor":5,"key":"Swift Potion"},{"floor":8,"key":"ColorlessPotion"},{"floor":14,"key":"GamblersBrew"},{"floor":16,"key":"DuplicationPotion"},{"floor":19,"key":"Swift Potion"},{"floor":20,"key":"REME_GoldPotion"},{"floor":20,"key":"DistilledChaos"},{"floor":21,"key":"SneckoOil"}],"is_trial":false,"path_per_floor":["M","M","?","M","M","M","R","E","T","$","?","M","$","M","R","B",null,"M","M","?","M","M"],"character_chosen":"IRONCLAD","items_purchased":["REME_AllRoundStrike","Battle Trance"],"campfire_rested":0,"item_purchase_floors":[10,13],"current_hp_per_floor":[80,80,69,75,42,42,42,34,34,34,34,27,27,35,35,24,80,80,77,77,80,80,80],"gold":191,"neow_bonus":"TRANSFORM_CARD","is_daily":false,"chose_seed":false,"campfire_upgraded":2,"win_rate":0.0,"timestamp":1612817481,"path_taken":["M","M","?","M","M","M","R","E","T","$","?","M","$","M","R","BOSS","M","M","?","M","M"],"items_purchased_type":["Card","Card"],"build_version":"2020-12-22","purchased_purges":0,"victory":false,"max_hp_per_floor":[80,80,80,80,80,80,80,80,80,80,80,80,80,80,80,80,80,80,80,80,80,80,80],"relic_stats":{"Blood Vial":8,"counters":[13,56],"PreservedInsect":0,"obtain_stats":[{"Blood Vial":9,"PreservedInsect":8,"Coffee Dripper":17,"Burning Blood":0,"REME_ComplimentaryCards":0},{"Blood Vial":6,"PreservedInsect":6,"Coffee Dripper":9,"Burning Blood":0,"REME_ComplimentaryCards":0},{"Blood Vial":22,"PreservedInsect":22,"Coffee Dripper":39,"Burning Blood":0,"REME_ComplimentaryCards":0}],"Burning Blood":60},"card_choices":[{"not_picked":["Thunderclap","Twin Strike","Flex"],"picked":"SKIP","floor":1},{"not_picked":["Thunderclap","Clash"],"picked":"Flame Barrier","floor":2},{"not_picked":["Flame Barrier","Perfected Strike"],"picked":"Exhume","floor":4},{"not_picked":["Thunderclap","Inflame","Shrug It Off"],"picked":"SKIP","floor":5},{"not_picked":["REME_Scribble","Pommel Strike","Anger"],"picked":"SKIP","floor":6},{"not_picked":["Fiend Fire","Heavy Blade","Clothesline"],"picked":"SKIP","floor":8},{"not_picked":["Disarm","Cleave","True Grit"],"picked":"SKIP","floor":12},{"not_picked":["Perfected Strike","Blood for Blood","Disarm"],"picked":"SKIP","floor":14},{"not_picked":["Brutality","Feed"],"picked":"Impervious","floor":16},{"not_picked":["Thunderclap","Pommel Strike","Iron Wave"],"picked":"SKIP","floor":18},{"not_picked":["Headbutt","Power Through","Perfected Strike"],"picked":"SKIP","floor":19},{"not_picked":["Headbutt","REME_TheLastStrike","Heavy Blade"],"picked":"SKIP","floor":21}],"player_experience":87693,"relics_obtained":[{"floor":8,"key":"PreservedInsect"},{"floor":9,"key":"Blood Vial"}],"event_choices":[{"damage_healed":0,"gold_gain":75,"player_choice":"Gold","damage_taken":11,"max_hp_gain":0,"max_hp_loss":0,"event_name":"betterThird:BetterGoop","floor":3,"gold_loss":0},{"damage_healed":0,"gold_gain":0,"player_choice":"Grow","damage_taken":0,"max_hp_gain":0,"max_hp_loss":0,"event_name":"Living Wall","floor":11,"gold_loss":0,"cards_upgraded":["REME_AllRoundStrike"]},{"damage_healed":0,"gold_gain":0,"player_choice":"Bought 2 Potions","damage_taken":0,"max_hp_gain":0,"max_hp_loss":0,"event_name":"The Woman in Blue","floor":20,"gold_loss":0}],"is_beta":false,"boss_relics":[{"not_picked":["Black Star","Black Blood"],"picked":"Coffee Dripper"}],"items_purged_floors":[],"is_endless":false,"potions_floor_spawned":[4,5,8,14,16,19,21],"killed_by":"Centurion and Healer","ascension_level":1}}