{"host":"ouhnlk7sufsq27y5","time":1612760287,"event":{"mods":["Act Like it!","AlwaysNeverKeys","Aspiration","BaseMod","Better Match","Better Third Choice","Card Forge","Conspire","Dark Map","Gold Saver","HololiveMod","Hubris","Infinite Spire","Koishi","Minty Spire (QoL Compilation)","Reliquary","Replay The Spire","Shop Mod","StSLib","Yuri Mod"],"gold_per_floor":[83,103,103,103,118,118,94,167,190,221,240,308,117,141,141,291,291,311,311,311,226,226,262,311,326,350,369,416,471,78,100,100,219,219,264,287,321,339,339,411,711,786,786,819,922,922,972,1050,1050,1192,1192,1204,1204,752,775,483,483,494,494],"floor_reached":58,"language":"ENG","playtime":4219,"items_purged":["Sickly"],"score":1327,"play_id":"32dd4f4b-ef9d-4852-b84d-0159a7e65cec","local_time":"20210207235807","is_ascension_mode":false,"campfire_choices":[{"floor":6,"key":"RECALL"},{"data":"conspire:Banana","floor":15,"key":"SMITH"},{"floor":32,"key":"DIG"},{"floor":41,"key":"DIG"},{"data":"Delirium","floor":49,"key":"PURGE"},{"floor":57,"key":"DIG"}],"circlet_count":0,"master_deck":["Hololive_Strike","Hololive_Strike","Hololive_Defend","Hololive_Defend","Hololive_CocoNews","Hololive_CallHoshimachiSuisei","Hololive_CallArtia","Hololive_CallHimemoriLuna","Hololive_CallHimemoriLuna","Hololive_CallSakuraMiko+1","Hololive_CallTokinoSora","Hololive_CallSpadeEcho+1","Hololive_Yoholoon","Hololive_Breathe","Hololive_Recruit","Hololive_CallTokoyamiTowa","Hololive_Rebound","Hololive_Yoholoon","conspire:Banana+1","Hololive_WolfAndLamb","Hololive_CallAmaneKanata+1","Hololive_CallShirakamiFubuki+1","Hololive_CallMurasakiShion+1","Hololive_OvertimeWork","Hololive_CallSakuraMiko+1","Hololive_SoulCatcher","Hololive_CallAkaiHaato","Hololive_CallUsadaPekora+1","Hololive_DiamondStrike","Hololive_Drill+1","Hololive_Thief","Hololive_CallHimemoriLuna","Hololive_FlyingPonyTail+1","Hololive_CallAkiRosenthal+1","Hololive_Trident","Hololive_CallAmaneKanata+1","Hololive_Trident","Hololive_CallKiryuuCoco","Hololive_Thief","Hololive_Watashimo","Hololive_CallAiraniIofifteen","Apotheosis","Hallucinations","Hololive_CallYukihanaLamy","Hololive_CallAyundaRisu","Hololive_FlyingPonyTail"],"relics":["Hololive_TheStar","Hammer of Thor","Seething Fire","Anvil of the Gods","NeowsBlessing","aspiration:Lifesprig","reliquary:PartyBalloon","aspiration:SeaSaltIceCream","aspiration:Nostalgia","PureWater","reliquary:Knoch","reliquary:KinkedSpring","Blood Vial","Toolbox","Tiny Chest","hubris:Icosahedron","Mercury Hourglass","Juzu Bracelet","Shovel","ClockworkSouvenir","conspire:TopHat","Runic Dome","Replay:Mystery Machine","infinitespire:Broken Mirror","Old Coin","Shuriken","Pet Ghost","ReplayTheSpireMod:Ring of Challenge","Ring of Greed","Membership Card","Replay:Wax Seal","conspire:DecoderRing","reliquary:RedCape","Lantern","Darkstone Periapt","PreservedInsect","Replay:Lucky Slots","hubris:Zylophone","Ancient Tea Set","hubris:MedicalManual"],"acts_visited":["Exordium","TheCity","TheBeyond","Exordium"],"potions_floor_usage":[13],"damage_taken":[{"damage":0,"enemies":"Jaw Worm","floor":1,"turns":1},{"damage":0,"enemies":"Small Slimes","floor":2,"turns":1},{"damage":0,"enemies":"Cultist","floor":5,"turns":1},{"damage":0,"enemies":"Lagavulin","floor":8,"turns":5},{"damage":0,"enemies":"3 Sentries","floor":10,"turns":4},{"damage":0,"enemies":"Lots of Slimes","floor":11,"turns":2},{"damage":0,"enemies":"Lagavulin","floor":12,"turns":4},{"damage":0,"enemies":"Hexaghost","floor":16,"turns":7},{"damage":0,"enemies":"Shell Parasite","floor":18,"turns":3},{"damage":0,"enemies":"Nightmare","floor":23,"turns":6},{"damage":0,"enemies":"2 Thieves","floor":25,"turns":3},{"damage":0,"enemies":"Centurion and Healer","floor":27,"turns":3},{"damage":0,"enemies":"Slavers","floor":28,"turns":3},{"damage":0,"enemies":"Cultist and Chosen","floor":29,"turns":3},{"damage":0,"enemies":"Shelled Parasite and Fungi","floor":31,"turns":3},{"damage":0,"enemies":"Collector","floor":33,"turns":5},{"damage":0,"enemies":"3 Darklings","floor":35,"turns":3},{"damage":0,"enemies":"3 Shapes","floor":37,"turns":3},{"damage":0,"enemies":"Jaw Worm Horde","floor":38,"turns":5},{"damage":0,"enemies":"Nightmare","floor":40,"turns":5},{"damage":0,"enemies":"Transient","floor":42,"turns":5},{"damage":0,"enemies":"3 Darklings","floor":44,"turns":3},{"damage":0,"enemies":"R_Hoarder","floor":45,"turns":4},{"damage":0,"enemies":"infinitespire:MassOfShapes","floor":50,"turns":10},{"damage":0,"enemies":"Small Slimes","floor":52,"turns":1},{"damage":0,"enemies":"Cultist","floor":55,"turns":2},{"damage":69,"enemies":"Nightmare","floor":58,"turns":5}],"seed_played":"-7100201351964042984","potions_obtained":[{"floor":5,"key":"Strength Potion"},{"floor":10,"key":"EntropicBrew"},{"floor":11,"key":"Explosive Potion"},{"floor":18,"key":"SteroidPotion"},{"floor":24,"key":"Death Potion"},{"floor":29,"key":"CultistPotion"}],"is_trial":false,"path_per_floor":["M","M","?","?","M","R","$","E","T","E","M","E","$","T","R","B",null,"M","T","AVR","?","?","NM","?","M","T","M","E","M","$","M","R","B",null,"M","T","M","M","?","NM","R","M","T","M","E","?","?","T","R","B",null,"M","?","$","M","$","R","NM"],"character_chosen":"Hololive_HololiveCharacter","items_purchased":["Hololive_Breathe","Fruit Juice","conspire:Banana","Hololive_CallUsadaPekora","ClockworkSouvenir","Hololive_DiamondStrike","Darkstone Periapt","PreservedInsect","Hololive_CallAiraniIofifteen","Apotheosis","Replay:Lucky Slots","Hololive_CallAyundaRisu","hubris:Zylophone","Ancient Tea Set","Hololive_FlyingPonyTail"],"campfire_rested":0,"item_purchase_floors":[7,13,13,30,30,30,54,54,54,54,54,56,56,56,56],"current_hp_per_floor":[35,35,35,35,35,35,35,35,35,35,35,35,40,40,40,42,42,44,44,44,44,44,46,35,37,37,41,45,47,47,49,49,52,52,52,52,52,54,54,56,56,58,58,58,58,58,58,58,58,60,60,60,60,60,66,66,66,0,0],"gold":494,"neow_bonus":"THREE_ENEMY_KILL","is_daily":false,"chose_seed":false,"campfire_upgraded":1,"win_rate":0.0,"timestamp":1612760287,"path_taken":["M","M","?","?","M","R","$","E","T","E","?","E","?","?","R","BOSS","M","?","AVR","?","?","NM","?","M","T","M","E","M","?","M","R","BOSS","M","?","M","M","?","NM","R","M","T","M","E","?","?","?","R","BOSS","M","?","$","M","$","R","NM"],"items_purchased_type":["Card","Potion","Card","Card","Relic","Card","Relic","Relic","Card","Card","Relic","Card","Relic","Relic","Card"],"build_version":"2020-12-22","purchased_purges":1,"victory":false,"max_hp_per_floor":[35,35,35,35,35,35,35,35,35,35,35,35,40,40,40,42,42,44,44,44,44,44,46,46,46,46,48,50,50,50,50,50,52,52,52,52,52,54,54,56,56,58,58,58,58,58,58,58,58,60,60,60,60,60,66,66,66,66,66],"card_choices":[{"not_picked":["Hololive_Sequa","Hololive_Drill","Hololive_CallTokoyamiTowa"],"picked":"Hololive_CallTokinoSora","floor":1},{"not_picked":["Hololive_StrengthChampion","Hololive_CocoNews","Hololive_Drill"],"picked":"Hololive_CallSpadeEcho","floor":2},{"not_picked":["Hololive_StrengthChampion","Hololive_Psychosis","Hololive_CallRosalyn"],"picked":"Hololive_Yoholoon","floor":5},{"not_picked":["Hololive_Sequa","Hololive_Rebound","Hololive_Breathe"],"picked":"Hololive_Recruit","floor":8},{"not_picked":["Hololive_Trident","Hololive_CallShishiroBotan","Hololive_SummonFox"],"picked":"Hololive_CallTokoyamiTowa","floor":10},{"not_picked":["Hololive_Sequa","Hololive_ManjiGathering","Hololive_CocoNews"],"picked":"Hololive_Rebound","floor":11},{"not_picked":["Hololive_RevenueBasedLive","Hololive_Breathe","Hololive_OvertimeWork"],"picked":"Hololive_Yoholoon","floor":12},{"not_picked":["Hololive_Nanodesu","Hololive_Recruit","Hololive_FlareMind"],"picked":"Hololive_WolfAndLamb","floor":16},{"not_picked":["Hololive_Breathe","Hololive_FlyingPonyTail","Hololive_CallShishiroBotan"],"picked":"Hololive_CallAmaneKanata+1","floor":18},{"not_picked":["Hololive_Nanodesu","Hololive_RevenueBasedLive","Hololive_Psychosis+1"],"picked":"Hololive_CallShirakamiFubuki+1","floor":23},{"not_picked":["Hololive_CallOmaruPolka","Hololive_Breathe","Hololive_FlyingPonyTail"],"picked":"Hololive_CallMurasakiShion+1","floor":24},{"not_picked":["Hololive_Sequa","Hololive_HuntDinosaur","Hololive_Trident+1"],"picked":"Hololive_OvertimeWork","floor":25},{"not_picked":["Hololive_Rebound","Hololive_OvertimeWork","Hololive_CallTokoyamiTowa"],"picked":"Hololive_CallSakuraMiko+1","floor":27},{"not_picked":["Hololive_OvertimeWork","Hololive_CallOmaruPolka","Hololive_CallShirakamiFubuki+1"],"picked":"Hololive_SoulCatcher","floor":28},{"not_picked":["Hololive_Trident","Hololive_Psychosis","Hololive_Drill"],"picked":"Hololive_CallAkaiHaato","floor":29},{"not_picked":["Hololive_Trident","Hololive_HuntDinosaur+1","Hololive_DiamondStrike"],"picked":"Hololive_Drill+1","floor":31},{"not_picked":["Hololive_WolfAndLamb","Hololive_StarCraft","Hololive_Nanodesu"],"picked":"Hololive_Thief","floor":33},{"not_picked":["Hololive_Drill+1","Hololive_Breathe","Hololive_StrengthChampion"],"picked":"Hololive_CallHimemoriLuna","floor":35},{"not_picked":["Hololive_OvertimeWork+1","Hololive_Rebound","Hololive_LuckPotion+1"],"picked":"Hololive_FlyingPonyTail+1","floor":37},{"not_picked":["Hololive_CocoNews","Hololive_HuntDinosaur","Hololive_Sequa"],"picked":"Hololive_CallAkiRosenthal+1","floor":38},{"not_picked":["Hololive_Breathe","Hololive_LuckPotion+1","Hololive_Drill+1"],"picked":"Hololive_Trident","floor":40},{"not_picked":["Hololive_HuntDinosaur","Hololive_MaximGun","Hololive_FlyingPonyTail"],"picked":"Hololive_CallAmaneKanata+1","floor":42},{"not_picked":["Hololive_OvertimeWork+1","Hololive_Drill+1","Hololive_FlyingPonyTail"],"picked":"Hololive_Trident","floor":44},{"not_picked":["Hololive_CallShirakamiFubuki+1","Hololive_FlyingPonyTail+1","Hololive_CallYuzukiChoco"],"picked":"Hololive_CallKiryuuCoco","floor":45},{"not_picked":["Hololive_HighAtkLowDef","Hololive_AWSL","Hololive_MaximGun"],"picked":"Hololive_Thief","floor":50},{"not_picked":["Hololive_Spy","Hololive_CallNatsuiroMatsuri","Hololive_LuckPotion"],"picked":"Hololive_Watashimo","floor":52},{"not_picked":["Hololive_CallNakiriAyame","Hololive_CallRosalyn","Hololive_Breathe"],"picked":"Hololive_CallYukihanaLamy","floor":55}],"player_experience":1515728,"relics_obtained":[{"floor":8,"key":"aspiration:Lifesprig"},{"floor":10,"key":"reliquary:PartyBalloon"},{"floor":12,"key":"aspiration:SeaSaltIceCream"},{"floor":14,"key":"reliquary:Knoch"},{"floor":19,"key":"Blood Vial"},{"floor":23,"key":"Mercury Hourglass"},{"floor":26,"key":"Juzu Bracelet"},{"floor":28,"key":"Shovel"},{"floor":32,"key":"conspire:TopHat"},{"floor":36,"key":"Replay:Mystery Machine"},{"floor":40,"key":"infinitespire:Broken Mirror"},{"floor":41,"key":"Old Coin"},{"floor":43,"key":"Shuriken"},{"floor":45,"key":"Pet Ghost"},{"floor":47,"key":"ReplayTheSpireMod:Ring of Challenge"},{"floor":47,"key":"Ring of Greed"},{"floor":47,"key":"Membership Card"},{"floor":47,"key":"Replay:Wax Seal"},{"floor":48,"key":"conspire:DecoderRing"},{"floor":57,"key":"hubris:MedicalManual"}],"event_choices":[{"damage_healed":0,"gold_gain":0,"player_choice":"Leave","damage_taken":0,"max_hp_gain":0,"max_hp_loss":0,"event_name":"The Cleric","floor":3,"gold_loss":0},{"damage_healed":0,"gold_gain":0,"player_choice":"Upgraded","damage_taken":0,"max_hp_gain":0,"max_hp_loss":0,"event_name":"Upgrade Shrine","floor":4,"gold_loss":0,"cards_upgraded":["Hololive_CallSpadeEcho"]},{"damage_healed":0,"gold_gain":0,"player_choice":"Obtained Relic","damage_taken":0,"relics_obtained":["Tiny Chest"],"max_hp_gain":0,"max_hp_loss":0,"event_name":"Addict","floor":21,"gold_loss":85},{"damage_healed":0,"gold_gain":0,"player_choice":"Upgraded","damage_taken":0,"max_hp_gain":0,"max_hp_loss":0,"event_name":"Upgrade Shrine","floor":46,"gold_loss":0,"cards_upgraded":["Hololive_CallSakuraMiko"]},{"damage_healed":0,"gold_gain":0,"player_choice":"Searched \u00272\u0027 times","damage_taken":0,"relics_obtained":["Lantern"],"max_hp_gain":0,"max_hp_loss":0,"event_name":"Dead Adventurer","floor":53,"gold_loss":0}],"is_beta":false,"boss_relics":[{"not_picked":["Honey Jar","SacredBark"],"picked":"reliquary:KinkedSpring"},{"not_picked":["aspiration:DefectSkillbook","Hololive_TopUpMoneyS"],"picked":"Runic Dome"},{"not_picked":["Empty Cage","Tiny House"],"picked":"reliquary:RedCape"}],"items_purged_floors":[54],"is_endless":true,"potions_floor_spawned":[5,10,11,12,18,25,28,29,38,40,42,44,45,52],"killed_by":"Nightmare","ascension_level":0}}