{"host":"oehe2dxjvdgux73m","time":1612790843,"event":{"mods":["AchievementEnabler","BaseMod","Colored Map","Colored Powertips","DeckTracker","Keyboard Shortcuts","Minty Spire (QoL Compilation)","Permanent Neow","Quick Restart","StSLib","SuperFastMode"],"gold_per_floor":[116,41,41,55,55,16,50,62,87,104,125,48,64,64,64,161,161,178,224,244,154,173,205,205,224,224,254,266,278,278],"floor_reached":29,"language":"KOR","playtime":814,"items_purged":["Defend_P"],"score":257,"play_id":"8717c437-edef-45bf-88d2-9bb637805210","local_time":"20210208222723","is_ascension_mode":true,"campfire_choices":[{"floor":15.0,"key":"REST"},{"floor":24,"key":"REST"},{"floor":28,"key":"REST"}],"circlet_count":0,"master_deck":["Strike_P","Strike_P","Strike_P+1","Defend_P","Defend_P+1","Eruption","Vigilance+1","FearNoEvil","Adaptation","InnerPeace","Crescendo+1"],"relics":["PureWater","Art of War","Tiny Chest","Odd Mushroom","Orichalcum","Du-Vu Doll","MawBank"],"acts_visited":["Exordium","TheCity"],"potions_floor_usage":[23,23,25],"damage_taken":[{"damage":3.0,"enemies":"Jaw Worm","floor":1.0,"turns":3.0},{"damage":0.0,"enemies":"Small Slimes","floor":4.0,"turns":3.0},{"damage":42.0,"enemies":"Lagavulin","floor":7.0,"turns":6.0},{"damage":0.0,"enemies":"Cultist","floor":8.0,"turns":3.0},{"damage":1.0,"enemies":"2 Fungi Beasts","floor":10.0,"turns":2.0},{"damage":13.0,"enemies":"The Mushroom Lair","floor":11.0,"turns":5.0},{"damage":2.0,"enemies":"Exordium Thugs","floor":13.0,"turns":5.0},{"damage":43.0,"enemies":"Slime Boss","floor":16.0,"turns":8.0},{"damage":10.0,"enemies":"Shell Parasite","floor":18.0,"turns":6.0},{"damage":12.0,"enemies":"Chosen","floor":20.0,"turns":6.0},{"damage":27.0,"enemies":"Snake Plant","floor":22.0,"turns":4.0},{"damage":14,"enemies":"Book of Stabbing","floor":23,"turns":5},{"damage":24,"enemies":"3 Cultists","floor":25,"turns":7},{"damage":1,"enemies":"Snecko","floor":27,"turns":5},{"damage":26,"enemies":"Chosen and Byrds","floor":29,"turns":7}],"seed_played":"1907200285507965301","potions_obtained":[{"floor":5.0,"key":"FairyPotion"},{"floor":5.0,"key":"Regen Potion"},{"floor":5.0,"key":"LiquidBronze"},{"floor":7.0,"key":"ColorlessPotion"},{"floor":11.0,"key":"PowerPotion"},{"floor":16.0,"key":"AttackPotion"},{"floor":18.0,"key":"Weak Potion"},{"floor":23,"key":"DuplicationPotion"},{"floor":25,"key":"DuplicationPotion"}],"is_trial":false,"path_per_floor":["M","$","?","M","?","$","E","M","T","M","?","$","M","$","R","B",null,"M","T","M","?","M","E","R","M","T","M","R","M"],"character_chosen":"WATCHER","items_purchased":["FearNoEvil","Adaptation"],"campfire_rested":3,"item_purchase_floors":[6,12],"current_hp_per_floor":[69,69,55,55,55,55,28,28,28,27,14,14,12,12,33,14,72,62,62,50,50,23,9,30,6,6,5,26,0,0],"gold":278,"neow_bonus":"REMOVE_CARD","is_daily":false,"chose_seed":false,"campfire_upgraded":0,"win_rate":0.0,"timestamp":1612790843,"path_taken":["M","$","?","M","?","$","E","M","T","?","?","?","M","$","R","BOSS","M","?","M","?","M","E","R","M","T","M","R","M"],"items_purchased_type":["Card","Card"],"build_version":"2020-12-22","purchased_purges":1,"victory":false,"max_hp_per_floor":[72,72,72,72,72,72,72,72,72,72,72,72,72,72,72,72,72,72,72,72,72,72,72,72,72,72,72,72,72,72],"card_choices":[{"not_picked":["Consecrate","CutThroughFate","Sanctity"],"picked":"SKIP","floor":1.0},{"not_picked":["TalkToTheHand","Prostrate","FollowUp"],"picked":"SKIP","floor":4.0},{"not_picked":["Indignation","JustLucky","FollowUp"],"picked":"SKIP","floor":7.0},{"not_picked":["EmptyFist","Wireheading","Alpha"],"picked":"SKIP","floor":8.0},{"not_picked":["EmptyFist","Wireheading","Alpha"],"picked":"SKIP","floor":8.0},{"not_picked":["CarveReality","ReachHeaven","Meditate"],"picked":"SKIP","floor":10.0},{"not_picked":["Protect","WheelKick","Crescendo"],"picked":"SKIP","floor":13.0},{"not_picked":["Indignation","BowlingBash","FollowUp"],"picked":"SKIP","floor":18.0},{"not_picked":["Worship","FlyingSleeves+1","FlurryOfBlows"],"picked":"SKIP","floor":20.0},{"not_picked":["ClearTheMind","ForeignInfluence"],"picked":"InnerPeace","floor":22.0},{"not_picked":["ClearTheMind+1","DeceiveReality+1","Alpha"],"picked":"SKIP","floor":23},{"not_picked":["SignatureMove","InnerPeace+1","Crescendo"],"picked":"SKIP","floor":25},{"not_picked":["JustLucky","Prostrate+1"],"picked":"Crescendo+1","floor":27}],"player_experience":415720,"relics_obtained":[{"floor":7.0,"key":"Art of War"},{"floor":9.0,"key":"Tiny Chest"},{"floor":11.0,"key":"Odd Mushroom"},{"floor":19.0,"key":"Orichalcum"},{"floor":23,"key":"Du-Vu Doll"},{"floor":26,"key":"MawBank"}],"event_choices":[{"damage_healed":0.0,"max_hp_gain":0.0,"max_hp_loss":0.0,"gold_gain":0.0,"event_name":"Shining Light","player_choice":"Entered Light","floor":3.0,"gold_loss":0.0,"damage_taken":14.0,"cards_upgraded":["Vigilance","Defend_P"]},{"damage_healed":0.0,"max_hp_gain":0.0,"max_hp_loss":0.0,"gold_gain":0.0,"event_name":"Lab","player_choice":"Got Potions","floor":5.0,"gold_loss":0.0,"damage_taken":0.0},{"damage_healed":0.0,"max_hp_gain":0.0,"max_hp_loss":0.0,"gold_gain":0.0,"event_name":"Mushrooms","player_choice":"Fought Mushrooms","floor":11.0,"gold_loss":0.0,"damage_taken":0.0},{"cards_removed":["Strike_P"],"damage_healed":0.0,"max_hp_gain":0.0,"max_hp_loss":0.0,"gold_gain":0.0,"event_name":"Designer","player_choice":"Upgrade and Remove","floor":21.0,"gold_loss":90.0,"damage_taken":0.0,"cards_upgraded":["Strike_P"]}],"is_beta":false,"boss_relics":[{"not_picked":[]}],"items_purged_floors":[2],"is_endless":false,"potions_floor_spawned":[7,11,13,16,18,23,25],"killed_by":"Chosen and Byrds","ascension_level":1}}