{"host":"vyiqbz5w606ur92t","time":1612761584,"event":{"mods":["BaseMod","Downfall","Minty Spire (QoL Compilation)","StSLib"],"gold_per_floor":[99,117,176,276,108,121,147,167,167,185,360,380,380,69,89,189,189,189,206,222,222,222,222],"floor_reached":21,"language":"ENG","playtime":2228,"items_purged":["champ:Strike","Doubt"],"score":214,"play_id":"b938fb53-bdfe-40fc-a206-75a75fcecaa1","local_time":"20210208051944","is_ascension_mode":true,"campfire_choices":[{"data":"champ:Taunt","floor":1,"key":"SMITH"},{"floor":9,"key":"REST"},{"data":"champ:Lariat","floor":13,"key":"SMITH"},{"floor":18,"key":"RECALL"}],"circlet_count":0,"master_deck":["champ:Strike","champ:Strike","champ:Defend","champ:Defend","champ:Execute","champ:Taunt+1","champ:RapidStrikes","champ:BerserkerStyle","champ:BringItOn","champ:Endure","champ:Lariat+1","champ:EnGarde","champ:BerserkersShout","champ:AdrenalArmor","champ:AdrenalArmor","champ:StanceDance","champ:CheapShot","champ:BerserkersShout+1","champ:Haymaker+1","champ:UltimateStance+1","champ:ArenaPreparation+1","champ:PreciseThrust+1"],"relics":["Philosopher\u0027s Stone","Blood Vial","Champion Belt","bronze:BronzeIdol","champ:BerserkersGuideToSlaughter","Astrolabe"],"acts_visited":["Exordium","TheCity"],"potions_floor_usage":[3,10,12,14,16],"damage_taken":[{"damage":12,"enemies":"2 Louse","floor":2,"turns":3},{"damage":34,"enemies":"Gremlin Nob","floor":3,"turns":5},{"damage":65,"enemies":"Gremlin Nob","floor":4,"turns":6},{"damage":17,"enemies":"downfall:FleeingMerchant","floor":5,"turns":4},{"damage":27,"enemies":"Jaw Worm","floor":6,"turns":4},{"damage":20,"enemies":"Small Slimes","floor":8,"turns":4},{"damage":49,"enemies":"Exordium Wildlife","floor":10,"turns":5},{"damage":22,"enemies":"Gremlin Gang","floor":12,"turns":3},{"damage":63,"enemies":"downfall:FleeingMerchant","floor":14,"turns":4},{"damage":60,"enemies":"Lots of Slimes","floor":15,"turns":6},{"damage":141,"enemies":"IC_STATUS_ARCHETYPE","floor":16,"turns":10},{"damage":57,"enemies":"Spheric Guardian","floor":19,"turns":4},{"damage":65,"enemies":"Shelled Parasite and Fungi","floor":20,"turns":5},{"damage":90,"enemies":"Snecko","floor":21,"turns":3}],"seed_played":"7922862946430184132","potions_obtained":[{"floor":2,"key":"Ancient Potion"},{"floor":4,"key":"SteroidPotion"},{"floor":6,"key":"Block Potion"},{"floor":10,"key":"AttackPotion"},{"floor":15,"key":"ColorlessPotion"},{"floor":16,"key":"hexamod:SoulburnPotion"}],"is_trial":false,"path_per_floor":["R","M","?","?","$","M","T","M","R","M","?","M","R","$","M","B",null,"R","M","M","M"],"character_chosen":"THE_CHAMP","items_purchased":["LiquidMemories","champ:BerserkersGuideToSlaughter","champ:AdrenalArmor"],"campfire_rested":1,"item_purchase_floors":[5,14,14],"current_hp_per_floor":[90,88,64,18,20,19,19,21,48,50,50,52,52,54,53,28,75,75,85,90,0,0,0],"gold":222,"neow_bonus":"BOSS_RELIC","is_daily":false,"chose_seed":false,"campfire_upgraded":2,"win_rate":0.0,"timestamp":1612761584,"path_taken":["R","M","?","?","$","M","T","?","R","M","?","M","R","$","M","BOSS","R","M","M","M"],"items_purchased_type":["Potion","Relic","Card"],"build_version":"2020-12-22","purchased_purges":2,"victory":false,"max_hp_per_floor":[90,90,90,90,90,90,90,90,90,90,90,90,90,90,90,90,90,90,90,90,90,90,90],"card_choices":[{"not_picked":["champ:DefensiveStyle","champ:FaceSlap"],"picked":"champ:RapidStrikes","floor":2},{"not_picked":["champ:GutPunch","champ:StanceDance"],"picked":"champ:BerserkerStyle","floor":3},{"not_picked":["champ:BerserkersShout","champ:ViciousMockery"],"picked":"champ:BringItOn","floor":4},{"not_picked":["champ:BringItOn","champ:DeathBlow"],"picked":"champ:Endure","floor":5},{"not_picked":["champ:FalseCounter","champ:BerserkersShout"],"picked":"champ:Lariat","floor":6},{"not_picked":["champ:BringItOn","champ:FlashCut"],"picked":"champ:EnGarde","floor":8},{"not_picked":["champ:Encircle","champ:Haymaker"],"picked":"champ:BerserkersShout","floor":10},{"not_picked":["champ:Endure","champ:SkillfulDodge"],"picked":"champ:AdrenalArmor","floor":12},{"not_picked":["champ:FlashCut","champ:HoldFirm","champ:Haymaker"],"picked":"SKIP","floor":14},{"not_picked":["champ:BerserkersShout","champ:CrookedStrike"],"picked":"champ:StanceDance","floor":15},{"not_picked":["champ:SteelEdge","champ:LastStand"],"picked":"champ:CheapShot","floor":16},{"not_picked":["champ:Circumvent+1","champ:Shatter"],"picked":"champ:ArenaPreparation+1","floor":19},{"not_picked":["champ:Shatter","champ:DefensiveShout"],"picked":"champ:PreciseThrust+1","floor":20}],"player_experience":1623792,"relics_obtained":[{"floor":3,"key":"Blood Vial"},{"floor":4,"key":"Champion Belt"},{"floor":7,"key":"bronze:BronzeIdol"}],"event_choices":[],"is_beta":false,"boss_relics":[{"not_picked":["Tiny House","SlaversCollar"],"picked":"Astrolabe"}],"items_purged_floors":[5,14],"is_endless":false,"potions_floor_spawned":[2,4,6,10,15,16],"killed_by":"Snecko","ascension_level":5}}