{"host":"edndssuekvzbh3is","time":1612763771,"event":{"mods":["BaseMod","Colored Map","Colored Powertips","Minty Spire (QoL Compilation)","SuperFastMode"],"gold_per_floor":[113,124,135,153,153,185,197,232,256,23,23,39,52,69,69,69,69],"floor_reached":16,"language":"ENG","playtime":377,"items_purged":["Strike_R"],"score":174,"play_id":"a682261b-4f76-470d-bef5-709442d0c4cf","local_time":"20210208005611","is_ascension_mode":true,"campfire_choices":[{"data":"Whirlwind","floor":15,"key":"SMITH"}],"circlet_count":0,"master_deck":["AscendersBane","Strike_R","Strike_R","Strike_R","Strike_R","Defend_R","Defend_R","Defend_R","Defend_R","Bash","Flame Barrier","Clothesline","Rage","Carnage","Pommel Strike","Shrug It Off","Double Tap","Pummel","Whirlwind+1","Seeing Red"],"relics":["Burning Blood","Akabeko","HornCleat","Strawberry","Red Skull"],"acts_visited":["Exordium"],"potions_floor_usage":[8,16,16,16],"damage_taken":[{"damage":3,"enemies":"2 Louse","floor":1,"turns":2},{"damage":0,"enemies":"Small Slimes","floor":2,"turns":4},{"damage":0,"enemies":"Cultist","floor":3,"turns":3},{"damage":13,"enemies":"Red Slaver","floor":4,"turns":4},{"damage":37,"enemies":"Gremlin Nob","floor":6,"turns":5},{"damage":1,"enemies":"2 Fungi Beasts","floor":7,"turns":3},{"damage":19,"enemies":"Lagavulin","floor":8,"turns":6},{"damage":21,"enemies":"Large Slime","floor":12,"turns":6},{"damage":11,"enemies":"Looter","floor":13,"turns":2},{"damage":9,"enemies":"Exordium Wildlife","floor":14,"turns":3},{"damage":49,"enemies":"The Guardian","floor":16,"turns":12}],"seed_played":"-5431984929524178369","potions_obtained":[{"floor":1,"key":"EssenceOfSteel"},{"floor":3,"key":"LiquidBronze"},{"floor":8,"key":"BlessingOfTheForge"},{"floor":12,"key":"Strength Potion"},{"floor":14,"key":"AttackPotion"}],"is_trial":false,"path_per_floor":["M","M","M","M","?","E","M","E","T","$","?","M","M","M","R","B"],"character_chosen":"IRONCLAD","items_purchased":["Double Tap"],"campfire_rested":0,"item_purchase_floors":[10],"current_hp_per_floor":[75,80,80,73,73,42,47,41,41,41,70,55,50,47,47,0,0],"gold":69,"neow_bonus":"RANDOM_COMMON_RELIC","is_daily":false,"chose_seed":false,"campfire_upgraded":1,"win_rate":0.0,"timestamp":1612763771,"path_taken":["M","M","M","M","?","E","M","E","T","$","?","M","M","M","R","BOSS"],"items_purchased_type":["Card"],"build_version":"2020-12-22","purchased_purges":1,"victory":false,"max_hp_per_floor":[80,80,80,80,80,80,80,87,87,87,87,87,87,87,87,87,87],"card_choices":[{"not_picked":["Rampage","Dark Embrace"],"picked":"Flame Barrier","floor":1},{"not_picked":["Twin Strike","Shrug It Off"],"picked":"Clothesline","floor":2},{"not_picked":["Infernal Blade","Warcry"],"picked":"Rage","floor":3},{"not_picked":["Warcry","Thunderclap"],"picked":"Carnage","floor":4},{"not_picked":["Warcry","Sever Soul","Searing Blow"],"picked":"SKIP","floor":6},{"not_picked":["Blood for Blood","Metallicize"],"picked":"Pommel Strike","floor":7},{"not_picked":["Wild Strike","Anger"],"picked":"Shrug It Off","floor":8},{"not_picked":["Perfected Strike","Sword Boomerang"],"picked":"Pummel","floor":12},{"not_picked":["Shockwave","Impervious"],"picked":"Whirlwind","floor":13},{"not_picked":["Iron Wave","Body Slam"],"picked":"Seeing Red","floor":14}],"player_experience":358524,"relics_obtained":[{"floor":6,"key":"HornCleat"},{"floor":8,"key":"Strawberry"},{"floor":9,"key":"Red Skull"}],"event_choices":[{"damage_healed":0,"gold_gain":0,"player_choice":"Ignored","damage_taken":0,"max_hp_gain":0,"max_hp_loss":0,"event_name":"Golden Idol","floor":5,"gold_loss":0},{"damage_healed":29,"gold_gain":0,"player_choice":"Banana","damage_taken":0,"max_hp_gain":0,"max_hp_loss":0,"event_name":"Big Fish","floor":11,"gold_loss":0}],"is_beta":false,"boss_relics":[],"items_purged_floors":[10],"is_endless":false,"potions_floor_spawned":[1,3,8,12,14],"killed_by":"The Guardian","ascension_level":10}}