{"host":"tetq3wi5anb97imq","time":1612825072,"event":{"mods":["BaseMod","Block Reminder","Minty Spire (QoL Compilation)","Quick Restart","StSLib","SuperFastMode"],"gold_per_floor":[10,10,28,38,113,113,140,140,187,218,218,236,236,266,266,343,343,355,355,355,31,50,50,50],"floor_reached":23,"language":"ENG","playtime":467,"items_purged":[],"score":414,"play_id":"7d0d29e2-fa9c-492e-8fb5-cc6acf4339a7","local_time":"20210208205752","is_ascension_mode":true,"campfire_choices":[{"data":"Crippling Poison","floor":6.0,"key":"SMITH"},{"data":"Footwork","floor":8.0,"key":"SMITH"},{"floor":13,"key":"REST"},{"floor":15,"key":"REST"}],"circlet_count":0,"master_deck":["AscendersBane","Strike_G+1","Strike_G+1","Strike_G+1","Strike_G+1","Strike_G+1","Defend_G+1","Defend_G+1","Defend_G+1","Defend_G+1","Defend_G+1","Survivor","Neutralize","The Bomb","Blur","Corpse Explosion","Predator+1","Crippling Poison+1","Footwork+1","Bouncing Flask","Dagger Throw","Dagger Throw","Burst","Sucker Punch+1","Bane"],"relics":["Ring of the Snake","Bag of Preparation","Ancient Tea Set","HornCleat","Meat on the Bone","Philosopher\u0027s Stone","Vajra","Snake Skull"],"acts_visited":["Exordium","TheCity"],"potions_floor_usage":[14],"damage_taken":[{"damage":4.0,"enemies":"Jaw Worm","floor":1.0,"turns":5.0},{"damage":6.0,"enemies":"Cultist","floor":3.0,"turns":4.0},{"damage":7.0,"enemies":"2 Louse","floor":4.0,"turns":3.0},{"damage":7.0,"enemies":"Lagavulin","floor":7.0,"turns":6.0},{"damage":29,"enemies":"Gremlin Nob","floor":10,"turns":4},{"damage":1,"enemies":"Blue Slaver","floor":12,"turns":5},{"damage":16,"enemies":"Lagavulin","floor":14,"turns":4},{"damage":17,"enemies":"The Guardian","floor":16,"turns":9},{"damage":22,"enemies":"3 Byrds","floor":18,"turns":3},{"damage":18,"enemies":"2 Thieves","floor":22,"turns":2},{"damage":6,"enemies":"Gremlin Leader","floor":23,"turns":4}],"seed_played":"-942877534816070070","potions_obtained":[{"floor":1.0,"key":"DuplicationPotion"},{"floor":4.0,"key":"Regen Potion"},{"floor":7.0,"key":"PowerPotion"}],"is_trial":false,"path_per_floor":["M","?","M","M","?","R","E","R","T","E","?","M","R","E","R","B",null,"M","?","?","$","M","E"],"character_chosen":"THE_SILENT","items_purchased":["Vajra","Snake Skull"],"campfire_rested":2,"item_purchase_floors":[21,21],"current_hp_per_floor":[55,55,49,42,31,31,39,39,39,10,10,9,28,12,31,26,56,34,34,34,34,28,22,22],"gold":50,"neow_bonus":"RANDOM_COLORLESS_2","is_daily":false,"chose_seed":false,"campfire_upgraded":2,"win_rate":0.0,"timestamp":1612825072,"path_taken":["M","?","M","?","?","R","E","R","T","E","?","M","R","E","R","BOSS","M","?","?","$","M","E"],"items_purchased_type":["Relic","Relic"],"build_version":"2020-12-22","purchased_purges":0,"victory":false,"max_hp_per_floor":[66,66,66,66,66,66,66,66,66,66,66,66,66,66,66,66,66,66,66,66,66,66,66,66],"card_choices":[{"not_picked":["Magnetism","Metamorphosis"],"picked":"The Bomb","floor":0.0},{"not_picked":["Dodge and Roll","Backflip"],"picked":"Blur","floor":1.0},{"not_picked":["Poisoned Stab","Choke"],"picked":"Predator","floor":3.0},{"not_picked":["Dodge and Roll","Backflip"],"picked":"Crippling Poison","floor":4.0},{"not_picked":["Catalyst","Flying Knee"],"picked":"Footwork","floor":7.0},{"not_picked":["Concentrate","Flying Knee"],"picked":"Bouncing Flask","floor":10},{"not_picked":["All Out Attack","Slice"],"picked":"Dagger Throw","floor":12},{"not_picked":["Dagger Spray","Underhanded Strike"],"picked":"Dagger Throw","floor":14},{"not_picked":["Die Die Die","Unload"],"picked":"Burst","floor":16},{"not_picked":["Slice","Skewer"],"picked":"Sucker Punch+1","floor":18},{"not_picked":["Predator","Blade Dance"],"picked":"Bane","floor":22}],"player_experience":1654064,"relics_obtained":[{"floor":7.0,"key":"Bag of Preparation"},{"floor":9.0,"key":"Ancient Tea Set"},{"floor":10,"key":"HornCleat"},{"floor":14,"key":"Meat on the Bone"}],"event_choices":[{"damage_healed":0.0,"max_hp_gain":0.0,"max_hp_loss":0.0,"gold_gain":0.0,"event_name":"Match and Keep!","player_choice":"1 cards matched","floor":2.0,"gold_loss":0.0,"damage_taken":0.0,"cards_obtained":["Corpse Explosion"]},{"damage_healed":0.0,"max_hp_gain":0.0,"max_hp_loss":0.0,"gold_gain":75.0,"event_name":"World of Goop","player_choice":"Gather Gold","floor":5.0,"gold_loss":0.0,"damage_taken":11.0},{"damage_healed":0,"gold_gain":0,"player_choice":"Grow","damage_taken":0,"max_hp_gain":0,"max_hp_loss":0,"event_name":"Living Wall","floor":11,"gold_loss":0,"cards_upgraded":["Predator"]},{"damage_healed":0,"gold_gain":0,"player_choice":"Simplicity","damage_taken":0,"max_hp_gain":0,"max_hp_loss":0,"event_name":"Back to Basics","floor":19,"gold_loss":0,"cards_upgraded":["Strike_G","Strike_G","Strike_G","Strike_G","Strike_G","Defend_G","Defend_G","Defend_G","Defend_G","Defend_G"]},{"damage_healed":0,"gold_gain":0,"player_choice":"Ignored","damage_taken":0,"max_hp_gain":0,"max_hp_loss":0,"event_name":"N\u0027loth","floor":20,"gold_loss":0}],"is_beta":false,"boss_relics":[{"not_picked":["Astrolabe","HoveringKite"],"picked":"Philosopher\u0027s Stone"}],"items_purged_floors":[],"is_endless":false,"potions_floor_spawned":[1,4,7],"killed_by":"Gremlin Leader","ascension_level":20}}