{"host":"ttx8tv95o5vka1nm","time":1612776697,"event":{"mods":["AchievementEnabler","BaseMod","BetterRewards","Colored Map","Evolution","Hermit","Hubris","Infinite Spire","Jorbs\u0027s Wanderer Trilogy","Minty Spire (QoL Compilation)","Relic Filter Mod","Reliquary","Robot Space Explorer","Shop Mod","Spicy Shops","StSLib","The Blue Laboratory","The Bug Knight","The Construct","The Cursed","The Disciple","The Forsaken","The Hierophant","The Necromancer","The Runesmith","TheBandit"],"gold_per_floor":[109,109,127,27,41,41,70,70,94,106,138,160,197,372,372,474,524,540,0,0],"floor_reached":19,"language":"ENG","playtime":2229,"items_purged":["stsjorbsmod:Defend_Wanderer"],"score":212,"play_id":"b1f9d5b7-44fc-4d7b-90c2-b2d232fb22c6","local_time":"20210208193137","is_ascension_mode":false,"campfire_choices":[{"data":"stsjorbsmod:Prestidigitation","floor":6,"key":"SMITH"},{"data":"stsjorbsmod:ArcaneForm","floor":8,"key":"SMITH"},{"data":"stsjorbsmod:OldPocket","floor":15,"key":"SMITH"}],"circlet_count":0,"master_deck":["stsjorbsmod:ForbiddenGrimoire+1","stsjorbsmod:Strike_Wanderer","stsjorbsmod:Strike_Wanderer","stsjorbsmod:Strike_Wanderer","stsjorbsmod:Strike_Wanderer","stsjorbsmod:Defend_Wanderer+1","stsjorbsmod:Defend_Wanderer","stsjorbsmod:Defend_Wanderer","stsjorbsmod:FreshAdventure","stsjorbsmod:EyeOfTheStorm","stsjorbsmod:ColorSpray","stsjorbsmod:ColorSpray","stsjorbsmod:Prepare","stsjorbsmod:Materialize","stsjorbsmod:Prestidigitation+1","stsjorbsmod:ArcaneForm+1","stsjorbsmod:WanderingMind","stsjorbsmod:OldPocket+1","stsjorbsmod:Firebolt","Doubt","stsjorbsmod:Feast","stsjorbsmod:FindFamiliar","stsjorbsmod:TrueStrike+1"],"relics":["Toxic Egg 2","PureWater","HollowMod:VesselMask","Pear","hubris:MobiusCoin","TungstenRod","Red Mask","hubris:MedicalManual","construct:RocketBooster","hubris:AstralHammer","infinitespire:Chaos"],"acts_visited":["Exordium","TheCity"],"potions_floor_usage":[1,11,11],"damage_taken":[{"damage":0,"enemies":"Jaw Worm","floor":1,"turns":1},{"damage":0,"enemies":"Cultist","floor":3,"turns":1},{"damage":0,"enemies":"2 Louse","floor":5,"turns":1},{"damage":24,"enemies":"3 Sentries","floor":7,"turns":7},{"damage":6,"enemies":"Red Slaver","floor":10,"turns":4},{"damage":1,"enemies":"Gremlin Nob","floor":11,"turns":4},{"damage":2,"enemies":"2 Fungi Beasts","floor":12,"turns":5},{"damage":8,"enemies":"Lagavulin","floor":13,"turns":6},{"damage":16,"enemies":"Slime Boss","floor":16,"turns":6},{"damage":0,"enemies":"3 Byrds","floor":18,"turns":4}],"seed_played":"-9125396150558962782","potions_obtained":[{"floor":1,"key":"Fruit Juice"},{"floor":7,"key":"Strength Potion"},{"floor":10,"key":"LiquidMemories"},{"floor":16,"key":"blueLaboratory:RememoryPotion"},{"floor":17,"key":"SpeedPotion"},{"floor":18,"key":"SteroidPotion"}],"is_trial":false,"path_per_floor":["M","?","M","$","M","R","E","R","T","M","E","M","E","?","R","B",null,"M","$"],"character_chosen":"WANDERER","items_purchased":["stsjorbsmod:Materialize","MerchantsRug","infinitespire:EmpoweringShard","Lantern","infinitespire:Chaos"],"campfire_rested":0,"item_purchase_floors":[4,19,19,19,19],"current_hp_per_floor":[73,73,73,73,73,73,50,50,50,49,52,55,52,52,52,41,78,78,88,88],"gold":0,"neow_bonus":"THREE_ENEMY_KILL","is_daily":false,"chose_seed":false,"campfire_upgraded":3,"win_rate":0.0,"timestamp":1612776697,"path_taken":["M","?","?","?","?","R","E","R","T","M","E","M","E","?","R","BOSS","M","$"],"items_purchased_type":["Card","Relic","Relic","Relic","Relic"],"build_version":"2020-12-22","purchased_purges":1,"victory":false,"max_hp_per_floor":[73,73,73,73,73,73,73,73,73,73,73,73,73,73,73,73,78,78,88,88],"card_choices":[{"not_picked":["stsjorbsmod:WanderingMind","stsjorbsmod:Counterspell"],"picked":"stsjorbsmod:ColorSpray","floor":1},{"not_picked":["stsjorbsmod:FracturedMind","stsjorbsmod:WeightOfMemory"],"picked":"stsjorbsmod:Prepare","floor":3},{"not_picked":["stsjorbsmod:TrueStrike","stsjorbsmod:ChatteringStrike"],"picked":"stsjorbsmod:Prestidigitation","floor":5},{"not_picked":["stsjorbsmod:IvoryTower","stsjorbsmod:DisguiseSelf"],"picked":"stsjorbsmod:ArcaneForm","floor":7},{"not_picked":["stsjorbsmod:Index","stsjorbsmod:Will"],"picked":"stsjorbsmod:WanderingMind","floor":10},{"not_picked":["stsjorbsmod:Thorns","stsjorbsmod:HoldMonster"],"picked":"stsjorbsmod:OldPocket","floor":11},{"not_picked":["stsjorbsmod:UnseenServant","stsjorbsmod:DoubleCheck"],"picked":"stsjorbsmod:Firebolt","floor":12},{"not_picked":["stsjorbsmod:ColorSpray","stsjorbsmod:Fireball","stsjorbsmod:Materialize"],"picked":"SKIP","floor":13},{"not_picked":["stsjorbsmod:Banish","stsjorbsmod:MirrorImage"],"picked":"stsjorbsmod:Feast","floor":16},{"not_picked":["stsjorbsmod:TrueStrike","stsjorbsmod:DisguiseSelf"],"picked":"stsjorbsmod:FindFamiliar","floor":17},{"not_picked":["stsjorbsmod:Index","stsjorbsmod:Mindworm"],"picked":"stsjorbsmod:TrueStrike+1","floor":18}],"player_experience":843226,"relics_obtained":[{"floor":7,"key":"reliquary:PartyBalloon"},{"floor":9,"key":"stsjorbsmod:BottledMemoryRelic"},{"floor":11,"key":"hubris:SphereOfDissonance"},{"floor":13,"key":"infinitespire:Joker Card"}],"event_choices":[{"damage_healed":0,"gold_gain":0,"player_choice":"1 cards matched","damage_taken":0,"max_hp_gain":0,"max_hp_loss":0,"event_name":"Match and Keep!","floor":2,"gold_loss":0,"cards_obtained":["stsjorbsmod:ColorSpray"]},{"damage_healed":0,"gold_gain":175,"player_choice":"AGREE","damage_taken":0,"max_hp_gain":0,"max_hp_loss":0,"event_name":"Liars Game","floor":14,"gold_loss":0,"cards_obtained":["Doubt"]}],"is_beta":false,"boss_relics":[{"not_picked":["reliquary:RedCape","hubris:TerracottaHorce"],"picked":"Tiny House"}],"items_purged_floors":[4],"is_endless":false,"potions_floor_spawned":[1,7,10,16,18],"ascension_level":0}}