{"host":"56d873i5r3uhle0q","time":1612756705,"event":{"mods":["100% Spire Juice","Act Like it!","BaseMod","Block Reminder","Dota2Spire","Gensokyo","Hermit","Lobotomy","LobotomyExtend","Marisa????????","Marked Mod","Minty Spire (QoL Compilation)","Reliquary","Replay The Spire","StSLib","The Animator","The Bug Knight","The Cursed","The Marked","The Servant 0.9.4","Wandering Minibosses","everything is the same but u backflip on backflip","??????REMEMod"],"gold_per_floor":[111,59,59,59,24,24,58,58,58,78,92,19,19,37,37,142,142,158,169,169,169],"floor_reached":20,"language":"ENG","playtime":1297,"items_purged":[],"score":172,"play_id":"72dafc55-aeef-4c09-bbed-2c1439d6c742","local_time":"20210207205825","is_ascension_mode":false,"campfire_choices":[{"data":"Comet","floor":6.0,"key":"SMITH"},{"floor":13.0,"key":"REST"},{"floor":15.0,"key":"REST"}],"circlet_count":0,"master_deck":["Strike_S","Strike_S","Strike_S","Strike_S","Defend_S","Defend_S","Defend_S","KidneyShot","Exchange","Rearm","ShatteredReality","Comet+1","SilverBlades","SoulSculpture","Potential","SilverBlades"],"relics":["Uniform","REME_ComplimentaryCards","LetterFromLob","LaetitiaHeart","Toy Ornithopter","Dota2Spire:OrchidMalevolence","Black Star","Prayer Wheel"],"acts_visited":["Gensokyo:Gensokyo","Gensokyo:Gensokyoer"],"potions_floor_usage":[],"damage_taken":[{"damage":4.0,"enemies":"Gensokyo:Python","floor":1.0,"turns":3.0},{"damage":12.0,"enemies":"Gensokyo:3_Fairies","floor":3.0,"turns":6.0},{"damage":40.0,"enemies":"Gensokyo:Mamizou","floor":7.0,"turns":12.0},{"damage":3.0,"enemies":"Gensokyo:Gryphon","floor":10.0,"turns":3.0},{"damage":31.0,"enemies":"Gensokyo:3_Kodama","floor":11.0,"turns":6.0},{"damage":0.0,"enemies":"Gensokyo:LivingMonolith","floor":14.0,"turns":3.0},{"damage":17.0,"enemies":"Gensokyo:Reimu","floor":16.0,"turns":12.0},{"damage":36.0,"enemies":"Gensokyo:3_Dogs","floor":18.0,"turns":6.0},{"damage":29,"enemies":"Gensokyo:AngelMirror","floor":19,"turns":4},{"damage":10,"enemies":"Gensokyo:Swordslinger","floor":20,"turns":1}],"seed_played":"-7844006831077786334","potions_obtained":[{"floor":7.0,"key":"Explosive Potion"},{"floor":10.0,"key":"Elixir"}],"is_trial":false,"path_per_floor":["M","$","M","?","$","R","E","?","T","M","M","COS","R","M","R","B",null,"M","M","M"],"character_chosen":"THE_SERVANT","items_purchased":["Rearm","Comet"],"campfire_rested":2,"item_purchase_floors":[2,5],"current_hp_per_floor":[61,61,49,65,65,65,25,37,37,34,3,3,22,22,41,24,65,34,5,0,0],"gold":169,"neow_bonus":"THREE_CARDS","is_daily":false,"chose_seed":false,"campfire_upgraded":1,"win_rate":0.0,"timestamp":1612756705,"path_taken":["M","?","M","?","$","R","E","?","T","M","M","COS","R","?","R","BOSS","M","M","M"],"items_purchased_type":["Card","Card"],"build_version":"2020-12-22","purchased_purges":0,"victory":false,"max_hp_per_floor":[65,65,65,65,65,65,65,65,65,65,65,65,65,65,65,65,65,65,65,65,65],"card_choices":[{"not_picked":["GearUp","Rewind","Spin"],"picked":"SKIP","floor":1.0},{"not_picked":["Spin","DoubleEdge"],"picked":"ShatteredReality","floor":3.0},{"not_picked":["Unruled","Potential"],"picked":"SilverBlades","floor":7.0},{"not_picked":["Rewind","RealityMarble","Spin"],"picked":"SKIP","floor":10.0},{"not_picked":["Rewind","Snipe","Reset"],"picked":"SKIP","floor":11.0},{"not_picked":["Defy","Starlight","Rearm"],"picked":"SKIP","floor":14.0},{"not_picked":["ForgedInTime","Initiator"],"picked":"SoulSculpture","floor":16.0},{"not_picked":["Desolation","BottledTime+1"],"picked":"Potential","floor":18.0},{"not_picked":["BestPractice","Comet"],"picked":"SilverBlades","floor":19},{"not_picked":["Collapse","Spin+1","Unruled"],"picked":"SKIP","floor":19}],"player_experience":703840,"relics_obtained":[{"floor":1.0,"key":"LetterFromLob"},{"floor":7.0,"key":"Toy Ornithopter"},{"floor":9.0,"key":"Dota2Spire:OrchidMalevolence"}],"event_choices":[],"is_beta":false,"boss_relics":[{"not_picked":["Snecko Eye","Astrolabe"],"picked":"Black Star"}],"items_purged_floors":[],"is_endless":false,"potions_floor_spawned":[7,10],"killed_by":"Gensokyo:Swordslinger","ascension_level":0}}