{"host":"04x9isxu4s2lvye3","time":1612752356,"event":{"mods":["BaseMod","Colored Powertips","Highlight Path","Minty Spire (QoL Compilation)"],"gold_per_floor":[112,62,80,155,155,155,187,204,204,51,51,51,68,79,79,174,174,194,194,208,218,235,235,260,260,260,295,23,23,23,23,23,125,125,145,159,159,159,173,205,205,238,261,280,280,280,280,4,4,4],"floor_reached":51,"language":"ENG","playtime":2401,"items_purged":["Strike_G"],"score":973,"play_id":"3bf0851e-1163-4ec8-afc4-2c50a0bb5f5f","local_time":"20210207214556","is_ascension_mode":true,"campfire_choices":[{"floor":6,"key":"REST"},{"data":"Doubt","floor":12,"key":"PURGE"},{"floor":15,"key":"REST"},{"floor":23,"key":"REST"},{"floor":25,"key":"REST"},{"floor":29,"key":"REST"},{"floor":32,"key":"REST"},{"data":"Strike_G","floor":41,"key":"PURGE"},{"data":"Clumsy","floor":45,"key":"PURGE"},{"data":"Accuracy","floor":47,"key":"SMITH"},{"floor":49,"key":"REST"}],"circlet_count":0,"master_deck":["Defend_G","Defend_G","Defend_G","Defend_G","Defend_G","Survivor","Neutralize","Flying Knee","Blade Dance","Noxious Fumes","Footwork","Predator","Poisoned Stab","Poisoned Stab","Dodge and Roll","Dagger Throw+1","After Image","Bouncing Flask","Swift Strike","Accuracy+1","Riddle With Holes","Adrenaline","Acrobatics+1","Caltrops+1","Blade Dance","Finesse"],"relics":["Cursed Key","Incense Burner","Peace Pipe","Blue Candle","Omamori","WristBlade","WarpedTongs","Mercury Hourglass","Pear","Orichalcum","Philosopher\u0027s Stone","Kunai","Anchor","Pen Nib","Membership Card"],"acts_visited":["Exordium","TheCity","TheBeyond"],"potions_floor_usage":[7,18,20,22,33,33,39,40,42,42,48,50,50,50],"damage_taken":[{"damage":0,"enemies":"2 Louse","floor":1,"turns":3},{"damage":0,"enemies":"Small Slimes","floor":3,"turns":3},{"damage":12,"enemies":"3 Sentries","floor":7,"turns":11},{"damage":8,"enemies":"Jaw Worm","floor":8,"turns":4},{"damage":3,"enemies":"Exordium Thugs","floor":13,"turns":4},{"damage":11,"enemies":"Red Slaver","floor":14,"turns":3},{"damage":35,"enemies":"Hexaghost","floor":16,"turns":10},{"damage":5,"enemies":"3 Byrds","floor":18,"turns":4},{"damage":0,"enemies":"Chosen","floor":20,"turns":3},{"damage":1,"enemies":"Snecko","floor":21,"turns":5},{"damage":27,"enemies":"Sentry and Sphere","floor":22,"turns":7},{"damage":26,"enemies":"Slavers","floor":24,"turns":7},{"damage":31,"enemies":"Gremlin Leader","floor":27,"turns":5},{"damage":17,"enemies":"Champ","floor":33,"turns":10},{"damage":4,"enemies":"Orb Walker","floor":35,"turns":2},{"damage":0,"enemies":"3 Shapes","floor":36,"turns":5},{"damage":0,"enemies":"Maw","floor":39,"turns":6},{"damage":13,"enemies":"Reptomancer","floor":40,"turns":6},{"damage":6,"enemies":"Nemesis","floor":42,"turns":7},{"damage":18,"enemies":"4 Shapes","floor":44,"turns":4},{"damage":41,"enemies":"Donu and Deca","floor":50,"turns":9}],"seed_played":"8290681234320284388","potions_obtained":[{"floor":3,"key":"SneckoOil"},{"floor":8,"key":"GamblersBrew"},{"floor":16,"key":"ColorlessPotion"},{"floor":18,"key":"Swift Potion"},{"floor":27,"key":"Dexterity Potion"},{"floor":33,"key":"DistilledChaos"},{"floor":35,"key":"SneckoOil"},{"floor":38,"key":"Dexterity Potion"},{"floor":40,"key":"AttackPotion"},{"floor":42,"key":"Regen Potion"}],"is_trial":false,"path_per_floor":["M","?","M","?","?","R","E","M","T","$","?","R","M","M","R","B",null,"M","?","M","M","M","R","E","R","T","E","$","R","$","?","R","B",null,"M","M","?","?","M","E","R","E","T","M","R","?","R","$","R","B",null],"character_chosen":"THE_SILENT","items_purchased":["Omamori","Bouncing Flask","CunningPotion","Swift Strike","Membership Card","EssenceOfSteel","Fruit Juice","Ancient Potion"],"campfire_rested":7,"item_purchase_floors":[10,28,28,28,48,48,48,48],"current_hp_per_floor":[63,63,63,52,40,61,49,41,41,41,41,41,38,27,48,13,56,51,51,51,50,23,44,18,39,49,18,18,42,42,42,66,49,72,68,68,68,68,68,55,55,49,49,31,31,31,31,36,61,35],"gold":4,"neow_bonus":"BOSS_RELIC","is_daily":false,"chose_seed":false,"campfire_upgraded":1,"win_rate":0.0,"timestamp":1612752356,"path_taken":["M","?","M","?","?","R","E","M","T","$","?","R","?","M","R","BOSS","M","?","M","M","?","R","E","R","T","E","?","R","$","?","R","BOSS","M","M","?","?","?","E","R","E","T","M","R","?","R","$","R","BOSS"],"items_purchased_type":["Relic","Card","Potion","Card","Relic","Potion","Potion","Potion"],"build_version":"2020-12-22","purchased_purges":1,"victory":true,"max_hp_per_floor":[70,70,70,70,70,70,70,70,70,70,70,70,70,70,70,70,70,70,70,70,70,70,70,70,70,80,80,80,80,80,80,80,80,80,80,80,80,80,80,80,80,80,80,80,80,80,80,85,85,85],"card_choices":[{"not_picked":["Slice","Backflip"],"picked":"Flying Knee","floor":1},{"not_picked":["Skewer","Cloak And Dagger"],"picked":"Blade Dance","floor":3},{"not_picked":["Sucker Punch","Well Laid Plans"],"picked":"Noxious Fumes","floor":7},{"not_picked":["Flying Knee","Blade Dance"],"picked":"Poisoned Stab","floor":8},{"not_picked":["Skewer","Quick Slash"],"picked":"Footwork","floor":13},{"not_picked":["Heel Hook","Quick Slash"],"picked":"Predator","floor":14},{"not_picked":["Flechettes+1","Deadly Poison"],"picked":"Poisoned Stab","floor":18},{"not_picked":["Deflect","Expertise+1"],"picked":"Poisoned Stab","floor":20},{"not_picked":["Flying Knee","Well Laid Plans","Dagger Spray"],"picked":"SKIP","floor":21},{"not_picked":["Setup","Quick Slash"],"picked":"Dodge and Roll","floor":22},{"not_picked":["Unload","Expertise"],"picked":"Dagger Throw+1","floor":24},{"not_picked":["Infinite Blades+1","Acrobatics"],"picked":"After Image","floor":27},{"not_picked":["Tools of the Trade","Die Die Die"],"picked":"Adrenaline","floor":33},{"not_picked":["Outmaneuver","Reflex"],"picked":"Acrobatics+1","floor":35},{"not_picked":["Dodge and Roll+1","Sucker Punch+1"],"picked":"Caltrops+1","floor":36},{"not_picked":["Reflex+1","Underhanded Strike","Grand Finale"],"picked":"SKIP","floor":39},{"not_picked":["Poisoned Stab","Quick Slash+1","Escape Plan"],"picked":"SKIP","floor":40},{"not_picked":["Poisoned Stab","All Out Attack","Eviscerate"],"picked":"SKIP","floor":42},{"not_picked":["Reflex","Acrobatics+1"],"picked":"Blade Dance","floor":44},{"not_picked":["Good Instincts","Purity"],"picked":"Finesse","floor":46}],"player_experience":252953,"relics_obtained":[{"floor":7,"key":"Peace Pipe"},{"floor":9,"key":"Blue Candle"},{"floor":24,"key":"Mercury Hourglass"},{"floor":26,"key":"Pear"},{"floor":27,"key":"Orichalcum"},{"floor":40,"key":"Kunai"},{"floor":42,"key":"Anchor"},{"floor":43,"key":"Pen Nib"}],"event_choices":[{"cards_removed":["Strike_G"],"damage_healed":0,"gold_gain":0,"player_choice":"Card Removal","damage_taken":0,"max_hp_gain":0,"max_hp_loss":0,"event_name":"The Cleric","floor":2,"gold_loss":50},{"damage_healed":0,"gold_gain":75,"player_choice":"Gather Gold","damage_taken":11,"max_hp_gain":0,"max_hp_loss":0,"event_name":"World of Goop","floor":4,"gold_loss":0},{"damage_healed":0,"gold_gain":0,"player_choice":"Success","damage_taken":12,"relics_obtained":["Incense Burner"],"max_hp_gain":0,"max_hp_loss":0,"event_name":"Scrap Ooze","floor":5,"gold_loss":0},{"damage_healed":0,"gold_gain":0,"player_choice":"Searched \u00270\u0027 times","damage_taken":0,"max_hp_gain":0,"max_hp_loss":0,"event_name":"Dead Adventurer","floor":11,"gold_loss":0},{"damage_healed":0,"gold_gain":0,"player_choice":"Rummage","damage_taken":0,"relics_obtained":["WarpedTongs"],"max_hp_gain":0,"max_hp_loss":0,"event_name":"Accursed Blacksmith","floor":19,"gold_loss":0,"cards_obtained":["Pain"]},{"damage_healed":0,"gold_gain":0,"cards_transformed":["Strike_G","Strike_G"],"player_choice":"Became Test Subject","damage_taken":0,"max_hp_gain":0,"max_hp_loss":0,"event_name":"Drug Dealer","floor":31,"gold_loss":0,"cards_obtained":["Accuracy","Riddle With Holes"]},{"cards_removed":["Poisoned Stab"],"damage_healed":0,"gold_gain":0,"player_choice":"Removed Attack","damage_taken":0,"max_hp_gain":0,"max_hp_loss":0,"event_name":"Falling","floor":37,"gold_loss":0},{"damage_healed":0,"gold_gain":0,"player_choice":"Got Potions","damage_taken":0,"max_hp_gain":0,"max_hp_loss":0,"event_name":"Lab","floor":38,"gold_loss":0},{"damage_healed":0,"gold_gain":0,"player_choice":"Memory 1","damage_taken":0,"max_hp_gain":0,"max_hp_loss":0,"event_name":"SensoryStone","floor":46,"gold_loss":0}],"is_beta":false,"boss_relics":[{"not_picked":["SlaversCollar","Velvet Choker"],"picked":"WristBlade"},{"not_picked":["Black Star","Astrolabe"],"picked":"Philosopher\u0027s Stone"}],"items_purged_floors":[28],"is_endless":false,"potions_floor_spawned":[3,8,16,18,27,33,35,40,42],"ascension_level":6}}