{"host":"2c84cb4cp1emursg","time":1612771724,"event":{"mods":["Act Like it!","BaseMod","Better Third Choice","Bossed Relics","Hermit","Mimic Mod","Minty Spire (QoL Compilation)","Permanent Neow","Robot Space Explorer","StSLib"],"gold_per_floor":[113,126,126,137,62,93,111,143,190,218,218,229,229,245,245,350,350,365,365,379,33,50,50,50],"floor_reached":23,"language":"ENG","playtime":1188,"items_purged":["Defend_R","Strike_R"],"score":274,"play_id":"87f0abe7-c04c-4ffd-9680-f88e7e62073e","local_time":"20210208010844","is_ascension_mode":true,"campfire_choices":[{"data":"Defend_R","floor":11,"key":"SMITH"},{"data":"Defend_R","floor":13,"key":"SMITH"},{"data":"Defend_R","floor":15,"key":"SMITH"}],"circlet_count":0,"master_deck":["Strike_R","Strike_R","Strike_R","Strike_R","Defend_R+1","Defend_R+1","Defend_R+1","Bash","Shrug It Off","Flex","Shrug It Off","Carnage","Spot Weakness","Cleave","Headbutt","Burning Pact","Inflame","Impervious","Seeing Red+1","Headbutt","Bandage Up"],"relics":["Burning Blood","Nunchaku","Oddly Smooth Stone","Darkstone Periapt","Odd Mushroom","Philosopher\u0027s Stone","Anchor","HandDrill"],"acts_visited":["Exordium","TheCity"],"potions_floor_usage":[6,8,8,23],"damage_taken":[{"damage":20,"enemies":"Jaw Worm","floor":1,"turns":5},{"damage":0,"enemies":"Cultist","floor":2,"turns":3},{"damage":9,"enemies":"Small Slimes","floor":4,"turns":5},{"damage":32,"enemies":"Lagavulin","floor":6,"turns":5},{"damage":12,"enemies":"Exordium Wildlife","floor":7,"turns":4},{"damage":15,"enemies":"3 Sentries","floor":8,"turns":6},{"damage":15,"enemies":"The Mushroom Lair","floor":10,"turns":4},{"damage":15,"enemies":"Exordium Thugs","floor":12,"turns":7},{"damage":4,"enemies":"Blue Slaver","floor":14,"turns":4},{"damage":3,"enemies":"The Guardian","floor":16,"turns":13},{"damage":20,"enemies":"Shell Parasite","floor":18,"turns":5},{"damage":27,"enemies":"3 Byrds","floor":20,"turns":6},{"damage":30,"enemies":"Sentry and Sphere","floor":22,"turns":4},{"damage":12,"enemies":"Slavers","floor":23,"turns":2}],"seed_played":"7319823638535593650","potions_obtained":[{"floor":1,"key":"AttackPotion"},{"floor":2,"key":"Fire Potion"},{"floor":8,"key":"Fruit Juice"},{"floor":14,"key":"SpeedPotion"},{"floor":16,"key":"Weak Potion"},{"floor":20,"key":"SteroidPotion"}],"is_trial":false,"path_per_floor":["M","M","?","M","$","E","M","E","T","?","R","M","R","M","R","B",null,"M","?","M","$","M","E"],"character_chosen":"IRONCLAD","items_purchased":["HandDrill","Bandage Up"],"campfire_rested":0,"item_purchase_floors":[21,21],"current_hp_per_floor":[58,64,64,61,61,35,29,25,25,16,16,7,7,9,9,12,67,53,53,32,32,12,0,0],"gold":50,"neow_bonus":"RANDOM_COMMON_RELIC","is_daily":false,"chose_seed":false,"campfire_upgraded":3,"win_rate":0.0,"timestamp":1612771724,"path_taken":["M","M","?","?","$","E","M","E","T","?","R","M","R","M","R","BOSS","M","?","M","$","M","E"],"items_purchased_type":["Relic","Card"],"build_version":"2020-12-22","purchased_purges":2,"victory":false,"max_hp_per_floor":[80,80,80,80,80,80,80,85,85,85,85,85,85,85,85,85,85,85,85,85,85,85,85,85],"card_choices":[{"not_picked":["Ghostly Armor","True Grit"],"picked":"Shrug It Off","floor":1},{"not_picked":["Clothesline","Perfected Strike"],"picked":"Flex","floor":2},{"not_picked":["Rage","Warcry"],"picked":"Carnage","floor":4},{"not_picked":["Seeing Red","Rampage"],"picked":"Spot Weakness","floor":6},{"not_picked":["Spot Weakness","Havoc"],"picked":"Cleave","floor":7},{"not_picked":["Wild Strike","Anger"],"picked":"Headbutt","floor":8},{"not_picked":["Battle Trance","Thunderclap"],"picked":"Burning Pact","floor":10},{"not_picked":["Corruption","Dropkick","Warcry"],"picked":"SKIP","floor":12},{"not_picked":["Whirlwind","Rampage"],"picked":"Inflame","floor":14},{"not_picked":["Offering","Fiend Fire"],"picked":"Impervious","floor":16},{"not_picked":["Heavy Blade+1","Anger"],"picked":"Seeing Red+1","floor":18},{"not_picked":["Cleave","Armaments"],"picked":"Headbutt","floor":20},{"not_picked":["Spot Weakness","Thunderclap+1","Searing Blow"],"picked":"SKIP","floor":22}],"player_experience":456717,"relics_obtained":[{"floor":6,"key":"Oddly Smooth Stone"},{"floor":8,"key":"Darkstone Periapt"},{"floor":10,"key":"Odd Mushroom"}],"event_choices":[{"damage_healed":0,"gold_gain":0,"player_choice":"1 cards matched","damage_taken":0,"max_hp_gain":0,"max_hp_loss":0,"event_name":"Match and Keep!","floor":3,"gold_loss":0,"cards_obtained":["Shrug It Off"]},{"damage_healed":0,"gold_gain":0,"player_choice":"Fought Mushrooms","damage_taken":0,"max_hp_gain":0,"max_hp_loss":0,"event_name":"Mushrooms","floor":10,"gold_loss":0},{"damage_healed":0,"gold_gain":0,"player_choice":"Gave Potion","damage_taken":0,"relics_obtained":["Anchor"],"max_hp_gain":0,"max_hp_loss":0,"event_name":"WeMeetAgain","floor":19,"gold_loss":0}],"is_beta":false,"boss_relics":[{"not_picked":["Sozu","Coffee Dripper"],"picked":"Philosopher\u0027s Stone"}],"items_purged_floors":[5,21],"is_endless":false,"potions_floor_spawned":[1,2,8,14,16,20],"killed_by":"Slavers","ascension_level":7}}