{"host":"0cnf9zf1gia27zti","time":1612816747,"event":{"mods":["BaseMod","Better Third Choice","BetterRewards","Card Forge","ChefMod","Colored Map","Colored Powertips","Conspire","Downfall","Googly Eyes","Infinite Spire","Minty Spire (QoL Compilation)","Practice Mode","Quick Restart","Replay The Spire","Shade Mod","Spicy Shops","StSLib","The Marked"],"gold_per_floor":[114,14,14,14,14,47,47,58,58,86,186,197,232,250,250,327,327,342,354,205,219,66,66,66,66],"floor_reached":24,"language":"ENG","playtime":1018,"items_purged":["Bash","Defend_R"],"score":477,"play_id":"a4b51e0f-efe5-4eed-b311-eeba5084b8a4","local_time":"20210208203907","is_ascension_mode":true,"campfire_choices":[{"data":"Heavy Blade","floor":15,"key":"SMITH"},{"data":"Inflame","floor":23,"key":"SMITH"}],"circlet_count":0,"master_deck":["AscendersBane","Strike_R","Strike_R","Defend_R","Defend_R","Thunderclap","Inflame+1","Shrug It Off+1","Heavy Blade+1","Inflame+1","Demonic Infusion","Heavy Blade+1","Spot Weakness","Sword Boomerang"],"relics":["Burning Blood","Hammer of Thor","Seething Fire","Anvil of the Gods","Iron Hammer","Thread and Needle","infinitespire:Satchel","Lantern","Replay:Wax Seal","Turnip","Black Star","Blue Doll","Vajra"],"acts_visited":["Exordium","TheCity"],"potions_floor_usage":[6,24,24],"damage_taken":[{"damage":0,"enemies":"Jaw Worm","floor":1,"turns":4},{"damage":12,"enemies":"Gremlin Nob","floor":6,"turns":3},{"damage":0,"enemies":"Small Slimes","floor":8,"turns":3},{"damage":6,"enemies":"3 Sentries","floor":10,"turns":6},{"damage":0,"enemies":"Cultist","floor":12,"turns":2},{"damage":0,"enemies":"Lagavulin","floor":13,"turns":4},{"damage":0,"enemies":"Looter","floor":14,"turns":1},{"damage":0,"enemies":"Slime Boss","floor":16,"turns":7},{"damage":34,"enemies":"2 Thieves","floor":18,"turns":4},{"damage":0,"enemies":"Spheric Guardian","floor":19,"turns":3},{"damage":0,"enemies":"Snecko","floor":21,"turns":3},{"damage":66,"enemies":"Slavers","floor":24,"turns":4}],"seed_played":"3328350796347810908","potions_obtained":[{"floor":1,"key":"Explosive Potion"},{"floor":14,"key":"Ancient Potion"},{"floor":16,"key":"LiquidBronze"}],"is_trial":false,"path_per_floor":["M","$","?","$","?","E","$","M","T","E","?","M","E","M","R","B",null,"M","M","$","M","$","R","E"],"character_chosen":"IRONCLAD","items_purchased":["Iron Hammer","Thunderclap","Inflame","Shrug It Off+1","Thread and Needle","Blue Doll","Vajra"],"campfire_rested":0,"item_purchase_floors":[0,0,0,0,0,20,22],"current_hp_per_floor":[78,78,78,78,78,72,72,78,78,78,78,80,80,80,80,80,80,52,58,58,64,64,64,0,0],"gold":66,"neow_bonus":"","is_daily":false,"chose_seed":false,"campfire_upgraded":2,"win_rate":0.0,"timestamp":1612816747,"path_taken":["M","$","?","$","?","E","$","M","T","E","?","?","E","M","R","BOSS","M","M","$","M","$","R","E"],"items_purchased_type":["Relic","Card","Card","Card","Relic","Relic","Relic"],"build_version":"2020-12-22","purchased_purges":2,"victory":false,"max_hp_per_floor":[80,80,80,80,80,80,80,80,80,80,80,80,80,80,80,80,80,80,80,80,80,80,80,80,80],"card_choices":[{"not_picked":["Flex","Perfected Strike","conspire:ExplosiveBarrier"],"picked":"SKIP","floor":1},{"not_picked":["Shrug It Off","Body Slam"],"picked":"Demonic Infusion","floor":6},{"not_picked":["Replay:Undeath\u0027s Touch","Bloodletting","Wild Strike"],"picked":"SKIP","floor":8},{"not_picked":["Replay:Undeath\u0027s Touch","Bloodletting","Wild Strike"],"picked":"SKIP","floor":8},{"not_picked":["Uppercut","Disarm"],"picked":"Heavy Blade","floor":10},{"not_picked":["Armaments","Dark Embrace","Second Wind"],"picked":"SKIP","floor":12},{"not_picked":["Anger","Wild Strike","Entrench"],"picked":"SKIP","floor":13},{"not_picked":["Infernal Blade","Pommel Strike"],"picked":"Spot Weakness","floor":14},{"not_picked":["Clothesline","Flex+1"],"picked":"Sword Boomerang","floor":18},{"not_picked":["infinitespire:OneForAll+1","Iron Wave","Shockwave"],"picked":"SKIP","floor":19},{"not_picked":["Armaments","True Grit","Replay:Undeath\u0027s Touch"],"picked":"SKIP","floor":21}],"player_experience":3745308,"relics_obtained":[{"floor":6,"key":"infinitespire:Satchel"},{"floor":9,"key":"Lantern"},{"floor":10,"key":"Replay:Wax Seal"},{"floor":13,"key":"Turnip"}],"event_choices":[{"damage_healed":0,"gold_gain":100,"player_choice":"Pray","damage_taken":0,"max_hp_gain":0,"max_hp_loss":0,"event_name":"Golden Shrine","floor":11,"gold_loss":0}],"is_beta":false,"boss_relics":[{"not_picked":["infinitespire:Burning Sword","conspire:SlowCooker"],"picked":"Black Star"}],"items_purged_floors":[0,2],"is_endless":false,"potions_floor_spawned":[1,14,16],"killed_by":"Slavers","ascension_level":13}}