{"host":"3y2rtlgteqp2nuo3","time":1612779589,"event":{"mods":["2.2 Compatiblity","AchievementEnabler","BaseMod","Colored Map","DeckTracker","Highlight Path","Keyboard Shortcuts","Minty Spire (QoL Compilation)","Permanent Neow","Quick Restart","StSLib","SuperFastMode","everything is the same but u backflip on backflip"],"gold_per_floor":[114,130,55,71,90,90,105,105,105,5,21,51,69,69,69,69,69],"floor_reached":16,"language":"KOR","playtime":362,"items_purged":["Strike_G","Strike_G"],"score":174,"play_id":"602bef77-4392-428e-b983-27217fdab8ba","local_time":"20210208191949","is_ascension_mode":true,"campfire_choices":[{"data":"Deadly Poison","floor":6.0,"key":"SMITH"},{"data":"Bouncing Flask","floor":8.0,"key":"SMITH"},{"floor":15,"key":"REST"}],"circlet_count":0,"master_deck":["AscendersBane","Strike_G","Strike_G","Strike_G","Defend_G","Defend_G","Defend_G","Defend_G","Defend_G","Survivor","Neutralize","Deadly Poison+1","Bouncing Flask+1","Leg Sweep","PiercingWail","Blur","Backflip","Night Terror","Noxious Fumes","Footwork","Outmaneuver"],"relics":["Ring of the Snake","Ice Cream","Odd Mushroom"],"acts_visited":["Exordium"],"potions_floor_usage":[13],"damage_taken":[{"damage":7.0,"enemies":"Jaw Worm","floor":1.0,"turns":6.0},{"damage":0.0,"enemies":"2 Louse","floor":2.0,"turns":3.0},{"damage":0.0,"enemies":"Cultist","floor":4.0,"turns":4.0},{"damage":1.0,"enemies":"Blue Slaver","floor":5.0,"turns":4.0},{"damage":19.0,"enemies":"3 Louse","floor":7.0,"turns":4.0},{"damage":15.0,"enemies":"Large Slime","floor":11.0,"turns":8.0},{"damage":8.0,"enemies":"The Mushroom Lair","floor":12.0,"turns":3.0},{"damage":1,"enemies":"2 Fungi Beasts","floor":13,"turns":4},{"damage":39,"enemies":"Slime Boss","floor":16,"turns":7}],"seed_played":"-4480688737800728111","potions_obtained":[{"floor":2.0,"key":"Swift Potion"},{"floor":4.0,"key":"Dexterity Potion"},{"floor":11.0,"key":"SkillPotion"},{"floor":12.0,"key":"SteroidPotion"}],"is_trial":false,"path_per_floor":["M","M","$","M","M","R","M","R","T","$","M","?","M","?","R","B"],"character_chosen":"THE_SILENT","items_purchased":[],"campfire_rested":1,"item_purchase_floors":[],"current_hp_per_floor":[52,52,52,52,51,51,32,32,32,32,17,9,8,8,27,0,0],"gold":69,"neow_bonus":"THREE_CARDS","is_daily":false,"chose_seed":false,"campfire_upgraded":2,"win_rate":0.0,"timestamp":1612779589,"path_taken":["M","M","$","M","M","R","M","R","T","$","M","?","M","?","R","BOSS"],"items_purchased_type":[],"build_version":"2020-12-22","purchased_purges":2,"victory":false,"max_hp_per_floor":[66,66,66,66,66,66,66,66,66,66,66,66,66,66,66,66,66],"card_choices":[{"not_picked":["Blade Dance","Blur"],"picked":"Deadly Poison","floor":0.0},{"not_picked":["Backflip","Acrobatics"],"picked":"Bouncing Flask","floor":1.0},{"not_picked":["Flying Knee","Reflex"],"picked":"Leg Sweep","floor":2.0},{"not_picked":["PiercingWail","Flechettes","Choke"],"picked":"SKIP","floor":4.0},{"not_picked":["Flechettes","Choke"],"picked":"PiercingWail","floor":4.0},{"not_picked":["Underhanded Strike","Outmaneuver","Infinite Blades"],"picked":"SKIP","floor":5.0},{"not_picked":["Blade Dance","Slice"],"picked":"Blur","floor":7.0},{"not_picked":["Blade Dance","Dagger Spray"],"picked":"Backflip","floor":11.0},{"not_picked":["Outmaneuver","Skewer"],"picked":"Night Terror","floor":12.0},{"not_picked":["Blade Dance","Underhanded Strike"],"picked":"Noxious Fumes","floor":13}],"player_experience":770850,"relics_obtained":[{"floor":9.0,"key":"Ice Cream"},{"floor":12.0,"key":"Odd Mushroom"}],"event_choices":[{"damage_healed":0.0,"max_hp_gain":0.0,"max_hp_loss":0.0,"gold_gain":0.0,"event_name":"Mushrooms","player_choice":"Fought Mushrooms","floor":12.0,"gold_loss":0.0,"damage_taken":0.0},{"damage_healed":0,"gold_gain":0,"player_choice":"2 cards matched","damage_taken":0,"max_hp_gain":0,"max_hp_loss":0,"event_name":"Match and Keep!","floor":14,"gold_loss":0,"cards_obtained":["Footwork","Outmaneuver"]}],"is_beta":false,"boss_relics":[],"items_purged_floors":[3,10],"is_endless":false,"potions_floor_spawned":[2,4,11,12],"killed_by":"Slime Boss","ascension_level":17}}