{"host":"8kd0mw0b4mjhs7vl","time":1612804208,"event":{"mods":["BaseMod","Bestiary","Colored Map","Friendly Minions","Minty Spire (QoL Compilation)","Morshu Shopkeeper - ENHANCED","StSLib","SuperFastMode"],"gold_per_floor":[114,126,126,126,126,165,165,10,92,126,206,156,196,215,215,215,215],"floor_reached":16,"language":"ENG","playtime":366,"items_purged":["Strike_R"],"score":145,"play_id":"07f374a3-7ed5-4b75-9c09-55122097daa1","local_time":"20210208171008","is_ascension_mode":true,"campfire_choices":[{"data":"Bash","floor":7,"key":"SMITH"},{"data":"True Grit","floor":15,"key":"SMITH"}],"circlet_count":0,"master_deck":["Strike_R","Strike_R","Strike_R+1","Defend_R","Defend_R","Defend_R","Defend_R","Bash+1","Cleave","Hemokinesis+1","Bloodletting","Ghostly Armor","True Grit+1"],"relics":["Burning Blood","Oddly Smooth Stone","TungstenRod","Golden Idol","Bag of Marbles","Sundial","Darkstone Periapt","Lantern"],"acts_visited":["Exordium"],"potions_floor_usage":[6],"damage_taken":[{"damage":6,"enemies":"Jaw Worm","floor":1,"turns":4},{"damage":0,"enemies":"Small Slimes","floor":2,"turns":2},{"damage":16,"enemies":"Gremlin Nob","floor":6,"turns":3},{"damage":16,"enemies":"Lagavulin","floor":10,"turns":5},{"damage":13,"enemies":"3 Sentries","floor":13,"turns":10},{"damage":0,"enemies":"2 Louse","floor":14,"turns":2},{"damage":27,"enemies":"Hexaghost","floor":16,"turns":9}],"seed_played":"-4020681966444101815","potions_obtained":[{"floor":6,"key":"Fruit Juice"},{"floor":13,"key":"Energy Potion"}],"is_trial":false,"path_per_floor":["M","M","?","?","?","E","R","$","T","E","?","?","E","M","R","B"],"character_chosen":"IRONCLAD","items_purchased":["Ghostly Armor"],"campfire_rested":0,"item_purchase_floors":[8],"current_hp_per_floor":[80,80,77,62,43,38,38,38,38,28,28,28,21,27,27,0,0],"gold":215,"neow_bonus":"RANDOM_COMMON_RELIC","is_daily":false,"chose_seed":false,"campfire_upgraded":2,"win_rate":0.0,"timestamp":1612804208,"path_taken":["M","M","?","?","?","E","R","$","T","E","?","?","E","M","R","BOSS"],"items_purchased_type":["Card"],"build_version":"2020-12-22","purchased_purges":1,"victory":false,"max_hp_per_floor":[80,80,80,80,80,85,85,85,85,85,85,85,85,85,85,85,85],"card_choices":[{"not_picked":["Burning Pact","Dropkick"],"picked":"Cleave","floor":1},{"not_picked":["Blood for Blood","True Grit"],"picked":"Hemokinesis","floor":2},{"not_picked":["Battle Trance","Iron Wave"],"picked":"Bloodletting","floor":6},{"not_picked":["Anger","Dual Wield","Shrug It Off"],"picked":"SKIP","floor":10},{"not_picked":["Clash","Twin Strike","Anger"],"picked":"SKIP","floor":13},{"not_picked":["Searing Blow","Body Slam"],"picked":"True Grit","floor":14}],"player_experience":277057,"relics_obtained":[{"floor":6,"key":"Bag of Marbles"},{"floor":9,"key":"Sundial"},{"floor":10,"key":"Darkstone Periapt"},{"floor":13,"key":"Lantern"}],"event_choices":[{"damage_healed":0,"gold_gain":0,"player_choice":"Success","damage_taken":3,"relics_obtained":["TungstenRod"],"max_hp_gain":0,"max_hp_loss":0,"event_name":"Scrap Ooze","floor":3,"gold_loss":0},{"damage_healed":0,"gold_gain":0,"player_choice":"Entered Light","damage_taken":16,"max_hp_gain":0,"max_hp_loss":0,"event_name":"Shining Light","floor":4,"gold_loss":0,"cards_upgraded":["Hemokinesis","Strike_R"]},{"damage_healed":0,"gold_gain":0,"player_choice":"Take Damage","damage_taken":20,"relics_obtained":["Golden Idol"],"max_hp_gain":0,"max_hp_loss":0,"event_name":"Golden Idol","floor":5,"gold_loss":0},{"damage_healed":0,"gold_gain":80,"player_choice":"Gained Gold","damage_taken":0,"max_hp_gain":0,"max_hp_loss":0,"event_name":"Golden Wing","floor":11,"gold_loss":0},{"cards_removed":["Strike_R"],"damage_healed":0,"gold_gain":0,"player_choice":"Card Removal","damage_taken":0,"max_hp_gain":0,"max_hp_loss":0,"event_name":"The Cleric","floor":12,"gold_loss":50}],"is_beta":false,"boss_relics":[],"items_purged_floors":[8],"is_endless":false,"potions_floor_spawned":[6,13],"killed_by":"Hexaghost","ascension_level":5}}