{"host":"w8xisjf5mgmfjvmt","time":1612769735,"event":{"mods":["BaseMod","BetterRewards","Challenge The Spire","Conspire","Energized Spire","Filter the Spire","Minty Spire (QoL Compilation)","Quarter Circle Forward PUNCH!","Quick Restart","Relic Filter Mod","Relic Stats","Reliquary","Replay The Spire","Shop Mod","Spicy Shops","StSLib","Thieving Mod","¡¾ÒÅÎï¿¨ÅÆ¡¿REMEMod","óô»ðÖ¸ÄÏ"],"gold_per_floor":[114,130,146,163,9,9,9],"floor_reached":6,"language":"ZHS","playtime":236,"items_purged":["Strike_G"],"score":76,"play_id":"4285f235-b12a-46f0-86b2-7daf41f265ba","local_time":"20210208153535","is_ascension_mode":true,"campfire_choices":[],"circlet_count":0,"master_deck":["AscendersBane","Strike_G","Strike_G","Strike_G","Strike_G","Defend_G","Defend_G","Defend_G","Defend_G","Defend_G","Survivor","Neutralize","Escape Plan","Escape Plan","Dagger Throw","Catalyst","Calculated Gamble","Draining Mist","Dagger Spray","Malaise"],"relics":["REME_ComplimentaryCards","Philosopher\u0027s Stone","Prayer Wheel","Medical Kit"],"acts_visited":["Exordium"],"potions_floor_usage":[],"damage_taken":[{"damage":3,"enemies":"Small Slimes","floor":1,"turns":5},{"damage":0,"enemies":"Jaw Worm","floor":2,"turns":4},{"damage":0,"enemies":"2 Louse","floor":3,"turns":2},{"damage":25,"enemies":"Large Slime","floor":4,"turns":7},{"damage":0,"enemies":"Gremlin Nob","floor":6,"turns":1}],"seed_played":"2028373304313580486","potions_obtained":[{"floor":1,"key":"SteroidPotion"}],"is_trial":false,"path_per_floor":["M","M","M","M","$","E"],"character_chosen":"THE_SILENT","items_purchased":["Medical Kit"],"campfire_rested":0,"item_purchase_floors":[5],"current_hp_per_floor":[56,56,56,31,31,31,31],"gold":9,"neow_bonus":"BOSS_RELIC","is_daily":false,"chose_seed":false,"campfire_upgraded":0,"win_rate":0.0,"timestamp":1612769735,"path_taken":["M","M","M","M","$","E"],"items_purchased_type":["Relic"],"build_version":"2020-12-22","purchased_purges":1,"victory":false,"max_hp_per_floor":[66,66,66,66,66,66,66],"relic_stats":{"counters":[5,19],"Prayer Wheel":4,"Medical Kit":[0],"obtain_stats":[{"Philosopher\u0027s Stone":0,"Prayer Wheel":1,"Medical Kit":5,"Ring of the Snake":0,"REME_ComplimentaryCards":0},{"Philosopher\u0027s Stone":0,"Prayer Wheel":1,"Medical Kit":4,"Ring of the Snake":0,"REME_ComplimentaryCards":0},{"Philosopher\u0027s Stone":0,"Prayer Wheel":2,"Medical Kit":18,"Ring of the Snake":0,"REME_ComplimentaryCards":0}]},"card_choices":[{"not_picked":["Dodge and Roll","PiercingWail"],"picked":"Escape Plan","floor":1},{"not_picked":["Prepared","Flying Knee"],"picked":"Escape Plan","floor":1},{"not_picked":["Sneak Up","Flying Knee"],"picked":"Dagger Throw","floor":2},{"not_picked":["Deadly Poison","Skewer"],"picked":"Catalyst","floor":2},{"not_picked":["Tactician","Cloak And Dagger"],"picked":"Calculated Gamble","floor":3},{"not_picked":["Dagger Spray","Blade Dance"],"picked":"Draining Mist","floor":3},{"not_picked":["Deflect","Slice"],"picked":"Dagger Spray","floor":4},{"not_picked":["Underhanded Strike","Draining Mist"],"picked":"Malaise","floor":4}],"player_experience":1309477,"relics_obtained":[],"event_choices":[],"is_beta":false,"boss_relics":[],"items_purged_floors":[5],"is_endless":false,"potions_floor_spawned":[1],"killed_by":"Gremlin Nob","ascension_level":20}}