{"host":"f5gffvlv6a66yqkd","time":1612806747,"event":{"mods":["2.2 Compatiblity","BaseMod","Colored Map","Custom Start","DeckTracker","Keyboard Shortcuts","Minty Spire (QoL Compilation)","Permanent Neow","Quick Restart","Relic Stats","StSLib","SuperFastMode"],"gold_per_floor":[217,217,236,254,271,271,294,369,393,108,133,144,144,154,154,228,228,245,160,180,105,20,45,61,61,61,75,91,120,120,139,139,216,216,230,246,60,85,43,43,43,43],"floor_reached":41,"language":"KOR","playtime":1346,"items_purged":["Strike_B","Strike_B+1"],"score":826,"play_id":"07c6d36c-2e7f-4e5e-a58c-4da9639e2f27","local_time":"20210209025227","is_ascension_mode":true,"campfire_choices":[{"data":"Dualcast","floor":6,"key":"SMITH"},{"floor":13,"key":"REST"},{"data":"Apotheosis","floor":15,"key":"SMITH"},{"floor":25,"key":"REST"},{"floor":30,"key":"REST"},{"floor":32,"key":"REST"},{"floor":40,"key":"RECALL"}],"circlet_count":0,"master_deck":["AscendersBane","Defend_B","Defend_B","Defend_B","Defend_B","Zap+1","Dualcast+1","Sweeping Beam","Genetic Algorithm","Undo","Apotheosis+1","Go for the Eyes+1","Core Surge","Ball Lightning","Cold Snap","Reboot","Glacier","Ball Lightning","Lockon","Streamline","Blizzard","Glacier","Darkness","Electrodynamics","Redo","Chill","Biased Cognition","Blizzard","Defragment"],"relics":["Cracked Core","MealTicket","Ancient Tea Set","Orichalcum","Fusion Hammer","Lantern","Whetstone","Potion Belt","Red Mask","Snecko Eye","Du-Vu Doll"],"acts_visited":["Exordium","TheCity","TheBeyond"],"potions_floor_usage":[11,24,24,29,29],"damage_taken":[{"damage":6,"enemies":"Small Slimes","floor":1,"turns":3},{"damage":0,"enemies":"Cultist","floor":3,"turns":3},{"damage":5,"enemies":"2 Louse","floor":4,"turns":3},{"damage":7,"enemies":"2 Fungi Beasts","floor":5,"turns":3},{"damage":35,"enemies":"Gremlin Nob","floor":11,"turns":4},{"damage":0,"enemies":"Exordium Wildlife","floor":12,"turns":2},{"damage":5,"enemies":"Gremlin Gang","floor":14,"turns":4},{"damage":10,"enemies":"The Guardian","floor":16,"turns":11},{"damage":4,"enemies":"Spheric Guardian","floor":18,"turns":4},{"damage":0,"enemies":"Chosen","floor":20,"turns":5},{"damage":14,"enemies":"Gremlin Leader","floor":23,"turns":6},{"damage":6,"enemies":"3 Cultists","floor":24,"turns":6},{"damage":11,"enemies":"Snake Plant","floor":27,"turns":4},{"damage":11,"enemies":"Centurion and Healer","floor":28,"turns":7},{"damage":14,"enemies":"Masked Bandits","floor":29,"turns":4},{"damage":8,"enemies":"Snecko","floor":31,"turns":3},{"damage":62,"enemies":"Automaton","floor":33,"turns":11},{"damage":0,"enemies":"Orb Walker","floor":35,"turns":4},{"damage":0,"enemies":"3 Shapes","floor":36,"turns":4},{"damage":0,"enemies":"Mind Bloom Boss Battle","floor":38,"turns":4},{"damage":76,"enemies":"Giant Head","floor":41,"turns":8}],"seed_played":"4440732945278020951","potions_obtained":[{"floor":3,"key":"SneckoOil"},{"floor":4,"key":"AttackPotion"},{"floor":5,"key":"Dexterity Potion"},{"floor":14,"key":"SkillPotion"},{"floor":18,"key":"SkillPotion"},{"floor":24,"key":"Energy Potion"},{"floor":27,"key":"Block Potion"},{"floor":36,"key":"SteroidPotion"}],"is_trial":false,"path_per_floor":["M","?","M","M","M","R","T","?","T","$","E","M","R","M","R","B",null,"M","?","M","?","$","E","M","R","T","M","M","?","R","M","R","B",null,"M","M","$","?","$","R","E"],"character_chosen":"DEFECT","items_purchased":["Apotheosis","Go for the Eyes","Blizzard","Blizzard","Defragment"],"campfire_rested":4,"item_purchase_floors":[10,10,22,37,39],"current_hp_per_floor":[58,58,58,53,46,46,46,35,35,50,15,15,36,31,31,21,59,55,55,55,55,70,56,50,71,71,60,49,35,56,48,69,7,55,55,55,70,70,71,71,0,0],"gold":43,"neow_bonus":"HUNDRED_GOLD","is_daily":false,"chose_seed":false,"campfire_upgraded":2,"win_rate":0.0,"timestamp":1612806747,"path_taken":["M","?","M","?","M","R","?","?","T","$","E","M","R","M","R","BOSS","M","?","M","?","$","E","M","R","T","?","M","?","R","M","R","BOSS","M","M","$","?","?","R","E"],"items_purchased_type":["Card","Card","Card","Card","Card"],"build_version":"2020-12-22","purchased_purges":2,"victory":false,"max_hp_per_floor":[71,71,71,71,71,71,71,71,71,71,71,71,71,71,71,71,71,71,71,71,71,71,71,71,71,71,71,71,71,71,71,71,71,71,71,71,71,71,71,71,71,71],"relic_stats":{"counters":[21,103],"Snecko Eye":[42,35,39,30],"MealTicket":46,"Whetstone":["Go for the Eyes","Strike_B"],"Orichalcum":[90],"obtain_stats":[{"Potion Belt":26,"Du-Vu Doll":38,"Lantern":19,"Snecko Eye":34,"MealTicket":7,"Fusion Hammer":17,"Red Mask":29,"Whetstone":23,"Orichalcum":11,"Cracked Core":0,"Ancient Tea Set":9},{"Potion Belt":12,"Du-Vu Doll":20,"Lantern":9,"Snecko Eye":17,"MealTicket":4,"Fusion Hammer":8,"Red Mask":15,"Whetstone":11,"Orichalcum":5,"Cracked Core":0,"Ancient Tea Set":4},{"Potion Belt":54,"Du-Vu Doll":95,"Lantern":37,"Snecko Eye":83,"MealTicket":12,"Fusion Hammer":33,"Red Mask":69,"Whetstone":48,"Orichalcum":16,"Cracked Core":0,"Ancient Tea Set":12}]},"card_choices":[{"not_picked":["Steam","Fusion"],"picked":"Sweeping Beam","floor":1},{"not_picked":["Go for the Eyes","Steam"],"picked":"Genetic Algorithm","floor":3},{"not_picked":["Sweeping Beam","Leap","Double Energy"],"picked":"SKIP","floor":4},{"not_picked":["Conserve Battery","Heatsinks"],"picked":"Undo","floor":5},{"not_picked":["Darkness","Lockon"],"picked":"Core Surge","floor":11},{"not_picked":["Hologram","Self Repair"],"picked":"Ball Lightning","floor":12},{"not_picked":["Sweeping Beam","Sunder"],"picked":"Cold Snap","floor":14},{"not_picked":["Multi-Cast","Rainbow"],"picked":"Reboot","floor":16},{"not_picked":["FTL+1","Coolheaded"],"picked":"Glacier","floor":18},{"not_picked":["Self Repair","Gash"],"picked":"Ball Lightning","floor":20},{"not_picked":["FTL","Conserve Battery+1"],"picked":"Glacier","floor":23},{"not_picked":["Ball Lightning","Conserve Battery","Force Field+1"],"picked":"SKIP","floor":24},{"not_picked":["Compile Driver","Beam Cell"],"picked":"Darkness","floor":27},{"not_picked":["Conserve Battery","Barrage"],"picked":"Electrodynamics","floor":28},{"not_picked":["Cold Snap+1","Genetic Algorithm"],"picked":"Redo","floor":29},{"not_picked":["Go for the Eyes","Steam"],"picked":"Chill","floor":31},{"not_picked":["Thunder Strike","Amplify"],"picked":"Biased Cognition","floor":33},{"not_picked":["Beam Cell","Gash","Conserve Battery"],"picked":"SKIP","floor":35},{"not_picked":["Gash","Rebound","Steam"],"picked":"SKIP","floor":36}],"player_experience":1704852,"relics_obtained":[{"floor":7,"key":"MealTicket"},{"floor":9,"key":"Ancient Tea Set"},{"floor":11,"key":"Orichalcum"},{"floor":23,"key":"Whetstone"},{"floor":26,"key":"Potion Belt"},{"floor":29,"key":"Red Mask"},{"floor":38,"key":"Du-Vu Doll"}],"event_choices":[{"damage_healed":0,"gold_gain":0,"player_choice":"Upgraded","damage_taken":0,"max_hp_gain":0,"max_hp_loss":0,"event_name":"Upgrade Shrine","floor":2,"gold_loss":0,"cards_upgraded":["Zap"]},{"damage_healed":0,"gold_gain":75,"player_choice":"Gather Gold","damage_taken":11,"max_hp_gain":0,"max_hp_loss":0,"event_name":"World of Goop","floor":8,"gold_loss":0},{"damage_healed":0,"gold_gain":0,"player_choice":"Obtained Relic","damage_taken":0,"relics_obtained":["Lantern"],"max_hp_gain":0,"max_hp_loss":0,"event_name":"Addict","floor":19,"gold_loss":85},{"damage_healed":0,"gold_gain":0,"cards_transformed":["Strike_B","Strike_B"],"player_choice":"Transformed Cards","damage_taken":0,"max_hp_gain":0,"max_hp_loss":0,"event_name":"Designer","floor":21,"gold_loss":75,"cards_obtained":["Lockon","Streamline"]},{"damage_healed":0,"gold_gain":0,"player_choice":"Fought Bandits","damage_taken":0,"max_hp_gain":0,"max_hp_loss":0,"event_name":"Masked Bandits","floor":29,"gold_loss":0},{"damage_healed":0,"gold_gain":0,"player_choice":"Fight","damage_taken":0,"max_hp_gain":0,"max_hp_loss":0,"event_name":"MindBloom","floor":38,"gold_loss":0}],"is_beta":false,"boss_relics":[{"not_picked":["Sozu","Coffee Dripper"],"picked":"Fusion Hammer"},{"not_picked":["FrozenCore","Velvet Choker"],"picked":"Snecko Eye"}],"items_purged_floors":[10,37],"is_endless":false,"potions_floor_spawned":[3,4,5,14,16,18,24,27,36],"killed_by":"Giant Head","ascension_level":20}}