{"host":"qxeepl7ydvsgmfdb","time":1612772605,"event":{"mods":["AchievementEnabler","BaseMod","Colored Powertips","Minty Spire (QoL Compilation)","Quick Restart","slay the spire mod where everything is the same but ironclad has a cowboy hat"],"gold_per_floor":[111,61,236,253,253,278,278,296,296,296,323,323,338,413,413,510,510,529,579,595,605,357,357,632,632,655,170,183,98,132,148,148,251,251,263,263,280,293,568,595,151,151,151,165,165,165,38,55,55,55],"floor_reached":51,"language":"ENG","playtime":2685,"items_purged":["Regret","Regret"],"score":914,"play_id":"7821b139-a55f-4ce7-aadf-c5aaff9f867b","local_time":"20210208032325","is_ascension_mode":true,"campfire_choices":[{"data":"Zap","floor":7,"key":"SMITH"},{"floor":15,"key":"REST"},{"data":"Defragment","floor":23,"key":"SMITH"},{"data":"Dualcast","floor":25,"key":"SMITH"},{"floor":32,"key":"REST"},{"floor":45,"key":"REST"},{"floor":49,"key":"REST"}],"circlet_count":0,"master_deck":["Strike_B","Strike_B","Defend_B","Defend_B","Defend_B","Defend_B","Zap+1","Dualcast+1","Defragment+1","Cold Snap+1","Cold Snap","Electrodynamics","Darkness+1","Cold Snap+1","Ball Lightning+1","Capacitor+1","Sweeping Beam+1","Doom and Gloom+1","BootSequence","Redo","Redo+1"],"relics":["Cracked Core","NeowsBlessing","Pocketwatch","Matryoshka","Nunchaku","HornCleat","Nuclear Battery","Kunai","Juzu Bracelet","Orichalcum","DataDisk","Sling","Happy Flower","Anchor","SacredBark","Strawberry","Oddly Smooth Stone","Bag of Marbles","Ancient Tea Set","White Beast Statue","Whetstone"],"acts_visited":["Exordium","TheCity","TheBeyond"],"potions_floor_usage":[11,16,21,27,37,40,40,48,50,50],"damage_taken":[{"damage":0,"enemies":"Small Slimes","floor":1,"turns":1},{"damage":0,"enemies":"Jaw Worm","floor":4,"turns":1},{"damage":0,"enemies":"3 Sentries","floor":6,"turns":1},{"damage":0,"enemies":"Cultist","floor":8,"turns":2},{"damage":15,"enemies":"Lagavulin","floor":11,"turns":5},{"damage":6,"enemies":"Looter","floor":13,"turns":3},{"damage":14,"enemies":"Hexaghost","floor":16,"turns":11},{"damage":4,"enemies":"Chosen","floor":18,"turns":5},{"damage":11,"enemies":"Shell Parasite","floor":20,"turns":4},{"damage":1,"enemies":"Snecko","floor":21,"turns":4},{"damage":14,"enemies":"3 Cultists","floor":28,"turns":4},{"damage":17,"enemies":"Gremlin Leader","floor":30,"turns":7},{"damage":0,"enemies":"Chosen and Byrds","floor":31,"turns":4},{"damage":37,"enemies":"Collector","floor":33,"turns":8},{"damage":0,"enemies":"Orb Walker","floor":35,"turns":3},{"damage":14,"enemies":"3 Darklings","floor":37,"turns":3},{"damage":13,"enemies":"Maw","floor":38,"turns":7},{"damage":29,"enemies":"Nemesis","floor":40,"turns":5},{"damage":0,"enemies":"4 Shapes","floor":44,"turns":4},{"damage":6,"enemies":"Jaw Worm Horde","floor":48,"turns":2},{"damage":20,"enemies":"Donu and Deca","floor":50,"turns":8}],"seed_played":"-873575741665184793","potions_obtained":[{"floor":6,"key":"FocusPotion"},{"floor":11,"key":"Ancient Potion"},{"floor":13,"key":"FocusPotion"},{"floor":16,"key":"Swift Potion"},{"floor":18,"key":"Fire Potion"},{"floor":28,"key":"Energy Potion"},{"floor":33,"key":"LiquidMemories"},{"floor":37,"key":"DuplicationPotion"},{"floor":44,"key":"Strength Potion"},{"floor":48,"key":"FocusPotion"}],"is_trial":false,"path_per_floor":["M","?","?","M","?","E","R","M","T","?","E","?","M","?","R","B",null,"M","?","M","M","$","R","?","R","T","$","M","?","E","M","R","B",null,"M","?","M","M","?","E","$","?","T","M","R","T","$","M","R","B",null],"character_chosen":"DEFECT","items_purchased":["Kunai","DataDisk","Fruit Juice","Sling","Oddly Smooth Stone","Bag of Marbles","Strength Potion","BootSequence","Redo"],"campfire_rested":4,"item_purchase_floors":[22,27,27,27,41,41,41,47,47],"current_hp_per_floor":[75,75,75,75,75,75,75,75,75,63,48,41,35,24,46,32,75,71,71,60,59,59,59,59,59,59,64,50,50,33,33,57,20,80,80,76,62,49,49,27,27,27,27,27,51,51,51,45,69,49],"gold":55,"neow_bonus":"THREE_ENEMY_KILL","is_daily":false,"chose_seed":false,"campfire_upgraded":3,"win_rate":0.0,"timestamp":1612772605,"path_taken":["M","?","?","M","?","E","R","?","T","?","E","?","M","?","R","BOSS","M","?","?","M","$","R","?","R","T","$","M","?","E","M","R","BOSS","M","?","M","M","?","E","$","?","T","M","R","?","?","M","R","BOSS"],"items_purchased_type":["Relic","Relic","Potion","Relic","Relic","Relic","Potion","Card","Card"],"build_version":"2020-12-22","purchased_purges":2,"victory":true,"max_hp_per_floor":[75,75,75,75,75,75,75,75,75,75,75,75,75,75,75,75,75,75,75,75,75,75,75,75,75,75,80,80,80,80,80,80,80,80,80,76,76,76,76,83,83,83,83,83,83,83,83,83,83,83],"card_choices":[{"not_picked":["Beam Cell","Self Repair","Streamline"],"picked":"SKIP","floor":1},{"not_picked":["Sweeping Beam","Darkness"],"picked":"Defragment","floor":4},{"not_picked":["Ball Lightning","Turbo"],"picked":"Cold Snap","floor":6},{"not_picked":["Turbo","Double Energy","Genetic Algorithm"],"picked":"SKIP","floor":8},{"not_picked":["Hologram","Loop","Reprogram"],"picked":"SKIP","floor":11},{"not_picked":["Steam","Hello World"],"picked":"Cold Snap","floor":13},{"not_picked":["Creative AI","Echo Form"],"picked":"Electrodynamics","floor":16},{"not_picked":["Compile Driver","FTL","Hologram"],"picked":"SKIP","floor":18},{"not_picked":["Go for the Eyes","Sunder+1"],"picked":"Darkness+1","floor":20},{"not_picked":["Sunder","Heatsinks"],"picked":"Cold Snap","floor":21},{"not_picked":["Skim","Steam Power","Rip and Tear"],"picked":"SKIP","floor":28},{"not_picked":["Stack","Melter"],"picked":"Ball Lightning+1","floor":30},{"not_picked":["FTL","Go for the Eyes","Consume+1"],"picked":"SKIP","floor":31},{"not_picked":["Recycle","Conserve Battery"],"picked":"Capacitor+1","floor":35},{"not_picked":["Leap+1","Consume+1"],"picked":"Sweeping Beam+1","floor":37},{"not_picked":["Doom and Gloom","Rebound","Beam Cell"],"picked":"SKIP","floor":38},{"not_picked":["FTL","Reinforced Body"],"picked":"BootSequence","floor":40},{"not_picked":["Leap+1","Beam Cell"],"picked":"Doom and Gloom+1","floor":44},{"not_picked":["Sunder+1","Compile Driver"],"picked":"Redo+1","floor":48}],"player_experience":186634,"relics_obtained":[{"floor":6,"key":"Pocketwatch"},{"floor":9,"key":"Matryoshka"},{"floor":11,"key":"HornCleat"},{"floor":26,"key":"Juzu Bracelet"},{"floor":26,"key":"Orichalcum"},{"floor":30,"key":"Anchor"},{"floor":40,"key":"Strawberry"},{"floor":43,"key":"Ancient Tea Set"},{"floor":43,"key":"White Beast Statue"},{"floor":46,"key":"Whetstone"}],"event_choices":[{"cards_removed":["Strike_B"],"damage_healed":0,"gold_gain":0,"player_choice":"Card Removal","damage_taken":0,"max_hp_gain":0,"max_hp_loss":0,"event_name":"The Cleric","floor":2,"gold_loss":50},{"damage_healed":0,"gold_gain":175,"player_choice":"AGREE","damage_taken":0,"max_hp_gain":0,"max_hp_loss":0,"event_name":"Liars Game","floor":3,"gold_loss":0,"cards_obtained":["Doubt"]},{"cards_removed":["Doubt"],"damage_healed":0,"gold_gain":0,"player_choice":"Removed Curses","damage_taken":0,"max_hp_gain":0,"max_hp_loss":0,"event_name":"Fountain of Cleansing","floor":5,"gold_loss":0},{"damage_healed":0,"gold_gain":0,"player_choice":"Success","damage_taken":12,"relics_obtained":["Nunchaku"],"max_hp_gain":0,"max_hp_loss":0,"event_name":"Scrap Ooze","floor":10,"gold_loss":0},{"cards_removed":["Strike_B"],"damage_healed":0,"gold_gain":0,"player_choice":"Card Removal","damage_taken":7,"max_hp_gain":0,"max_hp_loss":0,"event_name":"Golden Wing","floor":12,"gold_loss":0},{"damage_healed":0,"gold_gain":75,"player_choice":"Gather Gold","damage_taken":11,"max_hp_gain":0,"max_hp_loss":0,"event_name":"World of Goop","floor":14,"gold_loss":0},{"damage_healed":0,"gold_gain":100,"player_choice":"Bet on Murderer","damage_taken":0,"max_hp_gain":0,"max_hp_loss":0,"event_name":"The Joust","floor":19,"gold_loss":50},{"damage_healed":0,"gold_gain":275,"player_choice":"Desecrate","damage_taken":0,"max_hp_gain":0,"max_hp_loss":0,"event_name":"Golden Shrine","floor":24,"gold_loss":0,"cards_obtained":["Regret"]},{"damage_healed":0,"gold_gain":0,"player_choice":"Obtained Relic","damage_taken":0,"relics_obtained":["Happy Flower"],"max_hp_gain":0,"max_hp_loss":0,"event_name":"Addict","floor":29,"gold_loss":85},{"damage_healed":0,"gold_gain":0,"player_choice":"Max HP","damage_taken":0,"max_hp_gain":0,"max_hp_loss":4,"event_name":"Winding Halls","floor":36,"gold_loss":0},{"damage_healed":0,"gold_gain":275,"player_choice":"Desecrate","damage_taken":0,"max_hp_gain":0,"max_hp_loss":0,"event_name":"Golden Shrine","floor":39,"gold_loss":0,"cards_obtained":["Regret"]},{"cards_removed":["BootSequence"],"damage_healed":0,"gold_gain":0,"player_choice":"Removed Skill","damage_taken":0,"max_hp_gain":0,"max_hp_loss":0,"event_name":"Falling","floor":42,"gold_loss":0}],"is_beta":false,"boss_relics":[{"not_picked":["Astrolabe","Coffee Dripper"],"picked":"Nuclear Battery"},{"not_picked":["Philosopher\u0027s Stone","Inserter"],"picked":"SacredBark"}],"items_purged_floors":[27,41],"is_endless":false,"potions_floor_spawned":[6,11,13,16,18,28,30,33,37,44,48],"ascension_level":4}}