{"host":"okvf2hy7r209l3k2","time":1612781162,"event":{"mods":["BaseMod","Block Reminder","Colored Map","Colored Powertips","Downfall","Hermit","Highlight Path","Minty Spire (QoL Compilation)","Permanent Neow","Quick Restart","StSLib","The Cursed","The Hierophant"],"gold_per_floor":[114,124,142,142,163,163,163,163],"floor_reached":7,"language":"ENG","playtime":525,"items_purged":[],"score":43,"play_id":"bb6b3c90-9300-441c-9b6d-51fafea3b519","local_time":"20210208014602","is_ascension_mode":false,"campfire_choices":[{"data":"hierophant:ArchangelShield","floor":6,"key":"SMITH"}],"circlet_count":0,"master_deck":["hierophant:Strike_Hierophant","hierophant:Strike_Hierophant","hierophant:Strike_Hierophant","hierophant:Strike_Hierophant","hierophant:Punish","hierophant:Defend_Hierophant","hierophant:Defend_Hierophant","hierophant:Defend_Hierophant","hierophant:Defend_Hierophant","hierophant:ChurchCoffers","hierophant:HammerAndAnvil","hierophant:Flagellation","hierophant:ArchangelShield+1","hierophant:Zeal","Injury","hierophant:SealAway"],"relics":["hierophant:PropheticMaskRelic","Golden Idol"],"acts_visited":["Exordium"],"potions_floor_usage":[],"damage_taken":[{"damage":0,"enemies":"Small Slimes","floor":1,"turns":3},{"damage":11,"enemies":"Jaw Worm","floor":2,"turns":4},{"damage":9,"enemies":"2 Louse","floor":3,"turns":3},{"damage":21,"enemies":"Exordium Wildlife","floor":5,"turns":4},{"damage":30,"enemies":"Gremlin Nob","floor":7,"turns":4}],"seed_played":"-6922854710578878712","potions_obtained":[{"floor":2,"key":"Strength Potion"},{"floor":5,"key":"SteroidPotion"}],"is_trial":false,"path_per_floor":["M","M","M","?","M","R","E"],"character_chosen":"HIEROPHANT","items_purchased":[],"campfire_rested":0,"item_purchase_floors":[],"current_hp_per_floor":[75,64,55,55,34,34,4,4],"gold":163,"neow_bonus":"THREE_CARDS","is_daily":false,"chose_seed":false,"campfire_upgraded":1,"win_rate":0.0,"timestamp":1612781162,"path_taken":["M","M","M","?","M","R","E"],"items_purchased_type":[],"build_version":"2020-12-22","purchased_purges":0,"victory":false,"max_hp_per_floor":[75,75,75,75,75,75,75,75],"card_choices":[{"not_picked":["hierophant:Patience","hierophant:CoinFling"],"picked":"hierophant:HammerAndAnvil","floor":0},{"not_picked":["hierophant:HammerAndAnvil","hierophant:HolyVerse"],"picked":"hierophant:Flagellation","floor":1},{"not_picked":["hierophant:CoinFling","hierophant:Sermon"],"picked":"hierophant:ArchangelShield","floor":2},{"not_picked":["hierophant:Invocation","hierophant:DisplayOfPower"],"picked":"hierophant:Zeal","floor":3},{"not_picked":["hierophant:OrnateBuckler","hierophant:SecretStash"],"picked":"hierophant:SealAway","floor":5}],"player_experience":194164,"relics_obtained":[],"event_choices":[{"damage_healed":0,"gold_gain":0,"player_choice":"Take Wound","damage_taken":0,"relics_obtained":["Golden Idol"],"max_hp_gain":0,"max_hp_loss":0,"event_name":"Golden Idol","floor":4,"gold_loss":0,"cards_obtained":["Injury"]}],"is_beta":false,"boss_relics":[],"items_purged_floors":[],"is_endless":false,"potions_floor_spawned":[2,5],"killed_by":"Gremlin Nob","ascension_level":0}}