{"host":"f5gffvlv6a66yqkd","time":1612801121,"event":{"mods":["2.2 Compatiblity","BaseMod","Colored Map","Custom Start","DeckTracker","Keyboard Shortcuts","Minty Spire (QoL Compilation)","Permanent Neow","Quick Restart","Relic Stats","StSLib","SuperFastMode"],"gold_per_floor":[110,110,123,48,63,63,63,63,90,55,68,68,68,95,95,191,191,215,140,161,161,161],"floor_reached":21,"language":"KOR","playtime":401,"items_purged":["Strike_B"],"score":334,"play_id":"83879d39-b35e-4a29-8344-4ea01cd17985","local_time":"20210209011841","is_ascension_mode":true,"campfire_choices":[{"data":"Defragment","floor":6.0,"key":"SMITH"},{"data":"Zap","floor":8.0,"key":"SMITH"},{"data":"Streamline","floor":12.0,"key":"SMITH"},{"data":"Dualcast","floor":15.0,"key":"SMITH"}],"circlet_count":0,"master_deck":["AscendersBane","Defend_B","Defend_B","Defend_B","Defend_B","Zap+1","Dualcast+1","Streamline+1","Turbo","Defragment+1","Core Surge","Storm+1","Fission+1","FTL+1","Gash","Ball Lightning"],"relics":["Cracked Core","Tiny Chest","Cables","Oddly Smooth Stone","Golden Idol","Art of War","Astrolabe"],"acts_visited":["Exordium","TheCity"],"potions_floor_usage":[],"damage_taken":[{"damage":2.0,"enemies":"Jaw Worm","floor":1.0,"turns":3.0},{"damage":0.0,"enemies":"Small Slimes","floor":3.0,"turns":2.0},{"damage":1.0,"enemies":"2 Louse","floor":5.0,"turns":2.0},{"damage":15.0,"enemies":"Exordium Wildlife","floor":11.0,"turns":5.0},{"damage":22.0,"enemies":"Slime Boss","floor":16.0,"turns":9.0},{"damage":0.0,"enemies":"Chosen","floor":18.0,"turns":3.0},{"damage":32.0,"enemies":"2 Thieves","floor":20.0,"turns":3.0},{"damage":32,"enemies":"3 Cultists","floor":21,"turns":4}],"seed_played":"5094048958467480878","potions_obtained":[{"floor":3.0,"key":"Ancient Potion"},{"floor":5.0,"key":"Weak Potion"},{"floor":11.0,"key":"AttackPotion"}],"is_trial":false,"path_per_floor":["M","?","M","$","M","R","$","R","T","?","M","R","?","T","R","B",null,"M","?","M","M"],"character_chosen":"DEFECT","items_purchased":[],"campfire_rested":0,"item_purchase_floors":[],"current_hp_per_floor":[62,36,36,36,35,35,35,35,35,52,37,37,37,37,37,15,57,57,57,25,0,0],"gold":161,"neow_bonus":"RANDOM_COMMON_RELIC","is_daily":false,"chose_seed":false,"campfire_upgraded":4,"win_rate":0.0,"timestamp":1612801121,"path_taken":["M","?","M","$","M","R","$","R","T","?","M","R","?","?","R","BOSS","M","?","M","M"],"items_purchased_type":[],"build_version":"2020-12-22","purchased_purges":1,"victory":false,"max_hp_per_floor":[71,71,71,71,71,71,71,71,71,71,71,71,71,71,71,71,71,71,71,71,71,71],"relic_stats":{"counters":[8,31],"Golden Idol":28,"Astrolabe":["Storm","Fission","FTL"],"Tiny Chest":1,"Art of War":[1],"obtain_stats":[{"Golden Idol":13,"Astrolabe":17,"Oddly Smooth Stone":9,"Tiny Chest":0,"Art of War":14,"Cracked Core":0,"Cables":2},{"Golden Idol":4,"Astrolabe":5,"Oddly Smooth Stone":3,"Tiny Chest":0,"Art of War":4,"Cracked Core":0,"Cables":1},{"Golden Idol":12,"Astrolabe":21,"Oddly Smooth Stone":7,"Tiny Chest":0,"Art of War":12,"Cracked Core":0,"Cables":3}],"Cables":[23,23,0,0,0]},"card_choices":[{"not_picked":["Compile Driver","Sweeping Beam"],"picked":"Streamline","floor":1.0},{"not_picked":["Conserve Battery","Gash"],"picked":"Turbo","floor":3.0},{"not_picked":["Chill","Leap"],"picked":"Defragment","floor":5.0},{"not_picked":["Fusion","Aggregate","Barrage"],"picked":"SKIP","floor":11.0},{"not_picked":["Seek","Multi-Cast"],"picked":"Core Surge","floor":16.0},{"not_picked":["Turbo","Steam"],"picked":"Gash","floor":18.0},{"not_picked":["Rip and Tear","Redo"],"picked":"Ball Lightning","floor":20.0}],"player_experience":1702634,"relics_obtained":[{"floor":9.0,"key":"Oddly Smooth Stone"},{"floor":14.0,"key":"Art of War"}],"event_choices":[{"damage_healed":0.0,"max_hp_gain":0.0,"max_hp_loss":0.0,"gold_gain":0.0,"event_name":"Scrap Ooze","player_choice":"Success","floor":2.0,"gold_loss":0.0,"damage_taken":26.0,"relics_obtained":["Cables"]},{"damage_healed":17.0,"max_hp_gain":0.0,"max_hp_loss":0.0,"gold_gain":0.0,"event_name":"The Cleric","player_choice":"Healed","floor":10.0,"gold_loss":35.0,"damage_taken":0.0},{"damage_healed":0.0,"max_hp_gain":0.0,"max_hp_loss":0.0,"gold_gain":0.0,"event_name":"Golden Idol","player_choice":"Take Wound","floor":13.0,"gold_loss":0.0,"damage_taken":0.0,"relics_obtained":["Golden Idol"],"cards_obtained":["Injury"]},{"cards_removed":["Injury"],"damage_healed":0.0,"max_hp_gain":0.0,"max_hp_loss":0.0,"gold_gain":0.0,"event_name":"Beggar","player_choice":"Gave Gold","floor":19.0,"gold_loss":75.0,"damage_taken":0.0}],"is_beta":false,"boss_relics":[{"not_picked":["Empty Cage","Sozu"],"picked":"Astrolabe"}],"items_purged_floors":[4],"is_endless":false,"potions_floor_spawned":[3,5,11],"killed_by":"3 Cultists","ascension_level":20}}