{"host":"2q82lssse0ckn8xu","time":1612773804,"event":{"mods":["AchievementEnabler","BaseMod","Colored Map","Colored Powertips","Minty Spire (QoL Compilation)","Permanent Neow","Quick Restart","StSLib","The Saiyan","Unceasing Turn Reminder"],"gold_per_floor":[88,100,112,127,137,137,147,177,229,248,248,265,265,325,325,421,421,441,460,460,476,476,476,508,433,456,491,343,343,343],"floor_reached":29,"language":"ENG","playtime":2417,"items_purged":[],"score":319,"play_id":"ed733d6c-8fdd-485b-8520-60ab326a8690","local_time":"20210208141324","is_ascension_mode":true,"campfire_choices":[{"data":"Saiyan:KaioKen","floor":6.0,"key":"SMITH"},{"floor":11.0,"key":"REST"},{"data":"Saiyan:KameHameHa","floor":13.0,"key":"SMITH"},{"floor":15.0,"key":"REST"},{"floor":23.0,"key":"REST"}],"circlet_count":0,"master_deck":["Saiyan:SAIYA_Strike","Saiyan:SAIYA_Strike","Saiyan:SAIYA_Strike","Saiyan:SAIYA_Strike","Saiyan:SAIYA_Defend","Saiyan:SAIYA_Defend","Saiyan:SAIYA_Defend","Saiyan:SAIYA_Defend","Saiyan:EnergyBlast","Saiyan:KaioKen+1","Saiyan:RuthlessBlow","Saiyan:Quickening","Saiyan:BackAttack","Saiyan:ExpandingShockwave","Saiyan:KameHameHa+1","Saiyan:Rekindle","Saiyan:PowerPole","Saiyan:PressOn","Saiyan:Medicine","Saiyan:ExtremeSpeed","Saiyan:GhostAttack","Saiyan:SenzuBean","Saiyan:SuperSaiyanForm+1","Saiyan:KiExplosion+1","Saiyan:BigBangAttack+1","Saiyan:Medicine+1","Saiyan:FingerParry+1","Saiyan:Momentum"],"relics":["SaiyanSoul","SaiyanHeart","Orichalcum","Ancient Tea Set","Potion Belt","StrikeDummy","Cursed Key","Question Card","Omamori","Art of War","Lantern"],"acts_visited":["Exordium","TheCity"],"potions_floor_usage":[],"damage_taken":[{"damage":0.0,"enemies":"Cultist","floor":1.0,"turns":3.0},{"damage":3.0,"enemies":"Small Slimes","floor":2.0,"turns":2.0},{"damage":0.0,"enemies":"Jaw Worm","floor":3.0,"turns":2.0},{"damage":5.0,"enemies":"Large Slime","floor":4.0,"turns":6.0},{"damage":7.0,"enemies":"Blue Slaver","floor":5.0,"turns":3.0},{"damage":2.0,"enemies":"3 Louse","floor":7.0,"turns":2.0},{"damage":33.0,"enemies":"Gremlin Nob","floor":8.0,"turns":6.0},{"damage":0.0,"enemies":"2 Fungi Beasts","floor":10.0,"turns":3.0},{"damage":12.0,"enemies":"Blue Slaver","floor":12.0,"turns":4.0},{"damage":15.0,"enemies":"Lagavulin Event","floor":14.0,"turns":7.0},{"damage":39.0,"enemies":"Hexaghost","floor":16.0,"turns":13.0},{"damage":7.0,"enemies":"Shell Parasite","floor":18.0,"turns":2.0},{"damage":11.0,"enemies":"2 Thieves","floor":19.0,"turns":3.0},{"damage":14.0,"enemies":"Shelled Parasite and Fungi","floor":21.0,"turns":4.0},{"damage":28.0,"enemies":"Slavers","floor":24.0,"turns":6.0},{"damage":39,"enemies":"Book of Stabbing","floor":27,"turns":6},{"damage":5,"enemies":"Chosen and Byrds","floor":29,"turns":1}],"seed_played":"986734882882398262","potions_obtained":[{"floor":1.0,"key":"DuplicationPotion"},{"floor":4.0,"key":"Strength Potion"},{"floor":8.0,"key":"SkillPotion"},{"floor":10.0,"key":"Explosive Potion"},{"floor":12.0,"key":"EssenceOfSteel"},{"floor":19.0,"key":"Explosive Potion"},{"floor":21.0,"key":"Dexterity Potion"},{"floor":27,"key":"PowerPotion"}],"is_trial":false,"path_per_floor":["M","M","M","M","M","R","M","E","T","M","R","M","R","?","R","B",null,"M","M","?","M","?","R","E","?","T","E","$","M"],"character_chosen":"SAIYAJIN","items_purchased":["Saiyan:Momentum"],"campfire_rested":3,"item_purchase_floors":[28],"current_hp_per_floor":[61,59,60,57,52,52,51,18,18,19,39,30,30,18,38,2,69,62,53,41,29,29,51,28,28,28,2,2,0,0],"gold":343,"neow_bonus":"RANDOM_COMMON_RELIC","is_daily":false,"chose_seed":false,"campfire_upgraded":2,"win_rate":0.0,"timestamp":1612773804,"path_taken":["M","M","M","M","M","R","M","E","T","M","R","M","R","?","R","BOSS","M","M","?","M","?","R","E","?","T","E","?","M"],"items_purchased_type":["Card"],"build_version":"2020-12-22","purchased_purges":0,"victory":false,"max_hp_per_floor":[61,62,63,65,67,67,68,68,68,69,69,69,69,69,69,69,69,69,69,74,76,76,76,78,78,78,79,79,79,79],"card_choices":[{"not_picked":["Saiyan:SoulSpice","Saiyan:Furor"],"picked":"Saiyan:Quickening","floor":1.0},{"not_picked":["Saiyan:DragonFist","Saiyan:MeteorDash"],"picked":"Saiyan:BackAttack","floor":2.0},{"not_picked":["Saiyan:BigBangAttack","Saiyan:SaiyanHubris"],"picked":"Saiyan:ExpandingShockwave","floor":3.0},{"not_picked":["Saiyan:RemoveWeights","Saiyan:WarmUp"],"picked":"Saiyan:KameHameHa","floor":4.0},{"not_picked":["Saiyan:Expend","Saiyan:Honing"],"picked":"Saiyan:Rekindle","floor":5.0},{"not_picked":["Saiyan:BigBangAttack","Saiyan:Quickening"],"picked":"Saiyan:PowerPole","floor":7.0},{"not_picked":["Saiyan:Twize","Saiyan:BurningSoul"],"picked":"Saiyan:PressOn","floor":8.0},{"not_picked":["Saiyan:Quickening","Saiyan:KameHameHa"],"picked":"Saiyan:Medicine","floor":10.0},{"not_picked":["Saiyan:SaiyanHubris","Saiyan:Honing"],"picked":"Saiyan:ExtremeSpeed","floor":12.0},{"not_picked":["Saiyan:TurtleShell","Saiyan:Scouter"],"picked":"Saiyan:GhostAttack","floor":14.0},{"not_picked":["Saiyan:GhostAttack","Saiyan:GenkiDama"],"picked":"Saiyan:SenzuBean","floor":16.0},{"not_picked":["Saiyan:PowerUp+1","Saiyan:KameHameHa+1"],"picked":"Saiyan:SuperSaiyanForm+1","floor":18.0},{"not_picked":["Saiyan:MeteorDash","Saiyan:RemoveWeights"],"picked":"Saiyan:KiExplosion+1","floor":19.0},{"not_picked":["Saiyan:PlotArmor","Saiyan:KameHameHa+1"],"picked":"Saiyan:BigBangAttack+1","floor":21.0},{"not_picked":["Saiyan:Afterimage","Saiyan:DoubleMasenko","Saiyan:KiExplosion"],"picked":"Saiyan:Medicine+1","floor":24.0},{"not_picked":["Saiyan:RemoveWeights","Saiyan:Afterimage","Saiyan:Teleport"],"picked":"Saiyan:FingerParry+1","floor":27}],"player_experience":670965,"relics_obtained":[{"floor":8.0,"key":"Ancient Tea Set"},{"floor":9.0,"key":"Potion Belt"},{"floor":14.0,"key":"StrikeDummy"},{"floor":24.0,"key":"Omamori"},{"floor":26.0,"key":"Art of War"},{"floor":27,"key":"Lantern"}],"event_choices":[{"damage_healed":0.0,"max_hp_gain":0.0,"max_hp_loss":0.0,"gold_gain":30.0,"event_name":"Dead Adventurer","player_choice":"Searched \u00273\u0027 times","floor":14.0,"gold_loss":0.0,"damage_taken":0.0},{"damage_healed":0.0,"max_hp_gain":5.0,"max_hp_loss":0.0,"gold_gain":0.0,"event_name":"Forgotten Altar","player_choice":"Shed Blood","floor":20.0,"gold_loss":0.0,"damage_taken":17.0},{"damage_healed":0.0,"max_hp_gain":0.0,"max_hp_loss":0.0,"gold_gain":0.0,"event_name":"Addict","player_choice":"Stole Relic","floor":22.0,"gold_loss":0.0,"damage_taken":0.0,"relics_obtained":["Question Card"],"cards_obtained":["Shame"]},{"cards_removed":["Shame"],"damage_healed":0.0,"max_hp_gain":0.0,"max_hp_loss":0.0,"gold_gain":0.0,"event_name":"Beggar","player_choice":"Gave Gold","floor":25.0,"gold_loss":75.0,"damage_taken":0.0}],"is_beta":false,"boss_relics":[{"not_picked":["Calling Bell","Velvet Choker"],"picked":"Cursed Key"}],"items_purged_floors":[],"is_endless":false,"potions_floor_spawned":[1,4,8,10,12,19,21,27],"killed_by":"Chosen and Byrds","ascension_level":2}}