{"host":"815dqs41i1y8uxms","time":1612804195,"event":{"mods":["A Penny For Your Troubles","Act Like it!","BaseMod","Elementarium","GungeonMod","Minty Spire (QoL Compilation)","Rare Cards Sparkle","Shop Mod","Spire Arcade","StSLib"],"gold_per_floor":[115,128,128,128,128,148,173,173,198,213,213,246,246,257,257,257,257],"floor_reached":16,"language":"ENG","playtime":875,"items_purged":[],"score":100,"play_id":"7660d65f-97b5-4577-9ecc-e6d29c18f800","local_time":"20210208180955","is_ascension_mode":false,"campfire_choices":[{"floor":13,"key":"REST"},{"data":"DemoMod:ManualReload","floor":15,"key":"SMITH"}],"circlet_count":0,"master_deck":["DemoMod:Strike_Huntress","DemoMod:Strike_Huntress","DemoMod:Strike_Huntress","DemoMod:Defend_Huntress","DemoMod:Defend_Huntress","DemoMod:Defend_Huntress","DemoMod:Defend_Huntress","DemoMod:Roll","DemoMod:ManualReload+1","DemoMod:RustySidearm","DemoMod:CrossBow","DemoMod:StickyCrossBow","DemoMod:FortunesFavor+1","Pain","DemoMod:HardPowerCard","DemoMod:EasyReloadBullets","Parasite","DemoMod:SkilledReload","DemoMod:Evolver","DemoMod:Camera","DemoMod:StickyCrossBow"],"relics":["DemoMod:Dog","NeowsBlessing","WarpedTongs","Toy Ornithopter","PreservedInsect","Ancient Tea Set","Pen Nib"],"acts_visited":["Exordium"],"potions_floor_usage":[16,16],"damage_taken":[{"damage":0,"enemies":"2 Louse","floor":1,"turns":1},{"damage":0,"enemies":"Jaw Worm","floor":2,"turns":1},{"damage":1,"enemies":"Cultist","floor":6,"turns":1},{"damage":24,"enemies":"Gremlin Nob","floor":7,"turns":5},{"damage":10,"enemies":"3 Louse","floor":10,"turns":5},{"damage":3,"enemies":"Blue Slaver","floor":12,"turns":9},{"damage":11,"enemies":"Blue Slaver","floor":14,"turns":4},{"damage":69,"enemies":"Hexaghost","floor":16,"turns":11}],"seed_played":"-4073405657774099828","potions_obtained":[{"floor":6,"key":"SkillPotion"},{"floor":7,"key":"Dexterity Potion"},{"floor":14,"key":"Explosive Potion"}],"is_trial":false,"path_per_floor":["M","M","$","?","?","M","E","?","T","M","T","?","R","M","R","B"],"character_chosen":"HUNTRESS","items_purchased":[],"campfire_rested":1,"item_purchase_floors":[],"current_hp_per_floor":[70,70,70,70,70,69,45,62,62,52,52,49,70,59,59,0,0],"gold":257,"neow_bonus":"THREE_ENEMY_KILL","is_daily":false,"chose_seed":false,"campfire_upgraded":1,"win_rate":0.0,"timestamp":1612804195,"path_taken":["M","M","$","?","?","?","E","?","T","M","?","?","R","?","R","BOSS"],"items_purchased_type":[],"build_version":"2020-12-22","purchased_purges":0,"victory":false,"max_hp_per_floor":[70,70,70,70,70,70,70,70,70,70,70,70,70,70,70,70,70],"card_choices":[{"not_picked":["DemoMod:Unmoved","DemoMod:Ejector"],"picked":"DemoMod:StickyCrossBow","floor":1},{"not_picked":["DemoMod:DoubleSwitch","DemoMod:PracticeMakesPerfect"],"picked":"DemoMod:FortunesFavor","floor":2},{"not_picked":["DemoMod:ConditionalReflex","DemoMod:Rummage"],"picked":"DemoMod:HardPowerCard","floor":6},{"not_picked":["DemoMod:JK47","DemoMod:BattleInHaste"],"picked":"DemoMod:EasyReloadBullets","floor":7},{"not_picked":["DemoMod:PracticeMakesPerfect","DemoMod:DoubleSwitch"],"picked":"DemoMod:SkilledReload","floor":10},{"not_picked":["DemoMod:BattleInHaste","DemoMod:ConditionalReflex"],"picked":"DemoMod:Evolver","floor":12},{"not_picked":["DemoMod:FortunesFavor","DemoMod:HardPowerCard"],"picked":"DemoMod:Camera","floor":12},{"not_picked":["DemoMod:StrategicReserve","DemoMod:BoxingGlove"],"picked":"DemoMod:StickyCrossBow","floor":14}],"player_experience":3764372,"relics_obtained":[{"floor":7,"key":"Toy Ornithopter"},{"floor":9,"key":"PreservedInsect"},{"floor":11,"key":"Ancient Tea Set"},{"floor":12,"key":"Pen Nib"}],"event_choices":[{"damage_healed":0,"gold_gain":0,"player_choice":"Grow","damage_taken":0,"max_hp_gain":0,"max_hp_loss":0,"event_name":"Living Wall","floor":4,"gold_loss":0,"cards_upgraded":["DemoMod:FortunesFavor"]},{"damage_healed":0,"gold_gain":0,"player_choice":"Rummage","damage_taken":0,"relics_obtained":["WarpedTongs"],"max_hp_gain":0,"max_hp_loss":0,"event_name":"Accursed Blacksmith","floor":5,"gold_loss":0,"cards_obtained":["Pain"]},{"damage_healed":17,"gold_gain":0,"player_choice":"Healed and dodged fight","damage_taken":0,"max_hp_gain":0,"max_hp_loss":0,"event_name":"Mushrooms","floor":8,"gold_loss":0,"cards_obtained":["Parasite"]}],"is_beta":false,"boss_relics":[],"items_purged_floors":[],"is_endless":false,"potions_floor_spawned":[6,7,14],"killed_by":"Hexaghost","ascension_level":0}}