{"host":"p7cjtxxrilhp4dw7","time":1612752850,"event":{"mods":["BaseMod","Block Reminder","Colored Map","Curses Come First","Highlight Path","Minty Spire (QoL Compilation)","Replay The Spire","StSLib","The Hierophant"],"gold_per_floor":[119,131,144,144,160,194,194,226,226,261,261,20,20,31,31,133,133,145,162,162,180,190,190,205,50,50,67,67,67,79,134,134,134,134],"floor_reached":33,"language":"ENG","playtime":5983,"items_purged":[],"score":420,"play_id":"d73a7e6d-29a0-43fe-ba22-cf02a3685a92","local_time":"20210207195410","is_ascension_mode":true,"campfire_choices":[{"floor":7,"key":"REST"},{"data":"Body Slam","floor":13,"key":"SMITH"},{"data":"Body Slam","floor":13,"key":"SMITH"},{"floor":23,"key":"REST"},{"floor":32,"key":"REST"}],"circlet_count":0,"master_deck":["AscendersBane","Strike_R","Strike_R","Strike_R","Defend_R","Defend_R","Defend_R","Defend_R","Bash","Juggernaut+1","Shrug It Off","Seeing Red+1","Body Slam+1","Bludgeon","Body Slam+1","Replay:Sssssssssshield","Replay:Many Hands","ReplayTheSpireMod:Stacked+1","ReplayReversal","Armaments","Twin Strike+1","Disarm+1"],"relics":["Burning Blood","Replay:Baseball","Replay:Arrowhead","Meat on the Bone","Ornamental Fan","Replay:Mystery Machine","Mark of Pain","Tiny Chest","Smiling Mask","Juzu Bracelet"],"acts_visited":["Exordium","TheCity"],"potions_floor_usage":[6,8,10,16,16,28,30,33,33,33],"damage_taken":[{"damage":6,"enemies":"Cultist","floor":1,"turns":4},{"damage":0,"enemies":"Small Slimes","floor":2,"turns":5},{"damage":16,"enemies":"Jaw Worm","floor":3,"turns":5},{"damage":19,"enemies":"Exordium Wildlife","floor":5,"turns":7},{"damage":10,"enemies":"Replay:BlueRogue","floor":6,"turns":8},{"damage":6,"enemies":"3 Sentries","floor":8,"turns":9},{"damage":28,"enemies":"Gremlin Nob","floor":10,"turns":4},{"damage":0,"enemies":"2 Fungi Beasts","floor":14,"turns":3},{"damage":24,"enemies":"Fading Forest","floor":16,"turns":11},{"damage":14,"enemies":"3 Byrds","floor":18,"turns":6},{"damage":18,"enemies":"2 Thieves","floor":19,"turns":5},{"damage":38,"enemies":"Chosen and Byrds","floor":21,"turns":9},{"damage":23,"enemies":"Centurion and Healer","floor":22,"turns":7},{"damage":15,"enemies":"Snake Plant","floor":24,"turns":3},{"damage":20,"enemies":"Sentry and Sphere","floor":27,"turns":6},{"damage":4,"enemies":"Cultist and Chosen","floor":28,"turns":5},{"damage":23,"enemies":"Snake Plant","floor":30,"turns":4},{"damage":98,"enemies":"Automaton","floor":33,"turns":12}],"seed_played":"-4225218926709018760","potions_obtained":[{"floor":2,"key":"Fruit Juice"},{"floor":6,"key":"Dexterity Potion"},{"floor":8,"key":"LiquidBronze"},{"floor":15,"key":"Explosive Potion"},{"floor":15,"key":"SkillPotion"},{"floor":24,"key":"BlessingOfTheForge"},{"floor":27,"key":"SmokeBomb"},{"floor":30,"key":"EntropicBrew"}],"is_trial":false,"path_per_floor":["M","M","M","?","M","E","R","E","T","E","?","$","R","M","R_BF","B",null,"M","M","?","M","M","R","M","$","T","M","M","?","M","T","R","B"],"character_chosen":"IRONCLAD","items_purchased":["Replay:Mystery Machine","Replay:Sssssssssshield","Tiny Chest"],"campfire_rested":3,"item_purchase_floors":[12,12,25],"current_hp_per_floor":[72,78,68,68,55,56,81,81,81,59,59,59,59,65,65,59,79,71,59,59,39,34,59,50,50,50,48,50,50,45,45,70,0,0],"gold":134,"neow_bonus":"ONE_RANDOM_RARE_CARD","is_daily":false,"chose_seed":false,"campfire_upgraded":2,"win_rate":0.0,"timestamp":1612752850,"path_taken":["M","M","?","?","M","E","R","E","T","E","?","?","R","?","R_BF","BOSS","M","M","?","?","M","R","M","$","T","M","?","?","?","?","R","BOSS"],"items_purchased_type":["Relic","Card","Relic"],"build_version":"2020-12-22","purchased_purges":0,"victory":false,"max_hp_per_floor":[80,80,80,80,80,85,85,85,85,85,85,85,85,85,85,85,85,85,85,85,85,85,85,85,85,85,85,85,85,85,85,85,85,85],"card_choices":[{"not_picked":["Replay:Undeath\u0027s Touch","Thunderclap"],"picked":"Shrug It Off","floor":1},{"not_picked":["Bloodletting","Rage"],"picked":"Seeing Red","floor":2},{"not_picked":["Burning Pact","Flex","Seeing Red"],"picked":"SKIP","floor":3},{"not_picked":["Warcry","Thunderclap","Headbutt"],"picked":"SKIP","floor":5},{"not_picked":["Intimidate","Corruption"],"picked":"Body Slam","floor":6},{"not_picked":["Abandon","Blood for Blood"],"picked":"Bludgeon","floor":8},{"not_picked":["Flex","Shockwave"],"picked":"Body Slam","floor":10},{"not_picked":["Warcry","Run Through","Heavy Blade"],"picked":"SKIP","floor":14},{"not_picked":["Demonic Infusion","Corruption"],"picked":"Replay:Many Hands","floor":16},{"not_picked":["Power Through","Thunderclap"],"picked":"ReplayTheSpireMod:Stacked+1","floor":18},{"not_picked":["Carnage","Heavy Blade","ReplayTheSpireMod:LeadingStrike"],"picked":"SKIP","floor":19},{"not_picked":["Rupture+1","Inflame"],"picked":"ReplayReversal","floor":21},{"not_picked":["Clothesline","Warcry"],"picked":"Armaments","floor":22},{"not_picked":["Shrug It Off","Sword Boomerang"],"picked":"Twin Strike+1","floor":24},{"not_picked":["ReplayReversal","Carnage"],"picked":"Disarm+1","floor":27},{"not_picked":["Heavy Blade","Life Link","Combust"],"picked":"SKIP","floor":30}],"player_experience":679155,"relics_obtained":[{"floor":6,"key":"Replay:Baseball"},{"floor":8,"key":"Replay:Arrowhead"},{"floor":9,"key":"Meat on the Bone"},{"floor":10,"key":"Ornamental Fan"},{"floor":26,"key":"Smiling Mask"},{"floor":31,"key":"Juzu Bracelet"}],"event_choices":[{"damage_healed":0,"gold_gain":0,"player_choice":"Grow","damage_taken":0,"max_hp_gain":0,"max_hp_loss":0,"event_name":"Living Wall","floor":4,"gold_loss":0,"cards_upgraded":["Seeing Red"]},{"damage_healed":0,"gold_gain":0,"player_choice":"Upgraded","damage_taken":0,"max_hp_gain":0,"max_hp_loss":0,"event_name":"Upgrade Shrine","floor":20,"gold_loss":0,"cards_upgraded":["Juggernaut"]},{"cards_removed":["Strike_R"],"damage_healed":0,"gold_gain":0,"player_choice":"Purged","damage_taken":0,"max_hp_gain":0,"max_hp_loss":0,"event_name":"Purifier","floor":29,"gold_loss":0}],"is_beta":false,"boss_relics":[{"not_picked":["Ring of Chaos","Velvet Choker"],"picked":"Mark of Pain"}],"items_purged_floors":[],"is_endless":false,"potions_floor_spawned":[2,6,8,24,27,30],"killed_by":"Automaton","ascension_level":11}}