{"host":"sav7uxregyirlf69","time":1612764624,"event":{"mods":["AchievementEnabler","BaseMod","Colored Map","DeckTracker","Keyboard Shortcuts","Minty Spire (QoL Compilation)","READ ME - Guardian Mod","StSLib","SuperFastMode"],"gold_per_floor":[118,118,135,147,164,193,193,193,193,193,204,233,24,39,39,115,115,133,133,147,166,166,166],"floor_reached":22,"language":"KOR","playtime":463,"items_purged":["Strike_G"],"score":396,"play_id":"5f41c4cb-d800-4d77-bf9d-947f3dc9ac4f","local_time":"20210208151024","is_ascension_mode":true,"campfire_choices":[{"data":"Tactician","floor":7,"key":"SMITH"},{"floor":10,"key":"REST"},{"floor":15,"key":"REST"}],"circlet_count":0,"master_deck":["AscendersBane","Survivor","Neutralize","Dagger Throw","Underhanded Strike","Tactician+1","Cloak And Dagger+1","Blade Dance","Die Die Die","Backflip","After Image","Glass Knife","Unload","Choke","Deadly Poison","Deflect","Flying Knee","Corpse Explosion","Setup","Well Laid Plans","Backflip","Calculated Gamble+1"],"relics":["Ring of the Snake","Vajra","InkBottle","Potion Belt","Oddly Smooth Stone","Pandora\u0027s Box"],"acts_visited":["Exordium","TheCity"],"potions_floor_usage":[5,6,12,14,16,16,16,16],"damage_taken":[{"damage":6,"enemies":"2 Louse","floor":1,"turns":3},{"damage":3,"enemies":"Cultist","floor":3,"turns":4},{"damage":5,"enemies":"Small Slimes","floor":4,"turns":4},{"damage":0,"enemies":"Gremlin Gang","floor":5,"turns":3},{"damage":26,"enemies":"Gremlin Nob","floor":6,"turns":4},{"damage":0,"enemies":"2 Fungi Beasts","floor":11,"turns":3},{"damage":33,"enemies":"Lagavulin","floor":12,"turns":6},{"damage":0,"enemies":"Large Slime","floor":14,"turns":4},{"damage":18,"enemies":"The Guardian","floor":16,"turns":18},{"damage":12,"enemies":"2 Thieves","floor":18,"turns":2},{"damage":3,"enemies":"3 Byrds","floor":20,"turns":3},{"damage":27,"enemies":"Snake Plant","floor":21,"turns":3},{"damage":10,"enemies":"Snecko","floor":22,"turns":2}],"seed_played":"-1465617939089580115","potions_obtained":[{"floor":3,"key":"CunningPotion"},{"floor":5,"key":"SteroidPotion"},{"floor":6,"key":"Fire Potion"},{"floor":21,"key":"Fire Potion"}],"is_trial":false,"path_per_floor":["M","?","M","M","M","E","R","?","T","R","M","E","$","M","R","B",null,"M","?","M","M","M"],"character_chosen":"THE_SILENT","items_purchased":["Backflip","EntropicBrew"],"campfire_rested":2,"item_purchase_floors":[13,13],"current_hp_per_floor":[53,53,50,45,45,19,19,19,19,38,38,5,5,5,24,6,51,39,39,36,9,0,0],"gold":166,"neow_bonus":"THREE_CARDS","is_daily":false,"chose_seed":false,"campfire_upgraded":1,"win_rate":0.0,"timestamp":1612764624,"path_taken":["M","?","M","?","M","E","R","?","T","R","?","E","$","M","R","BOSS","M","?","?","M","M"],"items_purchased_type":["Card","Potion"],"build_version":"2020-12-22","purchased_purges":1,"victory":false,"max_hp_per_floor":[66,66,66,66,66,66,66,66,66,66,66,66,66,66,66,66,66,66,66,66,66,66,66],"card_choices":[{"not_picked":["Concentrate","Backflip"],"picked":"Dagger Throw","floor":0},{"not_picked":["Acrobatics","Poisoned Stab"],"picked":"Dagger Throw","floor":1},{"not_picked":["Distraction","PiercingWail"],"picked":"Underhanded Strike","floor":3},{"not_picked":["Flying Knee","Underhanded Strike","Slice"],"picked":"SKIP","floor":4},{"not_picked":["Deflect","Poisoned Stab"],"picked":"Tactician","floor":5},{"not_picked":["Finisher","All Out Attack"],"picked":"Cloak And Dagger","floor":6},{"not_picked":["Deflect","Outmaneuver"],"picked":"Blade Dance","floor":11},{"not_picked":["Dodge and Roll","Deadly Poison"],"picked":"Die Die Die","floor":12},{"not_picked":["Prepared","Outmaneuver","Dagger Spray"],"picked":"SKIP","floor":14},{"not_picked":["Doppelganger","Malaise"],"picked":"After Image","floor":16},{"not_picked":["Poisoned Stab","Backflip","Flying Knee"],"picked":"SKIP","floor":18},{"not_picked":["Poisoned Stab","Flying Knee"],"picked":"Backflip","floor":18},{"not_picked":["Dodge and Roll","Terror"],"picked":"Calculated Gamble+1","floor":20},{"not_picked":["Slice","Unload","PiercingWail"],"picked":"SKIP","floor":21}],"player_experience":1519912,"relics_obtained":[{"floor":6,"key":"InkBottle"},{"floor":9,"key":"Potion Belt"},{"floor":12,"key":"Oddly Smooth Stone"}],"event_choices":[{"cards_removed":["Dagger Throw"],"damage_healed":0,"gold_gain":0,"player_choice":"Gave Card","damage_taken":0,"relics_obtained":["Vajra"],"max_hp_gain":0,"max_hp_loss":0,"event_name":"WeMeetAgain","floor":2,"gold_loss":0},{"damage_healed":0,"gold_gain":0,"player_choice":"Upgraded","damage_taken":0,"max_hp_gain":0,"max_hp_loss":0,"event_name":"Upgrade Shrine","floor":8,"gold_loss":0,"cards_upgraded":["Cloak And Dagger"]},{"damage_healed":0,"gold_gain":0,"player_choice":"Ignored","damage_taken":0,"max_hp_gain":0,"max_hp_loss":0,"event_name":"N\u0027loth","floor":19,"gold_loss":0}],"is_beta":false,"boss_relics":[{"not_picked":["Astrolabe","Snecko Eye"],"picked":"Pandora\u0027s Box"}],"items_purged_floors":[13],"is_endless":false,"potions_floor_spawned":[3,5,6,21],"killed_by":"Snecko","ascension_level":20}}