{"host":"fzjk61lpi4bwj033","time":1612759987,"event":{"mods":["BaseMod","Downfall","Hermit","Jorbs\u0027s Wanderer Trilogy","Minty Spire (QoL Compilation)","Rare Cards Sparkle","Relic Stats","StSLib"],"gold_per_floor":[99,115,125,144,144,176,176,176,188,238,255,255,272,272,292,292,292,292],"floor_reached":16,"language":"ENG","playtime":628,"items_purged":[],"score":208,"play_id":"721fb76e-f5dd-4318-a10d-d20c8b5edbfd","local_time":"20210207225307","is_ascension_mode":true,"campfire_choices":[{"data":"sneckomod:Unknown","floor":1,"key":"SMITH"},{"floor":8,"key":"REST"},{"floor":12,"key":"REST"}],"circlet_count":0,"master_deck":["AscendersBane","sneckomod:Strike","sneckomod:Strike","sneckomod:Strike","sneckomod:Defend","sneckomod:Defend","sneckomod:Defend","sneckomod:TailWhip","sneckomod:SnekBite","sneckomod:Unknown+1","sneckomod:Unknown","sneckomod:UnknownDraw","sneckomod:UnendingSupply","sneckomod:UnknownUncommonSkill+1","sneckomod:SoulCleanse","sneckomod:DiceBoulder","sneckomod:UnknownX","sneckomod:Cheat"],"relics":["sneckomod:SneckoSoul","Dead Branch","Ice Cream"],"acts_visited":["Exordium"],"potions_floor_usage":[6,16,16],"damage_taken":[{"damage":4,"enemies":"Jaw Worm","floor":2,"turns":2},{"damage":0,"enemies":"Cultist","floor":3,"turns":3},{"damage":16,"enemies":"2 Louse","floor":4,"turns":3},{"damage":44,"enemies":"Lagavulin","floor":6,"turns":7},{"damage":37,"enemies":"Lots of Slimes","floor":9,"turns":5},{"damage":0,"enemies":"Large Slime","floor":11,"turns":4},{"damage":15,"enemies":"3 Louse","floor":13,"turns":4},{"damage":0,"enemies":"2 Fungi Beasts","floor":15,"turns":3},{"damage":27,"enemies":"WA_ARCHETYPE_RETAIN","floor":16,"turns":5}],"seed_played":"5927845600791841079","potions_obtained":[{"floor":2,"key":"BlessingOfTheForge"},{"floor":9,"key":"Weak Potion"},{"floor":11,"key":"EntropicBrew"}],"is_trial":false,"path_per_floor":["R","M","M","M","?","E","T","R","M","?","M","R","M","?","M","B"],"character_chosen":"THE_SNECKO","items_purchased":[],"campfire_rested":2,"item_purchase_floors":[],"current_hp_per_floor":[83,79,79,63,63,19,19,46,9,9,9,36,21,21,21,0,0,0],"gold":292,"neow_bonus":"TEN_PERCENT_HP_BONUS","is_daily":false,"chose_seed":false,"campfire_upgraded":1,"win_rate":0.0,"timestamp":1612759987,"path_taken":["R","M","M","M","?","E","T","R","?","?","M","R","M","?","M","BOSS"],"items_purchased_type":[],"build_version":"2020-12-22","purchased_purges":0,"victory":false,"max_hp_per_floor":[91,91,91,91,91,91,91,91,91,91,91,91,91,91,91,91,91,91],"relic_stats":{"counters":[9,36],"Dead Branch":[26],"obtain_stats":[{"Ice Cream":7,"Dead Branch":6,"sneckomod:SneckoSoul":0},{"Ice Cream":4,"Dead Branch":4,"sneckomod:SneckoSoul":0},{"Ice Cream":15,"Dead Branch":15,"sneckomod:SneckoSoul":0}]},"card_choices":[{"not_picked":["sneckomod:UnknownCommonAttack","sneckomod:IronFang"],"picked":"sneckomod:UnknownDraw","floor":2},{"not_picked":["sneckomod:QuickBite","sneckomod:UnknownCommonSkill"],"picked":"sneckomod:UnendingSupply","floor":3},{"not_picked":["sneckomod:SoulRoll","sneckomod:UnknownStrike"],"picked":"sneckomod:UnknownUncommonSkill","floor":4},{"not_picked":["sneckomod:QuickMove","sneckomod:UnknownUncommonAttack"],"picked":"sneckomod:SoulCleanse","floor":6},{"not_picked":["sneckomod:DiceBlock","sneckomod:UnknownUncommonAttack"],"picked":"sneckomod:DiceBoulder","floor":9},{"not_picked":["sneckomod:Nope","sneckomod:UnknownDraw"],"picked":"sneckomod:UnknownX","floor":11},{"not_picked":["sneckomod:WideSting","sneckomod:QuickBite"],"picked":"sneckomod:Cheat","floor":13},{"not_picked":["sneckomod:DiceBoulder","sneckomod:UnknownCommonAttack","sneckomod:DiceBlock"],"picked":"SKIP","floor":15}],"player_experience":844468,"relics_obtained":[{"floor":6,"key":"Dead Branch"},{"floor":7,"key":"Ice Cream"}],"event_choices":[],"is_beta":false,"boss_relics":[],"items_purged_floors":[],"is_endless":false,"potions_floor_spawned":[2,9,11,15],"killed_by":"WA_ARCHETYPE_RETAIN","ascension_level":20}}