{"host":"x5w9zppki4gdwvc7","time":1612819592,"event":{"mods":["AchievementEnabler","BaseMod","Colored Powertips","DeckTracker","Minty Spire (QoL Compilation)","SuperFastMode"],"gold_per_floor":[117,134,309,83,183,210,223,242,242,242,259,259,279,296,296,392,392,410,425,441,453,467,495,241,241,264,107,107,119,130,158,158,259,259,278,16,30,50,64,64,89,108,108,128,157,157,157,185,185,290,290,310,185,205,215,215,226,226,240,267,282,293,293,293,306,306,409,409,425,437,469,491,514,526,556,568,605,637,664,676,688,700,712,828,840,865,269,269,278,296,296,336,349,380,439,439,439,454,479,479,589,589,603,636,648,598,673,704,704,48,81,99,99,159,478,503,503,615,615,631,631,631,650,666,666,720,739,769,811,824,824,856,856,856,987,987,987],"floor_reached":136,"language":"ENG","playtime":5661,"items_purged":["Doubt","Blade Dance","PathToVictory","PathToVictory+1","Iron Wave+1"],"score":4203,"play_id":"53ab08a7-87b7-4499-9b14-046ac3213f43","local_time":"20210208222632","daily_mods":["Draft","Vintage","Diverse","Colorless Cards","Heirloom","Time Dilation"],"is_ascension_mode":false,"campfire_choices":[{"data":"Swivel","floor":10.0,"key":"SMITH"},{"data":"Clash","floor":12.0,"key":"SMITH"},{"data":"PathToVictory","floor":15.0,"key":"SMITH"},{"data":"WheelKick","floor":25.0,"key":"SMITH"},{"data":"Blind","floor":28.0,"key":"SMITH"},{"data":"1","floor":32.0,"key":"LIFT"},{"data":"2","floor":40.0,"key":"LIFT"},{"data":"3","floor":49.0,"key":"LIFT"},{"floor":58.0,"key":"DIG"},{"floor":63.0,"key":"DIG"},{"floor":66.0,"key":"DIG"},{"floor":74.0,"key":"DIG"},{"floor":76.0,"key":"DIG"},{"floor":81.0,"key":"DIG"},{"floor":83.0,"key":"DIG"},{"floor":91.0,"key":"DIG"},{"data":"Scrape","floor":97,"key":"SMITH"},{"data":"All For One","floor":100,"key":"SMITH"},{"data":"HandOfGreed","floor":109,"key":"SMITH"},{"data":"Beam Cell","floor":113,"key":"SMITH"},{"floor":117,"key":"DIG"},{"floor":125,"key":"DIG"},{"floor":134,"key":"DIG"}],"circlet_count":0,"master_deck":["BootSequence","WheelKick+1","Blind+1","Panacea+1","Gash","Backflip+1","Clash+1","Metamorphosis+1","CurseOfTheBell","Shockwave+1","All For One+1","Parasite","Scrape+1","Endless Agony","Deflect+1","Trip+1","Madness+1","Madness+1","Gash+1","Beam Cell+1","HandOfGreed+1","Panache+1","Parasite"],"relics":["Burning Blood","FossilizedHelix","InkBottle","Ornamental Fan","Lantern","Red Skull","MealTicket","Bronze Scales","Bottled Flame","Vajra","Magic Flower","WingedGreaves","Calling Bell","Torii","Mercury Hourglass","Bag of Preparation","Strawberry","Blood Vial","Girya","Pen Nib","Bag of Marbles","Singing Bowl","Nunchaku","Akabeko","Toy Ornithopter","Gambling Chip","Whetstone","Sundial","SacredBark","Potion Belt","Pear","Kunai","Orichalcum","Blue Candle","Turnip","Paper Frog","Oddly Smooth Stone","Shovel","Letter Opener","Unceasing Top","Cursed Key","Toxic Egg 2","The Courier","Omamori","Anchor","War Paint","PreservedInsect","Dream Catcher","CeramicFish","Regal Pillow","Smiling Mask","Calipers","Centennial Puzzle","Charon\u0027s Ashes","MawBank","Tiny Chest","Boot","Juzu Bracelet","Art of War","HornCleat","Shuriken","Meat on the Bone","Ginger","MutagenicStrength","Bottled Lightning","Matryoshka","Gremlin Horn","Frozen Egg 2","Question Card","Orrery","Darkstone Periapt","Prayer Wheel","TungstenRod","Mummified Hand","Ice Cream","Happy Flower","Ancient Tea Set","Pantograph","Eternal Feather","White Beast Statue","Pocketwatch","Old Coin","StoneCalendar","Champion Belt","Incense Burner","Lizard Tail","CaptainsWheel","Thread and Needle","Mango","Enchiridion","Nloth\u0027s Gift","Bird Faced Urn"],"acts_visited":["Exordium","TheCity","TheBeyond","Exordium","TheCity","TheBeyond","Exordium","TheCity"],"potions_floor_usage":[],"damage_taken":[{"damage":0.0,"enemies":"2 Louse","floor":1.0,"turns":1.0},{"damage":0.0,"enemies":"Cultist","floor":2.0,"turns":2.0},{"damage":0.0,"enemies":"Lagavulin","floor":6.0,"turns":4.0},{"damage":0.0,"enemies":"Jaw Worm","floor":7.0,"turns":1.0},{"damage":0.0,"enemies":"Blue Slaver","floor":8.0,"turns":2.0},{"damage":0.0,"enemies":"Exordium Wildlife","floor":11.0,"turns":2.0},{"damage":0.0,"enemies":"Looter","floor":13.0,"turns":2.0},{"damage":7.0,"enemies":"Large Slime","floor":14.0,"turns":3.0},{"damage":21.0,"enemies":"The Guardian","floor":16.0,"turns":6.0},{"damage":0.0,"enemies":"3 Byrds","floor":18.0,"turns":3.0},{"damage":0.0,"enemies":"Spheric Guardian","floor":19.0,"turns":3.0},{"damage":0.0,"enemies":"Centurion and Healer","floor":20.0,"turns":2.0},{"damage":0.0,"enemies":"Shelled Parasite and Fungi","floor":21.0,"turns":3.0},{"damage":0.0,"enemies":"Snecko","floor":22.0,"turns":3.0},{"damage":0.0,"enemies":"Gremlin Leader","floor":23.0,"turns":4.0},{"damage":0.0,"enemies":"3 Cultists","floor":29.0,"turns":3.0},{"damage":0.0,"enemies":"Centurion and Healer","floor":30.0,"turns":2.0},{"damage":0.0,"enemies":"Book of Stabbing","floor":31.0,"turns":1.0},{"damage":0.0,"enemies":"Collector","floor":33.0,"turns":4.0},{"damage":0.0,"enemies":"3 Darklings","floor":35.0,"turns":3.0},{"damage":6.0,"enemies":"3 Shapes","floor":37.0,"turns":4.0},{"damage":0.0,"enemies":"Spire Growth","floor":38.0,"turns":3.0},{"damage":0.0,"enemies":"Maw","floor":39.0,"turns":3.0},{"damage":1.0,"enemies":"Giant Head","floor":41.0,"turns":5.0},{"damage":2.0,"enemies":"Writhing Mass","floor":42.0,"turns":3.0},{"damage":5.0,"enemies":"4 Shapes","floor":44.0,"turns":3.0},{"damage":1.0,"enemies":"Nemesis","floor":45.0,"turns":3.0},{"damage":23.0,"enemies":"Reptomancer","floor":48.0,"turns":4.0},{"damage":1.0,"enemies":"Donu and Deca","floor":50.0,"turns":5.0},{"damage":0.0,"enemies":"Jaw Worm","floor":52.0,"turns":1.0},{"damage":0.0,"enemies":"2 Louse","floor":54.0,"turns":1.0},{"damage":0.0,"enemies":"Small Slimes","floor":55.0,"turns":1.0},{"damage":0.0,"enemies":"Exordium Wildlife","floor":57.0,"turns":1.0},{"damage":0.0,"enemies":"Looter","floor":59.0,"turns":1.0},{"damage":0.0,"enemies":"Blue Slaver","floor":61.0,"turns":1.0},{"damage":0.0,"enemies":"Exordium Wildlife","floor":62.0,"turns":1.0},{"damage":0.0,"enemies":"Red Slaver","floor":65.0,"turns":1.0},{"damage":0.0,"enemies":"The Guardian","floor":67.0,"turns":2.0},{"damage":0.0,"enemies":"3 Byrds","floor":69.0,"turns":2.0},{"damage":0.0,"enemies":"Shell Parasite","floor":71.0,"turns":1.0},{"damage":0.0,"enemies":"Snecko","floor":72.0,"turns":1.0},{"damage":0.0,"enemies":"Cultist and Chosen","floor":73.0,"turns":2.0},{"damage":0.0,"enemies":"Snake Plant","floor":75.0,"turns":1.0},{"damage":0.0,"enemies":"Slavers","floor":77.0,"turns":2.0},{"damage":0.0,"enemies":"Snecko","floor":78.0,"turns":1.0},{"damage":0.0,"enemies":"Chosen and Byrds","floor":79.0,"turns":1.0},{"damage":0.0,"enemies":"Collector","floor":84.0,"turns":2.0},{"damage":0.0,"enemies":"Orb Walker","floor":86.0,"turns":1.0},{"damage":0.0,"enemies":"Giant Head","floor":92.0,"turns":3.0},{"damage":0.0,"enemies":"3 Shapes","floor":93.0,"turns":1.0},{"damage":0.0,"enemies":"Reptomancer","floor":94.0,"turns":1.0},{"damage":0,"enemies":"Mind Bloom Boss Battle","floor":95,"turns":1},{"damage":0,"enemies":"Sphere and 2 Shapes","floor":98,"turns":1},{"damage":0,"enemies":"Nemesis","floor":99,"turns":1},{"damage":0,"enemies":"Donu and Deca","floor":101,"turns":2},{"damage":0,"enemies":"Jaw Worm","floor":103,"turns":1},{"damage":0,"enemies":"Cultist","floor":104,"turns":1},{"damage":0,"enemies":"Small Slimes","floor":105,"turns":1},{"damage":0,"enemies":"3 Sentries","floor":108,"turns":1},{"damage":0,"enemies":"Lagavulin","floor":111,"turns":1},{"damage":0,"enemies":"2 Fungi Beasts","floor":112,"turns":1},{"damage":0,"enemies":"3 Sentries","floor":114,"turns":1},{"damage":0,"enemies":"Large Slime","floor":115,"turns":1},{"damage":0,"enemies":"Lagavulin","floor":116,"turns":3},{"damage":0,"enemies":"The Guardian","floor":118,"turns":1},{"damage":0,"enemies":"3 Byrds","floor":120,"turns":1},{"damage":0,"enemies":"Shell Parasite","floor":123,"turns":1},{"damage":0,"enemies":"Cultist and Chosen","floor":124,"turns":1},{"damage":0,"enemies":"Slavers","floor":126,"turns":1},{"damage":0,"enemies":"Snake Plant","floor":127,"turns":1},{"damage":0,"enemies":"Book of Stabbing","floor":128,"turns":1},{"damage":0,"enemies":"Centurion and Healer","floor":129,"turns":1},{"damage":0,"enemies":"Shelled Parasite and Fungi","floor":130,"turns":1},{"damage":0,"enemies":"Slavers","floor":132,"turns":1},{"damage":34,"enemies":"Automaton","floor":135,"turns":5}],"seed_played":"-465978496080588742","potions_obtained":[{"floor":1.0,"key":"PowerPotion"},{"floor":2.0,"key":"BlessingOfTheForge"},{"floor":8.0,"key":"Ancient Potion"},{"floor":11.0,"key":"Fruit Juice"},{"floor":16.0,"key":"Block Potion"},{"floor":21.0,"key":"Energy Potion"},{"floor":30.0,"key":"Regen Potion"},{"floor":38.0,"key":"Energy Potion"},{"floor":41.0,"key":"ColorlessPotion"},{"floor":42.0,"key":"BloodPotion"},{"floor":50.0,"key":"Energy Potion"},{"floor":52.0,"key":"PowerPotion"},{"floor":92.0,"key":"Ancient Potion"}],"is_trial":true,"path_per_floor":["M","M","?","$","?","E","M","M","T","R","M","R","M","M","R","B",null,"M","M","M","M","M","E","$","R","T","$","R","M","M","E","R","B",null,"M","$","M","M","M","R","E","M","T","M","E","T","?","E","R","B",null,"M","$","M","M","?","M","R","M","T","M","M","R","?","M","R","B",null,"M","$","M","M","M","R","M","R","E","M","M","?","R","?","R","B",null,"M","$","?","?","?","R","E","M","E","?","?","R","M","E","R","B",null,"M","M","M","?","?","E","R","$","E","M","R","E","M","E","R","B",null,"M","?","?","M","M","R","E","M","E","M","M","?","E","?","R","B",null],"character_chosen":"IRONCLAD","items_purchased":["Lantern","Nunchaku","Toy Ornithopter","Pear","Frozen Egg 2","Scrape","Question Card","Orrery","Pantograph","Eternal Feather","White Beast Statue"],"campfire_rested":0,"item_purchase_floors":[4,24,27,36,87,87,87,87,110,110,110],"current_hp_per_floor":[80,80,80,80,80,80,80,80,80,80,85,85,85,85,85,73,85,92,92,92,92,92,94,94,94,94,94,94,94,94,94,94,94,94,94,104,104,104,104,104,106,106,106,106,108,108,110,98,98,111,114,114,114,114,114,91,103,103,114,114,114,114,114,102,114,114,116,116,116,116,116,116,116,116,116,116,118,118,118,118,118,118,118,120,120,120,126,126,126,110,110,122,126,128,128,128,128,128,130,130,130,130,130,130,130,130,120,132,132,132,134,134,134,136,136,138,138,138,138,138,138,138,138,138,138,140,140,142,156,156,144,158,158,158,144,144,144],"gold":987,"neow_bonus":"","is_daily":false,"chose_seed":false,"campfire_upgraded":9,"win_rate":0.0,"timestamp":1612819592,"path_taken":["M","M","?","$","?","E","M","M","T","R","M","R","M","M","R","BOSS","M","M","M","M","M","E","$","R","T","$","R","M","M","E","R","BOSS","M","$","?","M","?","R","E","M","T","M","E","?","?","E","R","BOSS","M","$","M","M","?","M","R","M","T","M","M","R","?","M","R","BOSS","M","$","M","M","M","R","M","R","E","M","M","?","R","?","R","BOSS","M","$","?","?","?","R","E","M","E","?","?","R","M","E","R","BOSS","M","M","M","?","?","E","R","$","E","M","R","E","M","E","R","BOSS","M","?","?","M","M","R","E","M","E","M","M","?","E","?","R","BOSS"],"items_purchased_type":["Relic","Relic","Relic","Relic","Relic","Card","Relic","Relic","Relic","Relic","Relic"],"build_version":"2020-12-22","purchased_purges":5,"victory":false,"max_hp_per_floor":[80,80,80,80,80,80,80,80,80,80,85,85,85,85,85,85,85,92,92,92,92,92,94,94,94,94,94,94,94,94,94,94,94,94,94,104,104,104,104,104,106,106,106,106,108,108,110,112,112,114,114,114,114,114,114,114,114,114,114,114,114,114,114,114,114,114,116,116,116,116,116,116,116,116,116,116,118,118,118,118,118,118,118,120,120,120,126,126,126,126,126,126,126,128,128,128,128,128,130,130,130,130,130,130,130,130,130,132,132,132,134,134,134,136,136,138,138,138,138,138,138,138,138,138,138,140,140,142,156,156,156,158,158,158,166,166,166],"card_choices":[{"not_picked":["Force Field","Iron Wave"],"picked":"BootSequence","floor":0.0},{"not_picked":["EmptyBody","Heavy Blade"],"picked":"WheelKick","floor":0.0},{"not_picked":["Coolheaded","Vengeance"],"picked":"Blind","floor":0.0},{"not_picked":["Iron Wave","EmptyBody"],"picked":"Blade Dance","floor":0.0},{"not_picked":["Turbo","Blood for Blood"],"picked":"Panacea","floor":0.0},{"not_picked":["Mind Blast","Conserve Battery"],"picked":"Anger","floor":0.0},{"not_picked":["Twin Strike","Deadly Poison"],"picked":"Gash","floor":0.0},{"not_picked":["Loop","Wild Strike"],"picked":"Backflip","floor":0.0},{"not_picked":["Skim","Armaments"],"picked":"PathToVictory","floor":0.0},{"not_picked":["Perfected Strike","Tantrum"],"picked":"Iron Wave","floor":0.0},{"not_picked":["Redo","Warcry"],"picked":"Riddle With Holes","floor":0.0},{"not_picked":["Underhanded Strike","Mind Blast"],"picked":"Iron Wave","floor":0.0},{"not_picked":["Sword Boomerang","Heavy Blade"],"picked":"Clash","floor":0.0},{"not_picked":["Darkness","Sever Soul"],"picked":"Swivel","floor":0.0},{"not_picked":["Second Wind","Vengeance"],"picked":"PathToVictory","floor":0.0},{"not_picked":["Perfected Strike","Power Through","Brilliance"],"picked":"SKIP","floor":6.0},{"not_picked":["Malaise","Thinking Ahead"],"picked":"Metamorphosis","floor":16.0},{"not_picked":["Indignation","CrushJoints","Halt"],"picked":"Singing Bowl","floor":23.0},{"not_picked":["Disarm","Double Tap"],"picked":"Shockwave+1","floor":31.0},{"not_picked":["DeusExMachina","ConjureBlade"],"picked":"All For One","floor":33.0},{"not_picked":["Distraction","Burst","Tactician"],"picked":"Singing Bowl","floor":41.0},{"not_picked":["Deadly Poison+1","Leap","Wild Strike"],"picked":"Singing Bowl","floor":45.0},{"not_picked":["Deep Breath","Discovery","Forethought"],"picked":"Singing Bowl","floor":47.0},{"not_picked":["Slice+1","Inflame+1","Dagger Spray+1"],"picked":"Singing Bowl","floor":48.0},{"not_picked":["The Bomb","Limit Break","A Thousand Cuts"],"picked":"Singing Bowl","floor":50.0},{"not_picked":["A Thousand Cuts","Die Die Die","Fission+1"],"picked":"Singing Bowl","floor":67.0},{"not_picked":["Intimidate+1","Dual Wield+1","Biased Cognition"],"picked":"Singing Bowl","floor":77.0},{"not_picked":["Secret Weapon+1","Exhume+1","Master of Strategy+1"],"picked":"Singing Bowl","floor":84.0},{"not_picked":["Electrodynamics+1","Dagger Throw","Adaptation+1","All For One"],"picked":"Singing Bowl","floor":87.0},{"not_picked":["All Out Attack+1","Second Wind+1","Protect+1","EmptyFist"],"picked":"Singing Bowl","floor":87.0},{"not_picked":["Choke+1","Conserve Battery+1","Deflect+1"],"picked":"Endless Agony","floor":87.0},{"not_picked":["Searing Blow","Uppercut","Flex+1","Storm of Steel+1"],"picked":"Singing Bowl","floor":87.0},{"not_picked":["Glass Knife","Backflip+1","Streamline+1"],"picked":"Deflect+1","floor":87.0},{"not_picked":["The Bomb+1","Mind Blast","Flash of Steel"],"picked":"Trip+1","floor":89.0},{"not_picked":["Nirvana+1","Stack+1","Hologram+1"],"picked":"Gash+1","floor":92.0},{"not_picked":["Crescendo+1","Go for the Eyes","Headbutt+1","Consume+1"],"picked":"Singing Bowl","floor":94},{"not_picked":["Warcry+1","Prostrate+1","Auto Shields+1"],"picked":"Beam Cell","floor":95},{"not_picked":["Reflex+1","Burst+1","Warcry+1","Stack+1"],"picked":"Singing Bowl","floor":99},{"not_picked":["Apotheosis+1","Immolate","DeusExMachina+1"],"picked":"HandOfGreed","floor":101},{"not_picked":["Outmaneuver+1","Sword Boomerang","Rupture+1","Redo+1"],"picked":"Singing Bowl","floor":108},{"not_picked":["BootSequence+1","Good Instincts+1","Spot Weakness+1","Seeing Red+1"],"picked":"Singing Bowl","floor":111},{"not_picked":["Stack+1","All Out Attack","Mind Blast","Carnage"],"picked":"Singing Bowl","floor":114},{"not_picked":["Fasting2+1","Beam Cell","Cleave","CutThroughFate"],"picked":"Singing Bowl","floor":116},{"not_picked":["Brilliance","Biased Cognition+1","Adrenaline+1"],"picked":"Panache+1","floor":118},{"not_picked":["Go for the Eyes","Beam Cell+1","SashWhip","Wireheading+1"],"picked":"Singing Bowl","floor":126},{"not_picked":["Battle Trance+1","Prepared+1","Havoc+1","Conserve Battery+1"],"picked":"Singing Bowl","floor":128},{"not_picked":["Flechettes+1","Body Slam","Brutality+1","Hologram+1"],"picked":"Singing Bowl","floor":132},{"not_picked":["Berserk+1","Machine Learning+1","Blasphemy+1","Bullet Time+1"],"picked":"Singing Bowl","floor":135}],"player_experience":558787,"relics_obtained":[{"floor":1.0,"key":"InkBottle"},{"floor":2.0,"key":"Ornamental Fan"},{"floor":6.0,"key":"Red Skull"},{"floor":7.0,"key":"MealTicket"},{"floor":8.0,"key":"Bronze Scales"},{"floor":9.0,"key":"Bottled Flame"},{"floor":11.0,"key":"Vajra"},{"floor":13.0,"key":"Magic Flower"},{"floor":14.0,"key":"WingedGreaves"},{"floor":17.0,"key":"Torii"},{"floor":17.0,"key":"Mercury Hourglass"},{"floor":17.0,"key":"Bag of Preparation"},{"floor":18.0,"key":"Strawberry"},{"floor":19.0,"key":"Blood Vial"},{"floor":20.0,"key":"Girya"},{"floor":21.0,"key":"Pen Nib"},{"floor":22.0,"key":"Bag of Marbles"},{"floor":23.0,"key":"Singing Bowl"},{"floor":26.0,"key":"Akabeko"},{"floor":29.0,"key":"Gambling Chip"},{"floor":30.0,"key":"Whetstone"},{"floor":31.0,"key":"Sundial"},{"floor":35.0,"key":"Potion Belt"},{"floor":37.0,"key":"Kunai"},{"floor":38.0,"key":"Orichalcum"},{"floor":39.0,"key":"Blue Candle"},{"floor":41.0,"key":"Turnip"},{"floor":42.0,"key":"StrikeDummy"},{"floor":43.0,"key":"Paper Frog"},{"floor":44.0,"key":"Oddly Smooth Stone"},{"floor":45.0,"key":"Shovel"},{"floor":46.0,"key":"Letter Opener"},{"floor":48.0,"key":"Unceasing Top"},{"floor":52.0,"key":"Toxic Egg 2"},{"floor":54.0,"key":"The Courier"},{"floor":55.0,"key":"Omamori"},{"floor":57.0,"key":"Anchor"},{"floor":58.0,"key":"War Paint"},{"floor":59.0,"key":"PreservedInsect"},{"floor":60.0,"key":"Dream Catcher"},{"floor":61.0,"key":"CeramicFish"},{"floor":62.0,"key":"Regal Pillow"},{"floor":63.0,"key":"Smiling Mask"},{"floor":65.0,"key":"Centennial Puzzle"},{"floor":66.0,"key":"Charon\u0027s Ashes"},{"floor":69.0,"key":"MawBank"},{"floor":71.0,"key":"Tiny Chest"},{"floor":72.0,"key":"Boot"},{"floor":73.0,"key":"Juzu Bracelet"},{"floor":74.0,"key":"Art of War"},{"floor":75.0,"key":"HornCleat"},{"floor":76.0,"key":"Shuriken"},{"floor":78.0,"key":"Meat on the Bone"},{"floor":79.0,"key":"Ginger"},{"floor":81.0,"key":"Bottled Lightning"},{"floor":83.0,"key":"Matryoshka"},{"floor":86.0,"key":"Gremlin Horn"},{"floor":91.0,"key":"Darkstone Periapt"},{"floor":93.0,"key":"Prayer Wheel"},{"floor":95,"key":"TungstenRod"},{"floor":98,"key":"Mummified Hand"},{"floor":103,"key":"Ice Cream"},{"floor":104,"key":"Happy Flower"},{"floor":105,"key":"Ancient Tea Set"},{"floor":112,"key":"Pocketwatch"},{"floor":115,"key":"Old Coin"},{"floor":117,"key":"StoneCalendar"},{"floor":120,"key":"Champion Belt"},{"floor":123,"key":"Incense Burner"},{"floor":124,"key":"Lizard Tail"},{"floor":125,"key":"CaptainsWheel"},{"floor":127,"key":"Thread and Needle"},{"floor":129,"key":"Mango"},{"floor":131,"key":"Enchiridion"},{"floor":134,"key":"Bird Faced Urn"}],"event_choices":[{"damage_healed":0.0,"max_hp_gain":0.0,"max_hp_loss":0.0,"gold_gain":175.0,"event_name":"Liars Game","player_choice":"AGREE","floor":3.0,"gold_loss":0.0,"damage_taken":0.0,"cards_obtained":["Doubt"]},{"damage_healed":0.0,"max_hp_gain":0.0,"max_hp_loss":0.0,"gold_gain":100.0,"event_name":"Golden Shrine","player_choice":"Pray","floor":5.0,"gold_loss":0.0,"damage_taken":0.0},{"damage_healed":0.0,"max_hp_gain":0.0,"max_hp_loss":0.0,"gold_gain":0.0,"event_name":"SensoryStone","player_choice":"Memory 1","floor":47.0,"gold_loss":0.0,"damage_taken":0.0},{"damage_healed":0.0,"max_hp_gain":0.0,"max_hp_loss":0.0,"gold_gain":0.0,"event_name":"Shining Light","player_choice":"Entered Light","floor":56.0,"gold_loss":0.0,"damage_taken":23.0,"cards_upgraded":["Riddle With Holes","Panacea"]},{"damage_healed":0.0,"max_hp_gain":0.0,"max_hp_loss":0.0,"gold_gain":0.0,"event_name":"Scrap Ooze","player_choice":"Success","floor":64.0,"gold_loss":0.0,"damage_taken":12.0,"relics_obtained":["Calipers"]},{"damage_healed":0.0,"max_hp_gain":0.0,"max_hp_loss":0.0,"gold_gain":0.0,"event_name":"Drug Dealer","player_choice":"Inject Mutagens","floor":80.0,"gold_loss":0.0,"damage_taken":0.0,"relics_obtained":["MutagenicStrength"]},{"damage_healed":0.0,"max_hp_gain":0.0,"max_hp_loss":0.0,"gold_gain":0.0,"event_name":"Ghosts","player_choice":"Ignored","floor":82.0,"gold_loss":0.0,"damage_taken":0.0},{"cards_removed":["Riddle With Holes"],"damage_healed":0.0,"max_hp_gain":0.0,"max_hp_loss":0.0,"gold_gain":0.0,"event_name":"Falling","player_choice":"Removed Attack","floor":88.0,"gold_loss":0.0,"damage_taken":0.0},{"damage_healed":0.0,"max_hp_gain":0.0,"max_hp_loss":0.0,"gold_gain":0.0,"event_name":"SensoryStone","player_choice":"Memory 1","floor":89.0,"gold_loss":0.0,"damage_taken":0.0},{"damage_healed":0.0,"max_hp_gain":0.0,"max_hp_loss":0.0,"gold_gain":0.0,"event_name":"Winding Halls","player_choice":"Embrace Madness","floor":90.0,"gold_loss":0.0,"damage_taken":16.0,"cards_obtained":["Madness","Madness"]},{"damage_healed":0,"gold_gain":0,"player_choice":"Fight","damage_taken":0,"max_hp_gain":0,"max_hp_loss":0,"event_name":"MindBloom","floor":95,"gold_loss":0},{"damage_healed":0,"gold_gain":0,"player_choice":"Ignored","damage_taken":0,"max_hp_gain":0,"max_hp_loss":0,"event_name":"SecretPortal","floor":96,"gold_loss":0},{"cards_removed":["Swivel"],"damage_healed":0,"gold_gain":0,"player_choice":"Card Removal","damage_taken":0,"max_hp_gain":0,"max_hp_loss":0,"event_name":"The Cleric","floor":106,"gold_loss":50},{"damage_healed":0,"gold_gain":75,"player_choice":"Gather Gold","damage_taken":11,"max_hp_gain":0,"max_hp_loss":0,"event_name":"World of Goop","floor":107,"gold_loss":0},{"cards_removed":["Anger"],"damage_healed":5,"gold_gain":0,"player_choice":"Offered Common","damage_taken":0,"max_hp_gain":0,"max_hp_loss":0,"event_name":"Bonfire Elementals","floor":121,"gold_loss":0},{"cards_removed":["Anger"],"damage_healed":5,"gold_gain":0,"player_choice":"Offered Special","damage_taken":0,"max_hp_gain":0,"max_hp_loss":0,"event_name":"Bonfire Elementals","floor":121,"gold_loss":0},{"cards_removed":["Iron Wave"],"damage_healed":0,"gold_gain":0,"player_choice":"Elegance","damage_taken":0,"max_hp_gain":0,"max_hp_loss":0,"event_name":"Back to Basics","floor":122,"gold_loss":0},{"damage_healed":0,"gold_gain":0,"player_choice":"Obtained Book","damage_taken":16,"max_hp_gain":0,"max_hp_loss":0,"event_name":"Cursed Tome","floor":131,"gold_loss":0},{"damage_healed":0,"gold_gain":0,"player_choice":"Traded Relic","damage_taken":0,"relics_obtained":["Nloth\u0027s Gift"],"max_hp_gain":0,"max_hp_loss":0,"event_name":"N\u0027loth","floor":133,"relics_lost":["StrikeDummy"],"gold_loss":0}],"is_beta":false,"boss_relics":[{"not_picked":["Snecko Eye","Tiny House"],"picked":"Calling Bell"},{"not_picked":["Runic Dome","Coffee Dripper"],"picked":"SacredBark"},{"not_picked":["Fusion Hammer","Busted Crown"],"picked":"Cursed Key"},{"not_picked":["VoidEssence"],"picked":"TwistingMind"},{"not_picked":["Scatterbrain"],"picked":"TwistingMind"},{"not_picked":["GraspOfShadows"],"picked":"TwistingMind"},{"not_picked":["Scatterbrain"],"picked":"Accursed"}],"items_purged_floors":[4,24,53,87,110],"is_endless":true,"potions_floor_spawned":[1,2,8,11,16,18,21,22,30,31,38,41,42,50,52,55,61,62,65,69,72,77,78,79,92,95,99,101,103,105,111,112,114,115,116,118,120,123,124,126,127,128,129,130,132,135],"ascension_level":0}}