{"host":"06gxn1c1bsk424jw","time":1612804295,"event":{"mods":["BaseMod","DeckTracker","Minty Spire (QoL Compilation)","SuperFastMode"],"gold_per_floor":[112,112,73,85,85,85,111,111,111,124,137,169,180,213,213,285,285,302,317,1,1,1,1,18,18,18,34,46,79,102,130,130,201,201,215,232,232,12,26,53,68,93,93,104,104,104,104,123,123,123,123],"floor_reached":50,"language":"KOR","playtime":3297,"items_purged":["Regret"],"score":1193,"play_id":"75f37988-51b1-4d5a-bdc0-24823fc1a56f","local_time":"20210209021135","is_ascension_mode":true,"campfire_choices":[{"floor":6,"key":"REST"},{"data":"Berserk","floor":15,"key":"SMITH"},{"data":"Corruption","floor":23,"key":"SMITH"},{"floor":25,"key":"REST"},{"data":"Evolve","floor":32,"key":"SMITH"},{"floor":46,"key":"REST"},{"data":"Limit Break","floor":49,"key":"SMITH"}],"circlet_count":0,"master_deck":["AscendersBane","Bash+1","Evolve+1","Second Wind+1","Cleave+1","Iron Wave+1","Sword Boomerang+1","Dropkick+1","Immolate+1","Berserk+1","Fiend Fire+1","Shockwave","Body Slam+1","Limit Break+1","Fire Breathing","Rampage+1","Corruption+1","Clothesline+1","Flame Barrier","Thunderclap+1","Ghostly Armor","Immolate+1","Sentinel","Offering","Flame Barrier","Wild Strike+1","Wild Strike+1","Fiend Fire+1","Heavy Blade+1","Discovery","Dramatic Entrance+1","Shrug It Off","Pommel Strike+1","Sentinel"],"relics":["Burning Blood","NeowsBlessing","Molten Egg 2","The Courier","Shuriken","Blue Candle","Akabeko","Nunchaku","Pandora\u0027s Box","ClockworkSouvenir","Red Skull","MutagenicStrength","Matryoshka","Ancient Tea Set","MealTicket","Oddly Smooth Stone","InkBottle","Sozu","White Beast Statue","Pantograph","Regal Pillow","Lantern"],"acts_visited":["Exordium","TheCity","TheBeyond"],"potions_floor_usage":[12,16,29,31,31,42],"damage_taken":[{"damage":0,"enemies":"2 Louse","floor":1,"turns":1},{"damage":0,"enemies":"Jaw Worm","floor":4,"turns":1},{"damage":0,"enemies":"3 Sentries","floor":7,"turns":1},{"damage":0,"enemies":"Small Slimes","floor":10,"turns":2},{"damage":20,"enemies":"Exordium Thugs","floor":11,"turns":5},{"damage":14,"enemies":"Gremlin Nob","floor":12,"turns":4},{"damage":2,"enemies":"2 Fungi Beasts","floor":13,"turns":2},{"damage":3,"enemies":"3 Sentries","floor":14,"turns":3},{"damage":8,"enemies":"Slime Boss","floor":16,"turns":5},{"damage":0,"enemies":"Spheric Guardian","floor":18,"turns":2},{"damage":18,"enemies":"Shell Parasite","floor":19,"turns":4},{"damage":26,"enemies":"Centurion and Healer","floor":24,"turns":6},{"damage":0,"enemies":"3 Cultists","floor":27,"turns":2},{"damage":7,"enemies":"Sentry and Sphere","floor":28,"turns":3},{"damage":34,"enemies":"Book of Stabbing","floor":29,"turns":4},{"damage":6,"enemies":"Gremlin Leader","floor":31,"turns":3},{"damage":11,"enemies":"Collector","floor":33,"turns":5},{"damage":18,"enemies":"3 Shapes","floor":35,"turns":5},{"damage":0,"enemies":"3 Darklings","floor":36,"turns":2},{"damage":0,"enemies":"Jaw Worm Horde","floor":39,"turns":2},{"damage":15,"enemies":"Giant Head","floor":40,"turns":4},{"damage":14,"enemies":"4 Shapes","floor":41,"turns":1},{"damage":53,"enemies":"Reptomancer","floor":42,"turns":4},{"damage":0,"enemies":"Spire Growth","floor":44,"turns":2},{"damage":0,"enemies":"Transient","floor":48,"turns":6},{"damage":115,"enemies":"Awakened One","floor":50,"turns":6}],"seed_played":"-4182407343582844177","potions_obtained":[{"floor":10,"key":"Regen Potion"},{"floor":11,"key":"Block Potion"},{"floor":12,"key":"SkillPotion"},{"floor":13,"key":"Strength Potion"},{"floor":19,"key":"AttackPotion"},{"floor":29,"key":"Dexterity Potion"},{"floor":33,"key":"HeartOfIron"}],"is_trial":false,"path_per_floor":["M","?","$","M","?","R","E","?","T","M","M","E","M","E","R","B",null,"M","M","$","?","?","R","M","R","T","M","M","E","T","E","R","B",null,"M","M","?","$","M","E","M","E","T","M","?","R","?","M","R","B"],"character_chosen":"IRONCLAD","items_purchased":["Second Wind","Ghostly Armor","ClockworkSouvenir","Red Skull","Discovery","Dramatic Entrance+1"],"campfire_rested":3,"item_purchase_floors":[3,20,20,20,38,38],"current_hp_per_floor":[74,48,48,54,31,53,59,59,59,65,51,43,47,50,50,48,68,74,62,62,62,62,62,42,64,64,70,69,41,41,41,41,36,65,53,59,59,74,75,66,58,11,11,17,17,54,54,60,60,0,0],"gold":123,"neow_bonus":"THREE_ENEMY_KILL","is_daily":false,"chose_seed":false,"campfire_upgraded":4,"win_rate":0.0,"timestamp":1612804295,"path_taken":["M","?","$","M","?","R","E","?","T","M","M","E","?","E","R","BOSS","M","M","$","?","?","R","M","R","T","M","?","E","?","E","R","BOSS","M","M","?","$","M","E","M","E","T","M","?","R","?","?","R","BOSS"],"items_purchased_type":["Card","Card","Relic","Relic","Card","Card"],"build_version":"2020-12-22","purchased_purges":1,"victory":false,"max_hp_per_floor":[75,75,75,75,75,75,75,75,75,75,75,75,75,75,75,75,75,75,75,75,75,75,75,75,75,75,75,75,75,75,75,75,75,75,75,75,75,75,75,75,75,75,75,75,75,75,75,75,75,75,75],"card_choices":[{"not_picked":["Sword Boomerang","Headbutt"],"picked":"Evolve","floor":1},{"not_picked":["Armaments","Twin Strike+1"],"picked":"Cleave+1","floor":4},{"not_picked":["Disarm","Spot Weakness"],"picked":"Iron Wave+1","floor":7},{"not_picked":["Armaments","Warcry"],"picked":"Sword Boomerang+1","floor":10},{"not_picked":["Twin Strike+1","Headbutt+1"],"picked":"Dropkick+1","floor":11},{"not_picked":["Clothesline+1","Clash+1"],"picked":"Fire Breathing","floor":12},{"not_picked":["Entrench","Pommel Strike+1"],"picked":"Immolate+1","floor":13},{"not_picked":["Twin Strike+1","Armaments"],"picked":"Berserk","floor":14},{"not_picked":["Reaper+1","Corruption"],"picked":"Fiend Fire+1","floor":16},{"not_picked":["Rupture","Warcry","Metallicize"],"picked":"SKIP","floor":18},{"not_picked":["Anger+1","Cleave+1","Havoc"],"picked":"SKIP","floor":19},{"not_picked":["Pommel Strike+1","Headbutt+1"],"picked":"Sentinel","floor":24},{"not_picked":["Dual Wield","Twin Strike+1"],"picked":"Offering","floor":27},{"not_picked":["Clash+1","Thunderclap+1"],"picked":"Flame Barrier","floor":28},{"not_picked":["Rupture","Evolve"],"picked":"Wild Strike+1","floor":29},{"not_picked":["Feed+1","Hemokinesis+1"],"picked":"Wild Strike+1","floor":31},{"not_picked":["Juggernaut","Demon Form"],"picked":"Fiend Fire+1","floor":33},{"not_picked":["Iron Wave+1","Flex"],"picked":"Heavy Blade+1","floor":35},{"not_picked":["Carnage+1","Rampage+1","Bloodletting"],"picked":"SKIP","floor":36},{"not_picked":["Wild Strike+1","Flex"],"picked":"Shrug It Off","floor":39},{"not_picked":["Combust+1","Headbutt+1"],"picked":"Pommel Strike+1","floor":40},{"not_picked":["Cleave+1","Wild Strike+1","Clash+1"],"picked":"SKIP","floor":41},{"not_picked":["Combust","Thunderclap+1","Heavy Blade+1"],"picked":"SKIP","floor":42},{"not_picked":["Intimidate+1","Evolve+1","Body Slam+1"],"picked":"SKIP","floor":44},{"not_picked":["Sever Soul+1","Fire Breathing"],"picked":"Sentinel","floor":48}],"player_experience":809134,"relics_obtained":[{"floor":7,"key":"The Courier"},{"floor":9,"key":"Blue Candle"},{"floor":12,"key":"Akabeko"},{"floor":14,"key":"Nunchaku"},{"floor":26,"key":"Matryoshka"},{"floor":29,"key":"Ancient Tea Set"},{"floor":30,"key":"MealTicket"},{"floor":30,"key":"Oddly Smooth Stone"},{"floor":31,"key":"InkBottle"},{"floor":40,"key":"White Beast Statue"},{"floor":42,"key":"Pantograph"},{"floor":43,"key":"Regal Pillow"},{"floor":43,"key":"Lantern"}],"event_choices":[{"damage_healed":0,"gold_gain":0,"player_choice":"Success","damage_taken":26,"relics_obtained":["Molten Egg 2"],"max_hp_gain":0,"max_hp_loss":0,"event_name":"Scrap Ooze","floor":2,"gold_loss":0},{"damage_healed":0,"gold_gain":0,"player_choice":"Entered Light","damage_taken":23,"max_hp_gain":0,"max_hp_loss":0,"event_name":"Shining Light","floor":5,"gold_loss":0,"cards_upgraded":["Second Wind","Bash"]},{"damage_healed":0,"gold_gain":0,"player_choice":"Box","damage_taken":0,"relics_obtained":["Shuriken"],"max_hp_gain":0,"max_hp_loss":0,"event_name":"Big Fish","floor":8,"gold_loss":0,"cards_obtained":["Regret"]},{"damage_healed":0,"gold_gain":0,"player_choice":"Inject Mutagens","damage_taken":0,"relics_obtained":["MutagenicStrength"],"max_hp_gain":0,"max_hp_loss":0,"event_name":"Drug Dealer","floor":21,"gold_loss":0},{"damage_healed":0,"gold_gain":0,"player_choice":"Copied","damage_taken":0,"max_hp_gain":0,"max_hp_loss":0,"event_name":"Duplicator","floor":22,"gold_loss":0,"cards_obtained":["Immolate"]},{"damage_healed":0,"gold_gain":0,"player_choice":"Ignored","damage_taken":0,"max_hp_gain":0,"max_hp_loss":0,"event_name":"Tomb of Lord Red Mask","floor":37,"gold_loss":0},{"cards_removed":["Fire Breathing"],"damage_healed":0,"gold_gain":0,"player_choice":"Removed Power","damage_taken":0,"max_hp_gain":0,"max_hp_loss":0,"event_name":"Falling","floor":45,"gold_loss":0},{"damage_healed":0,"gold_gain":0,"player_choice":"Got Potions","damage_taken":0,"max_hp_gain":0,"max_hp_loss":0,"event_name":"Lab","floor":47,"gold_loss":0}],"is_beta":false,"boss_relics":[{"not_picked":["Snecko Eye","Black Blood"],"picked":"Pandora\u0027s Box"},{"not_picked":["Runic Dome","Empty Cage"],"picked":"Sozu"}],"items_purged_floors":[38],"is_endless":false,"potions_floor_spawned":[10,11,12,13,19,29,33,39,41,42,44,48],"killed_by":"Awakened One","ascension_level":19}}