{"host":"xwgrz7y3g1a3iikb","time":1612754465,"event":{"mods":["BaseMod","Bestiary","Minty Spire (QoL Compilation)","Permanent Neow","Quick Restart","Relic Stats","StSLib","ojb\u0027s Info Mod"],"gold_per_floor":[119,119,131,151,151,185,202,227,227,227,260,276,276,3,3,82,82,96,43,54,69,43,43,69,69,69,69,85,103,53,84,84,161,161,176,176,9,19,29,29,54,66,93,93,93,104,129,0,0,0,0,0,0,0,26,26,26],"floor_reached":56,"language":"ENG","playtime":9930,"items_purged":[],"score":2270,"play_id":"981d4ed8-0150-49cb-92ce-ac10cbd00fc4","local_time":"20210207192105","is_ascension_mode":true,"campfire_choices":[{"floor":10.0,"key":"REST"},{"data":"Terror","floor":13.0,"key":"SMITH"},{"data":"Skewer","floor":15.0,"key":"SMITH"},{"data":"Skewer","floor":23.0,"key":"SMITH"},{"data":"Catalyst","floor":25.0,"key":"PURGE"},{"floor":32.0,"key":"REST"},{"data":"Decay","floor":40,"key":"PURGE"},{"floor":45,"key":"REST"},{"floor":49,"key":"RECALL"},{"data":"Adrenaline","floor":53,"key":"SMITH"}],"circlet_count":0,"master_deck":["AscendersBane","Survivor","Neutralize+1","Skewer+1","Masterful Stab","Skewer+1","Blade Dance","Terror+1","Backflip","Calculated Gamble","Wraith Form v2","Distraction","Phantasmal Killer","Glass Knife","Unload","Quick Slash","Burst","Terror","Poisoned Stab","PiercingWail","Backflip","Blade Dance","Backflip","Backflip","Dash+1","Adrenaline+1","Acrobatics","Blade Dance","PiercingWail+1","Backflip","Parasite","Blade Dance","Concentrate","Finisher"],"relics":["Philosopher\u0027s Stone","Torii","Unceasing Top","Thread and Needle","Peace Pipe","Shuriken","Pandora\u0027s Box","Paper Crane","Tough Bandages","CaptainsWheel","Cursed Key","Pen Nib","Dream Catcher","Dead Branch","Red Mask","Art of War"],"acts_visited":["Exordium","TheCity","TheBeyond","TheEnding"],"potions_floor_usage":[50,56,56],"damage_taken":[{"damage":10.0,"enemies":"Jaw Worm","floor":1.0,"turns":6.0},{"damage":0.0,"enemies":"Cultist","floor":3.0,"turns":4.0},{"damage":6.0,"enemies":"2 Louse","floor":4.0,"turns":3.0},{"damage":19.0,"enemies":"3 Sentries","floor":6.0,"turns":8.0},{"damage":1.0,"enemies":"Looter","floor":7.0,"turns":2.0},{"damage":1.0,"enemies":"Gremlin Nob","floor":8.0,"turns":3.0},{"damage":7.0,"enemies":"3 Sentries","floor":11.0,"turns":9.0},{"damage":0.0,"enemies":"Exordium Thugs","floor":12.0,"turns":3.0},{"damage":0.0,"enemies":"Hexaghost","floor":16.0,"turns":6.0},{"damage":5.0,"enemies":"3 Byrds","floor":18.0,"turns":4.0},{"damage":8.0,"enemies":"Spheric Guardian","floor":20.0,"turns":4.0},{"damage":1.0,"enemies":"Cultist and Chosen","floor":21.0,"turns":3.0},{"damage":21.0,"enemies":"Gremlin Leader","floor":24.0,"turns":6.0},{"damage":0.0,"enemies":"Centurion and Healer","floor":28.0,"turns":3.0},{"damage":0.0,"enemies":"Sentry and Sphere","floor":29.0,"turns":3.0},{"damage":9.0,"enemies":"Slavers","floor":31.0,"turns":4.0},{"damage":0.0,"enemies":"Automaton","floor":33.0,"turns":6.0},{"damage":9.0,"enemies":"Orb Walker","floor":35.0,"turns":2.0},{"damage":10,"enemies":"3 Darklings","floor":38,"turns":4},{"damage":18,"enemies":"Maw","floor":39,"turns":4},{"damage":0,"enemies":"Nemesis","floor":41,"turns":3},{"damage":0,"enemies":"Transient","floor":42,"turns":6},{"damage":0,"enemies":"Spire Growth","floor":46,"turns":4},{"damage":0,"enemies":"Mind Bloom Boss Battle","floor":47,"turns":3},{"damage":6,"enemies":"Awakened One","floor":50,"turns":6},{"damage":8,"enemies":"Donu and Deca","floor":51,"turns":6},{"damage":0,"enemies":"Shield and Spear","floor":55,"turns":3},{"damage":76,"enemies":"The Heart","floor":56,"turns":8}],"seed_played":"4004059932466452900","potions_obtained":[{"floor":4.0,"key":"Fire Potion"},{"floor":11.0,"key":"EssenceOfSteel"},{"floor":12.0,"key":"SpeedPotion"},{"floor":20.0,"key":"EntropicBrew"},{"floor":28.0,"key":"AttackPotion"},{"floor":31.0,"key":"Weak Potion"},{"floor":55,"key":"FearPotion"}],"is_trial":false,"path_per_floor":["M","?","M","M","?","E","M","E","T","R","E","M","R","$","R","B",null,"M","$","M","M","$","R","E","R","T","?","M","M","?","E","R","B",null,"M","?","$","M","M","R","E","M","T","?","R","M","?","?","R","B","B",null,"R","$","E","B"],"character_chosen":"THE_SILENT","items_purchased":["Shuriken","Backflip","Backflip","Pen Nib"],"campfire_rested":3,"item_purchase_floors":[14,19,22,37],"current_hp_per_floor":[49,49,49,43,36,17,16,15,15,34,27,27,27,27,27,27,56,51,51,43,42,42,42,21,21,21,21,21,21,21,12,31,31,57,48,48,48,38,20,20,20,20,20,20,38,38,38,38,38,32,24,53,53,53,53,0,0],"gold":26,"neow_bonus":"BOSS_RELIC","is_daily":false,"chose_seed":false,"campfire_upgraded":4,"win_rate":0.0,"timestamp":1612754465,"path_taken":["M","?","M","M","?","E","M","E","T","R","E","M","R","?","R","BOSS","M","?","?","M","?","R","E","R","T","?","M","M","?","E","R","BOSS","M","?","$","M","M","R","E","M","T","?","R","M","?","?","R","BOSS","BOSS","R","$","E","BOSS"],"items_purchased_type":["Relic","Card","Card","Relic"],"build_version":"2020-12-22","purchased_purges":0,"victory":false,"max_hp_per_floor":[66,66,66,66,66,66,66,66,66,66,66,66,66,66,66,66,66,66,66,66,66,66,66,66,66,66,66,66,66,66,66,66,66,66,66,66,66,66,66,66,66,66,66,63,63,63,63,63,63,63,63,63,63,63,63,63,63],"relic_stats":{"Torii":13,"counters":[28,126],"Dead Branch":[114],"Pen Nib":[23],"Cursed Key":1,"Peace Pipe":2,"Tough Bandages":[309],"Dream Catcher":1,"Shuriken":[98],"Pandora\u0027s Box":["Distraction","Phantasmal Killer","Glass Knife","Unload","Quick Slash","Burst","Catalyst","Terror","Poisoned Stab"],"Art of War":[0],"obtain_stats":[{"Torii":6,"Dead Branch":47,"Thread and Needle":9,"Pen Nib":37,"Paper Crane":24,"Cursed Key":34,"Peace Pipe":11,"Tough Bandages":26,"CaptainsWheel":31,"Dream Catcher":41,"Shuriken":14,"Philosopher\u0027s Stone":0,"Pandora\u0027s Box":17,"Red Mask":48,"Art of War":55,"Unceasing Top":8,"Ring of the Snake":0},{"Torii":4,"Dead Branch":24,"Thread and Needle":6,"Pen Nib":18,"Paper Crane":13,"Cursed Key":17,"Peace Pipe":7,"Tough Bandages":13,"CaptainsWheel":16,"Dream Catcher":21,"Shuriken":8,"Philosopher\u0027s Stone":0,"Pandora\u0027s Box":9,"Red Mask":24,"Art of War":27,"Unceasing Top":6,"Ring of the Snake":0},{"Torii":21,"Dead Branch":103,"Thread and Needle":26,"Pen Nib":79,"Paper Crane":61,"Cursed Key":77,"Peace Pipe":35,"Tough Bandages":61,"CaptainsWheel":71,"Dream Catcher":90,"Shuriken":38,"Philosopher\u0027s Stone":0,"Pandora\u0027s Box":44,"Red Mask":103,"Art of War":118,"Unceasing Top":26,"Ring of the Snake":0}],"Unceasing Top":[20]},"card_choices":[{"not_picked":["Quick Slash","Reflex"],"picked":"Skewer","floor":1.0},{"not_picked":["Dagger Spray","Catalyst"],"picked":"Masterful Stab","floor":3.0},{"not_picked":["Choke","Outmaneuver"],"picked":"Skewer","floor":4.0},{"not_picked":["Dagger Throw","Dodge and Roll"],"picked":"Blade Dance","floor":6.0},{"not_picked":["Underhanded Strike","Footwork"],"picked":"Terror","floor":7.0},{"not_picked":["Catalyst","Deadly Poison"],"picked":"Backflip","floor":8.0},{"not_picked":["Bane","Outmaneuver"],"picked":"Tools of the Trade","floor":11.0},{"not_picked":["Deadly Poison","Reflex"],"picked":"Calculated Gamble","floor":12.0},{"not_picked":["Malaise","Unload"],"picked":"Wraith Form v2","floor":16.0},{"not_picked":["Terror","Bouncing Flask"],"picked":"PiercingWail","floor":18.0},{"not_picked":["Dagger Throw","All Out Attack","Underhanded Strike"],"picked":"SKIP","floor":20.0},{"not_picked":["Poisoned Stab","Deadly Poison"],"picked":"Blade Dance","floor":21.0},{"not_picked":["Expertise","Predator","Unload"],"picked":"SKIP","floor":24.0},{"not_picked":["Dodge and Roll","Bane"],"picked":"Backflip","floor":28.0},{"not_picked":["Cloak And Dagger","Tactician","Dagger Throw"],"picked":"SKIP","floor":29.0},{"not_picked":["Quick Slash","Dagger Throw"],"picked":"Dash+1","floor":31.0},{"not_picked":["Malaise","Burst"],"picked":"Adrenaline","floor":33.0},{"not_picked":["Tactician","Bane+1"],"picked":"Acrobatics","floor":35.0},{"not_picked":["Outmaneuver","Deflect"],"picked":"Blade Dance","floor":38},{"not_picked":["Flying Knee","Dodge and Roll"],"picked":"PiercingWail+1","floor":39},{"not_picked":["Well Laid Plans+1","Flechettes+1","Dodge and Roll"],"picked":"SKIP","floor":41},{"not_picked":["Venomology","Bane"],"picked":"Backflip","floor":42},{"not_picked":["PiercingWail","Skewer"],"picked":"Blade Dance","floor":46},{"not_picked":["Choke","Acrobatics+1"],"picked":"Concentrate","floor":47},{"not_picked":["Quick Slash","Dagger Spray"],"picked":"Finisher","floor":55}],"player_experience":323945,"relics_obtained":[{"floor":6.0,"key":"Torii"},{"floor":8.0,"key":"Unceasing Top"},{"floor":9.0,"key":"Thread and Needle"},{"floor":11.0,"key":"Peace Pipe"},{"floor":24.0,"key":"Paper Crane"},{"floor":26.0,"key":"Tough Bandages"},{"floor":31.0,"key":"CaptainsWheel"},{"floor":41,"key":"Dream Catcher"},{"floor":47,"key":"Dead Branch"},{"floor":55,"key":"Art of War"}],"event_choices":[{"damage_healed":0.0,"max_hp_gain":0.0,"max_hp_loss":0.0,"gold_gain":0.0,"event_name":"Liars Game","player_choice":"Ignored","floor":2.0,"gold_loss":0.0,"damage_taken":0.0},{"cards_removed":["Strike_G"],"damage_healed":0.0,"max_hp_gain":0.0,"max_hp_loss":0.0,"gold_gain":0.0,"event_name":"Golden Wing","player_choice":"Card Removal","floor":5.0,"gold_loss":0.0,"damage_taken":7.0},{"damage_healed":0.0,"max_hp_gain":0.0,"max_hp_loss":0.0,"gold_gain":0.0,"event_name":"Forgotten Altar","player_choice":"Smashed Altar","floor":27.0,"gold_loss":0.0,"damage_taken":0.0,"cards_obtained":["Decay"]},{"damage_healed":0.0,"max_hp_gain":0.0,"max_hp_loss":0.0,"gold_gain":0.0,"event_name":"Designer","player_choice":"Upgrade","floor":30.0,"gold_loss":50.0,"damage_taken":0.0,"cards_upgraded":["Neutralize"]},{"cards_removed":["Tools of the Trade"],"damage_healed":0.0,"max_hp_gain":0.0,"max_hp_loss":0.0,"gold_gain":0.0,"event_name":"Falling","player_choice":"Removed Power","floor":36.0,"gold_loss":0.0,"damage_taken":0.0},{"damage_healed":0,"gold_gain":0,"player_choice":"Max HP","damage_taken":0,"max_hp_gain":0,"max_hp_loss":3,"event_name":"Winding Halls","floor":44,"gold_loss":0},{"damage_healed":0,"gold_gain":0,"player_choice":"Fight","damage_taken":0,"max_hp_gain":0,"max_hp_loss":0,"event_name":"MindBloom","floor":47,"gold_loss":0},{"damage_healed":0,"gold_gain":0,"player_choice":"Paid","damage_taken":0,"relics_obtained":["Red Mask"],"max_hp_gain":0,"max_hp_loss":0,"event_name":"Tomb of Lord Red Mask","floor":48,"gold_loss":129}],"is_beta":false,"boss_relics":[{"not_picked":["SlaversCollar","Calling Bell"],"picked":"Pandora\u0027s Box"},{"not_picked":["Busted Crown","Velvet Choker"],"picked":"Cursed Key"}],"items_purged_floors":[],"is_endless":false,"potions_floor_spawned":[4,11,12,20,24,28,31,38,41,42,55],"killed_by":"The Heart","ascension_level":20}}