{"host":"nptej036rrbiurf5","time":1612760693,"event":{"mods":["BaseMod","Colored Map","Colored Powertips","DeckTracker","Minty Spire (QoL Compilation)","StSLib","SuperFastMode"],"gold_per_floor":[118,132,152,169,182,182,33,44,44,44,54,73,73,83,83,184,184,184],"floor_reached":17,"language":"KOR","playtime":311,"items_purged":["Strike_R"],"score":153,"play_id":"66742bd4-f4c3-4eff-a5f9-aaec06149840","local_time":"20210208140453","is_ascension_mode":false,"campfire_choices":[{"data":"Shockwave","floor":6,"key":"SMITH"},{"data":"Inflame","floor":10,"key":"SMITH"},{"data":"Sword Boomerang","floor":15,"key":"SMITH"}],"circlet_count":0,"master_deck":["Strike_R","Strike_R","Strike_R","Strike_R","Defend_R","Defend_R","Defend_R","Defend_R","Bash","Clash","Sword Boomerang+1","Shockwave+1","Second Wind","Inflame+1","Whirlwind+1","Offering"],"relics":["Burning Blood","Cursed Key"],"acts_visited":["Exordium","TheCity"],"potions_floor_usage":[16],"damage_taken":[{"damage":6,"enemies":"Cultist","floor":1,"turns":3},{"damage":0,"enemies":"2 Louse","floor":2,"turns":2},{"damage":11,"enemies":"Jaw Worm","floor":3,"turns":3},{"damage":9,"enemies":"Looter","floor":4,"turns":3},{"damage":12,"enemies":"Blue Slaver","floor":5,"turns":3},{"damage":18,"enemies":"Large Slime","floor":8,"turns":4},{"damage":5,"enemies":"Looter","floor":11,"turns":3},{"damage":13,"enemies":"2 Fungi Beasts","floor":12,"turns":3},{"damage":10,"enemies":"Exordium Wildlife","floor":14,"turns":2},{"damage":26,"enemies":"Hexaghost","floor":16,"turns":9}],"seed_played":"-2488036255657552005","potions_obtained":[{"floor":3,"key":"Block Potion"},{"floor":4,"key":"Ancient Potion"},{"floor":11,"key":"ColorlessPotion"},{"floor":16,"key":"DistilledChaos"}],"is_trial":false,"path_per_floor":["M","M","M","M","M","R","$","M","T","R","M","M","?","M","R","B",null],"character_chosen":"IRONCLAD","items_purchased":["Inflame"],"campfire_rested":0,"item_purchase_floors":[7],"current_hp_per_floor":[88,88,83,80,74,74,74,62,62,62,63,56,56,52,52,32,88,88],"gold":184,"neow_bonus":"TEN_PERCENT_HP_BONUS","is_daily":false,"chose_seed":false,"campfire_upgraded":3,"win_rate":0.0,"timestamp":1612760693,"path_taken":["M","M","M","M","M","R","?","M","T","R","M","M","?","M","R","BOSS"],"items_purchased_type":["Card"],"build_version":"2020-12-22","purchased_purges":1,"victory":false,"max_hp_per_floor":[88,88,88,88,88,88,88,88,88,88,88,88,88,88,88,88,88,88],"card_choices":[{"not_picked":["Heavy Blade","Cleave"],"picked":"Clash","floor":1},{"not_picked":["Iron Wave","Anger"],"picked":"Sword Boomerang","floor":2},{"not_picked":["Anger","Heavy Blade"],"picked":"Shockwave","floor":3},{"not_picked":["Warcry","Iron Wave"],"picked":"Second Wind","floor":4},{"not_picked":["Rupture","Sword Boomerang","Sever Soul"],"picked":"SKIP","floor":5},{"not_picked":["Rage","Rupture","Combust"],"picked":"SKIP","floor":8},{"not_picked":["Clash","Fire Breathing"],"picked":"Whirlwind","floor":11},{"not_picked":["Perfected Strike","Clothesline","Whirlwind"],"picked":"SKIP","floor":12},{"not_picked":["Intimidate","Perfected Strike","Iron Wave"],"picked":"SKIP","floor":14},{"not_picked":["Double Tap","Feed"],"picked":"Offering","floor":16}],"player_experience":908405,"relics_obtained":[],"event_choices":[{"damage_healed":0,"gold_gain":0,"player_choice":"Grow","damage_taken":0,"max_hp_gain":0,"max_hp_loss":0,"event_name":"Living Wall","floor":13,"gold_loss":0,"cards_upgraded":["Whirlwind"]}],"is_beta":false,"boss_relics":[{"not_picked":["Runic Cube","Velvet Choker"],"picked":"Cursed Key"}],"items_purged_floors":[7],"is_endless":false,"potions_floor_spawned":[3,4,11,16],"ascension_level":0}}