{"host":"8is2j71l4wmybkoi","time":1612786450,"event":{"mods":["AchievementEnabler","BaseMod","Colored Map","Minty Spire (QoL Compilation)","Rare Cards Sparkle","StSLib","SuperFastMode"],"gold_per_floor":[114,128,140,156,231,231,265,276,276,303,303,339,358,372,372,372,372],"floor_reached":16,"language":"KOR","playtime":575,"items_purged":[],"score":217,"play_id":"5b52283e-c33a-4623-972d-5b1ee570fafc","local_time":"20210208211410","is_ascension_mode":true,"campfire_choices":[{"data":"Bloodletting","floor":6.0,"key":"SMITH"},{"data":"1","floor":15,"key":"LIFT"}],"circlet_count":0,"master_deck":["AscendersBane","Strike_R","Strike_R","Strike_R","Strike_R","Strike_R","Defend_R","Defend_R","Defend_R","Defend_R","Bash","Combust","Wild Strike","Shrug It Off","Carnage","Bloodletting+1","Blood for Blood","Perfected Strike","Shockwave","Ghostly Armor","Twin Strike","Armaments","Dropkick"],"relics":["Burning Blood","Prayer Wheel","Ice Cream","Pantograph","Bronze Scales","Golden Idol","Girya"],"acts_visited":["Exordium"],"potions_floor_usage":[14,14],"damage_taken":[{"damage":3.0,"enemies":"2 Louse","floor":1.0,"turns":2.0},{"damage":0.0,"enemies":"Small Slimes","floor":2.0,"turns":3.0},{"damage":6.0,"enemies":"Cultist","floor":3.0,"turns":3.0},{"damage":7.0,"enemies":"2 Fungi Beasts","floor":4.0,"turns":3.0},{"damage":26.0,"enemies":"3 Sentries","floor":7.0,"turns":7.0},{"damage":6.0,"enemies":"Blue Slaver","floor":8.0,"turns":3.0},{"damage":20.0,"enemies":"Lagavulin","floor":10.0,"turns":7.0},{"damage":10.0,"enemies":"Gremlin Nob","floor":12.0,"turns":3.0},{"damage":3.0,"enemies":"Looter","floor":13.0,"turns":3.0},{"damage":5,"enemies":"Gremlin Gang","floor":14,"turns":4},{"damage":42,"enemies":"The Guardian","floor":16,"turns":9}],"seed_played":"-2432884408044207594","potions_obtained":[{"floor":1.0,"key":"SkillPotion"},{"floor":7.0,"key":"DuplicationPotion"},{"floor":10.0,"key":"SpeedPotion"},{"floor":12.0,"key":"LiquidMemories"},{"floor":13.0,"key":"ColorlessPotion"}],"is_trial":false,"path_per_floor":["M","M","M","M","?","R","E","M","T","E","?","E","M","M","R","B"],"character_chosen":"IRONCLAD","items_purchased":[],"campfire_rested":0,"item_purchase_floors":[],"current_hp_per_floor":[53,59,59,58,47,47,27,27,27,13,13,9,12,13,13,0,0],"gold":372,"neow_bonus":"ONE_RARE_RELIC","is_daily":false,"chose_seed":false,"campfire_upgraded":1,"win_rate":0.0,"timestamp":1612786450,"path_taken":["M","M","M","M","?","R","E","M","T","E","?","E","M","M","R","BOSS"],"items_purchased_type":[],"build_version":"2020-12-22","purchased_purges":0,"victory":false,"max_hp_per_floor":[75,75,75,75,75,75,75,75,75,75,68,68,68,68,68,68,68],"card_choices":[{"not_picked":["Clash","Thunderclap"],"picked":"Combust","floor":1.0},{"not_picked":["Ghostly Armor","Armaments"],"picked":"Wild Strike","floor":1.0},{"not_picked":["Armaments","Pommel Strike"],"picked":"Shrug It Off","floor":2.0},{"not_picked":["Anger","Body Slam","Havoc"],"picked":"SKIP","floor":2.0},{"not_picked":["Iron Wave","Clothesline"],"picked":"Carnage","floor":3.0},{"not_picked":["Berserk","Carnage","Searing Blow"],"picked":"SKIP","floor":3.0},{"not_picked":["Dropkick","Sever Soul"],"picked":"Bloodletting","floor":4.0},{"not_picked":["Anger","Inflame","Entrench"],"picked":"SKIP","floor":4.0},{"not_picked":["Flame Barrier","Cleave"],"picked":"Blood for Blood","floor":7.0},{"not_picked":["Havoc","Warcry"],"picked":"Perfected Strike","floor":8.0},{"not_picked":["Havoc","Armaments"],"picked":"Shockwave","floor":8.0},{"not_picked":["Flex","Burning Pact"],"picked":"Ghostly Armor","floor":10.0},{"not_picked":["Cleave","Intimidate","Limit Break"],"picked":"SKIP","floor":12.0},{"not_picked":["Infernal Blade","Clash"],"picked":"Twin Strike","floor":13.0},{"not_picked":["Clothesline","Thunderclap"],"picked":"Armaments","floor":13.0},{"not_picked":["Havoc","Wild Strike"],"picked":"Dropkick","floor":14},{"not_picked":["Fire Breathing","Havoc","Sword Boomerang"],"picked":"SKIP","floor":14}],"player_experience":1071582,"relics_obtained":[{"floor":7.0,"key":"Ice Cream"},{"floor":9.0,"key":"Pantograph"},{"floor":10.0,"key":"Bronze Scales"},{"floor":12.0,"key":"Girya"}],"event_choices":[{"damage_healed":0.0,"max_hp_gain":0.0,"max_hp_loss":0.0,"gold_gain":75.0,"event_name":"World of Goop","player_choice":"Gather Gold","floor":5.0,"gold_loss":0.0,"damage_taken":11.0},{"damage_healed":0.0,"max_hp_gain":0.0,"max_hp_loss":7.0,"gold_gain":0.0,"event_name":"Golden Idol","player_choice":"Lose Max HP","floor":11.0,"gold_loss":0.0,"damage_taken":0.0,"relics_obtained":["Golden Idol"]}],"is_beta":false,"boss_relics":[],"items_purged_floors":[],"is_endless":false,"potions_floor_spawned":[1,7,10,12,13],"killed_by":"The Guardian","ascension_level":15}}