{"host":"11728qvdvolffudn","time":1612794277,"event":{"mods":["BaseMod","Block Reminder","Colored Powertips","Curses Come First","Custom Start","Displayed Cursed Tome","Highlight Path","Minty Spire (QoL Compilation)","Permanent Neow","Quick Restart","Rare Cards Sparkle","Relic Stats","StSLib","Weighted Paths"],"gold_per_floor":[115,115,67,67,85,128,128,161,161,161,111,111,131,151,151,277,277,291,135,135,151,166,166,191,191,191],"floor_reached":25,"language":"ENG","playtime":818,"items_purged":[],"score":243,"play_id":"3736c3ef-2f51-47e2-85d1-7321c3881a39","local_time":"20210208142437","is_ascension_mode":true,"campfire_choices":[{"data":"Flex","floor":7,"key":"SMITH"},{"data":"Whirlwind","floor":10,"key":"SMITH"},{"data":"Defend_R","floor":12,"key":"SMITH"},{"floor":15,"key":"REST"},{"data":"Limit Break","floor":23,"key":"SMITH"}],"circlet_count":0,"master_deck":["Strike_R+1","Strike_R+1","Strike_R+1","Defend_R+1","Defend_R+1","Defend_R+1","Defend_R+1","Bash+1","Cleave","Flex+1","Whirlwind+1","Limit Break+1"],"relics":["Burning Blood","Whetstone","Golden Idol","Ornamental Fan","InkBottle","Mummified Hand","Black Star","PrismaticShard"],"acts_visited":["Exordium","TheCity"],"potions_floor_usage":[16,22,24],"damage_taken":[{"damage":0,"enemies":"Cultist","floor":1,"turns":2},{"damage":1,"enemies":"2 Louse","floor":5,"turns":2},{"damage":10,"enemies":"Gremlin Nob","floor":6,"turns":3},{"damage":45,"enemies":"3 Sentries","floor":8,"turns":11},{"damage":1,"enemies":"Jaw Worm","floor":13,"turns":4},{"damage":11,"enemies":"Looter","floor":14,"turns":2},{"damage":17,"enemies":"Slime Boss","floor":16,"turns":5},{"damage":4,"enemies":"Chosen","floor":18,"turns":4},{"damage":25,"enemies":"Shell Parasite","floor":21,"turns":8},{"damage":24,"enemies":"Snake Plant","floor":22,"turns":3},{"damage":36,"enemies":"Sentry and Sphere","floor":24,"turns":5},{"damage":27,"enemies":"Shelled Parasite and Fungi","floor":25,"turns":2}],"seed_played":"-8951730368737656539","potions_obtained":[{"floor":6,"key":"ElixirPotion"},{"floor":8,"key":"Fire Potion"},{"floor":13,"key":"Energy Potion"},{"floor":14,"key":"Strength Potion"},{"floor":21,"key":"DuplicationPotion"},{"floor":22,"key":"Fire Potion"}],"is_trial":false,"path_per_floor":["M","?","$","?","M","E","R","E","T","R","?","R","M","M","R","B",null,"M","$","?","M","M","R","M","M"],"character_chosen":"IRONCLAD","items_purchased":["Flex","PrismaticShard"],"campfire_rested":1,"item_purchase_floors":[3,19],"current_hp_per_floor":[80,74,74,74,74,70,70,31,31,31,31,31,36,31,53,42,74,74,74,74,55,37,37,7,0,0],"gold":191,"neow_bonus":"RANDOM_COMMON_RELIC","is_daily":false,"chose_seed":false,"campfire_upgraded":4,"win_rate":0.0,"timestamp":1612794277,"path_taken":["M","?","$","?","?","E","R","E","T","R","?","R","M","M","R","BOSS","M","$","?","M","M","R","M","M"],"items_purchased_type":["Card","Relic"],"build_version":"2020-12-22","purchased_purges":0,"victory":false,"max_hp_per_floor":[80,74,74,74,74,74,74,74,74,74,74,74,74,74,74,74,74,74,74,74,74,74,74,74,74,74],"relic_stats":{"counters":[12,51],"Golden Idol":67,"Ornamental Fan":[12],"Mummified Hand":[0],"Black Star":0,"Whetstone":["Strike_R","Bash"],"obtain_stats":[{"Golden Idol":2,"Ornamental Fan":6,"Mummified Hand":9,"Black Star":17,"Whetstone":0,"PrismaticShard":19,"Burning Blood":0,"InkBottle":8},{"Golden Idol":1,"Ornamental Fan":3,"Mummified Hand":4,"Black Star":7,"Whetstone":0,"PrismaticShard":8,"Burning Blood":0,"InkBottle":4},{"Golden Idol":2,"Ornamental Fan":7,"Mummified Hand":18,"Black Star":29,"Whetstone":0,"PrismaticShard":33,"Burning Blood":0,"InkBottle":18}],"Burning Blood":53,"InkBottle":[9]},"card_choices":[{"not_picked":["Wild Strike","Second Wind"],"picked":"Cleave","floor":1},{"not_picked":["Perfected Strike","Iron Wave","Feel No Pain"],"picked":"SKIP","floor":5},{"not_picked":["Dual Wield","Armaments","Dropkick"],"picked":"SKIP","floor":6},{"not_picked":["Anger","Havoc"],"picked":"Whirlwind","floor":8},{"not_picked":["Bludgeon","Sever Soul","Feel No Pain"],"picked":"SKIP","floor":13},{"not_picked":["Warcry","Flame Barrier","Sentinel"],"picked":"SKIP","floor":14},{"not_picked":["Immolate","Berserk"],"picked":"Limit Break","floor":16},{"not_picked":["Twin Strike+1","Clash","Thunderclap"],"picked":"SKIP","floor":18},{"not_picked":["EmptyFist+1","Underhanded Strike+1","Tempest"],"picked":"SKIP","floor":21},{"not_picked":["Ball Lightning","Adaptation","CutThroughFate+1"],"picked":"SKIP","floor":22},{"not_picked":["Turbo","Warcry+1","Prepared"],"picked":"SKIP","floor":24}],"player_experience":186135,"relics_obtained":[{"floor":6,"key":"Ornamental Fan"},{"floor":8,"key":"InkBottle"},{"floor":9,"key":"Mummified Hand"}],"event_choices":[{"damage_healed":0,"gold_gain":0,"player_choice":"Lose Max HP","damage_taken":0,"relics_obtained":["Golden Idol"],"max_hp_gain":0,"max_hp_loss":6,"event_name":"Golden Idol","floor":2,"gold_loss":0},{"cards_removed":["Strike_R"],"damage_healed":0,"gold_gain":0,"player_choice":"Purged","damage_taken":0,"max_hp_gain":0,"max_hp_loss":0,"event_name":"Purifier","floor":4,"gold_loss":0},{"cards_removed":["Strike_R"],"damage_healed":0,"gold_gain":0,"player_choice":"Card Removal","damage_taken":0,"max_hp_gain":0,"max_hp_loss":0,"event_name":"The Cleric","floor":11,"gold_loss":50},{"damage_healed":0,"gold_gain":0,"player_choice":"Simplicity","damage_taken":0,"max_hp_gain":0,"max_hp_loss":0,"event_name":"Back to Basics","floor":20,"gold_loss":0,"cards_upgraded":["Strike_R","Strike_R","Defend_R","Defend_R","Defend_R"]}],"is_beta":false,"boss_relics":[{"not_picked":["Calling Bell","Sozu"],"picked":"Black Star"}],"items_purged_floors":[],"is_endless":false,"potions_floor_spawned":[6,8,13,14,21,22],"killed_by":"Shelled Parasite and Fungi","ascension_level":3}}