{"host":"3i0tc1zs9k2bo7un","time":1612766427,"event":{"mods":["Act Like it!","Aspiration","BaseMod","Gensokyo","Minty Spire (QoL Compilation)","MostiFishMod","Quick Restart","Reliquary","Replay The Spire","StSLib","TestMod","Wide Potions","[IsaacMod]ÒÔÈö¼âËþ","¡¾ÒÅÎï¿¨ÅÆ¡¿REMEMod"],"gold_per_floor":[114,114,114,126,51,79,29,56,56,56,81,24,74,104,104,478,478,511,448,0,35,65,65,95,125,193,193,193,153,384,264,127,141,141,222,231,262,297,166,166,266,330,330,406,475,310,377,430,481,550,550,595,1092,1092],"floor_reached":53,"language":"ZHS","playtime":1803,"items_purged":["Strike_G","Strike_G","Strike_G","Strike_G","Strike_G","Defend_G","Defend_G"],"score":2772,"play_id":"b0fb5c0b-7196-4e12-b3a9-d8638817b03c","local_time":"20210208144027","is_ascension_mode":true,"campfire_choices":[{"data":"MostiFishMod:Dislodge","floor":23.0,"key":"SMITH"},{"floor":43.0,"key":"RECALL"},{"data":"MostiFishMod:Opportunism","floor":51.0,"key":"SMITH"}],"circlet_count":0,"master_deck":["AscendersBane","Survivor+1","Calculated Gamble+1","Acrobatics+1","After Image","Acrobatics+1","Dagger Spray+1","Eviscerate+1","MostiFishMod:Dislodge+1","Calculated Gamble+1","Eviscerate","MostiFishMod:Opportunism+1","Adrenaline+1","PiercingWail"],"relics":["HushsDoor","D4","Burning Blood","testmod-Fortitude","Pocketwatch","testmod-ObsoleteBoomerang","Lizard Tail","Unceasing Top","testmod-FatalChain","CaptainsWheel","testmod-CrystalShield","aspiration:AnachronicSnailShell","Calipers","Bird Faced Urn","Paper Crane","Ninja Scroll","aspiration:StickyExplosives_weak","StrikeDummy","reliquary:TridentHead","Garlic","Blue Doll","Replay:Mystery Machine","testmod-TurbochargingSystem","reliquary:SilkGlove","ReplayTheSpireMod:Lightbulb","Snake Skull","Gremlin Food","reliquary:PartyBalloon","Oddly Smooth Stone","aspiration:Lifesprig","Boot","War Paint","reliquary:RadioactivePellet","reliquary:WeakTea","Whetstone","testmod-LifeArmor","testmod-Fanaticism","Pandora\u0027s Box","Honey Jar","MetatronsCube","Dodecahedron","Membership Card","RottenBaby","Incubus","Membership Card"],"acts_visited":["Gensokyo:Gensokyo","Gensokyo:Gensokyoer","Gensokyo:Gensokyoest"],"potions_floor_usage":[53],"damage_taken":[{"damage":0.0,"enemies":"Gensokyo:Gryphon","floor":1.0,"turns":1.0},{"damage":0.0,"enemies":"Gensokyo:Python","floor":4.0,"turns":1.0},{"damage":0.0,"enemies":"Gensokyo:Mamizou","floor":6.0,"turns":1.0},{"damage":0.0,"enemies":"Gensokyo:Cirno","floor":8.0,"turns":4.0},{"damage":11.0,"enemies":"Gensokyo:Aya","floor":11.0,"turns":3.0},{"damage":17.0,"enemies":"Hiden Room Battle","floor":13.0,"turns":2.0},{"damage":0.0,"enemies":"Gensokyo:Mamizou","floor":14.0,"turns":4.0},{"damage":8.0,"enemies":"Gensokyo:Kokoro","floor":16.0,"turns":4.0},{"damage":0.0,"enemies":"Gensokyo:Koishi","floor":18.0,"turns":1.0},{"damage":0.0,"enemies":"Gensokyo:Reisen","floor":21.0,"turns":2.0},{"damage":2.0,"enemies":"Gensokyo:Koishi","floor":22.0,"turns":3.0},{"damage":0.0,"enemies":"Gensokyo:Tenshi","floor":24.0,"turns":1.0},{"damage":0.0,"enemies":"Gensokyo:Koishi","floor":25.0,"turns":1.0},{"damage":0.0,"enemies":"Gensokyo:Reisen","floor":30.0,"turns":1.0},{"damage":0.0,"enemies":"Gensokyo:3_Dogs","floor":33.0,"turns":1.0},{"damage":0.0,"enemies":"Gensokyo:Eternal_Rivals","floor":35.0,"turns":1.0},{"damage":0.0,"enemies":"Gensokyo:Kasen","floor":37.0,"turns":1.0},{"damage":0.0,"enemies":"Gensokyo:Doremy","floor":38.0,"turns":1.0},{"damage":0.0,"enemies":"Gensokyo:Kasen","floor":41.0,"turns":1.0},{"damage":0.0,"enemies":"Gensokyo:Doremy","floor":42.0,"turns":1.0},{"damage":0.0,"enemies":"Gensokyo:Kasen","floor":44.0,"turns":1.0},{"damage":0.0,"enemies":"Gensokyo:Marisa","floor":47.0,"turns":1.0},{"damage":0.0,"enemies":"Gensokyo:Doremy","floor":48.0,"turns":1.0},{"damage":0.0,"enemies":"Gensokyo:Marisa","floor":49.0,"turns":1.0},{"damage":0.0,"enemies":"Gensokyo:Kasen","floor":50.0,"turns":1.0},{"damage":0.0,"enemies":"Gensokyo:Scarlet_Devils","floor":52.0,"turns":3.0},{"damage":70,"enemies":"Delirium","floor":53,"turns":3}],"seed_played":"3763160344308167284","potions_obtained":[{"floor":1.0,"key":"Elixir"},{"floor":4.0,"key":"SkillPotion"},{"floor":14.0,"key":"Elixir"},{"floor":22.0,"key":"CunningPotion"}],"is_trial":false,"path_per_floor":["M","?","?","M","$","E","$","E","T","?","E","COS","?","E","R","B",null,"M","$","COS","M","M","R","E","M","T","PTL","PTL","?","M","?","$","M","R","B",null,"M","M","$","?","M","E","R","E","T","$","E","M","E","M","R","B","B"],"character_chosen":"THE_SILENT","items_purchased":["Calculated Gamble","Eviscerate","Bag of Marbles","Adrenaline","GuppysHairball","GuppysHead","DeathBook","reliquary:Knoch","TungstenRod"],"campfire_rested":0,"item_purchase_floors":[17,17,32,36,36,36,36,39,46],"current_hp_per_floor":[59,59,57,57,57,57,54,54,54,54,43,43,11,18,18,10,36,36,36,36,36,41,41,41,41,41,41,41,41,41,41,41,41,41,44,6,6,6,6,6,6,6,6,6,6,6,6,6,6,6,6,6,0,0],"gold":1092,"neow_bonus":"THREE_ENEMY_KILL","is_daily":false,"chose_seed":false,"campfire_upgraded":2,"win_rate":0.0,"timestamp":1612766427,"path_taken":["M","?","?","M","?","E","$","E","T","?","E","COS","?","E","R","BOSS","M","$","COS","M","M","R","E","M","T","PTL","PTL","?","M","?","$","M","R","BOSS","M","M","$","?","?","E","R","E","T","$","E","M","E","M","R","BOSS","BOSS"],"items_purchased_type":["Card","Card","Relic","Card","Relic","Relic","Relic","Relic","Relic"],"build_version":"2020-12-22","purchased_purges":7,"victory":false,"max_hp_per_floor":[66,66,57,57,57,57,54,54,54,54,51,51,48,55,55,55,44,44,41,41,41,41,41,41,41,41,41,41,41,41,41,41,41,41,44,6,6,6,6,6,6,6,6,6,6,6,6,6,6,6,6,6,6,6],"card_choices":[{"not_picked":["Dodge and Roll","Cloak And Dagger"],"picked":"Acrobatics","floor":1.0},{"not_picked":["Dagger Spray","Backflip","MostiFishMod:ThornCasing","MostiFishMod:InvigoratingSolution"],"picked":"After Image","floor":4.0},{"not_picked":["Wraith Form v2","Deadly Poison","Quick Slash","Cloak And Dagger"],"picked":"Acrobatics","floor":6.0},{"not_picked":["Backflip","Dagger Throw","ReplayTheSpireMod:Shiv Toss","Crippling Poison","Choke"],"picked":"SKIP","floor":8.0},{"not_picked":["Sucker Punch","Backflip","Deflect","Deadly Poison"],"picked":"Dagger Spray","floor":11.0},{"not_picked":["Dagger Throw","Sucker Punch","PiercingWail","Eviscerate","MostiFishMod:WinterMarkForm"],"picked":"SKIP","floor":14.0},{"not_picked":["Dagger Throw","Sucker Punch","PiercingWail","MostiFishMod:WinterMarkForm"],"picked":"Eviscerate","floor":14.0},{"not_picked":["ReplayTheSpireMod:Necrosis","MostiFishMod:AdrenalineArouse","aspiration:Lunge","After Image"],"picked":"MostiFishMod:Dislodge","floor":16.0},{"not_picked":["Blade Dance","PiercingWail+1","Deadly Poison","Outmaneuver","Bane"],"picked":"SKIP","floor":18.0},{"not_picked":["Bane","Infinite Blades","Dodge and Roll","Sucker Punch","Corpse Explosion"],"picked":"SKIP","floor":21.0},{"not_picked":["Dagger Spray","MostiFishMod:PerfectParry","ReplayTheSpireMod:Exploit Weakness","Blade Dance","Sucker Punch"],"picked":"SKIP","floor":22.0},{"not_picked":["Sucker Punch","aspiration:Lunge","Quick Slash","Prepared","Deflect"],"picked":"SKIP","floor":24.0},{"not_picked":["Hidden Blade+1","PiercingWail","Prepared","Cloak And Dagger","MostiFishMod:ShivMaster"],"picked":"SKIP","floor":25.0},{"not_picked":["Underhanded Strike","Backflip","MostiFishMod:PoisonShield","MostiFishMod:PreservedThorns","Dodge and Roll"],"picked":"SKIP","floor":30.0},{"not_picked":["Riddle With Holes","Bane","Distraction","Draining Mist","Concentrate"],"picked":"SKIP","floor":33.0},{"not_picked":["MostiFishMod:Confrontation","Wraith Form v2","Envenom","MostiFishMod:SpreadingSpore"],"picked":"MostiFishMod:Opportunism","floor":35.0},{"not_picked":["Leg Sweep","REME_GreenPollution","Well Laid Plans","Underhanded Strike","Dagger Throw"],"picked":"SKIP","floor":37.0},{"not_picked":["Expertise","Outmaneuver","PiercingWail","Blade Dance","Bane+1"],"picked":"SKIP","floor":38.0},{"not_picked":["Dagger Spray+1","Wraith Form v2","PiercingWail+1","Choke","Deflect"],"picked":"SKIP","floor":41.0},{"not_picked":["MostiFishMod:FrostNova","Setup+1","Outmaneuver+1","Concentrate","MostiFishMod:PoisonShield"],"picked":"SKIP","floor":42.0},{"not_picked":["PiercingWail","MostiFishMod:AdrenalineArouse","Cloak And Dagger","Quick Slash+1","Poisoned Stab"],"picked":"SKIP","floor":44.0},{"not_picked":["Underhanded Strike","MostiFishMod:InvigoratingSolution","Hidden Blade","Outmaneuver","Footwork"],"picked":"SKIP","floor":47.0},{"not_picked":["Acrobatics","Fluid Movement+1","Accuracy","Dodge and Roll","Hidden Blade"],"picked":"SKIP","floor":48.0},{"not_picked":["Escape Plan","Reflex","Footwork+1","Skewer","MostiFishMod:PerfectParry+1"],"picked":"SKIP","floor":49.0},{"not_picked":["Blade Dance","Dagger Spray","Bane","Tactician","Predator"],"picked":"SKIP","floor":50.0}],"player_experience":705188,"relics_obtained":[{"floor":1.0,"key":"SynthV:TestCard"},{"floor":6.0,"key":"SteamSale"},{"floor":8.0,"key":"Anchor"},{"floor":9.0,"key":"testmod-AssaultLearning"},{"floor":11.0,"key":"Art of War"},{"floor":13.0,"key":"GuppysTail"},{"floor":13.0,"key":"SynthV:C4"},{"floor":14.0,"key":"Strawberry"},{"floor":18.0,"key":"testmod-Maize"},{"floor":21.0,"key":"testmod-IndustrialRevolution"},{"floor":22.0,"key":"UnicornStump"},{"floor":24.0,"key":"D4"},{"floor":25.0,"key":"Centennial Puzzle"},{"floor":26.0,"key":"Replay:Ringing Soul"},{"floor":30.0,"key":"CeramicFish"},{"floor":37.0,"key":"Torii"},{"floor":38.0,"key":"Replay:Bandana"},{"floor":41.0,"key":"reliquary:Buckler"},{"floor":42.0,"key":"Eternal Feather"},{"floor":44.0,"key":"REME_HandOfSuture"},{"floor":45.0,"key":"Replay:Bottled Eggs"},{"floor":47.0,"key":"PreservedInsect"},{"floor":48.0,"key":"testmod-Justice"},{"floor":49.0,"key":"testmod-TheFather"},{"floor":50.0,"key":"testmod-BlackFramedGlasses"}],"event_choices":[{"damage_healed":0.0,"max_hp_gain":0.0,"max_hp_loss":0.0,"gold_gain":0.0,"event_name":"HidenRoomEvent","player_choice":"Fight","floor":13.0,"gold_loss":0.0,"damage_taken":0.0}],"is_beta":false,"boss_relics":[{"not_picked":["testmod-Prudence","REME_ChargedStone"],"picked":"ChampionBelt"},{"not_picked":[]},{"not_picked":["testmod-KeyOfTheVoid","reliquary:Craggleroot"],"picked":"testmod-EnergyCheck"},{"not_picked":[]}],"items_purged_floors":[5,7,17,19,32,36,39],"is_endless":false,"potions_floor_spawned":[1,4,14,16,22,24,38,42,47,48,49],"killed_by":"Delirium","ascension_level":20}}