{"host":"1bvadgc0hovl67h4","time":1612757572,"event":{"mods":["BaseMod","Colored Map","Downfall","Hermit","Minty Spire (QoL Compilation)","StSLib","The Cursed"],"gold_per_floor":[99,99,99,99,99,124,151,151,164,69,95,95,95,110,126,227,227,27,40,40,40,40,59,59,85,85,18,18,29,14,47,66,66,66,66],"floor_reached":33,"language":"ENG","playtime":2110,"items_purged":[],"score":370,"play_id":"efdd111c-29c2-4587-a771-53d588d624aa","local_time":"20210207201252","is_ascension_mode":true,"campfire_choices":[{"floor":1,"key":"RECALL"},{"floor":12,"key":"REST"},{"data":"bronze:Shell","floor":18,"key":"SMITH"},{"floor":26,"key":"REST"},{"floor":28,"key":"REST"}],"circlet_count":0,"master_deck":["bronze:Strike","bronze:Strike","bronze:Defend","bronze:Defend","bronze:Replicate","bronze:Goto","bronze:Separator","bronze:WhirlingStrike","bronze:Shell+1","bronze:FindAndReplace","bronze:ChosenStrike","bronze:ClassDefault","bronze:InfiniteBeams","bronze:GetLatest","bronze:Fortify","bronze:BitShift","bronze:AlphaBuild","bronze:BronzeOrb","bronze:Repulsor+1","bronze:Branch"],"relics":["bronze:BronzeCore","downfall:HeartsMalice","Happy Flower","FossilizedHelix","Empty Cage","downfall:HeartBlessingBlue","downfall:HeartBlessingRed","Singing Bowl","Du-Vu Doll","Peace Pipe"],"acts_visited":["Exordium","TheCity"],"potions_floor_usage":[16,16,25,25,33,33],"damage_taken":[{"damage":0,"enemies":"Small Slimes","floor":2,"turns":1},{"damage":0,"enemies":"Jaw Worm","floor":3,"turns":1},{"damage":0,"enemies":"2 Louse","floor":8,"turns":1},{"damage":9,"enemies":"2 Fungi Beasts","floor":9,"turns":2},{"damage":0,"enemies":"downfall:FleeingMerchant","floor":10,"turns":4},{"damage":31,"enemies":"Lagavulin","floor":11,"turns":4},{"damage":0,"enemies":"Large Slime","floor":14,"turns":2},{"damage":0,"enemies":"2 Fungi Beasts","floor":15,"turns":3},{"damage":0,"enemies":"WA_ARCHETYPE_RETAIN","floor":16,"turns":4},{"damage":0,"enemies":"Spheric Guardian","floor":19,"turns":3},{"damage":19,"enemies":"Shell Parasite","floor":23,"turns":6},{"damage":45,"enemies":"Gremlin Leader","floor":25,"turns":6},{"damage":12,"enemies":"downfall:FleeingMerchant","floor":27,"turns":4},{"damage":0,"enemies":"Cultist and Chosen","floor":29,"turns":3},{"damage":12,"enemies":"downfall:FleeingMerchant","floor":30,"turns":4},{"damage":14,"enemies":"Slavers","floor":31,"turns":5},{"damage":6,"enemies":"3 Cultists","floor":32,"turns":3},{"damage":21,"enemies":"SI_MIRROR_ARCHETYPE","floor":33,"turns":4}],"seed_played":"4094272945226518626","potions_obtained":[{"floor":9,"key":"Fire Potion"},{"floor":14,"key":"hexamod:SoulburnPotion"},{"floor":15,"key":"LiquidBronze"},{"floor":19,"key":"Weak Potion"},{"floor":25,"key":"hexamod:SoulburnPotion"},{"floor":31,"key":"SkillPotion"},{"floor":32,"key":"SpeedPotion"}],"is_trial":false,"path_per_floor":["R","M","M","?","?","T","T","M","M","$","E","R","?","M","M","B",null,"R","M","?","?","?","M","T","E","R","$","R","M","$","E","M","B"],"character_chosen":"THE_AUTOMATON","items_purchased":["bronze:InfiniteBeams","bronze:Branch"],"campfire_rested":3,"item_purchase_floors":[10,27],"current_hp_per_floor":[70,70,70,70,70,70,70,70,61,61,30,51,51,51,51,51,70,80,80,80,65,65,46,46,3,29,19,45,47,37,25,21,0,0,0],"gold":66,"neow_bonus":"THREE_ENEMY_KILL","is_daily":false,"chose_seed":false,"campfire_upgraded":1,"win_rate":0.0,"timestamp":1612757572,"path_taken":["R","M","M","?","?","?","T","M","M","?","E","R","?","M","M","BOSS","R","M","?","?","?","M","T","E","R","$","R","M","$","E","M","BOSS"],"items_purchased_type":["Card","Card"],"build_version":"2020-12-22","purchased_purges":0,"victory":false,"max_hp_per_floor":[70,70,70,70,70,70,70,70,70,70,70,70,70,70,70,70,70,80,80,80,85,85,85,85,87,87,89,89,91,93,95,97,97,97,97],"card_choices":[{"not_picked":["bronze:BugBarrage","bronze:Shield"],"picked":"bronze:Separator","floor":2},{"not_picked":["bronze:Overheat","bronze:Frontload"],"picked":"bronze:WhirlingStrike","floor":3},{"not_picked":["bronze:Constructor","bronze:WhirlingStrike"],"picked":"bronze:FindAndReplace","floor":8},{"not_picked":["bronze:DigitalCarnage","bronze:Overheat"],"picked":"bronze:ChosenStrike","floor":9},{"not_picked":["bronze:ChosenStrike","bronze:BronzeArmor"],"picked":"bronze:ClassDefault","floor":10},{"not_picked":["bronze:ShipIt","bronze:BugBarrage"],"picked":"bronze:GetLatest","floor":11},{"not_picked":["bronze:WildBeam","bronze:BronzeArmor"],"picked":"bronze:Fortify","floor":14},{"not_picked":["bronze:Refactor","bronze:WhirlingStrike"],"picked":"bronze:BitShift","floor":15},{"not_picked":["bronze:CleanCode","bronze:Verify"],"picked":"bronze:AlphaBuild","floor":16},{"not_picked":["bronze:Overload","bronze:Deprecate+1","bronze:WildBeam"],"picked":"SKIP","floor":19},{"not_picked":["bronze:Turbo","bronze:ClassDefault"],"picked":"bronze:Repulsor+1","floor":23},{"not_picked":["bronze:Turbo","bronze:Philosophize","bronze:Safeguard"],"picked":"Singing Bowl","floor":25},{"not_picked":["bronze:DelayedSlice","bronze:Shield","bronze:Philosophize+1"],"picked":"Singing Bowl","floor":27},{"not_picked":["bronze:Invalidate","bronze:BronzeOrb","bronze:Turbo"],"picked":"Singing Bowl","floor":29},{"not_picked":["bronze:ClassDefault","bronze:CleanCode","bronze:Repulsor"],"picked":"Singing Bowl","floor":30},{"not_picked":["bronze:WildBeam","bronze:Fortify","bronze:Shield"],"picked":"Singing Bowl","floor":31},{"not_picked":["bronze:MaxOutput","bronze:Philosophize","bronze:Deprecate"],"picked":"Singing Bowl","floor":32}],"player_experience":249080,"relics_obtained":[{"floor":6,"key":"Happy Flower"},{"floor":11,"key":"FossilizedHelix"},{"floor":24,"key":"Singing Bowl"},{"floor":25,"key":"Du-Vu Doll"},{"floor":31,"key":"Peace Pipe"}],"event_choices":[{"cards_removed":["bronze:Strike"],"damage_healed":0,"gold_gain":0,"player_choice":"Card Removal","damage_taken":0,"max_hp_gain":0,"max_hp_loss":0,"event_name":"The Cleric","floor":4,"gold_loss":0},{"damage_healed":0,"gold_gain":0,"player_choice":"Read","damage_taken":0,"max_hp_gain":0,"max_hp_loss":0,"event_name":"The Library","floor":20,"gold_loss":0,"cards_obtained":["bronze:BronzeOrb"]}],"is_beta":false,"boss_relics":[{"not_picked":["SacredBark","Coffee Dripper"],"picked":"Empty Cage"}],"items_purged_floors":[],"is_endless":false,"potions_floor_spawned":[9,14,15,19,25,31,32],"killed_by":"SI_MIRROR_ARCHETYPE","ascension_level":1}}