{"host":"kk6i5v7sjcm8i50x","time":1612818044,"event":{"mods":["BaseMod","Bestiary","Colored Map","Downfall","Minty Spire (QoL Compilation)","StSLib","The Saiyan"],"gold_per_floor":[369,369,71,246,246,246,277,277,277,291,305,305,328,343,343,343,343],"floor_reached":16,"language":"ENG","playtime":568,"items_purged":["Injury"],"score":104,"play_id":"30a66cd0-dd6f-4d77-a461-6949a8d2761a","local_time":"20210208160044","is_ascension_mode":true,"campfire_choices":[{"floor":8,"key":"REST"},{"floor":15,"key":"REST"}],"circlet_count":0,"master_deck":["Strike_B","Strike_B","Strike_B","Strike_B","Defend_B","Defend_B","Defend_B","Zap","Dualcast","Go for the Eyes","Ball Lightning","Beam Cell","FTL","All For One","Storm"],"relics":["Cracked Core","Golden Idol","Toolbox","Mercury Hourglass","Spirit Poop","Strawberry","Matryoshka"],"acts_visited":["Exordium"],"potions_floor_usage":[7,16,16],"damage_taken":[{"damage":5,"enemies":"Cultist","floor":1,"turns":4},{"damage":10,"enemies":"3 Sentries","floor":7,"turns":5},{"damage":0,"enemies":"Jaw Worm","floor":10,"turns":2},{"damage":0,"enemies":"2 Louse","floor":11,"turns":1},{"damage":0,"enemies":"Large Slime","floor":13,"turns":3},{"damage":13,"enemies":"Exordium Thugs","floor":14,"turns":3},{"damage":59,"enemies":"The Guardian","floor":16,"turns":7}],"seed_played":"-6820239304058300996","potions_obtained":[{"floor":1,"key":"hexamod:SoulburnPotion"},{"floor":11,"key":"EssenceOfSteel"},{"floor":13,"key":"LiquidMemories"}],"is_trial":false,"path_per_floor":["M","?","$","?","?","?","E","R","T","M","M","?","M","M","R","B"],"character_chosen":"DEFECT","items_purchased":["Toolbox","Ball Lightning","Beam Cell"],"campfire_rested":2,"item_purchase_floors":[3,3,3],"current_hp_per_floor":[63,63,63,63,30,30,27,49,49,49,49,49,49,36,58,0,0],"gold":343,"neow_bonus":"TWO_FIFTY_GOLD","is_daily":false,"chose_seed":false,"campfire_upgraded":0,"win_rate":0.0,"timestamp":1612818044,"path_taken":["M","?","$","?","?","?","E","R","T","M","?","?","M","M","R","BOSS"],"items_purchased_type":["Relic","Card","Card"],"build_version":"2020-12-22","purchased_purges":1,"victory":false,"max_hp_per_floor":[68,68,68,68,68,68,75,75,75,75,75,75,75,75,75,75,75],"card_choices":[{"not_picked":["Coolheaded","Hologram"],"picked":"Go for the Eyes","floor":1},{"not_picked":["Rebound","Fusion"],"picked":"FTL","floor":7},{"not_picked":["Gash","Cold Snap","Streamline"],"picked":"SKIP","floor":10},{"not_picked":["Consume","Beam Cell","Cold Snap"],"picked":"SKIP","floor":11},{"not_picked":["Consume","Chaos"],"picked":"Storm","floor":13},{"not_picked":["Consume","Chaos","Aggregate"],"picked":"SKIP","floor":14}],"player_experience":154771,"relics_obtained":[{"floor":7,"key":"Strawberry"},{"floor":9,"key":"Matryoshka"}],"event_choices":[{"damage_healed":0,"gold_gain":0,"player_choice":"Take Wound","damage_taken":0,"relics_obtained":["Golden Idol"],"max_hp_gain":0,"max_hp_loss":0,"event_name":"Golden Idol","floor":2,"gold_loss":0,"cards_obtained":["Injury"]},{"damage_healed":0,"gold_gain":175,"player_choice":"AGREE","damage_taken":0,"max_hp_gain":0,"max_hp_loss":0,"event_name":"Liars Game","floor":4,"gold_loss":0,"cards_obtained":["Doubt"]},{"damage_healed":0,"gold_gain":0,"player_choice":"Success","damage_taken":33,"relics_obtained":["Mercury Hourglass"],"max_hp_gain":0,"max_hp_loss":0,"event_name":"Scrap Ooze","floor":5,"gold_loss":0},{"cards_removed":["Doubt"],"damage_healed":0,"gold_gain":0,"player_choice":"Offered Curse","damage_taken":0,"relics_obtained":["Spirit Poop"],"max_hp_gain":0,"max_hp_loss":0,"event_name":"Bonfire Elementals","floor":6,"gold_loss":0},{"damage_healed":0,"gold_gain":0,"cards_transformed":["Defend_B"],"player_choice":"Transformed","damage_taken":0,"max_hp_gain":0,"max_hp_loss":0,"event_name":"Transmorgrifier","floor":12,"gold_loss":0,"cards_obtained":["All For One"]}],"is_beta":false,"boss_relics":[],"items_purged_floors":[3],"is_endless":false,"potions_floor_spawned":[1,11,13],"killed_by":"The Guardian","ascension_level":1}}