{"host":"axuns55dzq466eei","time":1612789037,"event":{"mods":["BaseMod","Colored Map","Keyboard Shortcuts","Minty Spire (QoL Compilation)","StSLib","SuperFastMode"],"gold_per_floor":[111,131,131,145,164,164,193,212,237,262,262,337,349,1,1,1,1],"floor_reached":16,"language":"KOR","playtime":237,"items_purged":["Strike_R"],"score":224,"play_id":"3a1d8ec7-0d8d-4981-b752-1bcecfebba84","local_time":"20210208215717","is_ascension_mode":true,"campfire_choices":[{"data":"Hemokinesis","floor":6,"key":"SMITH"},{"floor":11,"key":"REST"},{"data":"Inflame","floor":15,"key":"SMITH"}],"circlet_count":0,"master_deck":["AscendersBane","Strike_R","Strike_R","Strike_R","Defend_R+1","Defend_R","Defend_R","Bash","Hemokinesis+1","Pommel Strike","Pommel Strike","Shrug It Off+1","Clash","Power Through","Inflame+1","Shrug It Off"],"relics":["Burning Blood","Nunchaku","Juzu Bracelet","War Paint","Sundial"],"acts_visited":["Exordium"],"potions_floor_usage":[5,10],"damage_taken":[{"damage":6,"enemies":"Cultist","floor":1,"turns":3},{"damage":5,"enemies":"Small Slimes","floor":2,"turns":3},{"damage":6,"enemies":"2 Louse","floor":4,"turns":2},{"damage":21,"enemies":"Lots of Slimes","floor":5,"turns":5},{"damage":44,"enemies":"Lagavulin","floor":7,"turns":6},{"damage":3,"enemies":"Red Slaver","floor":8,"turns":2},{"damage":8,"enemies":"Gremlin Nob","floor":10,"turns":3},{"damage":2,"enemies":"3 Louse","floor":13,"turns":2},{"damage":33,"enemies":"The Guardian","floor":16,"turns":2}],"seed_played":"-6282350343059089209","potions_obtained":[{"floor":1,"key":"SmokeBomb"},{"floor":2,"key":"FearPotion"},{"floor":7,"key":"Fire Potion"}],"is_trial":false,"path_per_floor":["M","M","?","M","M","R","E","M","T","E","R","?","M","$","R","B"],"character_chosen":"IRONCLAD","items_purchased":["Sundial"],"campfire_rested":1,"item_purchase_floors":[14],"current_hp_per_floor":[68,69,69,69,54,54,16,19,19,17,39,28,32,32,32,0,0],"gold":1,"neow_bonus":"REMOVE_CARD","is_daily":false,"chose_seed":false,"campfire_upgraded":2,"win_rate":0.0,"timestamp":1612789037,"path_taken":["M","?","?","M","M","R","E","M","T","E","R","?","M","$","R","BOSS"],"items_purchased_type":["Relic"],"build_version":"2020-12-22","purchased_purges":1,"victory":false,"max_hp_per_floor":[75,75,75,75,75,75,75,75,75,75,75,75,75,75,75,75,75],"card_choices":[{"not_picked":["Dual Wield","Dropkick"],"picked":"Hemokinesis","floor":1},{"not_picked":["Sword Boomerang","Twin Strike"],"picked":"Pommel Strike","floor":2},{"not_picked":["Iron Wave","Flex"],"picked":"Pommel Strike","floor":4},{"not_picked":["Clash","Thunderclap"],"picked":"Shrug It Off","floor":5},{"not_picked":["Warcry","Wild Strike"],"picked":"Clash","floor":7},{"not_picked":["True Grit","Heavy Blade"],"picked":"Power Through","floor":8},{"not_picked":["Fiend Fire","Twin Strike"],"picked":"Inflame","floor":10},{"not_picked":["Thunderclap","Flex"],"picked":"Shrug It Off","floor":13}],"player_experience":1125883,"relics_obtained":[{"floor":7,"key":"Nunchaku"},{"floor":9,"key":"Juzu Bracelet"},{"floor":10,"key":"War Paint"}],"event_choices":[{"cards_removed":["Strike_R"],"damage_healed":0,"gold_gain":0,"player_choice":"Forget","damage_taken":0,"max_hp_gain":0,"max_hp_loss":0,"event_name":"Living Wall","floor":3,"gold_loss":0},{"damage_healed":0,"gold_gain":75,"player_choice":"Gather Gold","damage_taken":11,"max_hp_gain":0,"max_hp_loss":0,"event_name":"World of Goop","floor":12,"gold_loss":0}],"is_beta":false,"boss_relics":[],"items_purged_floors":[14],"is_endless":false,"potions_floor_spawned":[1,2,7,8],"killed_by":"The Guardian","ascension_level":20}}