{"host":"Qube","time":1612814516,"event":{"mods":["AchievementEnabler","BaseMod","Colored Map","Colored Powertips","Highlight Path","Minty Spire (QoL Compilation)","Permanent Neow","Quick Restart","Random Character Button","StSLib"],"gold_per_floor":[111,111,176,188,206,206,44,76,76,76,92,127,127,102,102,179,229,247,297,362,11,23,23,51,126,126,161,211,230,258,258,258],"floor_reached":31,"language":"ENG","playtime":1443,"items_purged":[],"score":706,"play_id":"811087a0-8748-4b0a-abc8-2bacaed9b13f","local_time":"20210208120156","is_ascension_mode":true,"campfire_choices":[{"data":"Vigilance","floor":6.0,"key":"SMITH"},{"data":"Apotheosis","floor":10.0,"key":"SMITH"},{"data":"SandsOfTime","floor":13.0,"key":"SMITH"},{"floor":15.0,"key":"REST"},{"data":"Blasphemy","floor":23.0,"key":"SMITH"}],"circlet_count":0,"master_deck":["AscendersBane","Strike_P","Defend_P","Defend_P+1","Eruption","Vigilance+1","SandsOfTime+1","FollowUp","Consecrate","CutThroughFate","EmptyFist","DeceiveReality","Apotheosis+1","ClearTheMind","Wallop","Protect","ThirdEye","DevaForm","Crescendo","Blasphemy+1","Meditate","Halt","WheelKick","Evaluate+1"],"relics":["PureWater","SsserpentHead","Omamori","Letter Opener","Kunai","Tiny House","Gambling Chip","Happy Flower","Oddly Smooth Stone","TeardropLocket","CeramicFish","The Courier"],"acts_visited":["Exordium","TheCity"],"potions_floor_usage":[30],"damage_taken":[{"damage":12.0,"enemies":"2 Louse","floor":1.0,"turns":3.0},{"damage":0.0,"enemies":"Cultist","floor":3.0,"turns":3.0},{"damage":7.0,"enemies":"Small Slimes","floor":4.0,"turns":2.0},{"damage":3.0,"enemies":"Looter","floor":5.0,"turns":2.0},{"damage":1.0,"enemies":"Lagavulin","floor":8.0,"turns":5.0},{"damage":7.0,"enemies":"Lots of Slimes","floor":11.0,"turns":4.0},{"damage":4.0,"enemies":"Gremlin Nob","floor":12.0,"turns":3.0},{"damage":0.0,"enemies":"The Guardian","floor":16.0,"turns":7.0},{"damage":1.0,"enemies":"2 Thieves","floor":18.0,"turns":4.0},{"damage":0.0,"enemies":"Spheric Guardian","floor":20.0,"turns":3.0},{"damage":0.0,"enemies":"Snake Plant","floor":22.0,"turns":3.0},{"damage":8.0,"enemies":"Book of Stabbing","floor":24.0,"turns":4.0},{"damage":28.0,"enemies":"Slavers","floor":27.0,"turns":6.0},{"damage":18.0,"enemies":"Chosen and Byrds","floor":29.0,"turns":5.0},{"damage":18,"enemies":"Book of Stabbing","floor":30,"turns":4},{"damage":0,"enemies":"Centurion and Healer","floor":31,"turns":1}],"seed_played":"5996793693560893596","potions_obtained":[{"floor":5.0,"key":"Weak Potion"},{"floor":8.0,"key":"BlessingOfTheForge"},{"floor":11.0,"key":"Fire Potion"},{"floor":12.0,"key":"SteroidPotion"},{"floor":16.0,"key":"AttackPotion"},{"floor":17.0,"key":"BottledMiracle"},{"floor":18.0,"key":"DistilledChaos"},{"floor":24.0,"key":"Regen Potion"},{"floor":29.0,"key":"PowerPotion"}],"is_trial":false,"path_per_floor":["M","?","M","M","M","R","$","E","T","R","M","E","R","?","R","B",null,"M","?","M","$","M","R","E","T","T","E","?","M","E","M"],"character_chosen":"WATCHER","items_purchased":["Apotheosis","ClearTheMind","Gambling Chip","Meditate"],"campfire_rested":1,"item_purchase_floors":[7,7,21,21],"current_hp_per_floor":[49,49,49,42,39,39,39,38,38,38,31,27,27,27,45,45,63,62,62,62,62,62,62,54,54,54,41,41,23,5,5,5],"gold":258,"neow_bonus":"TRANSFORM_TWO_CARDS","is_daily":false,"chose_seed":false,"campfire_upgraded":4,"win_rate":0.0,"timestamp":1612814516,"path_taken":["M","?","?","M","M","R","?","E","T","R","M","E","R","?","R","BOSS","M","?","?","?","M","R","E","?","T","E","?","M","E","M"],"items_purchased_type":["Card","Card","Relic","Card"],"build_version":"2020-12-18","purchased_purges":0,"victory":false,"max_hp_per_floor":[62,62,62,62,62,62,62,62,62,62,62,62,62,62,62,62,67,67,67,67,67,67,67,67,67,67,67,67,67,67,67,67],"card_choices":[{"not_picked":["EmptyBody","FollowUp"],"picked":"Consecrate","floor":1.0},{"not_picked":["FollowUp","EmptyFist"],"picked":"CutThroughFate","floor":3.0},{"not_picked":["CrushJoints","Tantrum"],"picked":"EmptyFist","floor":4.0},{"not_picked":["FlurryOfBlows","FlyingSleeves"],"picked":"DeceiveReality","floor":5.0},{"not_picked":["FollowUp","Evaluate"],"picked":"Wallop","floor":8.0},{"not_picked":["SashWhip","Consecrate"],"picked":"Protect","floor":11.0},{"not_picked":["Brilliance","FearNoEvil"],"picked":"ThirdEye","floor":12.0},{"not_picked":["Brilliance","Vault"],"picked":"DevaForm","floor":16.0},{"not_picked":["EmptyBody","Halt"],"picked":"Crescendo","floor":17.0},{"not_picked":["PathToVictory","Consecrate+1","Nirvana"],"picked":"SKIP","floor":18.0},{"not_picked":["Nirvana","EmptyBody"],"picked":"Blasphemy","floor":20.0},{"not_picked":["CutThroughFate","CrushJoints"],"picked":"Halt","floor":22.0},{"not_picked":["SashWhip","FollowUp","ClearTheMind"],"picked":"SKIP","floor":24.0},{"not_picked":["FlyingSleeves+1","ThirdEye+1"],"picked":"WheelKick","floor":27.0},{"not_picked":["ClearTheMind+1","PathToVictory"],"picked":"Evaluate+1","floor":29.0},{"not_picked":["Crescendo","Sanctity","SashWhip"],"picked":"SKIP","floor":30}],"player_experience":1116707,"relics_obtained":[{"floor":8.0,"key":"Omamori"},{"floor":9.0,"key":"Letter Opener"},{"floor":12.0,"key":"Kunai"},{"floor":24.0,"key":"Happy Flower"},{"floor":25.0,"key":"Oddly Smooth Stone"},{"floor":26.0,"key":"TeardropLocket"},{"floor":27.0,"key":"CeramicFish"},{"floor":30,"key":"The Courier"}],"event_choices":[{"damage_healed":0.0,"max_hp_gain":0.0,"max_hp_loss":0.0,"gold_gain":0.0,"event_name":"FaceTrader","player_choice":"Trade","floor":2.0,"gold_loss":0.0,"damage_taken":0.0,"relics_obtained":["SsserpentHead"]},{"cards_removed":["Strike_P"],"damage_healed":0.0,"max_hp_gain":0.0,"max_hp_loss":0.0,"gold_gain":0.0,"event_name":"The Cleric","player_choice":"Card Removal","floor":14.0,"gold_loss":75.0,"damage_taken":0.0},{"cards_removed":["Strike_P"],"damage_healed":0.0,"max_hp_gain":0.0,"max_hp_loss":0.0,"gold_gain":0.0,"event_name":"Purifier","player_choice":"Purged","floor":19.0,"gold_loss":0.0,"damage_taken":0.0},{"cards_removed":["Defend_P"],"damage_healed":0.0,"max_hp_gain":0.0,"max_hp_loss":0.0,"gold_gain":0.0,"event_name":"Back to Basics","player_choice":"Elegance","floor":28.0,"gold_loss":0.0,"damage_taken":0.0}],"is_beta":true,"boss_relics":[{"not_picked":["Runic Dome","Velvet Choker"],"picked":"Tiny House"}],"items_purged_floors":[],"is_endless":false,"potions_floor_spawned":[5,8,11,12,16,18,24,29],"killed_by":"Centurion and Healer","ascension_level":20}}