{"host":"ydh61a5ftgdajrbo","time":1612807526,"event":{"mods":["BaseMod","Colored Map","DeckTracker","Downfall","HololiveMod","LagranYue(拉格朗·月)","Minty Spire (QoL Compilation)","Spire Arcade","StSLib","The Alterego","The Cursed","The Gatherer","The Hierophant","The Mystic","The Servant 0.9.4"],"gold_per_floor":[109,109,126,137,157,157,169,197,197,209,219,219,13,25,25,130,130,143,158,158,158,83,83,102,134,159,174,174,204,220,252,252,357,357,377,377,69,69,69,98,98,114,114,114,133,150,182,182,182,182],"floor_reached":51,"language":"ZHS","playtime":2893,"items_purged":["downfall:Haunted"],"score":899,"play_id":"7dcb42df-ee5f-49a4-a089-5f0f91b7eea5","local_time":"20210209020526","is_ascension_mode":false,"metric_token":981,"campfire_choices":[{"data":"Gatherer:FlowerWhip+1","floor":6.0,"key":"SMITH"},{"floor":15.0,"key":"REST"},{"data":"Gatherer:FruitForce","floor":23.0,"key":"SMITH"},{"data":"Gatherer:Snatch","floor":28.0,"key":"SMITH"},{"data":"Gatherer:FinishingStrike","floor":32.0,"key":"SMITH"},{"data":"Gatherer:FlowerPower+2","floor":41,"key":"SMITH"},{"data":"Gatherer:FlowerBeam+1","floor":44,"key":"SMITH"},{"data":"Gatherer:BalancedGrowth","floor":49,"key":"SMITH"}],"circlet_count":0,"master_deck":["Gatherer:Strike_Gatherer","Gatherer:Strike_Gatherer","Gatherer:Strike_Gatherer","Gatherer:Defend_Gatherer","Gatherer:Defend_Gatherer","Gatherer:Defend_Gatherer","Gatherer:Centralize","Gatherer:FlowerWhip+3","Gatherer:FlowerFalling+1","Gatherer:HeartToFruit","Gatherer:FlowerShield+1","Gatherer:WitheringStrike","Gatherer:FruitForce+1","Gatherer:Snatch+1","Gatherer:FinishingStrike+1","Gatherer:WoolGloves+1","Gatherer:FlowerPower+3","Gatherer:QuickSynthesis+1","Gatherer:OddSpoils+1","Gatherer:Nutrients+1","Gatherer:GlowingPlant+1","Gatherer:Shadow","Gatherer:FlowerBeam+2","downfall:Haunted","Parasite","Gatherer:BalancedGrowth+1","Apotheosis"],"relics":["Gatherer:AlchemyBag","LagranYue:RandomDrawCardRelic","Guardian:PocketSentry","The Courier","HornCleat","Singing Bowl","Philosopher\u0027s Stone","alterego_mod:SomeoneToFightFor","WingedGreaves","Bronze Scales","Red Mask","Bag of Marbles","Astrolabe","Darkstone Periapt","Ice Cream","Pen Nib","Shuriken","Mercury Hourglass","Slimebound:PreparedRelic","Slimebound:StickyStick"],"acts_visited":["Exordium","TheCity","TheBeyond"],"potions_floor_usage":[40,50,50],"damage_taken":[{"damage":6.0,"enemies":"Jaw Worm","floor":1.0,"turns":4.0},{"damage":0.0,"enemies":"Cultist","floor":3.0,"turns":2.0},{"damage":5.0,"enemies":"2 Louse","floor":4.0,"turns":2.0},{"damage":9.0,"enemies":"2 Fungi Beasts","floor":5.0,"turns":3.0},{"damage":16.0,"enemies":"Large Slime","floor":7.0,"turns":5.0},{"damage":14.0,"enemies":"3 Sentries","floor":8.0,"turns":8.0},{"damage":1.0,"enemies":"Blue Slaver","floor":10.0,"turns":4.0},{"damage":3.0,"enemies":"3 Louse","floor":11.0,"turns":2.0},{"damage":0.0,"enemies":"Lots of Slimes","floor":14.0,"turns":2.0},{"damage":13.0,"enemies":"Slime Boss","floor":16.0,"turns":8.0},{"damage":0.0,"enemies":"3 Byrds","floor":18.0,"turns":4.0},{"damage":0.0,"enemies":"Spheric Guardian","floor":19.0,"turns":1.0},{"damage":0.0,"enemies":"Snecko","floor":24.0,"turns":2.0},{"damage":13.0,"enemies":"Slavers","floor":25.0,"turns":5.0},{"damage":15.0,"enemies":"Snake Plant","floor":27.0,"turns":2.0},{"damage":0.0,"enemies":"Masked Bandits","floor":29.0,"turns":3.0},{"damage":6.0,"enemies":"3 Cultists","floor":30.0,"turns":5.0},{"damage":9.0,"enemies":"Book of Stabbing","floor":31.0,"turns":4.0},{"damage":32.0,"enemies":"Collector","floor":33.0,"turns":9.0},{"damage":4.0,"enemies":"3 Darklings","floor":35.0,"turns":4.0},{"damage":0,"enemies":"Nemesis","floor":40,"turns":3},{"damage":10,"enemies":"Orb Walker","floor":42,"turns":2},{"damage":0,"enemies":"Sphere and 2 Shapes","floor":45,"turns":2},{"damage":0,"enemies":"3 Darklings","floor":46,"turns":4},{"damage":10,"enemies":"Giant Head","floor":47,"turns":6},{"damage":33,"enemies":"Time Eater","floor":50,"turns":6}],"seed_played":"7660939357607857062","potions_obtained":[{"floor":4.0,"key":"Poison Potion"},{"floor":5.0,"key":"Poison Potion"},{"floor":11.0,"key":"Dexterity Potion"},{"floor":14.0,"key":"EntropicBrew"},{"floor":19.0,"key":"GhostInAJar"},{"floor":42,"key":"PowerPotion"}],"is_trial":false,"path_per_floor":["M","?","M","M","M","R","M","E","T","M","M","?","$","M","R","B",null,"M","M","?","?","?","R","M","E","T","M","R","?","M","E","R","B",null,"M","?","$","?","?","E","R","M","T","R","M","M","E","?","R","B",null],"character_chosen":"THE_GATHERER","items_purchased":["Singing Bowl","Ice Cream"],"campfire_rested":1,"item_purchase_floors":[13,37],"current_hp_per_floor":[73,73,73,72,66,66,54,40,40,42,42,39,39,44,74,61,101,103,105,84,84,84,84,94,86,86,73,73,76,76,67,67,37,131,131,154,154,154,154,156,156,148,148,148,153,165,155,155,155,134],"gold":182,"neow_bonus":"TEN_PERCENT_HP_BONUS","is_daily":false,"chose_seed":false,"campfire_upgraded":7,"win_rate":0.0,"timestamp":1612807526,"path_taken":["M","?","M","M","M","R","M","E","T","?","M","?","$","M","R","BOSS","M","M","?","?","?","R","M","E","T","M","R","?","M","E","R","BOSS","M","?","$","?","?","E","R","M","T","R","M","?","E","?","R","BOSS"],"items_purchased_type":["Relic","Relic"],"build_version":"2020-12-22","purchased_purges":1,"victory":true,"max_hp_per_floor":[79,79,79,83,86,86,90,90,90,93,96,96,96,101,101,101,101,103,105,110,110,110,110,113,118,118,120,120,123,129,129,129,131,131,131,154,154,154,154,156,156,158,158,158,163,165,165,165,165,169],"card_choices":[{"not_picked":["Gatherer:DrugPower","Gatherer:CollectorsShot"],"picked":"Gatherer:FlowerFalling","floor":1.0},{"not_picked":["Gatherer:DrugPower","Gatherer:Convert"],"picked":"Gatherer:HeartToFruit","floor":3.0},{"not_picked":["Gatherer:Convert","Gatherer:TacticalStrike"],"picked":"Gatherer:FlowerShield","floor":4.0},{"not_picked":["Gatherer:CarefulStrike","Gatherer:Frenzy"],"picked":"Gatherer:WitheringStrike","floor":5.0},{"not_picked":["Gatherer:Convert","Gatherer:TreeGrowth"],"picked":"Gatherer:FruitForce","floor":7.0},{"not_picked":["Gatherer:VenomBarrier","Gatherer:SaveValuables","Gatherer:FlowerFalling"],"picked":"SKIP","floor":8.0},{"not_picked":["Gatherer:Transmute","Gatherer:UpgradeBag","Gatherer:Frenzy"],"picked":"SKIP","floor":10.0},{"not_picked":["Gatherer:QuickSynthesis","Gatherer:EnergyBasket"],"picked":"Gatherer:Snatch","floor":11.0},{"not_picked":["Gatherer:TreeGrowth","Gatherer:GatherMaterial","Gatherer:MiningStrike"],"picked":"Singing Bowl","floor":14.0},{"not_picked":["Gatherer:BomberForm","Gatherer:StoneFence"],"picked":"Gatherer:FinishingStrike","floor":16.0},{"not_picked":["Gatherer:WitheringStrike","Gatherer:ScherryThrow","Gatherer:TreeGrowth"],"picked":"Singing Bowl","floor":18.0},{"not_picked":["Gatherer:GatherMaterial","Gatherer:CarefulStrike","Gatherer:ScherryThrow+1"],"picked":"Singing Bowl","floor":19.0},{"not_picked":["Gatherer:Transmute","Gatherer:FlowerFalling"],"picked":"Gatherer:WoolGloves+1","floor":24.0},{"not_picked":["Gatherer:MiningStrike","Gatherer:VenomBarrier","Gatherer:MindSearch"],"picked":"Singing Bowl","floor":25.0},{"not_picked":["Gatherer:BambuSword","Gatherer:ScherryThrow+1","Gatherer:Polymorphism"],"picked":"Singing Bowl","floor":27.0},{"not_picked":["Gatherer:MiningStrike","Gatherer:Convert+1"],"picked":"Gatherer:FlowerPower+1","floor":29.0},{"not_picked":["Gatherer:AcidicSpray","Gatherer:GatherMaterial","Gatherer:FlowerPower"],"picked":"Singing Bowl","floor":30.0},{"not_picked":["Gatherer:RecipeChange","Gatherer:GrowBook"],"picked":"Gatherer:QuickSynthesis+1","floor":31.0},{"not_picked":["Gatherer:GrowBook","Gatherer:HeartToFruit","Gatherer:Examine"],"picked":"Singing Bowl","floor":33.0},{"not_picked":["Gatherer:ScherryThrow","Gatherer:AcidicSpray"],"picked":"Gatherer:FlowerBeam+1","floor":35.0},{"not_picked":["Gatherer:FeelingFine","Gatherer:GrowBook","Gatherer:EchoOfNature"],"picked":"Singing Bowl","floor":40},{"not_picked":["Gatherer:Uplift","Gatherer:CollectorsShot","Gatherer:AcidicSpray+1"],"picked":"Singing Bowl","floor":42},{"not_picked":["Gatherer:SaveValuables+1","Gatherer:GatherMaterial+1","Gatherer:Duplicator"],"picked":"Singing Bowl","floor":45},{"not_picked":["Gatherer:AromaProtection","Gatherer:FragileHammer+1","Gatherer:OddSpoils"],"picked":"Singing Bowl","floor":46},{"not_picked":["Gatherer:Frenzy","Gatherer:Duplicator+1"],"picked":"Gatherer:BalancedGrowth","floor":47},{"not_picked":["Mayhem","Magnetism"],"picked":"Apotheosis","floor":48}],"player_experience":367660,"relics_obtained":[{"floor":8.0,"key":"Guardian:PocketSentry"},{"floor":9.0,"key":"The Courier"},{"floor":25.0,"key":"WingedGreaves"},{"floor":26.0,"key":"Bronze Scales"},{"floor":29.0,"key":"Red Mask"},{"floor":31.0,"key":"Bag of Marbles"},{"floor":40,"key":"Mercury Hourglass"},{"floor":43,"key":"Slimebound:PreparedRelic"},{"floor":47,"key":"Slimebound:StickyStick"}],"event_choices":[{"damage_healed":0.0,"max_hp_gain":0.0,"max_hp_loss":0.0,"gold_gain":0.0,"event_name":"Upgrade Shrine","player_choice":"Upgraded","floor":2.0,"gold_loss":0.0,"damage_taken":0.0,"cards_upgraded":["Gatherer:FlowerWhip"]},{"damage_healed":0.0,"max_hp_gain":0.0,"max_hp_loss":0.0,"gold_gain":0.0,"event_name":"Scrap Ooze","player_choice":"Success","floor":12.0,"gold_loss":0.0,"damage_taken":3.0,"relics_obtained":["HornCleat"]},{"damage_healed":0.0,"max_hp_gain":5.0,"max_hp_loss":0.0,"gold_gain":0.0,"event_name":"Forgotten Altar","player_choice":"Shed Blood","floor":20.0,"gold_loss":0.0,"damage_taken":26.0},{"damage_healed":0.0,"max_hp_gain":0.0,"max_hp_loss":0.0,"gold_gain":0.0,"event_name":"?的神圣花?","player_choice":"Choice 2","floor":21.0,"gold_loss":0.0,"damage_taken":0.0,"relics_obtained":["alterego_mod:SomeoneToFightFor"]},{"cards_removed":["Gatherer:Strike_Gatherer"],"damage_healed":0.0,"max_hp_gain":0.0,"max_hp_loss":0.0,"gold_gain":0.0,"event_name":"Beggar","player_choice":"Gave Gold","floor":22.0,"gold_loss":75.0,"damage_taken":0.0},{"damage_healed":0.0,"max_hp_gain":0.0,"max_hp_loss":0.0,"gold_gain":0.0,"event_name":"Masked Bandits","player_choice":"Fought Bandits","floor":29.0,"gold_loss":0.0,"damage_taken":0.0},{"cards_removed":["Gatherer:Light"],"damage_healed":0,"gold_gain":0,"player_choice":"Gave Card","damage_taken":0,"relics_obtained":["Shuriken"],"max_hp_gain":0,"max_hp_loss":0,"event_name":"WeMeetAgain","floor":39,"gold_loss":0},{"damage_healed":0,"gold_gain":0,"player_choice":"Memory 1","damage_taken":0,"max_hp_gain":0,"max_hp_loss":0,"event_name":"SensoryStone","floor":48,"gold_loss":0}],"is_beta":false,"boss_relics":[{"not_picked":["SacredBark","Sozu"],"picked":"Philosopher\u0027s Stone"},{"not_picked":["LagranYue:ContractPerformanceRelic","Hololive_TopUpMoneyS"],"picked":"Astrolabe"}],"items_purged_floors":[37],"is_endless":false,"potions_floor_spawned":[4,5,11,14,19,25,31,42,45,46,47],"ascension_level":0}}