{"host":"Matas","time":1612820195,"event":{"mods":["BaseMod","Highlight Path","Minty Spire (QoL Compilation)","StSLib"],"gold_per_floor":[118,68,81,81,97,129,129,129,209,222,239,267,267,47,47,119,119,139,44,54,67,84,84,84,84],"floor_reached":24,"language":"ENG","playtime":1624,"items_purged":["Strike_R"],"score":354,"play_id":"b6669f68-fa40-450b-8cf0-ddcac9a6060f","local_time":"20210208153635","is_ascension_mode":true,"campfire_choices":[{"data":"Inflame","floor":8.0,"key":"SMITH"},{"data":"True Grit","floor":13.0,"key":"SMITH"},{"data":"Flame Barrier","floor":15.0,"key":"SMITH"},{"data":"Feed","floor":23.0,"key":"SMITH"}],"circlet_count":0,"master_deck":["AscendersBane","Strike_R","Strike_R","Defend_R","Defend_R+1","Defend_R","Defend_R+1","Bash","Inflame+1","Ghostly Armor","Sword Boomerang","Pummel","Battle Trance","True Grit+1","Cleave","Pummel","Flame Barrier+1","Feed+1","CurseOfTheBell","Second Wind+1","Armaments+1","Impatience+1","Shrug It Off+1","Flex+1","Shockwave+1","Bloodletting+1","Feel No Pain+1"],"relics":["Burning Blood","Juzu Bracelet","NlothsMask","Bag of Marbles","Calling Bell","Bronze Scales","Toxic Egg 2","Prayer Wheel"],"acts_visited":["Exordium","TheCity"],"potions_floor_usage":[],"damage_taken":[{"damage":9.0,"enemies":"Jaw Worm","floor":1.0,"turns":4.0},{"damage":0.0,"enemies":"Small Slimes","floor":3.0,"turns":3.0},{"damage":0.0,"enemies":"Cultist","floor":5.0,"turns":4.0},{"damage":17.0,"enemies":"Gremlin Nob","floor":6.0,"turns":4.0},{"damage":5.0,"enemies":"3 Louse","floor":10.0,"turns":4.0},{"damage":7.0,"enemies":"Exordium Thugs","floor":11.0,"turns":4.0},{"damage":22.0,"enemies":"Lagavulin","floor":12.0,"turns":6.0},{"damage":29.0,"enemies":"Hexaghost","floor":16.0,"turns":10.0},{"damage":4.0,"enemies":"3 Byrds","floor":18.0,"turns":4.0},{"damage":17.0,"enemies":"2 Thieves","floor":20.0,"turns":4.0},{"damage":6.0,"enemies":"Snake Plant","floor":21.0,"turns":4.0},{"damage":15.0,"enemies":"Centurion and Healer","floor":22.0,"turns":4.0},{"damage":62,"enemies":"Gremlin Leader","floor":24,"turns":6}],"seed_played":"-8141760373154753164","potions_obtained":[{"floor":1.0,"key":"DistilledChaos"},{"floor":3.0,"key":"Weak Potion"},{"floor":10.0,"key":"AttackPotion"},{"floor":11.0,"key":"Energy Potion"},{"floor":12.0,"key":"Block Potion"},{"floor":20.0,"key":"AttackPotion"},{"floor":21.0,"key":"SmokeBomb"}],"is_trial":false,"path_per_floor":["M","?","M","?","M","E","?","R","T","M","M","E","R","$","R","B",null,"M","$","M","M","M","R","E"],"character_chosen":"IRONCLAD","items_purchased":["Pummel","Flame Barrier","Impatience+1"],"campfire_rested":0,"item_purchase_floors":[14,14,19],"current_hp_per_floor":[65,65,71,56,62,51,51,51,51,52,51,35,35,35,35,12,59,64,64,56,56,50,50,0,0],"gold":84,"neow_bonus":"REMOVE_CARD","is_daily":false,"chose_seed":false,"campfire_upgraded":4,"win_rate":0.0,"timestamp":1612820195,"path_taken":["M","?","M","?","M","E","?","R","T","M","M","E","R","$","R","BOSS","M","$","M","M","M","R","E"],"items_purchased_type":["Card","Card","Card"],"build_version":"2020-12-18","purchased_purges":1,"victory":false,"max_hp_per_floor":[75,75,75,75,75,75,75,75,75,75,75,75,75,75,75,75,75,78,78,81,81,84,84,84,84],"card_choices":[{"not_picked":["Flex","Iron Wave"],"picked":"Inflame","floor":1.0},{"not_picked":["Rupture","Feel No Pain"],"picked":"Ghostly Armor","floor":3.0},{"not_picked":["Rampage","Dark Embrace"],"picked":"Sword Boomerang","floor":5.0},{"not_picked":["Armaments","Cleave"],"picked":"Pummel","floor":6.0},{"not_picked":["Searing Blow","Dropkick"],"picked":"Battle Trance","floor":10.0},{"not_picked":["Headbutt","Twin Strike"],"picked":"True Grit","floor":11.0},{"not_picked":["Reckless Charge","Entrench"],"picked":"Cleave","floor":12.0},{"not_picked":["Berserk","Immolate"],"picked":"Feed","floor":16.0},{"not_picked":["Body Slam+1","Cleave"],"picked":"Second Wind+1","floor":18.0},{"not_picked":["Reckless Charge","Ghostly Armor+1"],"picked":"Armaments+1","floor":18.0},{"not_picked":["Ghostly Armor+1","Carnage"],"picked":"Shrug It Off+1","floor":20.0},{"not_picked":["Pommel Strike","Twin Strike"],"picked":"Flex+1","floor":20.0},{"not_picked":["Seeing Red+1","True Grit+1"],"picked":"Shockwave+1","floor":21.0},{"not_picked":["Pommel Strike","Armaments+1","Barricade"],"picked":"SKIP","floor":21.0},{"not_picked":["Seeing Red+1","Havoc+1"],"picked":"Bloodletting+1","floor":22.0},{"not_picked":["Clothesline","Headbutt"],"picked":"Feel No Pain+1","floor":22.0}],"player_experience":319096,"relics_obtained":[{"floor":6.0,"key":"Juzu Bracelet"},{"floor":12.0,"key":"Bag of Marbles"},{"floor":17.0,"key":"Bronze Scales"},{"floor":17.0,"key":"Toxic Egg 2"},{"floor":17.0,"key":"Prayer Wheel"}],"event_choices":[{"cards_removed":["Strike_R"],"damage_healed":0.0,"max_hp_gain":0.0,"max_hp_loss":0.0,"gold_gain":0.0,"event_name":"The Cleric","player_choice":"Card Removal","floor":2.0,"gold_loss":50.0,"damage_taken":0.0},{"damage_healed":0.0,"max_hp_gain":0.0,"max_hp_loss":0.0,"gold_gain":0.0,"event_name":"Shining Light","player_choice":"Entered Light","floor":4.0,"gold_loss":0.0,"damage_taken":15.0,"cards_upgraded":["Defend_R","Defend_R"]},{"damage_healed":0.0,"max_hp_gain":0.0,"max_hp_loss":0.0,"gold_gain":0.0,"event_name":"FaceTrader","player_choice":"Trade","floor":7.0,"gold_loss":0.0,"damage_taken":0.0,"relics_obtained":["NlothsMask"]}],"is_beta":true,"boss_relics":[{"not_picked":["Snecko Eye","Runic Dome"],"picked":"Calling Bell"}],"items_purged_floors":[14],"is_endless":false,"potions_floor_spawned":[1,3,10,11,12,20,21],"killed_by":"Gremlin Leader","ascension_level":14}}