{"host":"o6nndy8fvkon49s1","time":1612823648,"event":{"mods":["100% Spire Juice","BaseMod","CapriCore","Hermit","Marisa????????","Minty Spire (QoL Compilation)","Prisma Mod","StSLib","Td1madao Mod","The Alterego","The Animator","The Bug Knight","The Forsaken","The Immortal","The Marked","The Servant 0.9.4"],"gold_per_floor":[115,64,64,79,91,91,102,120,120,70,70,83,83,83,83],"floor_reached":14,"language":"ENG","playtime":360,"items_purged":[],"score":107,"play_id":"200931ec-1338-4a5d-8458-b7cb99801b9f","local_time":"20210208163408","is_ascension_mode":false,"campfire_choices":[{"data":"PrismaMod:MiyuCheapChannelAttack","floor":6,"key":"SMITH"},{"data":"PrismaMod:MiyuCheapChannelDefend","floor":11,"key":"SMITH"},{"data":"PrismaMod:MiyuCheapEvoke","floor":13,"key":"SMITH"}],"circlet_count":0,"master_deck":["PrismaMod:MiyuCommonDefend","PrismaMod:MiyuCommonDefend","PrismaMod:MiyuCommonDefend","PrismaMod:MiyuCommonDefend","PrismaMod:MiyuCommonDefend","PrismaMod:MiyuCommonAttack","PrismaMod:MiyuCommonAttack","PrismaMod:MiyuCommonAttack","PrismaMod:MiyuCommonAttack","PrismaMod:MiyuCheapChannelAttack+1","PrismaMod:MiyuCheapChannelDefend+1","PrismaMod:MiyuUncommonDexBuff","PrismaMod:MiyuUberAttack","PrismaMod:MiyuCommonAOEAttack","PrismaMod:MiyuUncommonAttack","PrismaMod:MiyuCheapEvoke+1","PrismaMod:MiyuAttackChannelAttack"],"relics":["PrismaMod:PrismaSapphire","Frozen Egg 2","Pear"],"acts_visited":["Exordium"],"potions_floor_usage":[7,12],"damage_taken":[{"damage":0,"enemies":"Cultist","floor":1,"turns":3},{"damage":0,"enemies":"2 Louse","floor":4,"turns":3},{"damage":2,"enemies":"Small Slimes","floor":5,"turns":4},{"damage":0,"enemies":"Gremlin Gang","floor":7,"turns":1},{"damage":5,"enemies":"Exordium Wildlife","floor":8,"turns":3},{"damage":11,"enemies":"3 Louse","floor":12,"turns":3},{"damage":0,"enemies":"Gremlin Nob","floor":14,"turns":1}],"seed_played":"3368980117898261151","potions_obtained":[{"floor":1,"key":"BlessingOfTheForge"},{"floor":4,"key":"Explosive Potion"},{"floor":12,"key":"Swift Potion"}],"is_trial":false,"path_per_floor":["M","$","T","M","M","R","M","M","T","?","R","M","R","E"],"character_chosen":"MIYU","items_purchased":["PrismaMod:MiyuUberAttack"],"campfire_rested":0,"item_purchase_floors":[2],"current_hp_per_floor":[82,82,82,82,80,80,80,79,89,89,89,82,82,82,82],"gold":83,"neow_bonus":"TEN_PERCENT_HP_BONUS","is_daily":false,"chose_seed":false,"campfire_upgraded":3,"win_rate":0.0,"timestamp":1612823648,"path_taken":["M","$","?","M","M","R","M","M","T","?","R","M","R","E"],"items_purchased_type":["Card"],"build_version":"2020-12-22","purchased_purges":0,"victory":false,"max_hp_per_floor":[82,82,82,82,82,82,82,82,92,92,92,92,92,92,92],"card_choices":[{"not_picked":["PrismaMod:MiyuDevil","PrismaMod:MiyuCheapChannelRandom"],"picked":"PrismaMod:MiyuUncommonDexBuff","floor":1},{"not_picked":["PrismaMod:MiyuMaid","PrismaMod:MiyuUncommonDexBuff+1"],"picked":"PrismaMod:MiyuCommonAOEAttack","floor":4},{"not_picked":["PrismaMod:MiyuCheapChannelRandom","PrismaMod:MiyuDefenseExplosion"],"picked":"PrismaMod:MiyuUncommonAttack","floor":5},{"not_picked":["PrismaMod:MiyuAttackChannelWeak","PrismaMod:MiyuCheapAttack2","PrismaMod:MiyuCommonAOEAttack"],"picked":"SKIP","floor":7},{"not_picked":["PrismaMod:MiyuCheapAttack1","PrismaMod:MiyuUncommonDexBuff+1"],"picked":"PrismaMod:MiyuCheapEvoke","floor":8},{"not_picked":["PrismaMod:MiyuCheapChannelVul","PrismaMod:MiyuEvokeCheapDefend"],"picked":"PrismaMod:MiyuAttackChannelAttack","floor":12}],"player_experience":264986,"relics_obtained":[{"floor":3,"key":"Frozen Egg 2"},{"floor":9,"key":"Pear"}],"event_choices":[{"cards_removed":["PrismaMod:MiyuCommonAttack"],"damage_healed":0,"gold_gain":0,"player_choice":"Card Removal","damage_taken":0,"max_hp_gain":0,"max_hp_loss":0,"event_name":"The Cleric","floor":10,"gold_loss":50}],"is_beta":false,"boss_relics":[],"items_purged_floors":[],"is_endless":false,"potions_floor_spawned":[1,4,12],"killed_by":"Gremlin Nob","ascension_level":0}}