{"host":"ypzb5vvnu9f3ii1t","time":1612772108,"event":{"mods":["AchievementEnabler","BaseMod","Colored Map","DeckTracker","Keyboard Shortcuts","Minty Spire (QoL Compilation)","Permanent Neow","Quick Restart","SuperFastMode"],"gold_per_floor":[111,111,131,154,39,39,71,71,118,118,137,155,181,195,195,291,291,305,580,597,607,430,447,447,466,490,508,25,44,44,76,76,175,175,190,190,201,215,17,28,28,42,42,69,69,69,69,19,19,19],"floor_reached":51,"language":"KOR","playtime":5534,"items_purged":["Regret","Strike_R"],"score":943,"play_id":"5829eb84-548e-4adc-81ea-35663a102110","local_time":"20210208171508","is_ascension_mode":true,"campfire_choices":[{"data":"Heavy Blade","floor":6.0,"key":"SMITH"},{"data":"Shrug It Off","floor":8.0,"key":"SMITH"},{"data":"Inflame","floor":10.0,"key":"SMITH"},{"data":"Heavy Blade","floor":15.0,"key":"SMITH"},{"data":"Berserk","floor":24.0,"key":"SMITH"},{"floor":30.0,"key":"REST"},{"floor":32.0,"key":"REST"},{"floor":41.0,"key":"REST"},{"floor":49.0,"key":"REST"}],"circlet_count":0,"master_deck":["Strike_R","Strike_R","Defend_R","Defend_R","Defend_R","Defend_R","Bash","Spot Weakness","Heavy Blade+1","Inflame+1","Shrug It Off+1","Pommel Strike","Cleave","Heavy Blade+1","Flex","Flex+1","Cleave+1","Metallicize","Heavy Blade","Apotheosis+1","Twin Strike+1","Limit Break","Spot Weakness","Pommel Strike","Parasite","Flame Barrier+1","Heavy Blade+1"],"relics":["Burning Blood","Bronze Scales","Nunchaku","InkBottle","Bag of Preparation","Shuriken","Velvet Choker","Toy Ornithopter","Sling","Anchor","Snecko Eye","Lantern","Meat on the Bone","Vajra"],"acts_visited":["Exordium","TheCity","TheBeyond"],"potions_floor_usage":[50,50,50],"damage_taken":[{"damage":10.0,"enemies":"Small Slimes","floor":1.0,"turns":4.0},{"damage":7.0,"enemies":"Jaw Worm","floor":3.0,"turns":3.0},{"damage":15.0,"enemies":"Gremlin Nob","floor":7.0,"turns":4.0},{"damage":0.0,"enemies":"Cultist","floor":11.0,"turns":2.0},{"damage":0.0,"enemies":"3 Louse","floor":12.0,"turns":2.0},{"damage":15.0,"enemies":"3 Sentries","floor":13.0,"turns":4.0},{"damage":6.0,"enemies":"Red Slaver","floor":14.0,"turns":3.0},{"damage":0.0,"enemies":"Slime Boss","floor":16.0,"turns":3.0},{"damage":16.0,"enemies":"Shell Parasite","floor":18.0,"turns":3.0},{"damage":16.0,"enemies":"2 Thieves","floor":20.0,"turns":2.0},{"damage":16.0,"enemies":"Snake Plant","floor":21.0,"turns":3.0},{"damage":6.0,"enemies":"3 Cultists","floor":23.0,"turns":4.0},{"damage":1.0,"enemies":"Chosen and Byrds","floor":25.0,"turns":4.0},{"damage":30.0,"enemies":"Snake Plant","floor":27.0,"turns":3.0},{"damage":2.0,"enemies":"3 Cultists","floor":29.0,"turns":4.0},{"damage":29.0,"enemies":"Book of Stabbing","floor":31.0,"turns":3.0},{"damage":22.0,"enemies":"Collector","floor":33.0,"turns":5.0},{"damage":38.0,"enemies":"3 Darklings","floor":35.0,"turns":3.0},{"damage":1.0,"enemies":"Orb Walker","floor":37.0,"turns":2.0},{"damage":20.0,"enemies":"Spire Growth","floor":38.0,"turns":3.0},{"damage":15.0,"enemies":"Writhing Mass","floor":40.0,"turns":4.0},{"damage":8.0,"enemies":"4 Shapes","floor":42.0,"turns":2.0},{"damage":7.0,"enemies":"Giant Head","floor":44.0,"turns":5.0},{"damage":20,"enemies":"Time Eater","floor":50,"turns":7}],"seed_played":"5093903881466320057","potions_obtained":[{"floor":1.0,"key":"Fire Potion"},{"floor":11.0,"key":"SteroidPotion"},{"floor":13.0,"key":"Swift Potion"},{"floor":27.0,"key":"SteroidPotion"},{"floor":29.0,"key":"SpeedPotion"},{"floor":31.0,"key":"DistilledChaos"},{"floor":33.0,"key":"Regen Potion"},{"floor":37.0,"key":"Swift Potion"},{"floor":42.0,"key":"Weak Potion"}],"is_trial":false,"path_per_floor":["M","?","M","T","$","R","E","R","T","R","M","M","E","M","R","B",null,"M","?","M","M","$","M","R","M","T","M","$","M","R","E","R","B",null,"M","?","M","M","$","M","R","M","T","E","?","?","?","$","R","B",null],"character_chosen":"IRONCLAD","items_purchased":["Inflame","Shrug It Off","HeartOfIron","Heavy Blade","Sling","Apotheosis","Lantern","Pommel Strike","Dexterity Potion"],"campfire_rested":4,"item_purchase_floors":[5,5,22,28,28,28,39,39,48],"current_hp_per_floor":[76,69,68,68,68,68,59,59,59,59,65,71,62,62,62,68,77,67,67,57,47,47,47,47,52,52,28,28,32,56,38,62,56,74,42,42,47,38,38,39,63,61,61,60,60,60,60,60,80,71],"gold":19,"neow_bonus":"RANDOM_COMMON_RELIC","is_daily":false,"chose_seed":false,"campfire_upgraded":5,"win_rate":0.0,"timestamp":1612772108,"path_taken":["M","?","M","?","$","R","E","R","T","R","?","M","E","M","R","BOSS","M","?","?","M","$","M","R","?","T","?","$","M","R","E","R","BOSS","M","?","?","?","$","M","R","?","T","E","?","?","?","$","R","BOSS"],"items_purchased_type":["Card","Card","Potion","Card","Relic","Card","Relic","Card","Potion"],"build_version":"2020-12-22","purchased_purges":2,"victory":true,"max_hp_per_floor":[80,80,80,80,80,80,80,80,80,80,80,80,80,80,80,80,80,80,80,80,80,80,80,80,80,80,80,80,80,80,80,80,80,80,80,80,80,80,80,80,80,80,80,80,80,80,80,80,80,80],"card_choices":[{"not_picked":["Entrench","Cleave"],"picked":"Spot Weakness","floor":1.0},{"not_picked":["Feel No Pain","Cleave"],"picked":"Heavy Blade","floor":3.0},{"not_picked":["Pommel Strike","Sentinel","Thunderclap"],"picked":"SKIP","floor":7.0},{"not_picked":["Sentinel","Thunderclap"],"picked":"Pommel Strike","floor":7.0},{"not_picked":["Rage","Thunderclap"],"picked":"Cleave","floor":11.0},{"not_picked":["Reckless Charge","Sword Boomerang"],"picked":"Heavy Blade","floor":12.0},{"not_picked":["Bloodletting","Rage"],"picked":"Flex","floor":13.0},{"not_picked":["Burning Pact","Dark Embrace","Warcry"],"picked":"SKIP","floor":14.0},{"not_picked":["Fiend Fire","Brutality"],"picked":"Berserk","floor":16.0},{"not_picked":["Power Through","Rage","Evolve+1"],"picked":"SKIP","floor":18.0},{"not_picked":["Pommel Strike","Headbutt","Uppercut+1"],"picked":"SKIP","floor":20.0},{"not_picked":["Thunderclap","Shockwave"],"picked":"Flex+1","floor":21.0},{"not_picked":["Armaments","Clothesline"],"picked":"Cleave+1","floor":23.0},{"not_picked":["Sentinel","Perfected Strike","Searing Blow"],"picked":"SKIP","floor":25.0},{"not_picked":["Pummel","Wild Strike+1"],"picked":"Metallicize","floor":27.0},{"not_picked":["Impervious","Clothesline+1","Body Slam"],"picked":"SKIP","floor":29.0},{"not_picked":["Berserk","Bludgeon"],"picked":"Twin Strike+1","floor":31.0},{"not_picked":["Bludgeon","Berserk"],"picked":"Limit Break","floor":33.0},{"not_picked":["Body Slam","Second Wind","Clash"],"picked":"SKIP","floor":35.0},{"not_picked":["Havoc","Thunderclap+1"],"picked":"Spot Weakness","floor":37.0},{"not_picked":["Havoc","Armaments","Berserk"],"picked":"SKIP","floor":38.0},{"not_picked":["Clothesline","Ghostly Armor+1"],"picked":"Flame Barrier+1","floor":40.0},{"not_picked":["Pummel","Thunderclap"],"picked":"Heavy Blade+1","floor":42.0},{"not_picked":["Perfected Strike+1","Havoc","Blood for Blood+1"],"picked":"SKIP","floor":44.0}],"player_experience":184703,"relics_obtained":[{"floor":4.0,"key":"Nunchaku"},{"floor":7.0,"key":"InkBottle"},{"floor":9.0,"key":"Bag of Preparation"},{"floor":13.0,"key":"Shuriken"},{"floor":26.0,"key":"Toy Ornithopter"},{"floor":31.0,"key":"Anchor"},{"floor":43.0,"key":"Meat on the Bone"},{"floor":44.0,"key":"Vajra"}],"event_choices":[{"cards_removed":["Strike_R"],"damage_healed":0.0,"max_hp_gain":0.0,"max_hp_loss":0.0,"gold_gain":0.0,"event_name":"Golden Wing","player_choice":"Card Removal","floor":2.0,"gold_loss":0.0,"damage_taken":7.0},{"damage_healed":0.0,"max_hp_gain":0.0,"max_hp_loss":0.0,"gold_gain":275.0,"event_name":"Golden Shrine","player_choice":"Desecrate","floor":19.0,"gold_loss":0.0,"damage_taken":0.0,"cards_obtained":["Regret"]},{"damage_healed":0.0,"max_hp_gain":0.0,"max_hp_loss":0.0,"gold_gain":0.0,"event_name":"Upgrade Shrine","player_choice":"Upgraded","floor":36.0,"gold_loss":0.0,"damage_taken":0.0,"cards_upgraded":["Apotheosis"]},{"cards_removed":["Berserk"],"damage_healed":0.0,"max_hp_gain":0.0,"max_hp_loss":0.0,"gold_gain":0.0,"event_name":"Falling","player_choice":"Removed Power","floor":45.0,"gold_loss":0.0,"damage_taken":0.0},{"damage_healed":0.0,"max_hp_gain":0.0,"max_hp_loss":0.0,"gold_gain":0.0,"event_name":"Mysterious Sphere","player_choice":"Ignored","floor":46.0,"gold_loss":0.0,"damage_taken":0.0},{"cards_removed":["Strike_R"],"damage_healed":0.0,"max_hp_gain":0.0,"max_hp_loss":0.0,"gold_gain":0.0,"event_name":"Purifier","player_choice":"Purged","floor":47.0,"gold_loss":0.0,"damage_taken":0.0}],"is_beta":false,"boss_relics":[{"not_picked":["Philosopher\u0027s Stone","Runic Dome"],"picked":"Velvet Choker"},{"not_picked":["Runic Cube","Cursed Key"],"picked":"Snecko Eye"}],"items_purged_floors":[22,28],"is_endless":false,"potions_floor_spawned":[1,11,13,27,29,31,33,37,42],"ascension_level":5}}