{"host":"6bsan6hkua32tfq7","time":1612773460,"event":{"mods":["BaseMod","Better Third Choice","Colored Map","Highlight Path","Minty Spire (QoL Compilation)","StSLib"],"gold_per_floor":[112,48,48,59,59,93,93,110,156,171,200,125,125,158,158,229,229,239,257,182,193,204,204,204,204,227,247,247,274,274,288,288,364,364,382,400,400,400],"floor_reached":37,"language":"ENG","playtime":874,"items_purged":["Strike_B"],"score":1043,"play_id":"b5eca352-077c-4acc-9e38-46ad0960b277","local_time":"20210208093740","is_ascension_mode":true,"campfire_choices":[{"data":"Streamline","floor":7,"key":"SMITH"},{"floor":15,"key":"REST"},{"floor":23,"key":"REST"},{"floor":25,"key":"REST"},{"floor":30,"key":"REST"},{"floor":32,"key":"REST"}],"circlet_count":0,"master_deck":["AscendersBane","Strike_B","Strike_B","Defend_B","Defend_B","Defend_B","Defend_B","Zap","Dualcast","Ball Lightning","Streamline+1","Ball Lightning","Ball Lightning","Ball Lightning","Ball Lightning","Hologram","Echo Form","Glacier","Creative AI","Necronomicurse","Capacitor+1","Force Field+1","Buffer"],"relics":["Cracked Core","NeowsBlessing","Art of War","Regal Pillow","Nunchaku","Tiny Chest","Bronze Scales","CaptainsWheel","Sozu","Necronomicon","Potion Belt","Lantern","Centennial Puzzle","Black Star"],"acts_visited":["Exordium","TheCity","TheBeyond"],"potions_floor_usage":[14,18,22],"damage_taken":[{"damage":0,"enemies":"Jaw Worm","floor":1,"turns":1},{"damage":0,"enemies":"Cultist","floor":4,"turns":1},{"damage":0,"enemies":"3 Sentries","floor":6,"turns":1},{"damage":0,"enemies":"Small Slimes","floor":8,"turns":2},{"damage":6,"enemies":"Looter","floor":10,"turns":2},{"damage":30,"enemies":"Lagavulin","floor":11,"turns":4},{"damage":0,"enemies":"Gremlin Nob","floor":14,"turns":2},{"damage":0,"enemies":"Slime Boss","floor":16,"turns":6},{"damage":7,"enemies":"3 Byrds","floor":18,"turns":2},{"damage":24,"enemies":"Shell Parasite","floor":19,"turns":3},{"damage":21,"enemies":"Snake Plant","floor":21,"turns":2},{"damage":10,"enemies":"Cultist and Chosen","floor":22,"turns":5},{"damage":26,"enemies":"Centurion and Healer","floor":27,"turns":7},{"damage":19,"enemies":"Book of Stabbing","floor":29,"turns":4},{"damage":15,"enemies":"Snecko","floor":31,"turns":4},{"damage":16,"enemies":"Champ","floor":33,"turns":11},{"damage":8,"enemies":"3 Shapes","floor":35,"turns":7},{"damage":24,"enemies":"3 Darklings","floor":36,"turns":7},{"damage":37,"enemies":"Sphere and 2 Shapes","floor":37,"turns":5}],"seed_played":"-888997392481918328","potions_obtained":[{"floor":1,"key":"Fire Potion"},{"floor":6,"key":"Dexterity Potion"},{"floor":14,"key":"ColorlessPotion"}],"is_trial":false,"path_per_floor":["M","?","$","M","$","E","R","M","T","M","E","?","?","E","R","B",null,"M","M","$","M","M","R","?","R","T","M","T","E","R","M","R","B",null,"M","M","M"],"character_chosen":"DEFECT","items_purchased":[],"campfire_rested":5,"item_purchase_floors":[],"current_hp_per_floor":[64,64,64,64,64,64,64,64,64,58,28,28,10,10,46,46,65,58,34,34,13,3,39,18,54,54,28,28,9,45,30,66,50,66,58,34,0,0],"gold":400,"neow_bonus":"THREE_ENEMY_KILL","is_daily":false,"chose_seed":false,"campfire_upgraded":1,"win_rate":0.0,"timestamp":1612773460,"path_taken":["M","?","$","?","$","E","R","M","T","M","E","?","?","E","R","BOSS","M","M","$","M","M","R","?","R","T","M","?","E","R","M","R","BOSS","M","M","M"],"items_purchased_type":[],"build_version":"2020-12-22","purchased_purges":1,"victory":false,"max_hp_per_floor":[71,71,71,71,71,71,71,71,71,71,71,71,71,71,71,71,71,71,71,71,71,71,71,71,71,71,71,71,71,71,71,71,71,71,71,71,71,71],"card_choices":[{"not_picked":["Double Energy","Turbo"],"picked":"Ball Lightning","floor":1},{"not_picked":["Conserve Battery","Reinforced Body"],"picked":"Streamline","floor":4},{"not_picked":["Hologram","Gash"],"picked":"Ball Lightning","floor":6},{"not_picked":["Gash","Storm"],"picked":"Ball Lightning","floor":8},{"not_picked":["Steam","Hologram"],"picked":"Ball Lightning","floor":10},{"not_picked":["Steam Power","Multi-Cast"],"picked":"Ball Lightning","floor":11},{"not_picked":["Static Discharge","Coolheaded"],"picked":"Hologram","floor":14},{"not_picked":["Amplify","Buffer"],"picked":"Echo Form","floor":16},{"not_picked":["Stack","Ball Lightning"],"picked":"Glacier","floor":18},{"not_picked":["Gash","Recycle","Lockon"],"picked":"SKIP","floor":19},{"not_picked":["Streamline","Ball Lightning","Turbo"],"picked":"SKIP","floor":21},{"not_picked":["Genetic Algorithm+1","Fusion"],"picked":"Creative AI","floor":22},{"not_picked":["Coolheaded","Auto Shields+1"],"picked":"Capacitor+1","floor":27},{"not_picked":["Barrage","Sweeping Beam"],"picked":"Force Field+1","floor":29},{"not_picked":["Coolheaded","Redo","Steam"],"picked":"SKIP","floor":31},{"not_picked":["Echo Form","Core Surge"],"picked":"Buffer","floor":33},{"not_picked":["Streamline","Go for the Eyes","Steam"],"picked":"SKIP","floor":35},{"not_picked":["Turbo","Barrage","Reinforced Body+1"],"picked":"SKIP","floor":36}],"player_experience":5420369,"relics_obtained":[{"floor":6,"key":"Regal Pillow"},{"floor":9,"key":"Nunchaku"},{"floor":11,"key":"Tiny Chest"},{"floor":14,"key":"CaptainsWheel"},{"floor":24,"key":"Necronomicon"},{"floor":26,"key":"Potion Belt"},{"floor":28,"key":"Lantern"},{"floor":29,"key":"Centennial Puzzle"}],"event_choices":[{"damage_healed":0,"gold_gain":0,"player_choice":"Paid Gold","damage_taken":0,"relics_obtained":["Art of War"],"max_hp_gain":0,"max_hp_loss":0,"event_name":"WeMeetAgain","floor":2,"gold_loss":64},{"cards_removed":["Strike_B"],"damage_healed":0,"gold_gain":0,"player_choice":"Card Removal","damage_taken":0,"max_hp_gain":0,"max_hp_loss":0,"event_name":"The Cleric","floor":12,"gold_loss":75},{"damage_healed":0,"gold_gain":0,"player_choice":"Relic ","damage_taken":18,"max_hp_gain":0,"max_hp_loss":0,"event_name":"betterThird:BetterScrap","floor":13,"gold_loss":0,"cards_obtained":["Burst"]},{"damage_healed":0,"gold_gain":0,"player_choice":"Obtained Book","damage_taken":21,"max_hp_gain":0,"max_hp_loss":0,"event_name":"Cursed Tome","floor":24,"gold_loss":0}],"is_beta":false,"boss_relics":[{"not_picked":["Pandora\u0027s Box","Velvet Choker"],"picked":"Sozu"},{"not_picked":["Runic Pyramid","SacredBark"],"picked":"Black Star"}],"items_purged_floors":[20],"is_endless":false,"potions_floor_spawned":[1,6,14,18,19,21,27,31],"killed_by":"Sphere and 2 Shapes","ascension_level":20}}