{"host":"29uuqgkzqd703i93","time":1612820187,"event":{"mods":["BaseMod","Minty Spire (QoL Compilation)"],"gold_per_floor":[109,384,404,579,599,599,624,624,624,108,108,108,128,145,145,247,247,263,362,362,407,40,40,75,75,75,59,11,28,44,44,44],"floor_reached":31,"language":"ENG","playtime":1646,"items_purged":["Doubt","Regret"],"score":253,"play_id":"5d400915-4d29-4572-8451-81fd201c9e33","local_time":"20210208223627","is_ascension_mode":false,"campfire_choices":[{"data":"Dash","floor":6.0,"key":"SMITH"},{"floor":12.0,"key":"REST"},{"floor":15.0,"key":"REST"},{"floor":23.0,"key":"REST"}],"circlet_count":0,"master_deck":["Strike_G","Strike_G+1","Strike_G","Strike_G","Strike_G","Defend_G","Defend_G","Defend_G","Defend_G","Defend_G","Survivor","Neutralize+1","Deadly Poison","Caltrops","Cloak And Dagger","Dash+1","Catalyst+1","Poisoned Stab","Outmaneuver+1","Well Laid Plans","Bane","Quick Slash","Burst","Slice","Poisoned Stab","Footwork","Bane+1","PiercingWail+1","Dash+1","Crippling Poison+1","Cloak And Dagger","Dodge and Roll"],"relics":["Ring of the Snake","Gremlin Horn","Oddly Smooth Stone","Tiny Chest","Whetstone","SlaversCollar","Bag of Preparation","Dream Catcher","Snake Skull","MealTicket"],"acts_visited":["Exordium","TheCity"],"potions_floor_usage":[24,27,30,31],"damage_taken":[{"damage":5.0,"enemies":"Small Slimes","floor":1.0,"turns":3.0},{"damage":3.0,"enemies":"Cultist","floor":3.0,"turns":4.0},{"damage":2.0,"enemies":"2 Louse","floor":5.0,"turns":3.0},{"damage":29.0,"enemies":"Gremlin Nob","floor":7.0,"turns":5.0},{"damage":6.0,"enemies":"2 Fungi Beasts","floor":13.0,"turns":3.0},{"damage":3.0,"enemies":"Large Slime","floor":14.0,"turns":4.0},{"damage":29.0,"enemies":"Slime Boss","floor":16.0,"turns":11.0},{"damage":25.0,"enemies":"Shell Parasite","floor":18.0,"turns":6.0},{"damage":28,"enemies":"Gremlin Leader","floor":24,"turns":7},{"damage":11,"enemies":"2 Thieves","floor":27,"turns":4},{"damage":0,"enemies":"Chosen and Byrds","floor":29,"turns":5},{"damage":40,"enemies":"Cultist and Chosen","floor":30,"turns":7},{"damage":2,"enemies":"3 Cultists","floor":31,"turns":3}],"seed_played":"-9088932093605870512","potions_obtained":[{"floor":7.0,"key":"Explosive Potion"},{"floor":13.0,"key":"ColorlessPotion"},{"floor":16.0,"key":"GamblersBrew"},{"floor":18.0,"key":"Explosive Potion"},{"floor":29,"key":"Fire Potion"}],"is_trial":false,"path_per_floor":["M","?","M","?","M","R","E","?","T","$","?","R","M","M","R","B",null,"M","?","?","T","$","R","E","?","T","M","$","M","M","M"],"character_chosen":"THE_SILENT","items_purchased":["Poisoned Stab","Tiny Chest","Outmaneuver","Well Laid Plans","Whetstone","Dream Catcher","Poisoned Stab","Footwork","Poison Potion"],"campfire_rested":3,"item_purchase_floors":[10,10,10,10,10,22,22,22,28],"current_hp_per_floor":[65,65,62,62,60,60,31,54,54,54,40,61,55,52,70,41,70,45,45,45,45,45,66,38,38,38,27,42,42,2,0,0],"gold":44,"neow_bonus":"THREE_CARDS","is_daily":false,"chose_seed":false,"campfire_upgraded":1,"win_rate":0.0,"timestamp":1612820187,"path_taken":["M","?","?","?","M","R","E","?","T","$","?","R","M","M","R","BOSS","M","?","?","?","$","R","E","?","T","?","$","M","M","M"],"items_purchased_type":["Card","Relic","Card","Card","Relic","Relic","Card","Card","Potion"],"build_version":"2020-12-22","purchased_purges":2,"victory":false,"max_hp_per_floor":[70,70,70,70,70,70,70,70,70,70,70,70,70,70,70,70,70,70,70,70,70,70,70,70,70,70,70,70,70,70,70,70],"card_choices":[{"not_picked":["Caltrops","Well Laid Plans"],"picked":"Deadly Poison","floor":0.0},{"not_picked":["PiercingWail","Underhanded Strike"],"picked":"Caltrops","floor":1.0},{"not_picked":["Backflip","Slice"],"picked":"Cloak And Dagger","floor":3.0},{"not_picked":["Endless Agony","Caltrops"],"picked":"Dash","floor":5.0},{"not_picked":["Deadly Poison","Expertise"],"picked":"Catalyst","floor":7.0},{"not_picked":["Poisoned Stab","Tools of the Trade"],"picked":"Bane","floor":13.0},{"not_picked":["Expertise","Blade Dance"],"picked":"Quick Slash","floor":14.0},{"not_picked":["Bullet Time","Grand Finale"],"picked":"Burst","floor":16.0},{"not_picked":["Well Laid Plans","Expertise"],"picked":"Slice","floor":18.0},{"not_picked":["Reflex+1","Flechettes"],"picked":"Bane+1","floor":23.0},{"not_picked":["Prepared","Accuracy"],"picked":"PiercingWail+1","floor":24},{"not_picked":["Setup","Heel Hook"],"picked":"Crippling Poison+1","floor":27},{"not_picked":["Underhanded Strike","Heel Hook+1"],"picked":"Cloak And Dagger","floor":29},{"not_picked":["Reflex","Distraction"],"picked":"Dodge and Roll","floor":30}],"player_experience":70633,"relics_obtained":[{"floor":7.0,"key":"Gremlin Horn"},{"floor":9.0,"key":"Oddly Smooth Stone"},{"floor":21.0,"key":"Bag of Preparation"},{"floor":24,"key":"Snake Skull"},{"floor":26,"key":"MealTicket"}],"event_choices":[{"damage_healed":0.0,"max_hp_gain":0.0,"max_hp_loss":0.0,"gold_gain":275.0,"event_name":"Golden Shrine","player_choice":"Desecrate","floor":2.0,"gold_loss":0.0,"damage_taken":0.0,"cards_obtained":["Regret"]},{"damage_healed":0.0,"max_hp_gain":0.0,"max_hp_loss":0.0,"gold_gain":175.0,"event_name":"Liars Game","player_choice":"AGREE","floor":4.0,"gold_loss":0.0,"damage_taken":0.0,"cards_obtained":["Doubt"]},{"damage_healed":23.0,"max_hp_gain":0.0,"max_hp_loss":0.0,"gold_gain":0.0,"event_name":"Big Fish","player_choice":"Banana","floor":8.0,"gold_loss":0.0,"damage_taken":0.0},{"damage_healed":0.0,"max_hp_gain":0.0,"max_hp_loss":0.0,"gold_gain":0.0,"event_name":"Shining Light","player_choice":"Entered Light","floor":11.0,"gold_loss":0.0,"damage_taken":14.0,"cards_upgraded":["Catalyst","Outmaneuver"]},{"damage_healed":0.0,"max_hp_gain":0.0,"max_hp_loss":0.0,"gold_gain":99.0,"event_name":"Nest","player_choice":"Stole From Cult","floor":19.0,"gold_loss":0.0,"damage_taken":0.0},{"damage_healed":0.0,"max_hp_gain":0.0,"max_hp_loss":0.0,"gold_gain":0.0,"event_name":"Ghosts","player_choice":"Ignored","floor":20.0,"gold_loss":0.0,"damage_taken":0.0},{"damage_healed":0,"gold_gain":0,"player_choice":"Copied","damage_taken":0,"max_hp_gain":0,"max_hp_loss":0,"event_name":"Duplicator","floor":25,"gold_loss":0,"cards_obtained":["Dash"]}],"is_beta":false,"boss_relics":[{"not_picked":["Runic Pyramid","Cursed Key"],"picked":"SlaversCollar"}],"items_purged_floors":[10,22],"is_endless":false,"potions_floor_spawned":[7,13,16,18,29],"killed_by":"3 Cultists","ascension_level":0}}