{"host":"jqkewjmybebgw3gd","time":1612790047,"event":{"mods":["AchievementEnabler","BaseMod","Colored Map","DeckTracker","Minty Spire (QoL Compilation)","StSLib","SuperFastMode"],"gold_per_floor":[110,130,305,380,390,390,421,421,470,504,519,519,531,566,566,671,671,686,391,402,41,78,78,78,78],"floor_reached":24,"language":"KOR","playtime":1158,"items_purged":["Defend_P"],"score":253,"play_id":"7556e57c-b24e-4952-bef3-deb4b17e1c76","local_time":"20210208221407","is_ascension_mode":true,"campfire_choices":[{"data":"Eruption","floor":6.0,"key":"SMITH"},{"data":"Vigilance","floor":8.0,"key":"SMITH"},{"floor":12.0,"key":"REST"},{"floor":15.0,"key":"REST"},{"floor":23,"key":"REST"}],"circlet_count":0,"master_deck":["Strike_P","Strike_P","Strike_P","Defend_P","Defend_P","Defend_P","Eruption+1","Vigilance+1","Scrawl","Wish","Indignation+1","Adaptation","MentalFortress"],"relics":["PureWater","NeowsBlessing","Tiny Chest","Nunchaku","Du-Vu Doll","Empty Cage","Pen Nib","TungstenRod"],"acts_visited":["Exordium","TheCity"],"potions_floor_usage":[],"damage_taken":[{"damage":0.0,"enemies":"Small Slimes","floor":1.0,"turns":1.0},{"damage":0.0,"enemies":"2 Louse","floor":2.0,"turns":1.0},{"damage":0.0,"enemies":"Cultist","floor":5.0,"turns":1.0},{"damage":12.0,"enemies":"Gremlin Nob","floor":7.0,"turns":3.0},{"damage":7.0,"enemies":"Lagavulin","floor":10.0,"turns":4.0},{"damage":17.0,"enemies":"Gremlin Gang","floor":11.0,"turns":6.0},{"damage":5.0,"enemies":"Red Slaver","floor":13.0,"turns":8.0},{"damage":0.0,"enemies":"Gremlin Nob","floor":14.0,"turns":1.0},{"damage":36.0,"enemies":"Slime Boss","floor":16.0,"turns":11.0},{"damage":33.0,"enemies":"2 Thieves","floor":18.0,"turns":4.0},{"damage":28.0,"enemies":"3 Byrds","floor":20.0,"turns":7.0},{"damage":3,"enemies":"Cultist and Chosen","floor":22,"turns":6},{"damage":45,"enemies":"Sentry and Sphere","floor":24,"turns":5}],"seed_played":"-3349825197382428468","potions_obtained":[{"floor":1.0,"key":"FearPotion"},{"floor":7.0,"key":"SteroidPotion"},{"floor":11.0,"key":"AttackPotion"},{"floor":16.0,"key":"Regen Potion"},{"floor":18.0,"key":"Ancient Potion"}],"is_trial":false,"path_per_floor":["M","M","?","?","M","R","E","R","T","E","M","R","M","E","R","B",null,"M","$","M","$","M","R","M"],"character_chosen":"WATCHER","items_purchased":["Adaptation","Pen Nib","MentalFortress","TungstenRod"],"campfire_rested":3,"item_purchase_floors":[19,19,21,21],"current_hp_per_floor":[72,72,72,65,65,65,53,53,53,46,29,50,45,45,66,30,72,39,39,26,26,23,44,0,0],"gold":78,"neow_bonus":"THREE_ENEMY_KILL","is_daily":false,"chose_seed":false,"campfire_upgraded":2,"win_rate":0.0,"timestamp":1612790047,"path_taken":["M","M","?","?","M","R","E","R","T","E","?","R","M","E","R","BOSS","M","$","?","$","M","R","M"],"items_purchased_type":["Card","Relic","Card","Relic"],"build_version":"2020-12-22","purchased_purges":1,"victory":false,"max_hp_per_floor":[72,72,72,72,72,72,72,72,72,72,72,72,72,72,72,72,72,72,72,72,72,72,72,72,72],"card_choices":[{"not_picked":["Collect","CutThroughFate","SashWhip"],"picked":"SKIP","floor":1.0},{"not_picked":["SashWhip","CutThroughFate","BowlingBash"],"picked":"SKIP","floor":2.0},{"not_picked":["Crescendo","BowlingBash","Study"],"picked":"SKIP","floor":5.0},{"not_picked":["Collect","FlurryOfBlows","FlyingSleeves"],"picked":"SKIP","floor":7.0},{"not_picked":["Evaluate","FlyingSleeves"],"picked":"Scrawl","floor":10.0},{"not_picked":["Evaluate","FollowUp","Alpha"],"picked":"SKIP","floor":11.0},{"not_picked":["Consecrate","WaveOfTheHand","FlyingSleeves"],"picked":"SKIP","floor":13.0},{"not_picked":["EmptyFist","CutThroughFate","Evaluate"],"picked":"SKIP","floor":14.0},{"not_picked":["Establishment","Vault"],"picked":"Wish","floor":16.0},{"not_picked":["BattleHymn+1","ForeignInfluence"],"picked":"Indignation+1","floor":18.0},{"not_picked":["Crescendo","Prostrate","FlyingSleeves+1"],"picked":"SKIP","floor":20.0},{"not_picked":["PathToVictory","FlurryOfBlows","CrushJoints"],"picked":"SKIP","floor":22}],"player_experience":502821,"relics_obtained":[{"floor":7.0,"key":"Tiny Chest"},{"floor":10.0,"key":"Nunchaku"},{"floor":14.0,"key":"Du-Vu Doll"}],"event_choices":[{"damage_healed":0.0,"max_hp_gain":0.0,"max_hp_loss":0.0,"gold_gain":175.0,"event_name":"Liars Game","player_choice":"AGREE","floor":3.0,"gold_loss":0.0,"damage_taken":0.0,"cards_obtained":["Doubt"]},{"damage_healed":0.0,"max_hp_gain":0.0,"max_hp_loss":0.0,"gold_gain":75.0,"event_name":"FaceTrader","player_choice":"Touch","floor":4.0,"gold_loss":0.0,"damage_taken":7.0}],"is_beta":false,"boss_relics":[{"not_picked":["Runic Dome","Coffee Dripper"],"picked":"Empty Cage"}],"items_purged_floors":[19],"is_endless":false,"potions_floor_spawned":[1,7,11,16,18],"killed_by":"Sentry and Sphere","ascension_level":1}}