{"host":"hrvs05np4ys7itky","time":1612758999,"event":{"mods":["BaseMod","Colored Map","Colored Powertips","Downfall","Emptier Cage","Hermit","Highlight Path","Minty Spire (QoL Compilation)","Permanent Neow","Rare Cards Sparkle","Relic Stats","Replay The Spire","StSLib","everything is the same but u backflip on backflip"],"gold_per_floor":[110,124,137,137,153,153,153,168,168,21,55,55,55,88,88,184,184,197,197,213,213,213,213],"floor_reached":22,"language":"ENG","playtime":1122,"items_purged":["Defend_R"],"score":320,"play_id":"c3e729e4-660c-4769-9760-778ba5fc730a","local_time":"20210207233639","is_ascension_mode":true,"campfire_choices":[{"data":"Armaments","floor":6.0,"key":"SMITH"},{"data":"Rupture","floor":12,"key":"SMITH"},{"floor":15,"key":"REST"}],"circlet_count":0,"master_deck":["AscendersBane","Strike_R","Strike_R","Strike_R","Defend_R","Defend_R","Defend_R","Bash+1","Armaments+1","Combust","Headbutt","Shrug It Off","Metallicize","Rupture+1","Infernal Blade","Impervious","True Grit"],"relics":["Burning Blood","Golden Idol","Sundial","Bottled Lightning","Paper Frog","Electric Blood","WingedGreaves"],"acts_visited":["Exordium","TheCity"],"potions_floor_usage":[14,20],"damage_taken":[{"damage":9.0,"enemies":"Jaw Worm","floor":1.0,"turns":3.0},{"damage":0.0,"enemies":"Small Slimes","floor":2.0,"turns":3.0},{"damage":1.0,"enemies":"2 Louse","floor":3.0,"turns":2.0},{"damage":9.0,"enemies":"Red Slaver","floor":5.0,"turns":3.0},{"damage":3.0,"enemies":"Exordium Wildlife","floor":8.0,"turns":4.0},{"damage":16,"enemies":"Lagavulin","floor":11,"turns":7},{"damage":31,"enemies":"Gremlin Nob","floor":14,"turns":5},{"damage":23,"enemies":"Fading Forest","floor":16,"turns":11},{"damage":24,"enemies":"2 Thieves","floor":18,"turns":3},{"damage":15,"enemies":"Spheric Guardian","floor":20,"turns":3},{"damage":31,"enemies":"Snecko","floor":22,"turns":4}],"seed_played":"7820953569783165235","potions_obtained":[{"floor":2.0,"key":"DuplicationPotion"},{"floor":11,"key":"SkillPotion"},{"floor":16,"key":"Explosive Potion"},{"floor":18,"key":"Strength Potion"}],"is_trial":false,"path_per_floor":["M","M","M","?","M","R","?","M","T","$","E","R","?","E","R","B",null,"M","T","M","?","M"],"character_chosen":"IRONCLAD","items_purchased":["Metallicize"],"campfire_rested":1,"item_purchase_floors":[10],"current_hp_per_floor":[69,75,80,80,77,77,57,60,60,60,50,50,50,25,49,32,68,50,50,41,41,10,10],"gold":213,"neow_bonus":"UPGRADE_CARD","is_daily":false,"chose_seed":false,"campfire_upgraded":2,"win_rate":0.0,"timestamp":1612758999,"path_taken":["M","M","M","?","M","R","?","M","T","$","E","R","?","E","R","BOSS","M","?","M","?","M"],"items_purchased_type":["Card"],"build_version":"2020-12-22","purchased_purges":1,"victory":false,"max_hp_per_floor":[80,80,80,80,80,80,80,80,80,80,80,80,80,80,80,80,80,80,80,80,80,80,80],"relic_stats":{"counters":[11,48],"Golden Idol":42,"Sundial":[4],"obtain_stats":[{"Golden Idol":7,"Sundial":9,"WingedGreaves":19,"Bottled Lightning":11,"Electric Blood":17,"Burning Blood":0,"Paper Frog":14},{"Golden Idol":4,"Sundial":5,"WingedGreaves":9,"Bottled Lightning":6,"Electric Blood":8,"Burning Blood":0,"Paper Frog":7},{"Golden Idol":11,"Sundial":15,"WingedGreaves":41,"Bottled Lightning":22,"Electric Blood":38,"Burning Blood":0,"Paper Frog":27}],"Burning Blood":60},"card_choices":[{"not_picked":["Clash","Flex"],"picked":"Armaments","floor":1.0},{"not_picked":["Twin Strike","Armaments"],"picked":"Combust","floor":2.0},{"not_picked":["Anger","Clash"],"picked":"Flex","floor":3.0},{"not_picked":["Uppercut","Anger"],"picked":"Shrug It Off","floor":5.0},{"not_picked":["Thunderclap","Rampage","Iron Wave"],"picked":"SKIP","floor":8.0},{"not_picked":["Thunderclap","Metallicize"],"picked":"Rupture","floor":11},{"not_picked":["ReplayTheSpireMod:Strike From Hell","Second Wind","Demonic Infusion"],"picked":"SKIP","floor":14},{"not_picked":["Juggernaut","Eclipse"],"picked":"Impervious","floor":16},{"not_picked":["Body Slam","Bloodletting","Thunderclap"],"picked":"SKIP","floor":18},{"not_picked":["Thunderclap","Replay:Undeath\u0027s Touch+1"],"picked":"True Grit","floor":20}],"player_experience":1044920,"relics_obtained":[{"floor":9.0,"key":"Sundial"},{"floor":11,"key":"Bottled Lightning"},{"floor":14,"key":"Paper Frog"},{"floor":19,"key":"WingedGreaves"}],"event_choices":[{"damage_healed":0.0,"max_hp_gain":0.0,"max_hp_loss":0.0,"gold_gain":0.0,"cards_transformed":["Strike_R"],"event_name":"Living Wall","player_choice":"Change","floor":4.0,"gold_loss":0.0,"damage_taken":0.0,"cards_obtained":["Headbutt"]},{"damage_healed":0.0,"max_hp_gain":0.0,"max_hp_loss":0.0,"gold_gain":0.0,"event_name":"Golden Idol","player_choice":"Take Damage","floor":7.0,"gold_loss":0.0,"damage_taken":20.0,"relics_obtained":["Golden Idol"]},{"damage_healed":0,"gold_gain":0,"cards_transformed":["Strike_R"],"player_choice":"Transformed","damage_taken":0,"max_hp_gain":0,"max_hp_loss":0,"event_name":"Transmorgrifier","floor":13,"gold_loss":0,"cards_obtained":["Infernal Blade"]},{"cards_removed":["Flex"],"damage_healed":0,"gold_gain":0,"player_choice":"Purged","damage_taken":0,"max_hp_gain":0,"max_hp_loss":0,"event_name":"Purifier","floor":21,"gold_loss":0}],"is_beta":false,"boss_relics":[{"not_picked":["Black Blood","Runic Pyramid"],"picked":"Electric Blood"}],"items_purged_floors":[10],"is_endless":false,"potions_floor_spawned":[2,11,16,18],"killed_by":"Snecko","ascension_level":13}}