{"host":"06gxn1c1bsk424jw","time":1612787875,"event":{"mods":["BaseMod","DeckTracker","Minty Spire (QoL Compilation)","SuperFastMode"],"gold_per_floor":[114,114,39,64,82,82,95,130,130,130,141,163,198,11,11,94,94,94,94,94,94,94,94,94],"floor_reached":23,"language":"KOR","playtime":2108,"items_purged":[],"score":485,"play_id":"b4b76621-a896-499a-968b-37bbab46d2f3","local_time":"20210208213755","is_ascension_mode":true,"campfire_choices":[{"data":"Rage","floor":6,"key":"SMITH"},{"data":"Bash","floor":10,"key":"SMITH"},{"data":"Entrench","floor":15,"key":"SMITH"}],"circlet_count":0,"master_deck":["AscendersBane","Strike_R","Strike_R","Strike_R","Strike_R","Defend_R","Defend_R","Defend_R","Defend_R","Bash+1","Barricade+1","Iron Wave","Rage+1","Dropkick","Clothesline","Flame Barrier","Exhume","Entrench+1","Impervious","Berserk","Evolve","Warcry+1","Pommel Strike+1","Intimidate+1"],"relics":["Burning Blood","Happy Flower","CeramicFish","InkBottle","Regal Pillow","Ectoplasm"],"acts_visited":["Exordium","TheCity"],"potions_floor_usage":[8,8,16,21,22],"damage_taken":[{"damage":6,"enemies":"Cultist","floor":1,"turns":3},{"damage":12,"enemies":"Small Slimes","floor":5,"turns":5},{"damage":6,"enemies":"Jaw Worm","floor":7,"turns":5},{"damage":0,"enemies":"Gremlin Nob","floor":8,"turns":3},{"damage":1,"enemies":"Looter","floor":11,"turns":2},{"damage":11,"enemies":"Large Slime","floor":12,"turns":6},{"damage":0,"enemies":"Lagavulin","floor":13,"turns":6},{"damage":6,"enemies":"Hexaghost","floor":16,"turns":15},{"damage":1,"enemies":"Spheric Guardian","floor":18,"turns":11},{"damage":36,"enemies":"3 Byrds","floor":19,"turns":8},{"damage":5,"enemies":"Snecko","floor":20,"turns":8},{"damage":47,"enemies":"Sentry and Sphere","floor":21,"turns":14},{"damage":10,"enemies":"Snake Plant","floor":22,"turns":5},{"damage":8,"enemies":"Book of Stabbing","floor":23,"turns":4}],"seed_played":"-3591474649900579226","potions_obtained":[{"floor":5,"key":"AttackPotion"},{"floor":7,"key":"AttackPotion"},{"floor":8,"key":"CultistPotion"},{"floor":16,"key":"BloodPotion"},{"floor":21,"key":"SkillPotion"}],"is_trial":false,"path_per_floor":["M","?","?","T","M","R","M","E","T","R","M","M","E","$","R","B",null,"M","M","M","M","M","E"],"character_chosen":"IRONCLAD","items_purchased":["Entrench","Impervious"],"campfire_rested":0,"item_purchase_floors":[14,14],"current_hp_per_floor":[68,68,68,68,62,62,62,68,68,68,68,63,68,68,68,68,68,68,38,39,11,7,0,0],"gold":94,"neow_bonus":"THREE_RARE_CARDS","is_daily":false,"chose_seed":false,"campfire_upgraded":3,"win_rate":0.0,"timestamp":1612787875,"path_taken":["M","?","?","?","M","R","M","E","T","R","M","M","E","?","R","BOSS","M","M","M","M","M","E"],"items_purchased_type":["Card","Card"],"build_version":"2020-12-22","purchased_purges":0,"victory":false,"max_hp_per_floor":[68,68,68,68,68,68,68,68,68,68,68,68,68,68,68,68,68,68,68,68,68,68,68,68],"card_choices":[{"not_picked":["Bludgeon","Feed"],"picked":"Barricade","floor":0},{"not_picked":["Thunderclap","Infernal Blade"],"picked":"Iron Wave","floor":1},{"not_picked":["Clash","Warcry"],"picked":"Rage","floor":5},{"not_picked":["Pommel Strike","Uppercut"],"picked":"Dropkick","floor":7},{"not_picked":["Clash","Headbutt"],"picked":"Clothesline","floor":8},{"not_picked":["Dark Embrace","Sentinel","Clothesline"],"picked":"SKIP","floor":11},{"not_picked":["Sever Soul","Body Slam"],"picked":"Flame Barrier","floor":12},{"not_picked":["Twin Strike","Warcry"],"picked":"Exhume","floor":13},{"not_picked":["Brutality","Feed"],"picked":"Berserk","floor":16},{"not_picked":["Twin Strike","Havoc"],"picked":"Evolve","floor":18},{"not_picked":["Anger","Evolve"],"picked":"Warcry+1","floor":19},{"not_picked":["Wild Strike","Bloodletting+1"],"picked":"Pommel Strike+1","floor":20},{"not_picked":["Dropkick","Pommel Strike","Combust"],"picked":"SKIP","floor":21},{"not_picked":["Wild Strike","Inflame"],"picked":"Intimidate+1","floor":22}],"player_experience":800485,"relics_obtained":[{"floor":4,"key":"Happy Flower"},{"floor":8,"key":"CeramicFish"},{"floor":9,"key":"InkBottle"},{"floor":13,"key":"Regal Pillow"}],"event_choices":[{"damage_healed":0,"gold_gain":0,"player_choice":"Grow","damage_taken":0,"max_hp_gain":0,"max_hp_loss":0,"event_name":"Living Wall","floor":2,"gold_loss":0,"cards_upgraded":["Barricade"]},{"cards_removed":["Strike_R"],"damage_healed":0,"gold_gain":0,"player_choice":"Card Removal","damage_taken":0,"max_hp_gain":0,"max_hp_loss":0,"event_name":"The Cleric","floor":3,"gold_loss":75}],"is_beta":false,"boss_relics":[{"not_picked":["Busted Crown","Snecko Eye"],"picked":"Ectoplasm"}],"items_purged_floors":[],"is_endless":false,"potions_floor_spawned":[5,7,8,16,21],"killed_by":"Book of Stabbing","ascension_level":18}}