{"host":"qy1e0kd24tpj3i2m","time":1612815738,"event":{"mods":["Act Like it!","Alarm Clock","BaseMod","Better Skull","Better Vampires","Colored Map","Colored Powertips","Custom Start","Faster Ascension Climbing","Friendly Minions","GifTheSpireLib","Gremlin Skip","Highlight Path","Minty Spire (QoL Compilation)","Permanent Neow","Poor People Problems","Quick Restart","Red Circlet Mod","Relic Filter Mod","Relic Sorter","Reorder Act Four","SacredBarkPlus","Shop Mod","StSLib","SuperFastMode","Transform Curses","没有小屋子和绿帽子啦"],"gold_per_floor":[113,113,38,38,57,57,76,226,226,226,55,80,99,115,115,189,189,208,208,44,59,73,106,126,126,196,215,215,130,142,159,159,236,236,250,250,250,74,121,150,150,150,173,237,237,237,237,253,253,253,253,253,13,13,13,13],"floor_reached":55,"language":"ZHS","playtime":1602,"items_purged":["Strike_R"],"score":1726,"play_id":"f1f57f55-dbe3-4942-932f-f706c58fe785","local_time":"20210209052218","is_ascension_mode":true,"campfire_choices":[{"data":"Rage","floor":6.0,"key":"SMITH"},{"data":"Whirlwind","floor":10.0,"key":"SMITH"},{"data":"Whirlwind","floor":15.0,"key":"SMITH"},{"data":"Seeing Red","floor":25.0,"key":"SMITH"},{"data":"Power Through","floor":28.0,"key":"SMITH"},{"data":"Seeing Red","floor":32.0,"key":"SMITH"},{"data":"Barricade","floor":41.0,"key":"SMITH"},{"floor":47.0,"key":"RECALL"},{"data":"Uppercut","floor":49.0,"key":"SMITH"},{"data":"Metallicize","floor":54.0,"key":"SMITH"}],"circlet_count":0,"master_deck":["AscendersBane","Strike_R","Strike_R","Strike_R","Defend_R","Defend_R","Defend_R","Reckless Charge","Rage+1","Whirlwind+1","Whirlwind+1","Berserk+1","Fire Breathing+1","Juggernaut+1","Iron Wave","Shrug It Off","Power Through+1","Seeing Red+1","Reckless Charge","Reckless Charge","Seeing Red+1","Uppercut+1","Barricade+1","Madness","Rage+1","Metallicize+1","Shrug It Off"],"relics":["Burning Blood","NeowsBlessing","Ginger","Shuriken","Chemical X","Kunai","InkBottle","Akabeko","Pantograph","Coffee Dripper","MerchantsRug","Thread and Needle","White Beast Statue","Nunchaku"],"acts_visited":["Exordium","TheCity","TheBeyond","TheEnding"],"potions_floor_usage":[55],"damage_taken":[{"damage":0.0,"enemies":"Jaw Worm","floor":1.0,"turns":1.0},{"damage":0.0,"enemies":"Small Slimes","floor":5.0,"turns":1.0},{"damage":0.0,"enemies":"Cultist","floor":7.0,"turns":1.0},{"damage":15.0,"enemies":"3 Sentries","floor":12.0,"turns":3.0},{"damage":15.0,"enemies":"Large Slime","floor":13.0,"turns":3.0},{"damage":0.0,"enemies":"2 Fungi Beasts","floor":14.0,"turns":1.0},{"damage":10.0,"enemies":"Hexaghost","floor":16.0,"turns":7.0},{"damage":14.0,"enemies":"Spheric Guardian","floor":18.0,"turns":4.0},{"damage":7.0,"enemies":"3 Byrds","floor":21.0,"turns":2.0},{"damage":0.0,"enemies":"Cultist and Chosen","floor":22.0,"turns":3.0},{"damage":35.0,"enemies":"Book of Stabbing","floor":23.0,"turns":6.0},{"damage":13.0,"enemies":"Snecko","floor":24.0,"turns":4.0},{"damage":20.0,"enemies":"Snake Plant","floor":27.0,"turns":4.0},{"damage":19.0,"enemies":"Centurion and Healer","floor":30.0,"turns":3.0},{"damage":23.0,"enemies":"Shelled Parasite and Fungi","floor":31.0,"turns":3.0},{"damage":24.0,"enemies":"Champ","floor":33.0,"turns":8.0},{"damage":6.0,"enemies":"Orb Walker","floor":35.0,"turns":3.0},{"damage":0.0,"enemies":"2 Orb Walkers","floor":39.0,"turns":1.0},{"damage":31.0,"enemies":"Reptomancer","floor":40.0,"turns":6.0},{"damage":0.0,"enemies":"3 Shapes","floor":48.0,"turns":1.0},{"damage":35.0,"enemies":"Time Eater","floor":50.0,"turns":11.0},{"damage":60.0,"enemies":"Donu and Deca","floor":51.0,"turns":8.0},{"damage":61,"enemies":"Shield and Spear","floor":55,"turns":3}],"seed_played":"4497039006695530482","potions_obtained":[{"floor":1.0,"key":"FearPotion"},{"floor":12.0,"key":"Regen Potion"},{"floor":13.0,"key":"Block Potion"},{"floor":16.0,"key":"BloodPotion"},{"floor":18.0,"key":"EssenceOfSteel"},{"floor":22.0,"key":"Regen Potion"},{"floor":31.0,"key":"DuplicationPotion"},{"floor":39.0,"key":"Weak Potion"},{"floor":40.0,"key":"ColorlessPotion"},{"floor":48.0,"key":"PowerPotion"}],"is_trial":false,"path_per_floor":["M","?","?","$","M","R","M","?","T","R","$","E","M","M","R","B",null,"M","?","$","M","M","E","M","R","T","M","R","?","M","M","R","B",null,"M","?","?","$","?","E","R","?","T","$","?","T","R","M","R","B","B",null,"$","R","E"],"character_chosen":"IRONCLAD","items_purchased":["Chemical X","Akabeko","MerchantsRug","CultistPotion","Nunchaku"],"campfire_rested":0,"item_purchase_floors":[11,20,38,53,53],"current_hp_per_floor":[74,48,48,48,54,54,60,60,60,60,60,51,51,57,57,53,70,62,62,62,61,75,46,53,53,53,41,41,41,30,15,15,24,62,64,50,50,50,58,35,35,35,35,35,35,35,35,43,43,41,14,60,60,60,0,0],"gold":13,"neow_bonus":"THREE_ENEMY_KILL","is_daily":false,"chose_seed":false,"campfire_upgraded":9,"win_rate":0.0,"timestamp":1612815738,"path_taken":["M","?","?","$","M","R","M","?","T","R","$","E","M","M","R","BOSS","M","?","$","?","M","E","M","R","T","M","R","?","M","M","R","BOSS","M","?","?","$","?","E","R","?","T","?","?","?","R","?","R","BOSS","BOSS","$","R","E"],"items_purchased_type":["Relic","Relic","Relic","Potion","Relic"],"build_version":"2020-12-22","purchased_purges":1,"victory":false,"max_hp_per_floor":[75,75,75,75,75,75,75,75,75,75,75,75,75,75,75,75,75,75,75,75,75,75,75,75,75,75,75,75,75,75,75,75,75,75,75,75,75,75,75,75,75,75,75,75,75,75,75,75,75,75,75,75,75,75,75,75],"card_choices":[{"not_picked":["Ghostly Armor","Twin Strike"],"picked":"Reckless Charge","floor":1.0},{"not_picked":["Headbutt","Wild Strike"],"picked":"Rage","floor":5.0},{"not_picked":["Sever Soul","Twin Strike"],"picked":"Whirlwind","floor":7.0},{"not_picked":["Anger","Sever Soul","Cleave"],"picked":"SKIP","floor":12.0},{"not_picked":["Twin Strike","Perfected Strike"],"picked":"Whirlwind","floor":13.0},{"not_picked":["Rampage","Headbutt","Warcry"],"picked":"SKIP","floor":14.0},{"not_picked":["Corruption","Fiend Fire"],"picked":"Exhume","floor":16.0},{"not_picked":["Sentinel","Rupture"],"picked":"Iron Wave","floor":18.0},{"not_picked":["Headbutt","Cleave"],"picked":"Shrug It Off","floor":21.0},{"not_picked":["Inflame","Battle Trance"],"picked":"Power Through","floor":22.0},{"not_picked":["Pummel+1","Clothesline"],"picked":"Seeing Red","floor":23.0},{"not_picked":["Pummel","Headbutt"],"picked":"Reckless Charge","floor":24.0},{"not_picked":["Flex","Clash"],"picked":"Reckless Charge","floor":27.0},{"not_picked":["Berserk","Shrug It Off"],"picked":"Seeing Red","floor":30.0},{"not_picked":["Anger","Clash+1"],"picked":"Uppercut","floor":31.0},{"not_picked":["Demon Form","Reaper"],"picked":"Barricade","floor":33.0},{"not_picked":["Warcry+1","Clash","Sword Boomerang"],"picked":"SKIP","floor":35.0},{"not_picked":["Shrug It Off","Twin Strike"],"picked":"Rage+1","floor":39.0},{"not_picked":["Headbutt","Rampage"],"picked":"Metallicize","floor":40.0},{"not_picked":["Clash","Anger"],"picked":"Shrug It Off","floor":48.0}],"player_experience":988558,"relics_obtained":[{"floor":9.0,"key":"Shuriken"},{"floor":12.0,"key":"Kunai"},{"floor":23.0,"key":"Blood Vial"},{"floor":26.0,"key":"Pantograph"},{"floor":39.0,"key":"Thread and Needle"},{"floor":40.0,"key":"Bottled Tornado"},{"floor":46.0,"key":"White Beast Statue"}],"event_choices":[{"damage_healed":0.0,"max_hp_gain":0.0,"max_hp_loss":0.0,"gold_gain":0.0,"event_name":"Scrap Ooze","player_choice":"Success","floor":2.0,"gold_loss":0.0,"damage_taken":26.0,"relics_obtained":["Ginger"]},{"cards_removed":["Bash"],"damage_healed":0.0,"max_hp_gain":0.0,"max_hp_loss":0.0,"gold_gain":0.0,"event_name":"The Cleric","player_choice":"Card Removal","floor":3.0,"gold_loss":75.0,"damage_taken":0.0},{"damage_healed":0.0,"max_hp_gain":0.0,"max_hp_loss":0.0,"gold_gain":150.0,"event_name":"Liars Game","player_choice":"AGREE","floor":8.0,"gold_loss":0.0,"damage_taken":0.0,"cards_obtained":["Doubt"]},{"cards_removed":["Exhume"],"damage_healed":0.0,"max_hp_gain":0.0,"max_hp_loss":0.0,"gold_gain":0.0,"event_name":"WeMeetAgain","player_choice":"Gave Card","floor":19.0,"gold_loss":0.0,"damage_taken":0.0,"relics_obtained":["InkBottle"]},{"damage_healed":0.0,"max_hp_gain":0.0,"max_hp_loss":0.0,"gold_gain":0.0,"event_name":"Addict","player_choice":"Obtained Relic","floor":29.0,"gold_loss":85.0,"damage_taken":0.0,"relics_obtained":["Regal Pillow"]},{"damage_healed":0.0,"max_hp_gain":0.0,"max_hp_loss":0.0,"gold_gain":0.0,"event_name":"Winding Halls","player_choice":"Embrace Madness","floor":36.0,"gold_loss":0.0,"damage_taken":14.0,"cards_obtained":["Madness","Madness"]},{"damage_healed":0.0,"max_hp_gain":0.0,"max_hp_loss":0.0,"gold_gain":0.0,"event_name":"Tomb of Lord Red Mask","player_choice":"Ignored","floor":37.0,"gold_loss":0.0,"damage_taken":0.0},{"damage_healed":0.0,"max_hp_gain":0.0,"max_hp_loss":0.0,"gold_gain":0.0,"event_name":"Mysterious Sphere","player_choice":"Fight","floor":39.0,"gold_loss":0.0,"damage_taken":0.0},{"damage_healed":0.0,"max_hp_gain":0.0,"max_hp_loss":0.0,"gold_gain":0.0,"event_name":"The Moai Head","player_choice":"Ignored","floor":42.0,"gold_loss":0.0,"damage_taken":0.0},{"cards_removed":["Madness"],"damage_healed":0.0,"max_hp_gain":0.0,"max_hp_loss":0.0,"gold_gain":0.0,"event_name":"Falling","player_choice":"Removed Skill","floor":45.0,"gold_loss":0.0,"damage_taken":0.0}],"is_beta":false,"boss_relics":[{"not_picked":["Cursed Key","SacredBark"],"picked":"Astrolabe"},{"not_picked":["Pandora\u0027s Box","Fusion Hammer"],"picked":"Coffee Dripper"}],"items_purged_floors":[38],"is_endless":false,"potions_floor_spawned":[1,12,13,16,18,21,22,31,39,40,48],"killed_by":"Shield and Spear","ascension_level":20}}