{"host":"yans4pr1zf0lm9bx","time":1612793436,"event":{"mods":["AchievementEnabler","Act Like it!","BaseMod","Hallownest","Minty Spire (QoL Compilation)","Replay The Spire","StSLib","SuperFastMode","The Bug Knight"],"gold_per_floor":[110,122,172,172,187,218,218,250,250,70,83,13,44,44,44,73,73,174,174,174,174,174,174,174],"floor_reached":23,"language":"ENG","playtime":1790,"items_purged":["HollowMod:FocusHealStart"],"score":278,"play_id":"a51b827e-2bc8-42aa-9318-31bf6d5c1292","local_time":"20210208091036","is_ascension_mode":true,"campfire_choices":[{"data":"HollowMod:InfectedAttack","floor":7,"key":"SMITH"},{"data":"HollowMod:NewJinnsSoul","floor":17,"key":"SMITH"}],"circlet_count":0,"master_deck":["HollowMod:NailStrikeStart","HollowMod:NailStrikeStart","HollowMod:NailStrikeStart","HollowMod:NailStrikeStart","HollowMod:QuickDashStart","HollowMod:QuickDashStart","HollowMod:QuickDashStart","HollowMod:QuickDashStart","HollowMod:PogoStrike","HollowMod:DoubleDash","HollowMod:CloakDash","HollowMod:TaintedHusks","HollowMod:InfectedAttack+1","HollowMod:DungDefenderAura","Sadistic Nature","HollowMod:NewJinnsSoul+1","Overencumbered","HollowMod:HornetsHelp","Spreading Infection","HollowMod:LifebloodCore"],"relics":["Black Star","Ring of Greed","The Courier","Smiling Mask","Hallownest:DreamNailRelic","TungstenRod","HollowMod:MillibellesNoteRelic","Simple Rune","Bird Faced Urn","Quantum Egg","Hallownest:StagBellRelic1","Kunai","Lizard Tail","HollowMod:MantisClawRelic","Centennial Puzzle","Ectoplasm","Red Mask"],"acts_visited":["Hallownest:Greenpath","Hallownest:CityofTears"],"potions_floor_usage":[6,18,18],"damage_taken":[{"damage":0,"enemies":"2_ Uuma","floor":1,"turns":5},{"damage":0,"enemies":"Hallownest:2_Baldur","floor":2,"turns":5},{"damage":3,"enemies":"Hallownest:monsterHuskGuard","floor":5,"turns":6},{"damage":11,"enemies":"Hallownest:eliteMossKnight","floor":6,"turns":18},{"damage":19,"enemies":"Hallownest:eliteVengeflyKing","floor":8,"turns":10},{"damage":0,"enemies":"Hallownest:monsterAspidMother","floor":11,"turns":3},{"damage":0,"enemies":"Hallownest:eliteMossKnight","floor":13,"turns":5},{"damage":0,"enemies":"Hallownest:eliteCrystalGuardian","floor":16,"turns":5},{"damage":80,"enemies":"Hallownest:BossHornet","floor":18,"turns":8},{"damage":0,"enemies":"Hallownest:3_Youths","floor":20,"turns":9},{"damage":5,"enemies":"Hallownest:Guard_and_Sentry","floor":21,"turns":5},{"damage":75,"enemies":"Hallownest:3_Mistakes","floor":23,"turns":17}],"seed_played":"8528432230839929905","potions_obtained":[{"floor":2,"key":"EssenceOfSteel"},{"floor":5,"key":"SkillPotion"},{"floor":6,"key":"SneckoOil"}],"is_trial":false,"path_per_floor":["M","M","?","?","M","E","R","E","T","$","M","?","E","PTL","PTL","E","R","B",null,"M","M","?","M"],"character_chosen":"THE_BUGKNIGHT","items_purchased":["Sadistic Nature"],"campfire_rested":0,"item_purchase_floors":[10],"current_hp_per_floor":[75,75,75,75,72,61,61,42,42,42,44,44,46,46,46,48,48,36,75,75,70,70,0,0],"gold":174,"neow_bonus":"BOSS_RELIC","is_daily":false,"chose_seed":false,"campfire_upgraded":2,"win_rate":0.0,"timestamp":1612793436,"path_taken":["M","M","?","?","M","E","R","E","T","$","?","?","E","PTL","PTL","E","R","BOSS","M","?","?","?"],"items_purchased_type":["Card"],"build_version":"2020-12-22","purchased_purges":1,"victory":false,"max_hp_per_floor":[75,75,75,75,75,75,75,75,75,75,75,75,75,75,75,75,75,75,75,75,75,75,75,75],"card_choices":[{"not_picked":["HollowMod:TaintedHusks","HollowMod:InfectionAssault"],"picked":"HollowMod:DoubleDash","floor":1},{"not_picked":["HollowMod:ShadowDash","HollowMod:DescendingDark"],"picked":"HollowMod:CloakDash","floor":2},{"not_picked":["HollowMod:ChannelNail","HollowMod:NewGlowingWomb"],"picked":"HollowMod:TaintedHusks","floor":5},{"not_picked":["HollowMod:SiblingsSouls","HollowMod:InfectionAssault"],"picked":"HollowMod:InfectedAttack","floor":6},{"not_picked":["HollowMod:RecoilStrike","HollowMod:VengefulVoid"],"picked":"HollowMod:DungDefenderAura","floor":8},{"not_picked":["HollowMod:SoulEater","HollowMod:TaintedHusks"],"picked":"HollowMod:NewJinnsSoul","floor":11},{"not_picked":["HollowMod:SoulShaman","HollowMod:SoulStrike","HollowMod:ChannelNail"],"picked":"SKIP","floor":13},{"not_picked":["HollowMod:SharpenedNail","HollowMod:NewLittleFool"],"picked":"HollowMod:HornetsHelp","floor":16},{"not_picked":["HollowMod:ZotesMagnificence","HollowMod:PureVessel"],"picked":"HollowMod:LifebloodCore","floor":18},{"not_picked":["HollowMod:ShadowDash","HollowMod:CoiledNail+1","HollowMod:SharpenedNail"],"picked":"SKIP","floor":20},{"not_picked":["HollowMod:GreatSlash","HollowMod:ChannelNail+1","HollowMod:VengefulVoid"],"picked":"SKIP","floor":21}],"player_experience":266054,"relics_obtained":[{"floor":3,"key":"Ring of Greed"},{"floor":3,"key":"The Courier"},{"floor":3,"key":"Smiling Mask"},{"floor":6,"key":"TungstenRod"},{"floor":6,"key":"HollowMod:MillibellesNoteRelic"},{"floor":8,"key":"Simple Rune"},{"floor":8,"key":"Bird Faced Urn"},{"floor":9,"key":"Quantum Egg"},{"floor":13,"key":"Kunai"},{"floor":13,"key":"Lizard Tail"},{"floor":16,"key":"HollowMod:MantisClawRelic"},{"floor":16,"key":"Centennial Puzzle"}],"event_choices":[],"is_beta":false,"boss_relics":[{"not_picked":["Sozu","Replay:Drink Me"],"picked":"Ectoplasm"}],"items_purged_floors":[10],"is_endless":false,"potions_floor_spawned":[2,5,6],"killed_by":"Hallownest:3_Mistakes","ascension_level":1}}