{"host":"tetq3wi5anb97imq","time":1612810964,"event":{"mods":["BaseMod","Block Reminder","Minty Spire (QoL Compilation)","Quick Restart","StSLib","SuperFastMode"],"gold_per_floor":[109,109,109,109,109,109,143,143,191,116,154,154,178,197,197,295,595,610,123,123,147,170,170,170],"floor_reached":23,"language":"ENG","playtime":417,"items_purged":["Strike_G"],"score":494,"play_id":"8ac138a2-8307-46ba-98eb-a2af5fc64153","local_time":"20210208170244","is_ascension_mode":true,"campfire_choices":[{"data":"Backflip","floor":6,"key":"SMITH"},{"data":"Poisoned Stab","floor":8,"key":"SMITH"},{"data":"Defend_G","floor":12,"key":"SMITH"},{"data":"Flechettes","floor":15,"key":"SMITH"}],"circlet_count":0,"master_deck":["AscendersBane","Strike_G","Strike_G","Strike_G","Strike_G","Defend_G","Defend_G","Defend_G","Defend_G+1","Defend_G+1","Survivor","Neutralize+1","Backflip+1","Poisoned Stab+1","Endless Agony+1","Flechettes+1","Backstab+1","Malaise","Blur","Caltrops","Poisoned Stab+1"],"relics":["Ring of the Snake","NeowsBlessing","Omamori","Golden Idol","Bronze Scales","Nunchaku","Ancient Tea Set","Calling Bell","Pen Nib","InkBottle","Old Coin","Whetstone","Orichalcum"],"acts_visited":["Exordium","TheCity"],"potions_floor_usage":[21,23,23],"damage_taken":[{"damage":0,"enemies":"Small Slimes","floor":1,"turns":1},{"damage":0,"enemies":"3 Sentries","floor":7,"turns":2},{"damage":0,"enemies":"Gremlin Nob","floor":11,"turns":1},{"damage":0,"enemies":"Jaw Worm","floor":13,"turns":3},{"damage":0,"enemies":"2 Louse","floor":14,"turns":2},{"damage":12,"enemies":"The Guardian","floor":16,"turns":12},{"damage":17,"enemies":"Chosen","floor":18,"turns":5},{"damage":7,"enemies":"Spheric Guardian","floor":21,"turns":4},{"damage":7,"enemies":"Centurion and Healer","floor":22,"turns":7},{"damage":21,"enemies":"Slavers","floor":23,"turns":2}],"seed_played":"-2739338312794603198","potions_obtained":[{"floor":1,"key":"SpeedPotion"},{"floor":13,"key":"PowerPotion"},{"floor":21,"key":"Fruit Juice"},{"floor":22,"key":"SneckoOil"}],"is_trial":false,"path_per_floor":["M","$","?","?","?","R","E","R","T","?","E","R","M","M","R","B",null,"M","$","?","M","M","E"],"character_chosen":"THE_SILENT","items_purchased":["Whetstone","Orichalcum","Caltrops"],"campfire_rested":0,"item_purchase_floors":[19,19,19],"current_hp_per_floor":[59,59,39,39,39,39,39,39,39,39,39,39,39,39,39,27,56,39,39,39,37,30,9,9],"gold":170,"neow_bonus":"THREE_ENEMY_KILL","is_daily":false,"chose_seed":false,"campfire_upgraded":4,"win_rate":0.0,"timestamp":1612810964,"path_taken":["M","$","?","?","?","R","E","R","T","?","E","R","?","M","R","BOSS","M","$","?","M","M","E"],"items_purchased_type":["Relic","Relic","Card"],"build_version":"2020-12-22","purchased_purges":1,"victory":false,"max_hp_per_floor":[66,66,66,66,66,66,66,66,66,66,66,66,66,66,66,66,66,66,66,66,71,71,71,71],"card_choices":[{"not_picked":["Dodge and Roll","Prepared"],"picked":"Backflip","floor":1},{"not_picked":["Infinite Blades","Bouncing Flask"],"picked":"Poisoned Stab","floor":7},{"not_picked":["Backflip","Distraction"],"picked":"Endless Agony","floor":11},{"not_picked":["Deflect","PiercingWail"],"picked":"Flechettes","floor":13},{"not_picked":["Storm of Steel","Deflect"],"picked":"Backstab","floor":14},{"not_picked":["Tools of the Trade","Grand Finale"],"picked":"Malaise","floor":16},{"not_picked":["PiercingWail","Crippling Poison"],"picked":"Blur","floor":18},{"not_picked":["Underhanded Strike","Setup","Quick Slash"],"picked":"SKIP","floor":21},{"not_picked":["Deadly Poison","Leg Sweep"],"picked":"Poisoned Stab+1","floor":22}],"player_experience":1650347,"relics_obtained":[{"floor":7,"key":"Bronze Scales"},{"floor":9,"key":"Nunchaku"},{"floor":11,"key":"Ancient Tea Set"},{"floor":17,"key":"Pen Nib"},{"floor":17,"key":"InkBottle"},{"floor":17,"key":"Old Coin"}],"event_choices":[{"damage_healed":0,"gold_gain":0,"player_choice":"Entered Light","damage_taken":20,"max_hp_gain":0,"max_hp_loss":0,"event_name":"Shining Light","floor":3,"gold_loss":0,"cards_upgraded":["Neutralize","Defend_G"]},{"damage_healed":0,"gold_gain":0,"player_choice":"Box","damage_taken":0,"relics_obtained":["Omamori"],"max_hp_gain":0,"max_hp_loss":0,"event_name":"Big Fish","floor":4,"gold_loss":0,"cards_obtained":["Regret"]},{"damage_healed":0,"gold_gain":0,"player_choice":"Take Wound","damage_taken":0,"relics_obtained":["Golden Idol"],"max_hp_gain":0,"max_hp_loss":0,"event_name":"Golden Idol","floor":5,"gold_loss":0,"cards_obtained":["Injury"]},{"cards_removed":["Regret"],"damage_healed":0,"gold_gain":0,"player_choice":"Card Removal","damage_taken":0,"max_hp_gain":0,"max_hp_loss":0,"event_name":"The Cleric","floor":10,"gold_loss":75},{"damage_healed":0,"gold_gain":0,"player_choice":"Ignored","damage_taken":0,"max_hp_gain":0,"max_hp_loss":0,"event_name":"Beggar","floor":20,"gold_loss":0}],"is_beta":false,"boss_relics":[{"not_picked":["Cursed Key","Coffee Dripper"],"picked":"Calling Bell"}],"items_purged_floors":[19],"is_endless":false,"potions_floor_spawned":[1,13,21,22],"killed_by":"Slavers","ascension_level":20}}