{"host":"dubvjd3hvlwuhjqk","time":1612771630,"event":{"mods":["AchievementEnabler","Astrologer","Bard","BaseMod","Better Match","Better Third Choice","BetterRewards","ChefMod","Colored Map","Colored Powertips","Conspire","Curses Come First","Downfall","Energized Spire","Googly Eyes","GungeonMod","Hermit","Hubris","Infinite Spire","JesterMod","Minty Spire (QoL Compilation)","Permanent Neow","Quick Restart","Reliquary","Robot Space Explorer","Shade Mod","Shop Mod","Spire Arcade","StSLib","The Bladedancer","The Cursed","The Dragon Tamer","The Hayseed","The Jungle","The Marked","The Servant 0.9.4","TheBandit","UnlockEverythingMod","egg"],"gold_per_floor":[209,220,22,22,32,58,58,88,88,99,119,119,119,136,136,239,239,250,262,112,112,112],"floor_reached":21,"language":"ENG","playtime":2048,"items_purged":[],"score":191,"play_id":"0f5feac9-cf3f-4cc5-8008-4b7298c57696","local_time":"20210208100710","is_ascension_mode":false,"campfire_choices":[{"data":"bard:Doot","floor":7,"key":"SMITH"},{"floor":12,"key":"REST"},{"data":"bard:Rhapsody","floor":15,"key":"SMITH"}],"circlet_count":0,"master_deck":["bard:Strike","bard:Strike","bard:Strike","bard:Strike","bard:Defend","bard:Defend","bard:Defend","bard:Defend+1","bard:Riposte","bard:Inspire+1","bard:Sift","bard:Doot+1","bard:ViciousMockery","bard:Greatness","bard:Doot","bard:InspiringSong","bard:Rhapsody+1","bard:FingerOfDeath","bard:HideousLaughter","bard:FirstStrike+1"],"relics":["bard:PitchPipe","bard:BagPipes","hubris:OldNail","StrikeDummy","Orichalcum","War Paint","Sozu","conspire:TreasureMap"],"acts_visited":["Exordium","TheCity"],"potions_floor_usage":[6,16],"damage_taken":[{"damage":2,"enemies":"2 Louse","floor":1,"turns":3},{"damage":6,"enemies":"infinitespire:Voidling","floor":2,"turns":5},{"damage":6,"enemies":"Jaw Worm","floor":5,"turns":3},{"damage":17,"enemies":"3 Sentries","floor":6,"turns":5},{"damage":14,"enemies":"Lagavulin","floor":8,"turns":7},{"damage":0,"enemies":"Lots of Slimes","floor":10,"turns":1},{"damage":0,"enemies":"Red Slaver","floor":11,"turns":2},{"damage":0,"enemies":"3 Louse","floor":14,"turns":2},{"damage":32,"enemies":"Hexaghost","floor":16,"turns":15},{"damage":0,"enemies":"Spheric Guardian","floor":18,"turns":4},{"damage":17,"enemies":"2 Thieves","floor":19,"turns":5},{"damage":7,"enemies":"Snake Plant","floor":21,"turns":2}],"seed_played":"-979750495290807258","potions_obtained":[{"floor":1,"key":"PowerPotion"},{"floor":5,"key":"bronze:BurnAndBuffPotion"},{"floor":8,"key":"bard:InspiredBrew"},{"floor":14,"key":"SkillPotion"}],"is_trial":false,"path_per_floor":["M","M","$","?","M","E","R","E","T","M","M","R","?","M","R","B",null,"M","M","$","M"],"character_chosen":"BARD","items_purchased":["bard:ViciousMockery","hubris:OldNail","conspire:TreasureMap"],"campfire_rested":1,"item_purchase_floors":[3,3,20],"current_hp_per_floor":[68,62,62,55,49,32,32,18,18,18,18,39,80,80,80,48,80,80,63,63,56,56],"gold":112,"neow_bonus":"HUNDRED_GOLD","is_daily":false,"chose_seed":false,"campfire_upgraded":2,"win_rate":0.0,"timestamp":1612771630,"path_taken":["M","M","$","?","M","E","R","E","T","?","M","R","?","M","R","BOSS","M","M","?","M"],"items_purchased_type":["Card","Relic","Relic"],"build_version":"2020-12-22","purchased_purges":0,"victory":false,"max_hp_per_floor":[70,70,70,70,70,70,70,70,70,70,70,70,80,80,80,80,80,80,80,80,80,80],"card_choices":[{"not_picked":["bard:Fermata","bard:SongBolt"],"picked":"bard:Sift","floor":1},{"not_picked":["bard:SongBolt","bard:GreaterMagicWeapon"],"picked":"bard:Doot","floor":2},{"not_picked":["bard:Rest","bard:Shifting"],"picked":"bard:Greatness","floor":5},{"not_picked":["bard:Sift","bard:CuttingWords"],"picked":"bard:Improv","floor":6},{"not_picked":["bard:BucklerBash","bard:Rest"],"picked":"bard:Doot","floor":8},{"not_picked":["bard:EnGarde","bard:Balestra","bard:SixFourTime"],"picked":"SKIP","floor":10},{"not_picked":["bard:HarmoniousVoice","bard:QuickSong"],"picked":"bard:InspiringSong","floor":11},{"not_picked":["bard:StudiedStrike","bard:HideousLaughter"],"picked":"bard:Rhapsody","floor":14},{"not_picked":["bard:MnemonicVestments","bard:Haste"],"picked":"bard:FingerOfDeath","floor":16},{"not_picked":["bard:FeastOnFear","bard:Greatness"],"picked":"bard:HideousLaughter","floor":18},{"not_picked":["bard:HarmoniousVoice","bard:Gamble"],"picked":"bard:FirstStrike+1","floor":19}],"player_experience":93833,"relics_obtained":[{"floor":6,"key":"StrikeDummy"},{"floor":8,"key":"Orichalcum"},{"floor":9,"key":"War Paint"}],"event_choices":[{"damage_healed":0,"gold_gain":0,"player_choice":"Damaged","damage_taken":7,"max_hp_gain":0,"max_hp_loss":0,"event_name":"Wheel of Change","floor":4,"gold_loss":0},{"cards_removed":["bard:Improv"],"damage_healed":31,"gold_gain":0,"player_choice":"Offered Rare","damage_taken":0,"max_hp_gain":10,"max_hp_loss":0,"event_name":"Bonfire Elementals","floor":13,"gold_loss":0}],"is_beta":false,"boss_relics":[{"not_picked":["conspire:SeveredTorchhead","Runic Dome"],"picked":"Sozu"}],"items_purged_floors":[],"is_endless":false,"potions_floor_spawned":[1,5,8,14,18,19],"killed_by":"Snake Plant","ascension_level":0}}