{"host":"uhnh33uh34qot0et","time":1612815408,"event":{"mods":["BaseMod","Colored Map","Downfall","Hermit","Marisa????????","Minty Spire (QoL Compilation)","StSLib","The Bug Knight","The Cursed","The Servant 0.9.4"],"gold_per_floor":[112,65,65,13,24,57,70,101,150,163,179,212,212,236,236,356,419,444,444,444,467,400,400,440,466,466,489,514,514,537,560,560,688,688,703,726,726,726,349,349,349],"floor_reached":40,"language":"ENG","playtime":5742,"items_purged":[],"score":503,"play_id":"daf0238c-3ec9-4969-933f-291c724ae81a","local_time":"20210208211648","is_ascension_mode":false,"campfire_choices":[{"floor":15,"key":"REST"},{"data":"Go for the Eyes","floor":23,"key":"SMITH"},{"data":"Self Repair","floor":29,"key":"SMITH"},{"data":"Reprogram","floor":32,"key":"SMITH"}],"circlet_count":0,"master_deck":["Strike_B","Strike_B","Strike_B","Strike_B","Defend_B","Defend_B","Defend_B","Defend_B+1","Zap","Dualcast","Sweeping Beam","Gash","Turbo","Gash","Self Repair","Gash","Hologram","Go for the Eyes+1","Streamline","Core Surge","Gash","Core Surge","Scrape","Streamline","Reprogram+1","Streamline","Self Repair+1","Rebound","Doom and Gloom+1","Gash","Hologram","Echo Form","White Noise+1","Conserve Battery+1","Metamorphosis","Self Repair"],"relics":["Cracked Core","NeowsBlessing","HornCleat","Orichalcum","Tiny Chest","Lizard Tail","Golden Idol","Tiny House","Mummified Hand","MealTicket","hexamod:CandleOfCauterizing","Bottled Lightning","Ice Cream"],"acts_visited":["Exordium","TheCity","TheBeyond"],"potions_floor_usage":[12,16,24,24,31,31,31,36,40],"damage_taken":[{"damage":0,"enemies":"Cultist","floor":1,"turns":1},{"damage":0,"enemies":"Small Slimes","floor":5,"turns":1},{"damage":0,"enemies":"3 Sentries","floor":6,"turns":1},{"damage":2,"enemies":"2 Louse","floor":7,"turns":2},{"damage":27,"enemies":"Lagavulin","floor":8,"turns":6},{"damage":2,"enemies":"Blue Slaver","floor":10,"turns":3},{"damage":6,"enemies":"Gremlin Gang","floor":11,"turns":4},{"damage":8,"enemies":"3 Sentries","floor":12,"turns":5},{"damage":5,"enemies":"Exordium Wildlife","floor":14,"turns":3},{"damage":35,"enemies":"Hexaghost","floor":16,"turns":8},{"damage":14,"enemies":"Shell Parasite","floor":18,"turns":5},{"damage":0,"enemies":"Spheric Guardian","floor":21,"turns":3},{"damage":40,"enemies":"Book of Stabbing","floor":24,"turns":7},{"damage":13,"enemies":"Snake Plant","floor":27,"turns":3},{"damage":1,"enemies":"Centurion and Healer","floor":28,"turns":5},{"damage":8,"enemies":"Chosen and Byrds","floor":30,"turns":4},{"damage":2,"enemies":"Shelled Parasite and Fungi","floor":31,"turns":4},{"damage":78,"enemies":"Champ","floor":33,"turns":11},{"damage":12,"enemies":"3 Shapes","floor":35,"turns":4},{"damage":17,"enemies":"3 Darklings","floor":36,"turns":8},{"damage":92,"enemies":"Nemesis","floor":40,"turns":8}],"seed_played":"-8867122453604950441","potions_obtained":[{"floor":6,"key":"Fire Potion"},{"floor":7,"key":"EssenceOfDarkness"},{"floor":10,"key":"Energy Potion"},{"floor":12,"key":"PowerPotion"},{"floor":17,"key":"GamblersBrew"},{"floor":18,"key":"Regen Potion"},{"floor":28,"key":"SkillPotion"},{"floor":30,"key":"Weak Potion"},{"floor":33,"key":"bronze:BurnAndBuffPotion"},{"floor":35,"key":"AttackPotion"}],"is_trial":false,"path_per_floor":["M","$","?","$","M","E","M","E","T","M","M","E","?","M","R","B",null,"M","?","?","M","$","R","E","T","T","M","M","R","M","M","R","B",null,"M","M","T","?","$","E"],"character_chosen":"DEFECT","items_purchased":["Gash","Turbo","Self Repair","Ice Cream","Self Repair"],"campfire_rested":1,"item_purchase_floors":[2,4,22,39,39],"current_hp_per_floor":[75,75,75,75,75,75,75,55,55,60,61,60,42,44,66,38,80,73,73,73,73,73,73,52,52,52,46,45,45,47,62,62,36,80,68,68,68,68,80,0,0],"gold":349,"neow_bonus":"THREE_ENEMY_KILL","is_daily":false,"chose_seed":false,"campfire_upgraded":3,"win_rate":0.0,"timestamp":1612815408,"path_taken":["M","$","?","$","M","E","M","E","T","M","M","E","?","M","R","BOSS","M","?","?","M","$","R","E","?","T","M","M","R","M","?","R","BOSS","M","M","?","?","$","E"],"items_purchased_type":["Card","Card","Card","Relic","Card"],"build_version":"2020-12-22","purchased_purges":0,"victory":false,"max_hp_per_floor":[75,75,75,75,75,75,75,75,75,75,75,75,75,75,75,75,80,80,80,80,80,80,80,80,80,80,80,80,80,80,80,80,80,80,80,80,80,80,80,80,80],"card_choices":[{"not_picked":["Streamline","Barrage"],"picked":"Sweeping Beam","floor":1},{"not_picked":["Aggregate","Go for the Eyes"],"picked":"Gash","floor":5},{"not_picked":["Go for the Eyes","Rebound"],"picked":"Self Repair","floor":6},{"not_picked":["Streamline","Cold Snap"],"picked":"Gash","floor":7},{"not_picked":["Redo","Static Discharge"],"picked":"Hologram","floor":8},{"not_picked":["Turbo","Blizzard"],"picked":"Go for the Eyes","floor":10},{"not_picked":["Recycle","Compile Driver"],"picked":"Streamline","floor":11},{"not_picked":["Capacitor","Steam Power"],"picked":"Core Surge","floor":12},{"not_picked":["Heatsinks","Skim"],"picked":"Gash","floor":14},{"not_picked":["Rainbow","Fission"],"picked":"Core Surge","floor":16},{"not_picked":["Hello World","Coolheaded"],"picked":"Scrape","floor":17},{"not_picked":["Steam Power","Redo"],"picked":"Streamline","floor":18},{"not_picked":["Heatsinks","Steam"],"picked":"Streamline","floor":21},{"not_picked":["Chill","Barrage","Consume"],"picked":"SKIP","floor":24},{"not_picked":["Steam","Double Energy"],"picked":"Rebound","floor":27},{"not_picked":["Tempest","Rebound"],"picked":"Doom and Gloom+1","floor":28},{"not_picked":["Fusion","Streamline"],"picked":"Gash","floor":30},{"not_picked":["Rebound","Steam+1"],"picked":"Hologram","floor":31},{"not_picked":["Creative AI","Rainbow"],"picked":"Echo Form","floor":33},{"not_picked":["Hello World","Conserve Battery"],"picked":"White Noise+1","floor":35},{"not_picked":["Undo","Redo+1"],"picked":"Conserve Battery+1","floor":36},{"not_picked":["Magnetism","Forethought"],"picked":"Metamorphosis","floor":38}],"player_experience":31454,"relics_obtained":[{"floor":6,"key":"HornCleat"},{"floor":8,"key":"Orichalcum"},{"floor":9,"key":"Tiny Chest"},{"floor":12,"key":"Lizard Tail"},{"floor":24,"key":"Mummified Hand"},{"floor":25,"key":"MealTicket"},{"floor":26,"key":"hexamod:CandleOfCauterizing"},{"floor":37,"key":"Bottled Lightning"}],"event_choices":[{"damage_healed":0,"gold_gain":0,"player_choice":"Ignored","damage_taken":0,"max_hp_gain":0,"max_hp_loss":0,"event_name":"Golden Wing","floor":3,"gold_loss":0},{"damage_healed":0,"gold_gain":0,"player_choice":"Take Damage","damage_taken":18,"relics_obtained":["Golden Idol"],"max_hp_gain":0,"max_hp_loss":0,"event_name":"Golden Idol","floor":13,"gold_loss":0},{"damage_healed":0,"gold_gain":0,"player_choice":"Read","damage_taken":0,"max_hp_gain":0,"max_hp_loss":0,"event_name":"The Library","floor":19,"gold_loss":0,"cards_obtained":["Reprogram"]},{"damage_healed":0,"gold_gain":0,"player_choice":"Ignored","damage_taken":0,"max_hp_gain":0,"max_hp_loss":0,"event_name":"NoteForYourself","floor":20,"gold_loss":0},{"damage_healed":0,"gold_gain":0,"player_choice":"Memory 1","damage_taken":0,"max_hp_gain":0,"max_hp_loss":0,"event_name":"SensoryStone","floor":38,"gold_loss":0}],"is_beta":false,"boss_relics":[{"not_picked":["Cursed Key","Calling Bell"],"picked":"Tiny House"},{"not_picked":["Coffee Dripper","Snecko Eye","Runic Pyramid"]}],"items_purged_floors":[],"is_endless":false,"potions_floor_spawned":[6,7,10,12,18,28,30,33,35],"killed_by":"Nemesis","ascension_level":0}}