{"host":"2dp3t1i5s6bd92af","time":1612814483,"event":{"mods":["BaseMod","Colored Powertips","Jorbs\u0027s Wanderer Trilogy","Minty Spire (QoL Compilation)","Reliquary","StSLib"],"gold_per_floor":[113,126,160,85,115,115,150,150,176,221,271,304,324,365,365,365,365],"floor_reached":16,"language":"ZHS","playtime":1292,"items_purged":["stsjorbsmod:Defend_Wanderer"],"score":116,"play_id":"38b6ff1b-56dc-42f4-a08e-1bacbe46ebac","local_time":"20210209040123","is_ascension_mode":false,"campfire_choices":[{"data":"stsjorbsmod:EyeOfTheStorm","floor":6.0,"key":"SMITH"},{"data":"stsjorbsmod:ArcaneWeapon","floor":8.0,"key":"SMITH"},{"data":"stsjorbsmod:Prestidigitation","floor":15,"key":"SMITH"}],"circlet_count":0,"master_deck":["stsjorbsmod:ForbiddenGrimoire+1","stsjorbsmod:Strike_Wanderer","stsjorbsmod:Strike_Wanderer","stsjorbsmod:Strike_Wanderer","stsjorbsmod:Strike_Wanderer","stsjorbsmod:Defend_Wanderer","stsjorbsmod:Defend_Wanderer","stsjorbsmod:Defend_Wanderer","stsjorbsmod:FreshAdventure","stsjorbsmod:EyeOfTheStorm+1","stsjorbsmod:ArcaneWeapon+1","stsjorbsmod:LocateObject","stsjorbsmod:BurningFlask","stsjorbsmod:TinyHut","stsjorbsmod:FranticSearch","stsjorbsmod:Prestidigitation+1","stsjorbsmod:Materialize","stsjorbsmod:BurningFlask"],"relics":["stsjorbsmod:GrimoireRelic","NeowsBlessing","Art of War","reliquary:TatteredRug"],"acts_visited":["Exordium"],"potions_floor_usage":[16,16,16],"damage_taken":[{"damage":0.0,"enemies":"Cultist","floor":1.0,"turns":1.0},{"damage":0.0,"enemies":"Jaw Worm","floor":2.0,"turns":1.0},{"damage":0.0,"enemies":"Small Slimes","floor":3.0,"turns":1.0},{"damage":3.0,"enemies":"2 Fungi Beasts","floor":5.0,"turns":4.0},{"damage":19.0,"enemies":"Exordium Thugs","floor":7.0,"turns":5.0},{"damage":28.0,"enemies":"3 Sentries","floor":10.0,"turns":7.0},{"damage":0,"enemies":"Gremlin Gang","floor":11,"turns":3},{"damage":0,"enemies":"Large Slime","floor":12,"turns":5},{"damage":5,"enemies":"Red Slaver","floor":13,"turns":3},{"damage":11,"enemies":"Gremlin Nob","floor":14,"turns":5},{"damage":23,"enemies":"The Guardian","floor":16,"turns":7}],"seed_played":"-7262145553567881030","potions_obtained":[{"floor":2.0,"key":"ColorlessPotion"},{"floor":5.0,"key":"SkillPotion"},{"floor":10.0,"key":"SneckoOil"},{"floor":14,"key":"PowerPotion"}],"is_trial":false,"path_per_floor":["M","M","M","$","M","R","M","R","T","E","M","M","M","E","R","B"],"character_chosen":"WANDERER","items_purchased":[],"campfire_rested":0,"item_purchase_floors":[],"current_hp_per_floor":[68,68,68,68,67,67,50,50,50,22,25,28,24,16,16,0,0],"gold":365,"neow_bonus":"THREE_ENEMY_KILL","is_daily":false,"chose_seed":false,"campfire_upgraded":3,"win_rate":0.0,"timestamp":1612814483,"path_taken":["M","M","M","$","M","R","?","R","T","E","M","M","M","E","R","BOSS"],"items_purchased_type":[],"build_version":"2020-12-22","purchased_purges":1,"victory":false,"max_hp_per_floor":[68,68,68,68,68,68,68,68,68,68,68,68,68,68,68,68,68],"card_choices":[{"not_picked":["stsjorbsmod:ParryingBlow","stsjorbsmod:ChatteringStrike"],"picked":"stsjorbsmod:ArcaneWeapon","floor":1.0},{"not_picked":["stsjorbsmod:Prepare","stsjorbsmod:ThirstingSword"],"picked":"stsjorbsmod:LocateObject","floor":2.0},{"not_picked":["stsjorbsmod:Hurt","stsjorbsmod:Mania","stsjorbsmod:ChainLightning"],"picked":"SKIP","floor":3.0},{"not_picked":["stsjorbsmod:LoseGrip","stsjorbsmod:Materialize"],"picked":"stsjorbsmod:BurningFlask","floor":5.0},{"not_picked":["stsjorbsmod:Channel","stsjorbsmod:MistyStep"],"picked":"stsjorbsmod:TinyHut","floor":7.0},{"not_picked":["stsjorbsmod:Stalwart","stsjorbsmod:WeightOfMemory"],"picked":"stsjorbsmod:FranticSearch","floor":10.0},{"not_picked":["stsjorbsmod:Pyromancy","stsjorbsmod:OldPocket"],"picked":"stsjorbsmod:Prestidigitation","floor":11},{"not_picked":["stsjorbsmod:WanderingMind","stsjorbsmod:Aid"],"picked":"stsjorbsmod:Materialize","floor":12},{"not_picked":["stsjorbsmod:LoseGrip","stsjorbsmod:TollTheDead","stsjorbsmod:WanderingMind"],"picked":"SKIP","floor":13},{"not_picked":["stsjorbsmod:Counterspell","stsjorbsmod:PurgeMind"],"picked":"stsjorbsmod:BurningFlask","floor":14}],"player_experience":433748,"relics_obtained":[{"floor":10.0,"key":"Art of War"},{"floor":14,"key":"reliquary:TatteredRug"}],"event_choices":[],"is_beta":false,"boss_relics":[],"items_purged_floors":[4],"is_endless":false,"potions_floor_spawned":[2,5,10,14],"killed_by":"The Guardian","ascension_level":0}}