{"host":"np4f5reu8f2vit8r","time":1612781447,"event":{"mods":["BaseMod","Bestiary","Curses Come First","Minty Spire (QoL Compilation)","Permanent Neow","Relic Stats","StSLib"],"gold_per_floor":[119,132,142,142,155,155,180,180,180,194,32,44,44,56,56,56,56],"floor_reached":16,"language":"ENG","playtime":577,"items_purged":[],"score":208,"play_id":"a72033e4-4d5d-463d-8825-19ef89958849","local_time":"20210208235047","is_ascension_mode":true,"campfire_choices":[{"data":"Neutralize","floor":6.0,"key":"SMITH"},{"floor":13,"key":"REST"},{"floor":15,"key":"REST"}],"circlet_count":0,"master_deck":["AscendersBane","Strike_G","Strike_G","Strike_G","Strike_G","Defend_G","Defend_G","Defend_G","Defend_G","Survivor","Neutralize+1","Quick Slash","Dagger Throw","Poisoned Stab","Deflect","Infinite Blades","Backstab","Wraith Form v2","Dodge and Roll"],"relics":["Empty Cage","Boot","Matryoshka","Oddly Smooth Stone"],"acts_visited":["Exordium"],"potions_floor_usage":[12,16],"damage_taken":[{"damage":0.0,"enemies":"2 Louse","floor":1.0,"turns":4.0},{"damage":0.0,"enemies":"Cultist","floor":2.0,"turns":3.0},{"damage":11.0,"enemies":"Jaw Worm","floor":3.0,"turns":5.0},{"damage":19.0,"enemies":"Lots of Slimes","floor":5.0,"turns":5.0},{"damage":24.0,"enemies":"Gremlin Nob","floor":7.0,"turns":4.0},{"damage":0,"enemies":"Looter","floor":10,"turns":2},{"damage":0,"enemies":"2 Fungi Beasts","floor":12,"turns":4},{"damage":4,"enemies":"Large Slime","floor":14,"turns":6},{"damage":39,"enemies":"The Guardian","floor":16,"turns":12}],"seed_played":"6133989942035903171","potions_obtained":[{"floor":2.0,"key":"PowerPotion"},{"floor":4.0,"key":"BlessingOfTheForge"},{"floor":7.0,"key":"Swift Potion"},{"floor":14,"key":"Energy Potion"}],"is_trial":false,"path_per_floor":["M","M","M","?","M","R","E","?","T","M","$","M","R","M","R","B"],"character_chosen":"THE_SILENT","items_purchased":["Oddly Smooth Stone"],"campfire_rested":2,"item_purchase_floors":[11],"current_hp_per_floor":[59,59,48,48,29,29,5,5,5,5,5,5,24,20,39,0,0],"gold":56,"neow_bonus":"BOSS_RELIC","is_daily":false,"chose_seed":false,"campfire_upgraded":1,"win_rate":0.0,"timestamp":1612781447,"path_taken":["M","M","M","?","?","R","E","?","T","M","$","M","R","?","R","BOSS"],"items_purchased_type":["Relic"],"build_version":"2020-12-22","purchased_purges":0,"victory":false,"max_hp_per_floor":[66,66,66,66,66,66,66,66,66,66,66,66,66,66,66,66,66],"relic_stats":{"counters":[9,45],"Boot":[22],"obtain_stats":[{"Matryoshka":9,"Oddly Smooth Stone":11,"Empty Cage":0,"Boot":7,"Ring of the Snake":0},{"Matryoshka":5,"Oddly Smooth Stone":6,"Empty Cage":0,"Boot":5,"Ring of the Snake":0},{"Matryoshka":21,"Oddly Smooth Stone":23,"Empty Cage":0,"Boot":21,"Ring of the Snake":0}]},"card_choices":[{"not_picked":["Dodge and Roll","Finisher"],"picked":"Quick Slash","floor":1.0},{"not_picked":["Bane","Blur"],"picked":"Dagger Throw","floor":2.0},{"not_picked":["Dodge and Roll","Deflect"],"picked":"Poisoned Stab","floor":3.0},{"not_picked":["Caltrops","Predator"],"picked":"Deflect","floor":5.0},{"not_picked":["Setup","Flying Knee"],"picked":"Infinite Blades","floor":7.0},{"not_picked":["Underhanded Strike","Slice"],"picked":"Wraith Form v2","floor":10},{"not_picked":["Slice","Deflect","Caltrops"],"picked":"SKIP","floor":12},{"not_picked":["Choke","Caltrops"],"picked":"Dodge and Roll","floor":14}],"player_experience":940346,"relics_obtained":[{"floor":7.0,"key":"Boot"},{"floor":9,"key":"Matryoshka"}],"event_choices":[{"damage_healed":0.0,"max_hp_gain":0.0,"max_hp_loss":0.0,"gold_gain":0.0,"event_name":"Lab","player_choice":"Got Potions","floor":4.0,"gold_loss":0.0,"damage_taken":0.0},{"damage_healed":0,"gold_gain":0,"player_choice":"1 cards matched","damage_taken":0,"max_hp_gain":0,"max_hp_loss":0,"event_name":"Match and Keep!","floor":8,"gold_loss":0,"cards_obtained":["Backstab"]}],"is_beta":false,"boss_relics":[],"items_purged_floors":[],"is_endless":false,"potions_floor_spawned":[2,7,14],"killed_by":"The Guardian","ascension_level":20}}