{"host":"7shwfndhsvekljlk","time":1612777392,"event":{"mods":["Act Like it!","Arknights","Aspiration","BaseMod","Minty Spire (QoL Compilation)","Quick Restart","StSLib","The Bladedancer","The Construct","The Runesmith","WarShipGirlsR/战舰少女R mod","[GremlinLeader]The Maniac","【遗物卡牌】REMEMod"],"gold_per_floor":[114,131,13,31,31,56,231,12,58,58,93,93,106,7,7,106,106,118,118,118,137,137,137,170,170,223,223,249,260,260,52,52,156,156,174,190,190,190],"floor_reached":37,"language":"ZHS","playtime":9050,"items_purged":["Doubt"],"score":438,"play_id":"ebcc38cd-f387-4e71-8adb-e600342f423e","local_time":"20210208174312","is_ascension_mode":false,"campfire_choices":[{"data":"ats:Fractured Body","floor":12.0,"key":"SMITH"},{"floor":15.0,"key":"REST"},{"data":"Ghostly","floor":23.0,"key":"SMITH"},{"data":"Ghostly","floor":25.0,"key":"SMITH"},{"data":"Ghostly","floor":27.0,"key":"SMITH"},{"floor":32,"key":"REST"}],"circlet_count":0,"master_deck":["ats:Armor Crushing Shot","ats:Emotion Absorption","ats:Directed Diagnosis","ats:Hammer On","ats:Sunburst","ats:LN2 Cannon","ats:Encircling Forest","ats:Shell Defense","ats:Fractured Body+1","ats:Song Of Battle","ats:Fractured Body+1","ats:Assault Order","ats:Rat Pack","ats:Closed Bolt Burst Fire","ats:Assault Order","ats:Sunburst","ats:Volcano","ats:Automatic Cover","ats:Overload","ats:Composite Medical Shells","ats:Leaping Hammer+1","Ghostly+1","Ghostly+1","Ghostly","Ghostly","Ghostly+1","ats:Collapsing Strike+1","ats:Charging Defense+1","ats:Roar Of Ursus"],"relics":["ats:Sanity","REME_ComplimentaryCards","NeowsBlessing","ats:Originium","Happy Flower","Membership Card","ats:Hidden Killer","NlothsMask","Mercury Hourglass","DollysMirror","Pandora\u0027s Box","StoneCalendar","REME_HandOfSuture","Art of War","REME_HourglassOfDeath","aspiration:Nostalgia","Runesmith:BrokenRuby","Black Star"],"acts_visited":["Exordium","TheCity","TheBeyond"],"potions_floor_usage":[33],"damage_taken":[{"damage":0.0,"enemies":"Cultist","floor":1.0,"turns":1.0},{"damage":0.0,"enemies":"Small Slimes","floor":2.0,"turns":1.0},{"damage":0.0,"enemies":"Jaw Worm","floor":4.0,"turns":1.0},{"damage":17.0,"enemies":"Gremlin Nob","floor":6.0,"turns":4.0},{"damage":38.0,"enemies":"Lagavulin","floor":11.0,"turns":8.0},{"damage":14.0,"enemies":"Blue Slaver","floor":13.0,"turns":4.0},{"damage":61.0,"enemies":"The Guardian","floor":16.0,"turns":10.0},{"damage":27.0,"enemies":"Spheric Guardian","floor":18.0,"turns":5.0},{"damage":11.0,"enemies":"3 Byrds","floor":21.0,"turns":4.0},{"damage":15.0,"enemies":"Gremlin Leader","floor":24.0,"turns":8.0},{"damage":16.0,"enemies":"REME_1_Revenger","floor":28.0,"turns":7.0},{"damage":0,"enemies":"Snecko","floor":29,"turns":6},{"damage":10,"enemies":"Champ","floor":33,"turns":17},{"damage":15,"enemies":"3 Darklings","floor":35,"turns":6},{"damage":12,"enemies":"3 Shapes","floor":36,"turns":3},{"damage":15,"enemies":"3 Darklings","floor":37,"turns":4}],"seed_played":"-1487875378463453223","potions_obtained":[{"floor":1.0,"key":"Fire Potion"},{"floor":2.0,"key":"construct:ShiftPotion"},{"floor":6.0,"key":"Regen Potion"},{"floor":11.0,"key":"SkillPotion"},{"floor":24.0,"key":"Energy Potion"},{"floor":28.0,"key":"Energy Potion"},{"floor":29,"key":"GamblersBrew"}],"is_trial":false,"path_per_floor":["M","M","$","M","?","E","?","$","T","?","E","R","M","$","R","B",null,"M","T","?","M","?","R","E","R","T","R","E","M","?","$","R","B",null,"M","M","M"],"character_chosen":"DOCTOR_CLASS","items_purchased":["ats:Sunburst","PowerPotion","Membership Card","ats:Shell Defense","DollysMirror","ats:Assault Order","REME_HourglassOfDeath","aspiration:Nostalgia"],"campfire_rested":2,"item_purchase_floors":[3,3,8,8,14,14,31,31],"current_hp_per_floor":[72,72,72,72,72,55,55,55,55,55,17,17,8,8,29,32,72,45,45,36,25,25,25,10,10,10,10,1,1,1,1,11,1,36,21,9,0,0],"gold":190,"neow_bonus":"THREE_ENEMY_KILL","is_daily":false,"chose_seed":false,"campfire_upgraded":4,"win_rate":0.0,"timestamp":1612777392,"path_taken":["M","M","?","M","?","E","?","$","T","?","E","R","?","$","R","BOSS","M","?","?","M","?","R","E","R","T","R","E","?","?","$","R","BOSS","M","M","M"],"items_purchased_type":["Card","Potion","Relic","Card","Relic","Card","Relic","Relic"],"build_version":"2020-12-22","purchased_purges":1,"victory":false,"max_hp_per_floor":[72,72,72,72,72,72,72,72,72,72,72,72,72,72,72,72,72,72,72,36,36,36,36,36,36,36,36,36,36,36,36,36,36,36,36,36,36,36],"card_choices":[{"not_picked":["ats:Poison Spread","ats:Flexible Camouflage"],"picked":"ats:Directed Diagnosis","floor":1.0},{"not_picked":["ats:Assault Order","ats:Poison Spread"],"picked":"ats:Hammer On","floor":2.0},{"not_picked":["ats:Apocalypse","ats:Red Shift"],"picked":"ats:LN2 Cannon","floor":4.0},{"not_picked":["ats:Neurotoxin","ats:Guard Mode"],"picked":"ats:Encircling Forest","floor":6.0},{"not_picked":["ats:Closed Bolt Burst Fire","ats:Poison Spread"],"picked":"ats:Fractured Body","floor":11.0},{"not_picked":["ats:Flexible Camouflage","ats:Poison Spread"],"picked":"ats:Song Of Battle","floor":13.0},{"not_picked":["ats:Disruption Kick","ats:Nebulous Foxfire"],"picked":"ats:Rat Pack","floor":16.0},{"not_picked":["ats:Very Hot Blade","ats:Flexible Camouflage+1"],"picked":"ats:Leaping Hammer+1","floor":18.0},{"not_picked":["ats:Soul Absorption","ats:Flexible Camouflage"],"picked":"ats:Collapsing Strike+1","floor":21.0},{"not_picked":["ats:Revitalization","ats:Absolute Focus"],"picked":"ats:Charging Defense+1","floor":24.0},{"not_picked":["ats:Flexible Camouflage","ats:Cat Scratch","ats:Consecutive Shot Auto"],"picked":"SKIP","floor":28.0},{"not_picked":["ats:Revitalization","ats:Shell Defense","ats:Hammer On"],"picked":"SKIP","floor":29},{"not_picked":["ats:Wolf Pack","ats:Durian"],"picked":"ats:Roar Of Ursus","floor":33},{"not_picked":["ats:Consecutive Shot Auto","ats:Leaping Hammer+1","ats:Explosion Area Strengthen"],"picked":"SKIP","floor":35},{"not_picked":["ats:Blood Oath+1","ats:Cat Scratch","ats:Hammer On+1"],"picked":"SKIP","floor":36}],"player_experience":120376,"relics_obtained":[{"floor":6.0,"key":"ats:Originium"},{"floor":6.0,"key":"Happy Flower"},{"floor":9.0,"key":"ats:Hidden Killer"},{"floor":11.0,"key":"ats:Originium"},{"floor":11.0,"key":"Mercury Hourglass"},{"floor":24.0,"key":"ats:Originium"},{"floor":24.0,"key":"StoneCalendar"},{"floor":26.0,"key":"REME_HandOfSuture"},{"floor":28.0,"key":"ats:Originium"},{"floor":28.0,"key":"Art of War"}],"event_choices":[{"damage_healed":0.0,"max_hp_gain":0.0,"max_hp_loss":0.0,"gold_gain":175.0,"event_name":"Liars Game","player_choice":"AGREE","floor":7.0,"gold_loss":0.0,"damage_taken":0.0,"cards_obtained":["Doubt"]},{"damage_healed":0.0,"max_hp_gain":0.0,"max_hp_loss":0.0,"gold_gain":0.0,"event_name":"FaceTrader","player_choice":"Trade","floor":10.0,"gold_loss":0.0,"damage_taken":0.0,"relics_obtained":["NlothsMask"]},{"damage_healed":0.0,"max_hp_gain":0.0,"max_hp_loss":36.0,"gold_gain":0.0,"event_name":"Ghosts","player_choice":"Became a Ghost","floor":20.0,"gold_loss":0.0,"damage_taken":0.0,"cards_obtained":["Ghostly","Ghostly","Ghostly","Ghostly","Ghostly"]},{"damage_healed":0.0,"max_hp_gain":0.0,"max_hp_loss":0.0,"gold_gain":0.0,"event_name":"NoteForYourself","player_choice":"Ignored","floor":22.0,"gold_loss":0.0,"damage_taken":0.0},{"cards_removed":["ats:LN2 Cannon"],"damage_healed":0,"gold_gain":0,"player_choice":"Elegance","damage_taken":0,"max_hp_gain":0,"max_hp_loss":0,"event_name":"Back to Basics","floor":30,"gold_loss":0}],"is_beta":false,"boss_relics":[{"not_picked":["aspiration:RunesmithSkillbook","aspiration:RitualDagger"],"picked":"Pandora\u0027s Box"},{"not_picked":["Coffee Dripper","aspiration:PoetsPen_weak"],"picked":"Black Star"}],"items_purged_floors":[8],"is_endless":false,"potions_floor_spawned":[1,2,6,11,24,28,29],"killed_by":"3 Darklings","ascension_level":0}}