{"host":"y76clbnovzmw9ubx","time":1612742658,"event":{"mods":["AchievementEnabler","BaseMod","Minty Spire (QoL Compilation)","Permanent Neow","Relic Stats"],"gold_per_floor":[115,125,138,157,157,157,188,207,207,207,207],"floor_reached":10,"language":"ENG","playtime":554,"items_purged":[],"score":140,"play_id":"ccbaa8e3-2cfa-4fbc-823e-5cb88438ac4e","local_time":"20210207190418","is_ascension_mode":true,"campfire_choices":[{"floor":6,"key":"REST"}],"circlet_count":0,"master_deck":["AscendersBane","Strike_G+1","Strike_G+1","Strike_G","Strike_G","Strike_G","Defend_G","Defend_G","Defend_G","Defend_G","Defend_G","Survivor","Neutralize","Dagger Spray","Masterful Stab","Quick Slash","Backflip"],"relics":["Ring of the Snake","Strawberry","Letter Opener"],"acts_visited":["Exordium"],"potions_floor_usage":[1,7,10],"damage_taken":[{"damage":2,"enemies":"Jaw Worm","floor":1,"turns":8},{"damage":0,"enemies":"2 Louse","floor":2,"turns":2},{"damage":0,"enemies":"Cultist","floor":3,"turns":4},{"damage":16,"enemies":"Exordium Thugs","floor":4,"turns":6},{"damage":32,"enemies":"3 Sentries","floor":7,"turns":9},{"damage":0,"enemies":"Blue Slaver","floor":8,"turns":3},{"damage":31,"enemies":"Gremlin Nob","floor":10,"turns":3}],"seed_played":"5467948032908726515","potions_obtained":[{"floor":0,"key":"SpeedPotion"},{"floor":0,"key":"PowerPotion"},{"floor":1,"key":"Swift Potion"}],"is_trial":false,"path_per_floor":["M","M","M","M","?","R","E","M","T","E"],"character_chosen":"THE_SILENT","items_purchased":[],"campfire_rested":1,"item_purchase_floors":[],"current_hp_per_floor":[57,57,57,41,21,40,15,15,15,0,0],"gold":207,"neow_bonus":"THREE_SMALL_POTIONS","is_daily":false,"chose_seed":false,"campfire_upgraded":0,"win_rate":0.0,"timestamp":1612742658,"path_taken":["M","M","M","M","?","R","E","M","T","E"],"items_purchased_type":[],"build_version":"2020-12-22","purchased_purges":0,"victory":false,"max_hp_per_floor":[66,66,66,66,66,66,73,73,73,73,73],"relic_stats":{"counters":[7,35],"Letter Opener":[0],"obtain_stats":[{"Strawberry":7,"Letter Opener":9,"Ring of the Snake":0},{"Strawberry":5,"Letter Opener":6,"Ring of the Snake":0},{"Strawberry":29,"Letter Opener":32,"Ring of the Snake":0}],"Ring of the Snake":[14]},"card_choices":[{"not_picked":["Terror","Dagger Throw"],"picked":"Dagger Spray","floor":1},{"not_picked":["Bane","Grand Finale","Dagger Spray"],"picked":"SKIP","floor":2},{"not_picked":["Dagger Spray","Riddle With Holes"],"picked":"Masterful Stab","floor":3},{"not_picked":["Dagger Spray","Accuracy","Dagger Throw"],"picked":"SKIP","floor":4},{"not_picked":["Infinite Blades","Riddle With Holes"],"picked":"Quick Slash","floor":7},{"not_picked":["Sucker Punch","Concentrate"],"picked":"Backflip","floor":8}],"player_experience":3208508,"relics_obtained":[{"floor":7,"key":"Strawberry"},{"floor":9,"key":"Letter Opener"}],"event_choices":[{"damage_healed":0,"gold_gain":0,"player_choice":"Entered Light","damage_taken":20,"max_hp_gain":0,"max_hp_loss":0,"event_name":"Shining Light","floor":5,"gold_loss":0,"cards_upgraded":["Strike_G","Strike_G"]}],"is_beta":false,"boss_relics":[],"items_purged_floors":[],"is_endless":false,"potions_floor_spawned":[1,4],"killed_by":"Gremlin Nob","ascension_level":20}}