{"host":"syozzdlzcqop4jia","time":1612823037,"event":{"mods":["BaseMod","Colored Map","Colored Powertips","Minty Spire (QoL Compilation)","Quick Restart"],"gold_per_floor":[112,123,137,23,37,62,80,80,103,103,137,137,137,137],"floor_reached":13,"language":"ENG","playtime":636,"items_purged":["Defend_B"],"score":100,"play_id":"bbb2372d-dce7-4e8e-ad74-015e151cf6ff","local_time":"20210208232357","is_ascension_mode":true,"campfire_choices":[{"data":"Loop","floor":8,"key":"SMITH"},{"data":"Self Repair","floor":10,"key":"SMITH"},{"data":"Hyperbeam","floor":12,"key":"SMITH"}],"circlet_count":0,"master_deck":["Strike_B","Strike_B","Strike_B","Strike_B","Defend_B","Defend_B","Defend_B","Zap+1","Dualcast","Leap","Hyperbeam+1","Conserve Battery","Self Repair+1","Loop+1","BootSequence","BootSequence","Static Discharge"],"relics":["Cracked Core","Nunchaku","CeramicFish","Bronze Scales"],"acts_visited":["Exordium"],"potions_floor_usage":[6,11,13],"damage_taken":[{"damage":0,"enemies":"Cultist","floor":1,"turns":3},{"damage":0,"enemies":"2 Louse","floor":2,"turns":2},{"damage":1,"enemies":"Jaw Worm","floor":3,"turns":2},{"damage":4,"enemies":"Large Slime","floor":5,"turns":4},{"damage":18,"enemies":"Gremlin Nob","floor":6,"turns":4},{"damage":2,"enemies":"Blue Slaver","floor":7,"turns":4},{"damage":13,"enemies":"3 Sentries","floor":11,"turns":5},{"damage":56,"enemies":"Gremlin Nob","floor":13,"turns":4}],"seed_played":"6148058790114290297","potions_obtained":[{"floor":3,"key":"Fire Potion"},{"floor":6,"key":"FocusPotion"},{"floor":7,"key":"SkillPotion"},{"floor":11,"key":"ColorlessPotion"}],"is_trial":false,"path_per_floor":["M","M","M","$","M","E","M","R","T","R","E","R","E"],"character_chosen":"DEFECT","items_purchased":["Self Repair"],"campfire_rested":0,"item_purchase_floors":[4],"current_hp_per_floor":[75,75,74,74,75,64,69,69,69,69,56,56,0,0],"gold":137,"neow_bonus":"UPGRADE_CARD","is_daily":false,"chose_seed":false,"campfire_upgraded":3,"win_rate":0.0,"timestamp":1612823037,"path_taken":["M","?","M","?","M","E","M","R","T","R","E","R","E"],"items_purchased_type":["Card"],"build_version":"2020-12-22","purchased_purges":1,"victory":false,"max_hp_per_floor":[75,75,75,75,75,75,75,75,75,75,75,75,75,75],"card_choices":[{"not_picked":["Stack","Gash"],"picked":"Leap","floor":1},{"not_picked":["Gash","Sweeping Beam"],"picked":"Hyperbeam","floor":2},{"not_picked":["Coolheaded","Hologram"],"picked":"Conserve Battery","floor":3},{"not_picked":["Rip and Tear","Hello World"],"picked":"Loop","floor":5},{"not_picked":["Beam Cell","Auto Shields"],"picked":"BootSequence","floor":6},{"not_picked":["Streamline","Beam Cell"],"picked":"BootSequence","floor":7},{"not_picked":["Compile Driver","Hello World"],"picked":"Static Discharge","floor":11}],"player_experience":631234,"relics_obtained":[{"floor":6,"key":"Nunchaku"},{"floor":9,"key":"CeramicFish"},{"floor":11,"key":"Bronze Scales"}],"event_choices":[],"is_beta":false,"boss_relics":[],"items_purged_floors":[4],"is_endless":false,"potions_floor_spawned":[3,6,7,11],"killed_by":"Gremlin Nob","ascension_level":1}}