{"host":"92wx9z21c4p52du4","time":1612805660,"event":{"mods":["Act Like it!","Arknights","Bard","BaseMod","GungeonMod","Infinite Spire","Lobotomy","LobotomyExtend","Minty Spire (QoL Compilation)","Relic Stats","Reliquary","Robot Space Explorer","StSLib","SuperFastMode","The Blue Laboratory","The Disciple","The Hierophant","The Jungle","The Runesmith","TheSurvivalist"],"gold_per_floor":[117,134,134,150,150,180,180,206,206,206,221,25,25,40,40,141,141,141,141,141,141,141,141,141,141,141],"floor_reached":25,"language":"ENG","playtime":1130,"items_purged":[],"score":211,"play_id":"7bd32cd6-44a1-4194-b282-9cb259475f84","local_time":"20210208113420","is_ascension_mode":false,"campfire_choices":[{"data":"infinitespire:Punishment","floor":7,"key":"SMITH"},{"floor":13,"key":"REST"},{"data":"DemoMod:RustySidearm","floor":15,"key":"SMITH"},{"data":"DemoMod:AWP","floor":24,"key":"SMITH"}],"circlet_count":0,"master_deck":["DemoMod:Strike_Huntress","DemoMod:Defend_Huntress","DemoMod:Defend_Huntress","DemoMod:Defend_Huntress","DemoMod:Defend_Huntress","DemoMod:Roll","DemoMod:ManualReload+1","DemoMod:RustySidearm+1","DemoMod:CrossBow","DemoMod:MachoBrace","DemoMod:BoxingGlove","infinitespire:Punishment+1","DemoMod:AWP+1","DemoMod:Camera","DemoMod:BattleInHaste","DemoMod:LifeOrb","DemoMod:LifeOrb","DemoMod:MachoBrace+1","DemoMod:FullFirepower+1","DemoMod:HuntsMan+1","Shame","DemoMod:HungryBullets"],"relics":["DemoMod:Dog","LetterFromLob","Regal Pillow","infinitespire:Bottled Soul","DemoMod:PinkGuonStone","DemoMod:GnawedKey","DemoMod:GlassGuonStoneRelic","Ectoplasm","theJungle:SneckoAutograph","Moonlight_r"],"acts_visited":["Exordium","Exordium"],"potions_floor_usage":[2,6,16],"damage_taken":[{"damage":0,"enemies":"2 Louse","floor":1,"turns":2},{"damage":1,"enemies":"Cultist","floor":2,"turns":4},{"damage":0,"enemies":"ats:Genji","floor":4,"turns":3},{"damage":19,"enemies":"Lagavulin","floor":6,"turns":5},{"damage":17,"enemies":"Gremlin Nob","floor":8,"turns":4},{"damage":0,"enemies":"2 Fungi Beasts","floor":11,"turns":2},{"damage":0,"enemies":"Exordium Wildlife","floor":14,"turns":2},{"damage":42,"enemies":"The Guardian","floor":16,"turns":8},{"damage":0,"enemies":"theJungle:Flameango_and_Byrd","floor":18,"turns":3},{"damage":0,"enemies":"theJungle:5_Spyders","floor":21,"turns":3},{"damage":0,"enemies":"theJungle:SlimyTreeVines","floor":23,"turns":3}],"seed_played":"3956882689343198787","potions_obtained":[{"floor":1,"key":"SneckoOil"},{"floor":2,"key":"DemoMod:LeadSkinPotion"},{"floor":11,"key":"Weak Potion"},{"floor":21,"key":"blueLaboratory:PyrophylliteBrew"},{"floor":23,"key":"DemoMod:LeadSkinPotion"}],"is_trial":false,"path_per_floor":["M","M","?","M","?","E","R","E","T","?","M","$","R","M","R","B",null,"M","?","?","M","?","M","R","M"],"character_chosen":"HUNTRESS","items_purchased":["DemoMod:GnawedKey","DemoMod:LifeOrb"],"campfire_rested":1,"item_purchase_floors":[12,12],"current_hp_per_floor":[70,69,69,69,52,33,33,16,23,23,23,23,61,61,61,19,77,77,77,77,77,77,77,77,0,0],"gold":141,"neow_bonus":"UPGRADE_CARD","is_daily":false,"chose_seed":false,"campfire_upgraded":3,"win_rate":0.0,"timestamp":1612805660,"path_taken":["M","M","?","?","?","E","R","E","T","?","M","?","R","M","R","BOSS","M","?","?","M","?","?","R","M"],"items_purchased_type":["Relic","Card"],"build_version":"2020-12-22","purchased_purges":0,"victory":false,"max_hp_per_floor":[70,70,70,70,70,70,70,70,77,77,77,77,77,77,77,77,77,77,77,77,77,77,77,77,77,77],"relic_stats":{"Regal Pillow":15,"counters":[11,39],"Ectoplasm":193,"obtain_stats":[{"Moonlight_r":25,"Regal Pillow":6,"theJungle:SneckoAutograph":19,"DemoMod:Dog":0,"infinitespire:Bottled Soul":8,"DemoMod:GlassGuonStoneRelic":1,"DemoMod:PinkGuonStone":9,"Ectoplasm":17,"LetterFromLob":1,"DemoMod:GnawedKey":12},{"Moonlight_r":11,"Regal Pillow":4,"theJungle:SneckoAutograph":9,"DemoMod:Dog":0,"infinitespire:Bottled Soul":5,"DemoMod:GlassGuonStoneRelic":1,"DemoMod:PinkGuonStone":5,"Ectoplasm":8,"LetterFromLob":1,"DemoMod:GnawedKey":6},{"Moonlight_r":39,"Regal Pillow":14,"theJungle:SneckoAutograph":33,"DemoMod:Dog":0,"infinitespire:Bottled Soul":18,"DemoMod:GlassGuonStoneRelic":2,"DemoMod:PinkGuonStone":18,"Ectoplasm":30,"LetterFromLob":2,"DemoMod:GnawedKey":20}]},"card_choices":[{"not_picked":["DemoMod:HungryBullets","DemoMod:DoubleSwitch"],"picked":"DemoMod:MachoBrace","floor":1},{"not_picked":["DemoMod:GunstockTap","DemoMod:AC15"],"picked":"DemoMod:Purify","floor":2},{"not_picked":["DemoMod:GunShield","DemoMod:Camera"],"picked":"DemoMod:BoxingGlove","floor":4},{"not_picked":["infinitespire:TheBestDefense","infinitespire:FutureSight"],"picked":"infinitespire:Punishment","floor":5},{"not_picked":["DemoMod:Ejector","DemoMod:JK47"],"picked":"DemoMod:AWP","floor":6},{"not_picked":["DemoMod:HuntsMan","DemoMod:ZorGun"],"picked":"DemoMod:Camera","floor":8},{"not_picked":["DemoMod:ConditionalReflex","DemoMod:TeaPot"],"picked":"DemoMod:BattleInHaste","floor":11},{"not_picked":["DemoMod:MachoBrace","DemoMod:JK47"],"picked":"DemoMod:LifeOrb","floor":14},{"not_picked":["DemoMod:BoxingGlove","DemoMod:Unmoved"],"picked":"DemoMod:MachoBrace","floor":14},{"not_picked":["DemoMod:BalloonGun","DemoMod:GunslingerForm"],"picked":"DemoMod:FullFirepower","floor":16},{"not_picked":["DemoMod:ZorGun","DemoMod:HardPowerCard"],"picked":"DemoMod:HuntsMan","floor":18},{"not_picked":["DemoMod:GunstockTap","DemoMod:SAA","DemoMod:HighKaliber+1"],"picked":"SKIP","floor":21},{"not_picked":["DemoMod:StickyCrossBow","DemoMod:ConditionalReflex"],"picked":"DemoMod:HungryBullets","floor":23}],"player_experience":231127,"relics_obtained":[{"floor":1,"key":"LetterFromLob"},{"floor":6,"key":"Regal Pillow"},{"floor":8,"key":"infinitespire:Bottled Soul"},{"floor":9,"key":"DemoMod:PinkGuonStone"}],"event_choices":[{"cards_removed":["DemoMod:Strike_Huntress"],"damage_healed":0,"gold_gain":0,"player_choice":"Purged","damage_taken":0,"max_hp_gain":0,"max_hp_loss":0,"event_name":"Purifier","floor":3,"gold_loss":0},{"damage_healed":0,"gold_gain":0,"player_choice":"Upgraded","damage_taken":0,"max_hp_gain":0,"max_hp_loss":0,"event_name":"Upgrade Shrine","floor":22,"gold_loss":0,"cards_upgraded":["DemoMod:FullFirepower"]}],"is_beta":false,"boss_relics":[{"not_picked":["Busted Crown","Runesmith:UraniumAnvil"],"picked":"Ectoplasm"}],"items_purged_floors":[],"is_endless":false,"potions_floor_spawned":[1,2,11,21,23],"ascension_level":0}}