{"host":"0tiuc76yumknr6qf","time":1612810631,"event":{"mods":["Aspiration","BaseMod","Bestiary","Colored Map","DeckTracker","Highlight Path","Minty Spire (QoL Compilation)","StSLib"],"gold_per_floor":[119,10,10,10,34,68,68,108,108,128,159,159,194,210,210,308,308,329,329,101,116,116,151,167,167,191,241,253,253,283,294,294,294,294],"floor_reached":33,"language":"ENG","playtime":2231,"items_purged":[],"score":656,"play_id":"351d240e-771c-4d16-921d-60780847be9c","local_time":"20210208125711","is_ascension_mode":true,"campfire_choices":[{"data":"Beam Cell","floor":7.0,"key":"SMITH"},{"data":"Go for the Eyes","floor":15.0,"key":"SMITH"},{"data":"Havoc","floor":29,"key":"SMITH"},{"floor":32,"key":"REST"}],"circlet_count":0,"master_deck":["AscendersBane","Strike_B","Strike_B","Strike_B","Strike_B","Defend_B+1","Defend_B+1","Defend_B+1","Defend_B+1","Zap+1","Dualcast+1","Rip and Tear","Beam Cell+1","Self Repair","Darkness+1","Ball Lightning","Go for the Eyes+1","Hologram+1","Go for the Eyes","Coolheaded","Capacitor","Seek","Shrug It Off+1","Turbo","Glacier","Havoc+1","Burning Pact","Stack","Glacier","Capacitor"],"relics":["Cracked Core","NeowsBlessing","Bloody Idol","Letter Opener","The Courier","Odd Mushroom","Juzu Bracelet","aspiration:IroncladSkillbook","Vajra","Mummified Hand","FaceOfCleric","Orichalcum","aspiration:Lifesprig"],"acts_visited":["Exordium","TheCity"],"potions_floor_usage":[23],"damage_taken":[{"damage":0.0,"enemies":"Small Slimes","floor":1.0,"turns":1.0},{"damage":0.0,"enemies":"2 Louse","floor":5.0,"turns":1.0},{"damage":0.0,"enemies":"3 Sentries","floor":6.0,"turns":2.0},{"damage":8.0,"enemies":"Gremlin Nob","floor":8.0,"turns":3.0},{"damage":0.0,"enemies":"Jaw Worm","floor":10.0,"turns":2.0},{"damage":13.0,"enemies":"The Mushroom Lair","floor":11.0,"turns":4.0},{"damage":7.0,"enemies":"Lagavulin","floor":13.0,"turns":4.0},{"damage":9.0,"enemies":"Blue Slaver","floor":14.0,"turns":3.0},{"damage":18.0,"enemies":"Hexaghost","floor":16.0,"turns":11.0},{"damage":31.0,"enemies":"3 Byrds","floor":18.0,"turns":6.0},{"damage":23.0,"enemies":"Shell Parasite","floor":21.0,"turns":5.0},{"damage":23,"enemies":"Book of Stabbing","floor":23,"turns":5},{"damage":7,"enemies":"Centurion and Healer","floor":24,"turns":8},{"damage":20,"enemies":"Cultist and Chosen","floor":28,"turns":8},{"damage":36,"enemies":"Slavers","floor":30,"turns":7},{"damage":11,"enemies":"Shelled Parasite and Fungi","floor":31,"turns":8},{"damage":56,"enemies":"Collector","floor":33,"turns":8}],"seed_played":"5537966397395004368","potions_obtained":[{"floor":6.0,"key":"AttackPotion"},{"floor":8.0,"key":"Strength Potion"},{"floor":11.0,"key":"BlessingOfTheForge"},{"floor":21.0,"key":"PotionOfCapacity"},{"floor":28,"key":"LiquidBronze"},{"floor":31,"key":"BlessingOfTheForge"}],"is_trial":false,"path_per_floor":["M","$","?","?","M","E","R","E","T","M","?","?","E","M","R","B",null,"M","?","$","M","?","E","M","?","T","?","M","R","E","M","R","B"],"character_chosen":"DEFECT","items_purchased":["Beam Cell","Self Repair","Vajra","Turbo","Glacier"],"campfire_rested":1,"item_purchase_floors":[2,2,20,20,20],"current_hp_per_floor":[64,64,69,69,69,69,69,68,68,69,63,63,63,54,54,43,63,43,43,43,36,36,29,38,38,43,48,45,45,26,32,53,0,0],"gold":294,"neow_bonus":"THREE_ENEMY_KILL","is_daily":false,"chose_seed":false,"campfire_upgraded":3,"win_rate":0.0,"timestamp":1612810631,"path_taken":["M","$","?","?","M","E","R","E","T","M","?","?","E","M","R","BOSS","M","?","$","M","?","E","M","?","T","?","M","R","E","M","R","BOSS"],"items_purchased_type":["Card","Card","Relic","Card","Card"],"build_version":"2020-12-22","purchased_purges":0,"victory":false,"max_hp_per_floor":[71,71,76,69,69,69,69,69,69,69,69,69,69,69,69,69,69,69,69,69,69,69,69,69,69,69,69,70,70,71,72,72,72,72],"card_choices":[{"not_picked":["Rebound","Gash"],"picked":"Rip and Tear","floor":1.0},{"not_picked":["Streamline","Sweeping Beam"],"picked":"Darkness","floor":5.0},{"not_picked":["Scrape","FTL"],"picked":"Ball Lightning","floor":6.0},{"not_picked":["Steam Power","Turbo"],"picked":"Go for the Eyes","floor":8.0},{"not_picked":["Redo","Rebound"],"picked":"Hologram","floor":10.0},{"not_picked":["Turbo","Doom and Gloom"],"picked":"Go for the Eyes","floor":11.0},{"not_picked":["Steam","Compile Driver"],"picked":"Coolheaded","floor":13.0},{"not_picked":["Storm","Undo"],"picked":"Capacitor","floor":14.0},{"not_picked":["Hyperbeam","Machine Learning"],"picked":"Seek","floor":16.0},{"not_picked":["Stack","Metallicize","Carnage"],"picked":"Shrug It Off+1","floor":18.0},{"not_picked":["Perfected Strike","Wild Strike","Clash"],"picked":"Havoc","floor":21.0},{"not_picked":["Barrage","Reckless Charge","Armaments"],"picked":"Burning Pact","floor":23},{"not_picked":["Compile Driver","Berserk","Infernal Blade"],"picked":"Stack","floor":24},{"not_picked":["Aggregate","Rip and Tear","Genetic Algorithm"],"picked":"Glacier","floor":28},{"not_picked":["Genetic Algorithm+1","Second Wind","Corruption"],"picked":"Capacitor","floor":30},{"not_picked":["Headbutt","Perfected Strike","Flex","Burning Pact"],"picked":"SKIP","floor":31}],"player_experience":1959756,"relics_obtained":[{"floor":6.0,"key":"Bronze Scales"},{"floor":8.0,"key":"Letter Opener"},{"floor":9.0,"key":"The Courier"},{"floor":11.0,"key":"Odd Mushroom"},{"floor":13.0,"key":"Juzu Bracelet"},{"floor":23,"key":"Mummified Hand"},{"floor":26,"key":"Orichalcum"},{"floor":30,"key":"aspiration:Lifesprig"}],"event_choices":[{"damage_healed":0.0,"max_hp_gain":5.0,"max_hp_loss":0.0,"gold_gain":0.0,"event_name":"Big Fish","player_choice":"Donut","floor":3.0,"gold_loss":0.0,"damage_taken":0.0},{"damage_healed":0.0,"max_hp_gain":0.0,"max_hp_loss":7.0,"gold_gain":0.0,"event_name":"Golden Idol","player_choice":"Lose Max HP","floor":4.0,"gold_loss":0.0,"damage_taken":0.0,"relics_obtained":["Golden Idol"]},{"damage_healed":0.0,"max_hp_gain":0.0,"max_hp_loss":0.0,"gold_gain":0.0,"event_name":"Mushrooms","player_choice":"Fought Mushrooms","floor":11.0,"gold_loss":0.0,"damage_taken":0.0},{"damage_healed":0.0,"max_hp_gain":0.0,"max_hp_loss":0.0,"gold_gain":0.0,"event_name":"Forgotten Altar","player_choice":"Gave Idol","floor":19.0,"relics_lost":["Golden Idol"],"gold_loss":0.0,"damage_taken":0.0,"relics_obtained":["Bloody Idol"]},{"damage_healed":0.0,"max_hp_gain":0.0,"max_hp_loss":0.0,"gold_gain":0.0,"event_name":"Cursed Tome","player_choice":"Ignored","floor":22.0,"gold_loss":0.0,"damage_taken":0.0},{"damage_healed":0,"gold_gain":0,"player_choice":"Trade","damage_taken":0,"relics_obtained":["FaceOfCleric"],"max_hp_gain":0,"max_hp_loss":0,"event_name":"FaceTrader","floor":25,"gold_loss":0},{"damage_healed":0,"gold_gain":50,"player_choice":"Pray","damage_taken":0,"max_hp_gain":0,"max_hp_loss":0,"event_name":"Golden Shrine","floor":27,"gold_loss":0}],"is_beta":false,"boss_relics":[{"not_picked":["Astrolabe","Runic Pyramid"],"picked":"aspiration:IroncladSkillbook"}],"items_purged_floors":[],"is_endless":false,"potions_floor_spawned":[6,8,11,14,21,28,31],"killed_by":"Collector","ascension_level":20}}