{"host":"6xnetdfutjfdr70g","time":1612817203,"event":{"mods":["BaseMod","Colored Powertips","Highlight Path","Minty Spire (QoL Compilation)","Relic Stats"],"gold_per_floor":[118,193,193,193,209,209,223,251,251,277,277,293,293,312,312,391,391,411,326,343,49,67,67,80,80,104,104,117,151,151,170,170,249,249,264,19,38,53,71,71,85,85,85,85,110,110,121,153,153,153],"floor_reached":51,"language":"ENG","playtime":12300,"items_purged":["Defend_G","Strike_G"],"score":1256,"play_id":"00ba4a2b-42f2-4d28-a821-91526d8447da","local_time":"20210208144643","is_ascension_mode":true,"campfire_choices":[{"floor":6.0,"key":"REST"},{"floor":11.0,"key":"REST"},{"data":"Terror","floor":13.0,"key":"SMITH"},{"data":"Noxious Fumes","floor":15.0,"key":"SMITH"},{"data":"Malaise","floor":23.0,"key":"SMITH"},{"data":"Footwork","floor":25.0,"key":"SMITH"},{"floor":30.0,"key":"REST"},{"floor":32.0,"key":"REST"},{"floor":40.0,"key":"REST"},{"floor":44.0,"key":"REST"},{"floor":49,"key":"RECALL"}],"circlet_count":0,"master_deck":["AscendersBane","Strike_G","Strike_G","Defend_G","Defend_G","Defend_G","Survivor","Neutralize+1","Well Laid Plans","Dagger Spray","Backflip","Terror+1","Footwork+1","Backstab","Dagger Throw+1","Noxious Fumes+1","Malaise+1","Bane+1","Acrobatics","PiercingWail","Catalyst","PiercingWail+1","Adrenaline","Backflip+1","Apotheosis","Footwork","Deadly Poison+1","Catalyst","Dagger Throw","Eviscerate","Acrobatics","Adrenaline"],"relics":["Ring of the Snake","Tiny Chest","The Courier","Bird Faced Urn","HoveringKite","Turnip","PreservedInsect","OrangePellets","Whetstone","Toy Ornithopter","Fusion Hammer","Membership Card","HornCleat","Omamori","Ice Cream","Smiling Mask"],"acts_visited":["Exordium","TheCity","TheBeyond"],"potions_floor_usage":[47,47],"damage_taken":[{"damage":3.0,"enemies":"Cultist","floor":1.0,"turns":4.0},{"damage":3.0,"enemies":"Jaw Worm","floor":5.0,"turns":4.0},{"damage":7.0,"enemies":"Small Slimes","floor":7.0,"turns":4.0},{"damage":27.0,"enemies":"3 Sentries","floor":8.0,"turns":10.0},{"damage":1.0,"enemies":"Lagavulin","floor":10.0,"turns":10.0},{"damage":3.0,"enemies":"2 Fungi Beasts","floor":12.0,"turns":4.0},{"damage":3.0,"enemies":"Blue Slaver","floor":14.0,"turns":4.0},{"damage":16.0,"enemies":"Hexaghost","floor":16.0,"turns":9.0},{"damage":4.0,"enemies":"Chosen","floor":18.0,"turns":5.0},{"damage":9.0,"enemies":"Spheric Guardian","floor":20.0,"turns":6.0},{"damage":7.0,"enemies":"Snake Plant","floor":22.0,"turns":5.0},{"damage":0.0,"enemies":"Centurion and Healer","floor":24.0,"turns":5.0},{"damage":22.0,"enemies":"3 Cultists","floor":28.0,"turns":6.0},{"damage":40.0,"enemies":"Slavers","floor":29.0,"turns":5.0},{"damage":19.0,"enemies":"Snecko","floor":31.0,"turns":8.0},{"damage":29.0,"enemies":"Automaton","floor":33.0,"turns":12.0},{"damage":17.0,"enemies":"3 Darklings","floor":35.0,"turns":5.0},{"damage":0.0,"enemies":"Orb Walker","floor":37.0,"turns":3.0},{"damage":14.0,"enemies":"4 Shapes","floor":38.0,"turns":5.0},{"damage":1.0,"enemies":"Jaw Worm Horde","floor":39.0,"turns":4.0},{"damage":16.0,"enemies":"Writhing Mass","floor":41.0,"turns":5.0},{"damage":30,"enemies":"Reptomancer","floor":45,"turns":6},{"damage":0,"enemies":"4 Shapes","floor":47,"turns":6},{"damage":0,"enemies":"Nemesis","floor":48,"turns":5},{"damage":21,"enemies":"Awakened One","floor":50,"turns":16}],"seed_played":"-8196852105193953813","potions_obtained":[{"floor":5.0,"key":"PowerPotion"},{"floor":8.0,"key":"Fruit Juice"},{"floor":10.0,"key":"Fire Potion"},{"floor":12.0,"key":"DuplicationPotion"},{"floor":16.0,"key":"Ancient Potion"},{"floor":28.0,"key":"SpeedPotion"},{"floor":33.0,"key":"GhostInAJar"},{"floor":39.0,"key":"GamblersBrew"},{"floor":41.0,"key":"Regen Potion"},{"floor":48,"key":"BlessingOfTheForge"}],"is_trial":false,"path_per_floor":["M","?","?","?","M","R","M","E","T","E","R","M","R","M","R","B",null,"M","?","M","$","M","R","M","R","T","?","M","E","R","M","R","B",null,"M","$","M","M","M","R","M","?","T","R","E","T","M","E","R","B",null],"character_chosen":"THE_SILENT","items_purchased":["PreservedInsect","OrangePellets","Membership Card","Apotheosis","Footwork"],"campfire_rested":6,"item_purchase_floors":[21,21,36,36,36],"current_hp_per_floor":[56,45,38,38,35,54,47,25,25,24,45,44,44,43,43,35,62,64,64,61,61,58,58,64,64,64,64,46,8,29,16,37,24,59,46,46,52,49,52,71,59,59,59,71,45,45,71,71,71,56],"gold":153,"neow_bonus":"TRANSFORM_CARD","is_daily":false,"chose_seed":false,"campfire_upgraded":4,"win_rate":0.0,"timestamp":1612817203,"path_taken":["M","?","?","?","M","R","M","E","T","E","R","M","R","M","R","BOSS","M","?","M","$","M","R","M","R","T","?","M","E","R","M","R","BOSS","M","$","M","M","M","R","M","?","T","R","E","?","M","E","R","BOSS"],"items_purchased_type":["Relic","Relic","Relic","Card","Card"],"build_version":"2020-12-22","purchased_purges":2,"victory":true,"max_hp_per_floor":[66,66,66,66,66,66,66,71,71,71,71,71,71,71,71,71,71,71,71,71,71,71,71,71,71,71,71,71,71,71,71,71,71,71,71,71,71,71,71,71,71,71,71,71,71,71,71,71,71,71],"relic_stats":{"OrangePellets":[6],"counters":[25,156],"Bird Faced Urn":[93],"HoveringKite":[66],"Tiny Chest":1,"Turnip":[11],"PreservedInsect":152,"Whetstone":["Bane","Dagger Throw"],"Smiling Mask":0,"obtain_stats":[{"Ice Cream":46,"HoveringKite":17,"The Courier":9,"PreservedInsect":21,"Omamori":45,"Whetstone":26,"Smiling Mask":48,"OrangePellets":21,"HornCleat":43,"Bird Faced Urn":10,"Tiny Chest":8,"Turnip":19,"Fusion Hammer":34,"Membership Card":36,"Toy Ornithopter":29,"Ring of the Snake":0},{"Ice Cream":22,"HoveringKite":8,"The Courier":4,"PreservedInsect":10,"Omamori":22,"Whetstone":12,"Smiling Mask":24,"OrangePellets":10,"HornCleat":21,"Bird Faced Urn":5,"Tiny Chest":4,"Turnip":9,"Fusion Hammer":16,"Membership Card":17,"Toy Ornithopter":14,"Ring of the Snake":0},{"Ice Cream":129,"HoveringKite":49,"The Courier":22,"PreservedInsect":60,"Omamori":129,"Whetstone":70,"Smiling Mask":140,"OrangePellets":60,"HornCleat":123,"Bird Faced Urn":32,"Tiny Chest":22,"Turnip":54,"Fusion Hammer":101,"Membership Card":106,"Toy Ornithopter":81,"Ring of the Snake":0}],"Toy Ornithopter":25,"Ring of the Snake":[50]},"card_choices":[{"not_picked":["Prepared","Slice"],"picked":"Dagger Spray","floor":1.0},{"not_picked":["Quick Slash","Concentrate"],"picked":"Backflip","floor":5.0},{"not_picked":["Dodge and Roll","Slice"],"picked":"Terror","floor":7.0},{"not_picked":["Sucker Punch","Dash"],"picked":"Footwork","floor":8.0},{"not_picked":["A Thousand Cuts","Quick Slash"],"picked":"Backstab","floor":10.0},{"not_picked":["Deflect","Flying Knee"],"picked":"Dagger Throw","floor":12.0},{"not_picked":["Dodge and Roll","Flying Knee"],"picked":"Noxious Fumes","floor":14.0},{"not_picked":["Wraith Form v2","Doppelganger"],"picked":"Malaise","floor":16.0},{"not_picked":["Slice","Underhanded Strike"],"picked":"Bane","floor":18.0},{"not_picked":["Outmaneuver","Dodge and Roll"],"picked":"Acrobatics","floor":20.0},{"not_picked":["Eviscerate+1","Flying Knee"],"picked":"PiercingWail","floor":22.0},{"not_picked":["Skewer+1","Bane","Blade Dance"],"picked":"SKIP","floor":24.0},{"not_picked":["Dagger Throw+1","Blur"],"picked":"Catalyst","floor":28.0},{"not_picked":["Venomology","Slice"],"picked":"PiercingWail+1","floor":29.0},{"not_picked":["Flying Knee","PiercingWail","Concentrate"],"picked":"SKIP","floor":31.0},{"not_picked":["Grand Finale","Die Die Die"],"picked":"Adrenaline","floor":33.0},{"not_picked":["Deflect+1","Finisher"],"picked":"Backflip+1","floor":35.0},{"not_picked":["Choke+1","Poisoned Stab"],"picked":"Deadly Poison+1","floor":37.0},{"not_picked":["Unload","Quick Slash","Poisoned Stab"],"picked":"SKIP","floor":38.0},{"not_picked":["Prepared+1","Underhanded Strike+1"],"picked":"Catalyst","floor":39.0},{"not_picked":["Bane+1","Blade Dance"],"picked":"Dagger Throw","floor":41.0},{"not_picked":["Flechettes","Prepared"],"picked":"Acrobatics","floor":45},{"not_picked":["Flying Knee+1","Accuracy"],"picked":"Adrenaline","floor":47},{"not_picked":["Poisoned Stab","Backstab","Sucker Punch"],"picked":"SKIP","floor":48}],"player_experience":444932,"relics_obtained":[{"floor":8.0,"key":"Tiny Chest"},{"floor":9.0,"key":"The Courier"},{"floor":10.0,"key":"Bird Faced Urn"},{"floor":26.0,"key":"Whetstone"},{"floor":29.0,"key":"Toy Ornithopter"},{"floor":43.0,"key":"HornCleat"},{"floor":45,"key":"Omamori"},{"floor":46,"key":"Ice Cream"},{"floor":48,"key":"Smiling Mask"}],"event_choices":[{"damage_healed":0.0,"max_hp_gain":0.0,"max_hp_loss":0.0,"gold_gain":75.0,"event_name":"World of Goop","player_choice":"Gather Gold","floor":2.0,"gold_loss":0.0,"damage_taken":11.0},{"cards_removed":["Strike_G"],"damage_healed":0.0,"max_hp_gain":0.0,"max_hp_loss":0.0,"gold_gain":0.0,"event_name":"Golden Wing","player_choice":"Card Removal","floor":3.0,"gold_loss":0.0,"damage_taken":7.0},{"damage_healed":0.0,"max_hp_gain":0.0,"max_hp_loss":0.0,"gold_gain":0.0,"event_name":"Living Wall","player_choice":"Grow","floor":4.0,"gold_loss":0.0,"damage_taken":0.0,"cards_upgraded":["Neutralize"]},{"damage_healed":0.0,"max_hp_gain":0.0,"max_hp_loss":0.0,"gold_gain":0.0,"event_name":"Addict","player_choice":"Obtained Relic","floor":19.0,"gold_loss":85.0,"damage_taken":0.0,"relics_obtained":["Turnip"]},{"damage_healed":0.0,"max_hp_gain":0.0,"max_hp_loss":0.0,"gold_gain":0.0,"event_name":"Vampires","player_choice":"Ignored","floor":27.0,"gold_loss":0.0,"damage_taken":0.0},{"damage_healed":0.0,"max_hp_gain":0.0,"max_hp_loss":0.0,"gold_gain":0.0,"cards_transformed":["Strike_G"],"event_name":"Transmorgrifier","player_choice":"Transformed","floor":42.0,"gold_loss":0.0,"damage_taken":0.0,"cards_obtained":["Eviscerate"]}],"is_beta":false,"boss_relics":[{"not_picked":["SacredBark","Cursed Key"],"picked":"HoveringKite"},{"not_picked":["Coffee Dripper","Pandora\u0027s Box"],"picked":"Fusion Hammer"}],"items_purged_floors":[21,36],"is_endless":false,"potions_floor_spawned":[5,8,10,12,16,20,22,28,33,39,41,45,48],"ascension_level":14}}