{"host":"lddajdu6cqgaqcx3","time":1612793809,"event":{"mods":["Act Like it!","BaseMod","Bossed Relics","Colored Map","Downfall","Gensokyo","Marisa£®ÏF”Í°°ƒß¿Ì…≥£©","Minty Spire (QoL Compilation)","Reimu£®≤©¿ˆ¡È√Œ£©","Remilia£®¿Ÿ√◊¿Ú—«£©","Replay The Spire","StSLib"],"gold_per_floor":[216,235,3,278,309,340,340,354,377,95,143,173,189,27,27,145,145,176,193,244,314,314,314,327,373,399,468,507,558,594,622,622,760,860,877,893,925,925,488,514,514,548,548,577,587,587,602,450,450,450,450,450],"floor_reached":53,"language":"ZHS","playtime":3308,"items_purged":["Defend_RM","Regret","Defend_RM"],"score":1267,"play_id":"88ce0bfa-4eb1-4e8b-9c3d-f747ee02f538","local_time":"20210208221649","is_ascension_mode":true,"campfire_choices":[{"data":"BlasphemousPunishment","floor":7.0,"key":"SMITH"},{"floor":15,"key":"DIG"},{"floor":23,"key":"REST"},{"data":"Defend_RM","floor":32,"key":"PURGE"},{"data":"BloodyMagicSquare","floor":41,"key":"SMITH"},{"data":"Master of Strategy","floor":46,"key":"SMITH"}],"circlet_count":0,"master_deck":["Strike_RM","Strike_RM","Strike_RM","Strike_RM+1","Defend_RM","RedMoon","ScarletShoot","UnstableMagic","BlasphemousPunishment+1","DiffusionOfMisfortune","Flash of Steel+1","VampireKiss","BloodyMagicSquare+1","Stigmanizer","Master of Strategy+1","FavorOfDestiny","UnstableMagic","Discovery","BloodyHallows","Ultimatum","NightDance","NightDance+1","BloodySeventeenLaser","BombardNight","Stigmanizer","MillenniumVampire","UnderTheZenith","BloodRain","VampireKiss","BloodySeventeenLaser","CharismaGuard+1","MillenniumVampire","Stigmanizer+1","RedMagic+1","QueenOfMidnight","EternalNight+1","BloodySeventeenLaser","EndlessAdversity+1","VampireClaw+1","UnstableMagic+1","FitfulNightmare+1","FitfulNightmare","FitfulNightmare","SuperhumanBloodyKnife","ScarletNetherworld+1","SuperhumanBloodyKnife","ChainGang+1","UnstableMagic","NightDance"],"relics":["ScarletHat","PreservedInsect","Juzu Bracelet","BargainBundle","Whetstone","Replay:Wax Seal","Velvet Choker","Blue Doll","RuthlessExorcism:ReiMu","Ancient Tea Set","ReplayFunnel","Bag of Marbles","Replay:Ringing Soul","Replay:Wanted Poster","Calipers","Blood Vial","ReplayTheSpireMod:TigerMarble","Replay:WaspNest","Mastiff:ReiMu","ClockworkSouvenir","ReplayTheSpireMod:Ring of Exchange"],"acts_visited":["Exordium","TheCity","TheBeyond"],"potions_floor_usage":[11,11,11,12,13,16,19,20,24,25,28,30,31,40,40,52,52],"damage_taken":[{"damage":0.0,"enemies":"2 Louse","floor":1.0,"turns":3.0},{"damage":2.0,"enemies":"Cultist","floor":2.0,"turns":5.0},{"damage":2.0,"enemies":"Small Slimes","floor":5.0,"turns":4.0},{"damage":29.0,"enemies":"Lagavulin","floor":6.0,"turns":9.0},{"damage":15.0,"enemies":"Red Slaver","floor":8.0,"turns":2.0},{"damage":21,"enemies":"Gremlin Nob","floor":11,"turns":2},{"damage":10,"enemies":"Exordium Wildlife","floor":12,"turns":3},{"damage":9,"enemies":"Lots of Slimes","floor":13,"turns":5},{"damage":4,"enemies":"Slime Boss","floor":16,"turns":9},{"damage":50,"enemies":"Shell Parasite","floor":18,"turns":2},{"damage":17,"enemies":"Chosen","floor":19,"turns":4},{"damage":14,"enemies":"3 Cultists","floor":20,"turns":5},{"damage":5,"enemies":"Centurion and Healer","floor":24,"turns":2},{"damage":33,"enemies":"Book of Stabbing","floor":25,"turns":4},{"damage":5,"enemies":"Gremlin Leader","floor":27,"turns":6},{"damage":0,"enemies":"Snecko","floor":28,"turns":3},{"damage":9,"enemies":"Book of Stabbing","floor":29,"turns":2},{"damage":20,"enemies":"Sentry and Sphere","floor":30,"turns":6},{"damage":2,"enemies":"Gremlin Leader","floor":31,"turns":3},{"damage":12,"enemies":"Champ","floor":33,"turns":10},{"damage":42,"enemies":"Orb Walker","floor":35,"turns":2},{"damage":14,"enemies":"3 Darklings","floor":36,"turns":2},{"damage":50,"enemies":"Writhing Mass","floor":37,"turns":4},{"damage":35,"enemies":"Reptomancer","floor":40,"turns":2},{"damage":40,"enemies":"Nemesis","floor":42,"turns":3},{"damage":44,"enemies":"Reptomancer","floor":44,"turns":2},{"damage":38,"enemies":"Spire Growth","floor":45,"turns":2},{"damage":13,"enemies":"3 Darklings","floor":47,"turns":2},{"damage":15,"enemies":"Time Eater","floor":52,"turns":4}],"seed_played":"-2808993447024872195","potions_obtained":[{"floor":1.0,"key":"Fruit Juice"},{"floor":2.0,"key":"AttackPotion"},{"floor":2.0,"key":"AttackPotion"},{"floor":6.0,"key":"champ:CounterPotion"},{"floor":8.0,"key":"DuplicationPotion"},{"floor":11,"key":"GrandPatriotsElixir:ReiMu"},{"floor":11,"key":"Doom Potion"},{"floor":11,"key":"Elixir"},{"floor":13,"key":"FairyPotion"},{"floor":13,"key":"LifebloodPotion"},{"floor":16,"key":"AttackPotion"},{"floor":18,"key":"Weak Potion"},{"floor":19,"key":"Adrenaline Potion"},{"floor":19,"key":"Ancient Potion"},{"floor":21,"key":"Guardian:BlockOnCardUsePotion"},{"floor":21,"key":"Cursed Concoction"},{"floor":24,"key":"Slimebound:ThreeZeroPotion"},{"floor":27,"key":"LifebloodPotion"},{"floor":28,"key":"Dexterity Potion"},{"floor":33,"key":"Cursed Concoction"},{"floor":35,"key":"DuplicationPotion"},{"floor":35,"key":"PowerPotion"},{"floor":42,"key":"ZuzhouPotion:ReiMu"},{"floor":44,"key":"Toxic Potion"},{"floor":47,"key":"BlessingOfTheForge"}],"is_trial":false,"path_per_floor":["M","M","$","?","M","E","R","M","T","$","E","M","M","$","R_BF","B",null,"M","M","M","?","?","R","M","E","T","E","M","E","M","E","R_BF","B",null,"M","M","M","?","$","E","R","E","T","E","M","R","M","$","PTL","PTL","R_BF","B",null],"character_chosen":"REMILIA","items_purchased":["BlasphemousPunishment","DiffusionOfMisfortune","Flash of Steel","BargainBundle","Master of Strategy","FavorOfDestiny","UnstableMagic","champ:CounterPotion","Discovery","NightDance+1","FitfulNightmare","SuperhumanBloodyKnife","Calipers","ClockworkSouvenir"],"campfire_rested":1,"item_purchase_floors":[3,3,3,10,10,10,10,10,10,14,39,39,39,48],"current_hp_per_floor":[80,78,78,78,76,55,55,41,41,41,20,15,8,8,8,10,80,33,22,15,15,15,39,36,8,8,12,18,13,3,7,7,20,83,86,75,66,66,69,78,78,85,85,48,23,23,28,28,28,28,28,54],"gold":450,"neow_bonus":"HUNDRED_GOLD","is_daily":false,"chose_seed":false,"campfire_upgraded":3,"win_rate":0.0,"timestamp":1612793809,"path_taken":["M","M","$","?","M","E","R","M","T","$","E","M","M","?","R_BF","BOSS","M","M","M","?","?","R","M","E","T","E","M","E","M","E","R_BF","BOSS","M","M","M","?","$","E","R","E","T","E","M","R","M","$","PTL","PTL","R_BF","BOSS"],"items_purchased_type":["Card","Card","Card","Relic","Card","Card","Card","Potion","Card","Card","Card","Card","Relic","Relic"],"build_version":"2020-12-22","purchased_purges":3,"victory":true,"max_hp_per_floor":[80,80,80,80,80,80,80,80,80,80,80,80,80,80,80,80,80,80,80,80,80,80,80,80,80,80,80,80,80,80,80,80,83,83,86,89,92,92,95,98,98,101,101,104,107,107,110,110,110,110,110,110],"card_choices":[{"not_picked":["Maim","AfternoonTea"],"picked":"FavorOfDestiny","floor":1.0},{"not_picked":["ReincarnationDial","ScarletNetherworld"],"picked":"UnstableMagic","floor":2.0},{"not_picked":["UnderTheZenith","NightDance"],"picked":"VampireKiss","floor":5.0},{"not_picked":["VampireFantasy","HeartBreak"],"picked":"BloodyMagicSquare","floor":6.0},{"not_picked":["VampireKiss","BloodyTrap"],"picked":"Stigmanizer","floor":8.0},{"not_picked":["TwelveNightmare","VampirishNight"],"picked":"BloodyHallows","floor":11},{"not_picked":["HunterOfTheNight","BloodyTrap"],"picked":"Ultimatum","floor":12},{"not_picked":["BombardNight","Septette"],"picked":"NightDance","floor":13},{"not_picked":["HeartBreak","TricksterDevil"],"picked":"BloodySeventeenLaser","floor":16},{"not_picked":["EndlessAdversity","ScarletDevil"],"picked":"BombardNight","floor":18},{"not_picked":["MastersStateliness","Septette"],"picked":"Stigmanizer","floor":19},{"not_picked":["NightDance","MiserableFate"],"picked":"MillenniumVampire","floor":19},{"not_picked":["ScarletDream","VampireSweep"],"picked":"UnderTheZenith","floor":20},{"not_picked":["Maim","VampireFantasy"],"picked":"BloodRain","floor":20},{"not_picked":["DiffusionOfMisfortune","ScarletNetherworld"],"picked":"VampireKiss","floor":21},{"not_picked":["MastersStateliness","ScarletDevil"],"picked":"CharismaGuard+1","floor":24},{"not_picked":["BlasphemousPunishment","TricksterDevil"],"picked":"MillenniumVampire","floor":25},{"not_picked":["NightLord","VampireKiss"],"picked":"Stigmanizer+1","floor":27},{"not_picked":["ScarletNetherworld","Stigmanizer"],"picked":"RedMagic+1","floor":28},{"not_picked":["ScarletSymphony","NightDance"],"picked":"QueenOfMidnight","floor":29},{"not_picked":["EndlessAdversity+1","StarOfDavid+1"],"picked":"EternalNight+1","floor":30},{"not_picked":["NightDance","MillenniumVampire","BloodHunter"],"picked":"SKIP","floor":31},{"not_picked":["DemonKingCradle","BloodyHallows"],"picked":"BloodySeventeenLaser","floor":33},{"not_picked":["VampirishNight","ScarletNetherworld"],"picked":"EndlessAdversity+1","floor":35},{"not_picked":["ForbiddenFruit","MiserableFate"],"picked":"VampireClaw+1","floor":35},{"not_picked":["StarOfDavid","EndlessAdversity"],"picked":"UnstableMagic+1","floor":36},{"not_picked":["ScarletDevil+1","EmergencyRegeneration"],"picked":"FitfulNightmare+1","floor":37},{"not_picked":["ScarletDevil","ChainGang"],"picked":"ScarletNetherworld+1","floor":40},{"not_picked":["BloodRain","MastersStateliness+1"],"picked":"SuperhumanBloodyKnife","floor":42},{"not_picked":["FavorOfDestiny+1","BloodyMagicSquare"],"picked":"ChainGang+1","floor":44},{"not_picked":["RedRainbow","VampireClaw"],"picked":"UnstableMagic","floor":45},{"not_picked":["MastersStateliness+1","Septette"],"picked":"NightDance","floor":47}],"player_experience":10030,"relics_obtained":[{"floor":6.0,"key":"PreservedInsect"},{"floor":9.0,"key":"Juzu Bracelet"},{"floor":11,"key":"Whetstone"},{"floor":15,"key":"Replay:Wax Seal"},{"floor":21,"key":"Blue Doll"},{"floor":25,"key":"RuthlessExorcism:ReiMu"},{"floor":26,"key":"Ancient Tea Set"},{"floor":27,"key":"ReplayFunnel"},{"floor":29,"key":"Bag of Marbles"},{"floor":31,"key":"Replay:Ringing Soul"},{"floor":40,"key":"Blood Vial"},{"floor":42,"key":"ReplayTheSpireMod:TigerMarble"},{"floor":43,"key":"Replay:WaspNest"},{"floor":44,"key":"Mastiff:ReiMu"},{"floor":51,"key":"ReplayTheSpireMod:Ring of Exchange"}],"event_choices":[{"damage_healed":0.0,"max_hp_gain":0.0,"max_hp_loss":0.0,"gold_gain":275.0,"event_name":"Golden Shrine","player_choice":"Desecrate","floor":4.0,"gold_loss":0.0,"damage_taken":0.0,"cards_obtained":["Regret"]},{"damage_healed":0,"gold_gain":0,"player_choice":"Copied","damage_taken":0,"max_hp_gain":0,"max_hp_loss":0,"event_name":"Duplicator","floor":22,"gold_loss":0,"cards_obtained":["BloodySeventeenLaser"]},{"cards_removed":["FavorOfDestiny"],"damage_healed":0,"gold_gain":0,"player_choice":"Removed Skill","damage_taken":0,"max_hp_gain":0,"max_hp_loss":0,"event_name":"Falling","floor":38,"gold_loss":0}],"is_beta":false,"boss_relics":[{"not_picked":["Fusion Hammer","ChewingGum"],"picked":"Velvet Choker"},{"not_picked":["Calling Bell","Snecko Eye"],"picked":"Replay:Wanted Poster"}],"items_purged_floors":[3,10,14],"is_endless":false,"potions_floor_spawned":[1,2,8,11,13,18,19,24,27,28,33,35,42,44,47],"ascension_level":1}}