{"host":"aduepa6pof7ckcrz","time":1612806973,"event":{"mods":["Act Like it!","Arknights","Aspiration","BaseMod","CapriCore","Colored Map","Colored Powertips","Downfall","Hallownest","Hermit","Hubris","Minty Spire (QoL Compilation)","Quick Restart","Replay The Spire","Robot Space Explorer","Shop Mod","StSLib","The Bug Knight","The Marked"],"gold_per_floor":[116,116,18,33,48,79,96,123,123,123,135,135,135,154,154,258,258,271,39,39,39,39,39,52,52,52,79,92,92,92,104,104,209,209,229,246,42,55,55,55,86,99,122,138,168,168,168,19,19,19],"floor_reached":51,"language":"FRA","playtime":2916,"items_purged":["theMarked:Strike","theMarked:Strike"],"score":760,"play_id":"31eb46d0-27ba-4ca2-95c6-700d19d798a3","local_time":"20210208185613","is_ascension_mode":false,"campfire_choices":[{"data":"theMarked:Heritage","floor":12,"key":"SMITH"},{"data":"theMarked:Memento","floor":15,"key":"SMITH"},{"data":"theMarked:Levitate","floor":23,"key":"SMITH"},{"data":"theMarked:Vacuum","floor":29,"key":"SMITH"},{"data":"theMarked:WardOff","floor":32,"key":"SMITH"},{"data":"theMarked:Toughness","floor":40,"key":"SMITH"},{"data":"theMarked:Indomitable","floor":46,"key":"SMITH"},{"data":"theMarked:Seal","floor":49,"key":"SMITH"}],"circlet_count":0,"master_deck":["theMarked:Strike","theMarked:Strike","theMarked:Defend","theMarked:Defend","theMarked:Defend","theMarked:UnarmedFury","theMarked:ChainLightning","theMarked:WardOff+1","theMarked:BanishingStrike","theMarked:Heritage+1","theMarked:Seal+1","theMarked:Reabsorb","theMarked:Maelstrom","theMarked:Levitate+1","theMarked:BanishingStrike","theMarked:Memento+1","theMarked:Vacuum","theMarked:Determination+1","theMarked:Aftermath+1","theMarked:HeightenedSenses+1","theMarked:MysticalArsenal+1","theMarked:Vacuum+1","theMarked:Indomitable+1","theMarked:Toughness+1","theMarked:Heritage+1","theMarked:ComboAttacks+1"],"relics":["theMarked:ArtifactOfAir","Singing Bowl","ReplayFunnel","TungstenRod","Hallownest:DreamNailRelic","Astrolabe","Hallownest:WatcherSealRelic","Mummified Hand","hubris:DisguiseKit","Painkiller Herb","theMarked:DemonDagger","Replay:Wax Seal","ReplayTheSpireMod:Lightbulb","Pear"],"acts_visited":["Hallownest:Greenpath","Hallownest:CityofTears","Hallownest:KingdomsEdge"],"potions_floor_usage":[6,8,8,11,31,35,36,38,41,50,50],"damage_taken":[{"damage":1,"enemies":"2_ Uuma","floor":1,"turns":4},{"damage":0,"enemies":"Hallownest:2_Baldur","floor":4,"turns":3},{"damage":0,"enemies":"Hallownest:monsterHuskGuard","floor":5,"turns":4},{"damage":5,"enemies":"Hallownest:eliteCrystalGuardian","floor":6,"turns":4},{"damage":11,"enemies":"Hallownest:monsterFoolEater","floor":7,"turns":4},{"damage":0,"enemies":"Hallownest:eliteVengeflyKing","floor":8,"turns":5},{"damage":0,"enemies":"Hallownest:monsterAspidMother","floor":10,"turns":2},{"damage":0,"enemies":"Hallownest:Wandering_and_Horned","floor":11,"turns":3},{"damage":1,"enemies":"Hallownest:monsterFoolEater","floor":14,"turns":3},{"damage":3,"enemies":"Hallownest:BossBrokenVessel","floor":16,"turns":6},{"damage":9,"enemies":"Hallownest:Flukemon_and_Top","floor":18,"turns":5},{"damage":0,"enemies":"Hallownest:Flukemon_and_Top","floor":22,"turns":5},{"damage":1,"enemies":"Hallownest:3_Youths","floor":24,"turns":4},{"damage":12,"enemies":"Hallownest:eliteWatcherKnight","floor":27,"turns":9},{"damage":0,"enemies":"Hallownest:Master_and_Novice","floor":28,"turns":2},{"damage":0,"enemies":"Hallownest:2_Flukemon","floor":31,"turns":5},{"damage":30,"enemies":"Hallownest:BossMantisLord","floor":33,"turns":7},{"damage":7,"enemies":"Hallownest:2_Littles","floor":35,"turns":4},{"damage":0,"enemies":"Hallownest:3_Siblings","floor":36,"turns":4},{"damage":0,"enemies":"Hallownest:Shield_Sturdy","floor":38,"turns":4},{"damage":12,"enemies":"Hallownest:eliteCollector","floor":41,"turns":4},{"damage":0,"enemies":"Hallownest:Xero_Hu_Marmu","floor":42,"turns":5},{"damage":0,"enemies":"Hallownest:2_Wandering_and_1_Horned","floor":44,"turns":7},{"damage":3,"enemies":"Hallownest:eliteHiveKnight","floor":45,"turns":6},{"damage":39,"enemies":"Hallownest:Radiance","floor":50,"turns":10}],"seed_played":"1040007120208492815","potions_obtained":[{"floor":4,"key":"Venom Potion"},{"floor":6,"key":"BlessingOfTheForge"},{"floor":7,"key":"ColorlessPotion"},{"floor":8,"key":"Block Potion"},{"floor":14,"key":"bronze:BurnAndBuffPotion"},{"floor":24,"key":"SteroidPotion"},{"floor":27,"key":"DistilledChaos"},{"floor":31,"key":"Guardian:BlockOnCardUsePotion"},{"floor":35,"key":"Block Potion"},{"floor":38,"key":"Fire Potion"},{"floor":41,"key":"Death Potion"}],"is_trial":false,"path_per_floor":["M","?","$","M","M","E","M","E","T","M","M","R","?","M","R","B",null,"M","$","?","?","?","R","M","?","T","E","M","R","$","M","R","B",null,"?","?","T","?","T","T","E","?","T","?","E","T","?","T","T","B",null],"character_chosen":"THE_DEFAULT","items_purchased":["theMarked:WardOff","theMarked:BanishingStrike","theMarked:Vacuum","theMarked:DemonDagger","SkillPotion","sneckomod:MuddlingPotion"],"campfire_rested":0,"item_purchase_floors":[3,3,19,37,37,48],"current_hp_per_floor":[62,63,63,63,63,58,49,49,49,49,49,49,49,48,48,45,65,56,56,56,56,56,56,57,67,67,55,57,57,57,59,59,29,71,66,68,68,70,70,70,58,60,60,60,69,69,78,78,78,39],"gold":19,"neow_bonus":"THREE_RARE_CARDS","is_daily":false,"chose_seed":false,"campfire_upgraded":8,"win_rate":0.0,"timestamp":1612806973,"path_taken":["M","?","?","M","M","E","M","E","T","M","?","R","?","M","R","BOSS","M","$","?","?","?","R","M","?","T","E","?","R","$","M","R","BOSS","?","?","T","?","T","T","E","?","T","?","E","T","?","T","T","BOSS"],"items_purchased_type":["Card","Card","Card","Relic","Potion","Potion"],"build_version":"2020-12-22","purchased_purges":2,"victory":true,"max_hp_per_floor":[63,63,63,63,63,63,65,65,65,65,65,65,65,65,65,65,65,65,65,65,65,65,65,67,67,67,67,69,69,69,71,71,71,71,73,75,75,77,77,77,77,79,79,79,91,91,91,91,91,91],"card_choices":[{"not_picked":["theMarked:Vacuum","theMarked:Levitate"],"picked":"theMarked:UnarmedFury","floor":0},{"not_picked":["theMarked:TwofoldDefense","theMarked:OneWithTheBlade"],"picked":"theMarked:ChainLightning","floor":1},{"not_picked":["theMarked:LightningStrikesTwice","theMarked:BanishingStrike"],"picked":"theMarked:Heritage","floor":4},{"not_picked":["theMarked:BanishingStrike","theMarked:ElectricStrings"],"picked":"theMarked:Seal","floor":5},{"not_picked":["theMarked:RepellingDischarge","theMarked:Frustration"],"picked":"theMarked:Reabsorb","floor":6},{"not_picked":["theMarked:WastefulAttack","theMarked:TakeCover","theMarked:Frustration"],"picked":"Singing Bowl","floor":7},{"not_picked":["theMarked:ElectricStrings","theMarked:EmpowerWeapon"],"picked":"theMarked:Maelstrom","floor":8},{"not_picked":["theMarked:RepellingDischarge","theMarked:Parry"],"picked":"theMarked:Levitate","floor":10},{"not_picked":["theMarked:HeightenedSenses","theMarked:RepellingDischarge"],"picked":"theMarked:BanishingStrike","floor":11},{"not_picked":["theMarked:HeightenedSenses","theMarked:ContemptForTheProud"],"picked":"theMarked:Memento","floor":14},{"not_picked":["theMarked:MagusForm","theMarked:TakeOffHeels"],"picked":"theMarked:Vacuum","floor":16},{"not_picked":["theMarked:SwordAndMagic","theMarked:Memento"],"picked":"theMarked:MysticalArsenal+1","floor":18},{"not_picked":["theMarked:TwofoldDefense","theMarked:Improvise","theMarked:WastefulAttack"],"picked":"Singing Bowl","floor":24},{"not_picked":["theMarked:Pokerface+1","theMarked:Frustration"],"picked":"theMarked:Indomitable","floor":27},{"not_picked":["theMarked:Aftermath","theMarked:Improvise+1","theMarked:HeightenedSenses+1","ats:Sashimi Platter"],"picked":"Singing Bowl","floor":28},{"not_picked":["theMarked:CreepingChasm+1","theMarked:Polarize+1","theMarked:MuscleMemory","ats:Absolute Focus"],"picked":"Singing Bowl","floor":31},{"not_picked":["theMarked:TurnInvisible","theMarked:UnarmedFury","ats:Ambush"],"picked":"theMarked:Toughness","floor":33},{"not_picked":["theMarked:StartUp","theMarked:Improvise","theMarked:ElectricStrings","ats:Explosion Area Strengthen"],"picked":"Singing Bowl","floor":35},{"not_picked":["theMarked:ChainLightning+1","theMarked:ShockingTouch+1","theMarked:LightningStrikesTwice+1","ats:Revitalization"],"picked":"Singing Bowl","floor":36},{"not_picked":["theMarked:WardOff+1","theMarked:EmpowerWeapon+1","theMarked:ResourceFulStrike+1","ats:Powerful Strike"],"picked":"Singing Bowl","floor":38},{"not_picked":["theMarked:DispelDoubt","theMarked:ChainLightning+1","ats:True Silver Slash"],"picked":"theMarked:Heritage+1","floor":41},{"not_picked":["theMarked:TakeCover","theMarked:HeightenedSenses+1","theMarked:PowerFlow","ats:Assault Order"],"picked":"Singing Bowl","floor":42},{"not_picked":["theMarked:ResourceFulStrike","theMarked:WastefulAttack+1","ats:Blood Oath"],"picked":"theMarked:ComboAttacks+1","floor":44},{"not_picked":["theMarked:WastefulAttack","theMarked:HeightenedSenses","theMarked:Polarize+1","ats:Shadow Raid"],"picked":"Singing Bowl","floor":45}],"player_experience":1029152,"relics_obtained":[{"floor":6,"key":"Singing Bowl"},{"floor":8,"key":"ReplayFunnel"},{"floor":9,"key":"TungstenRod"},{"floor":26,"key":"Mummified Hand"},{"floor":27,"key":"hubris:DisguiseKit"},{"floor":41,"key":"Replay:Wax Seal"},{"floor":43,"key":"ReplayTheSpireMod:Lightbulb"},{"floor":45,"key":"Pear"}],"event_choices":[],"is_beta":false,"boss_relics":[{"not_picked":["aspiration:IroncladSkillbook","Replay:Drink Me"],"picked":"Astrolabe"},{"not_picked":["Pandora\u0027s Box","Black Star"],"picked":"Painkiller Herb"}],"items_purged_floors":[19,48],"is_endless":false,"potions_floor_spawned":[4,6,7,8,14,24,27,31,35,38,41,42],"ascension_level":0}}