{"host":"04hh9gplt9wkfmr1","time":1612797718,"event":{"mods":["AchievementEnabler","BaseMod","Colored Map","KOR Keyword Fix","Minty Spire (QoL Compilation)","Rare Cards Sparkle","SuperFastMode"],"gold_per_floor":[214,227,402,477,87,87,102,121,121,147,158,158,158,158],"floor_reached":13,"language":"KOR","playtime":363,"items_purged":["Doubt"],"score":89,"play_id":"f50cbd2a-90da-40b6-9f11-ab8001870308","local_time":"20210209002158","is_ascension_mode":true,"campfire_choices":[{"data":"Fasting2","floor":6.0,"key":"SMITH"},{"data":"Eruption","floor":12,"key":"SMITH"}],"circlet_count":0,"master_deck":["Strike_P","Strike_P","Strike_P","Strike_P","Defend_P","Defend_P","Defend_P","Defend_P","Eruption+1","Vigilance","Crescendo","Fasting2+1","Crescendo","ClearTheMind","Establishment+1","SandsOfTime"],"relics":["PureWater","Ornamental Fan","InkBottle","Frozen Egg 2"],"acts_visited":["Exordium"],"potions_floor_usage":[13],"damage_taken":[{"damage":0.0,"enemies":"Cultist","floor":1.0,"turns":2.0},{"damage":0.0,"enemies":"Small Slimes","floor":2.0,"turns":3.0},{"damage":0.0,"enemies":"Jaw Worm","floor":7.0,"turns":3.0},{"damage":3.0,"enemies":"Blue Slaver","floor":8.0,"turns":4.0},{"damage":24,"enemies":"Lagavulin","floor":10,"turns":6},{"damage":1,"enemies":"Red Slaver","floor":11,"turns":2},{"damage":38,"enemies":"Gremlin Nob","floor":13,"turns":3}],"seed_played":"-5358334066106060073","potions_obtained":[{"floor":7.0,"key":"Block Potion"},{"floor":11,"key":"StancePotion"}],"is_trial":false,"path_per_floor":["M","M","?","?","$","R","M","M","T","E","M","R","E"],"character_chosen":"WATCHER","items_purchased":["Fasting2","Ornamental Fan"],"campfire_rested":0,"item_purchase_floors":[5,5],"current_hp_per_floor":[72,72,72,61,61,61,61,58,58,34,33,33,0,0],"gold":158,"neow_bonus":"HUNDRED_GOLD","is_daily":false,"chose_seed":false,"campfire_upgraded":2,"win_rate":0.0,"timestamp":1612797718,"path_taken":["M","M","?","?","$","R","M","M","T","E","M","R","E"],"items_purchased_type":["Card","Relic"],"build_version":"2020-12-22","purchased_purges":1,"victory":false,"max_hp_per_floor":[72,72,72,72,72,72,72,72,72,72,72,72,72,72],"card_choices":[{"not_picked":["FollowUp","Evaluate"],"picked":"Crescendo","floor":1.0},{"not_picked":["Swivel","Prostrate","CrushJoints"],"picked":"SKIP","floor":2.0},{"not_picked":["BowlingBash","BattleHymn"],"picked":"Crescendo","floor":7.0},{"not_picked":["Wallop","Evaluate"],"picked":"ClearTheMind","floor":8.0},{"not_picked":["Crescendo","FollowUp"],"picked":"Establishment+1","floor":10},{"not_picked":["FollowUp","JustLucky"],"picked":"SandsOfTime","floor":11}],"player_experience":141241,"relics_obtained":[{"floor":9.0,"key":"InkBottle"},{"floor":10,"key":"Frozen Egg 2"}],"event_choices":[{"damage_healed":0.0,"max_hp_gain":0.0,"max_hp_loss":0.0,"gold_gain":175.0,"event_name":"Liars Game","player_choice":"AGREE","floor":3.0,"gold_loss":0.0,"damage_taken":0.0,"cards_obtained":["Doubt"]},{"damage_healed":0.0,"max_hp_gain":0.0,"max_hp_loss":0.0,"gold_gain":75.0,"event_name":"World of Goop","player_choice":"Gather Gold","floor":4.0,"gold_loss":0.0,"damage_taken":11.0}],"is_beta":false,"boss_relics":[],"items_purged_floors":[5],"is_endless":false,"potions_floor_spawned":[7,11],"killed_by":"Gremlin Nob","ascension_level":1}}