{"host":"sav7uxregyirlf69","time":1612771191,"event":{"mods":["AchievementEnabler","BaseMod","Colored Map","DeckTracker","Keyboard Shortcuts","Minty Spire (QoL Compilation)","READ ME - Guardian Mod","StSLib","SuperFastMode"],"gold_per_floor":[119,44,44,63,63,63,89,89,114,125,142,161,185,203,203,275,275,225,236,82,82,82,82,82,102,148,158,170,201,201,213,213,284,284,304,304,304],"floor_reached":36,"language":"KOR","playtime":701,"items_purged":["Strike_G"],"score":822,"play_id":"ebdba7fd-6427-4915-bc7e-44fa54dadede","local_time":"20210208165951","is_ascension_mode":true,"campfire_choices":[{"data":"Footwork","floor":6,"key":"SMITH"},{"data":"Deadly Poison","floor":8,"key":"SMITH"},{"data":"Deadly Poison","floor":15,"key":"SMITH"},{"data":"Well Laid Plans","floor":24,"key":"SMITH"},{"data":"Adrenaline","floor":30,"key":"SMITH"},{"data":"Blur","floor":32,"key":"SMITH"}],"circlet_count":0,"master_deck":["AscendersBane","Strike_G","Strike_G","Strike_G","Defend_G","Defend_G","Defend_G","Defend_G","Defend_G","Survivor","Neutralize+1","Poisoned Stab","Footwork+1","Deadly Poison+1","Crippling Poison","Deadly Poison+1","Adrenaline+1","Blur+1","Well Laid Plans+1","Deflect+1","PiercingWail+1","Burst","Leg Sweep+1"],"relics":["Ring of the Snake","NeowsBlessing","Bird Faced Urn","Lantern","Omamori","Coffee Dripper","CultistMask","Potion Belt","Vajra","Runic Pyramid"],"acts_visited":["Exordium","TheCity","TheBeyond"],"potions_floor_usage":[16,28,29,33,33],"damage_taken":[{"damage":0,"enemies":"2 Louse","floor":1,"turns":1},{"damage":0,"enemies":"Cultist","floor":4,"turns":1},{"damage":0,"enemies":"Gremlin Nob","floor":7,"turns":1},{"damage":0,"enemies":"Jaw Worm","floor":10,"turns":2},{"damage":8,"enemies":"Blue Slaver","floor":11,"turns":3},{"damage":1,"enemies":"3 Louse","floor":12,"turns":3},{"damage":8,"enemies":"Red Slaver","floor":14,"turns":4},{"damage":6,"enemies":"Hexaghost","floor":16,"turns":9},{"damage":17,"enemies":"2 Thieves","floor":18,"turns":5},{"damage":2,"enemies":"Chosen","floor":19,"turns":4},{"damage":2,"enemies":"Sentry and Sphere","floor":25,"turns":7},{"damage":5,"enemies":"Centurion and Healer","floor":27,"turns":9},{"damage":6,"enemies":"Shelled Parasite and Fungi","floor":28,"turns":5},{"damage":1,"enemies":"Gremlin Leader","floor":29,"turns":9},{"damage":14,"enemies":"Snake Plant","floor":31,"turns":4},{"damage":41,"enemies":"Champ","floor":33,"turns":18},{"damage":6,"enemies":"Orb Walker","floor":35,"turns":5},{"damage":6,"enemies":"3 Darklings","floor":36,"turns":6}],"seed_played":"3159949265303828866","potions_obtained":[{"floor":4,"key":"Dexterity Potion"},{"floor":10,"key":"Swift Potion"},{"floor":11,"key":"Poison Potion"},{"floor":18,"key":"SmokeBomb"},{"floor":27,"key":"Block Potion"},{"floor":28,"key":"Weak Potion"},{"floor":29,"key":"SkillPotion"}],"is_trial":false,"path_per_floor":["M","?","?","M","?","R","E","R","T","M","M","M","T","M","R","B",null,"M","M","$","?","?","?","R","M","T","M","M","E","R","M","R","B",null,"M","M"],"character_chosen":"THE_SILENT","items_purchased":["Well Laid Plans"],"campfire_rested":0,"item_purchase_floors":[20],"current_hp_per_floor":[59,59,64,64,64,64,64,64,64,64,58,59,59,53,53,49,66,51,51,51,51,51,51,51,53,53,52,50,53,53,41,41,4,54,52,50,50],"gold":304,"neow_bonus":"THREE_ENEMY_KILL","is_daily":false,"chose_seed":false,"campfire_upgraded":6,"win_rate":0.0,"timestamp":1612771191,"path_taken":["M","?","?","M","?","R","E","R","T","?","M","M","?","M","R","BOSS","M","M","$","?","?","?","R","M","T","M","M","E","R","M","R","BOSS","M","M"],"items_purchased_type":["Card"],"build_version":"2020-12-22","purchased_purges":1,"victory":false,"max_hp_per_floor":[66,66,71,71,71,71,71,71,71,71,71,71,71,71,71,71,71,71,71,71,71,71,71,71,71,71,71,71,71,71,71,71,71,71,71,71,71],"card_choices":[{"not_picked":["Prepared","Setup"],"picked":"Poisoned Stab","floor":1},{"not_picked":["Infinite Blades","Leg Sweep"],"picked":"Footwork","floor":4},{"not_picked":["Outmaneuver","Underhanded Strike"],"picked":"Deadly Poison","floor":7},{"not_picked":["Footwork","Backflip"],"picked":"Crippling Poison","floor":10},{"not_picked":["Bane","Riddle With Holes","All Out Attack"],"picked":"SKIP","floor":11},{"not_picked":["PiercingWail","Underhanded Strike","Acrobatics"],"picked":"SKIP","floor":12},{"not_picked":["Concentrate","Cloak And Dagger"],"picked":"Deadly Poison","floor":14},{"not_picked":["Phantasmal Killer","Burst"],"picked":"Adrenaline","floor":16},{"not_picked":["Acrobatics","Quick Slash","Cloak And Dagger"],"picked":"SKIP","floor":18},{"not_picked":["Quick Slash","Backstab"],"picked":"Blur","floor":19},{"not_picked":["Blade Dance","Quick Slash"],"picked":"Deflect+1","floor":25},{"not_picked":["Underhanded Strike","Prepared","Blur"],"picked":"SKIP","floor":27},{"not_picked":["Quick Slash","Concentrate","Blur"],"picked":"SKIP","floor":28},{"not_picked":["Reflex","Predator+1"],"picked":"PiercingWail+1","floor":29},{"not_picked":["Concentrate","Terror","Prepared"],"picked":"SKIP","floor":31},{"not_picked":["Concentrate","Terror","Prepared"],"picked":"SKIP","floor":31},{"not_picked":["Venomology","Malaise"],"picked":"Burst","floor":33},{"not_picked":["Tactician","Sucker Punch"],"picked":"Leg Sweep+1","floor":35}],"player_experience":1522961,"relics_obtained":[{"floor":7,"key":"Bird Faced Urn"},{"floor":9,"key":"Lantern"},{"floor":13,"key":"Omamori"},{"floor":26,"key":"Potion Belt"},{"floor":29,"key":"Vajra"}],"event_choices":[{"cards_removed":["Strike_G"],"damage_healed":0,"gold_gain":0,"player_choice":"Card Removal","damage_taken":0,"max_hp_gain":0,"max_hp_loss":0,"event_name":"The Cleric","floor":2,"gold_loss":75},{"damage_healed":0,"gold_gain":0,"player_choice":"Donut","damage_taken":0,"max_hp_gain":5,"max_hp_loss":0,"event_name":"Big Fish","floor":3,"gold_loss":0},{"damage_healed":0,"gold_gain":0,"player_choice":"Upgraded","damage_taken":0,"max_hp_gain":0,"max_hp_loss":0,"event_name":"Upgrade Shrine","floor":5,"gold_loss":0,"cards_upgraded":["Neutralize"]},{"damage_healed":0,"gold_gain":0,"player_choice":"Ignored","damage_taken":0,"max_hp_gain":0,"max_hp_loss":0,"event_name":"The Mausoleum","floor":22,"gold_loss":0},{"damage_healed":0,"gold_gain":0,"player_choice":"Trade","damage_taken":0,"relics_obtained":["CultistMask"],"max_hp_gain":0,"max_hp_loss":0,"event_name":"FaceTrader","floor":23,"gold_loss":0}],"is_beta":false,"boss_relics":[{"not_picked":["Tiny House","Philosopher\u0027s Stone"],"picked":"Coffee Dripper"},{"not_picked":["Velvet Choker","Black Star"],"picked":"Runic Pyramid"}],"items_purged_floors":[20],"is_endless":false,"potions_floor_spawned":[4,10,11,14,18,27,28,29],"killed_by":"3 Darklings","ascension_level":20}}