{"host":"zjpztl3gv3azspk5","time":1612812577,"event":{"mods":["Act Like it!","BaseMod","Better Note","Better Skull","BetterRewards","Card Forge","Colored Powertips","Conspire","Downfall","Hermit","Highlight Path","Infinite Spire","Minty Spire (QoL Compilation)","Quick Restart","Rare Cards Sparkle","Replay The Spire","StSLib","The Exalted","everything is the same but u backflip on backflip"],"gold_per_floor":[110,128,128,141,161,161,161,191,91,1,1,15,15,15,15,120,120,136,149,149,149,164,194,240,32,64,77,77,77,77],"floor_reached":28,"language":"ENG","playtime":2015,"items_purged":[],"score":258,"play_id":"07efb76c-e460-49ea-a780-ab848f4cde2b","local_time":"20210208112937","is_ascension_mode":false,"campfire_choices":[{"floor":9,"key":"REST"},{"data":"bronze:Separator","floor":13,"key":"SMITH"},{"data":"bronze:Optimize","floor":15,"key":"SMITH"}],"circlet_count":0,"master_deck":["bronze:Strike+1","bronze:Strike+1","bronze:Strike+1","bronze:Defend+1","bronze:Defend+1","bronze:Defend+1","bronze:Defend+1","bronze:Replicate","bronze:Separator+1","bronze:Overheat","bronze:Optimize+1","bronze:AlphaBuild","bronze:BronzeOrb","bronze:Assembly+1","bronze:Constructor","bronze:OilSpill","bronze:InfiniteLoop","bronze:BugBarrage+1","bronze:ChildClass","bronze:Frontload","bronze:Repair","bronze:Iterate","expansioncontent:DashGenerateEvil","bronze:DelayedSlice","bronze:ClassDefault","bronze:CleanCode"],"relics":["bronze:BronzeCore","Hammer of Thor","Seething Fire","Anvil of the Gods","conspire:DeflatedDodgeball","Bromod:ArcaneGuardian","downfall:HeartBlessingGreen","conspire:Boomerang","Potion Belt","Replay:WaspNest"],"acts_visited":["Exordium","TheCity"],"potions_floor_usage":[19,22,25],"damage_taken":[{"damage":6,"enemies":"2 Louse","floor":1,"turns":4},{"damage":3,"enemies":"Small Slimes","floor":2,"turns":4},{"damage":6,"enemies":"Jaw Worm","floor":4,"turns":3},{"damage":16,"enemies":"Large Slime","floor":5,"turns":8},{"damage":10,"enemies":"Lagavulin","floor":8,"turns":6},{"damage":0,"enemies":"downfall:FleeingMerchant","floor":10,"turns":4},{"damage":0,"enemies":"Red Slaver","floor":12,"turns":3},{"damage":19,"enemies":"WA_ARCHETYPE_RETAIN","floor":16,"turns":8},{"damage":1,"enemies":"Shell Parasite","floor":18,"turns":4},{"damage":9,"enemies":"Centurion and Healer","floor":19,"turns":5},{"damage":14,"enemies":"Sentry and Sphere","floor":22,"turns":4},{"damage":9,"enemies":"Replay:Snechameleon","floor":23,"turns":9},{"damage":12,"enemies":"downfall:FleeingMerchant","floor":25,"turns":4},{"damage":15,"enemies":"Nightmare","floor":26,"turns":7},{"damage":19,"enemies":"Shelled Parasite and Fungi","floor":27,"turns":5},{"damage":0,"enemies":"Shelled Parasite and Fungi","floor":28,"turns":1}],"seed_played":"-1507386975345396567","potions_obtained":[{"floor":5,"key":"Cursed Concoction"},{"floor":16,"key":"Explosive Potion"},{"floor":18,"key":"Weak Potion"},{"floor":22,"key":"GamblersBrew"},{"floor":23,"key":"Elixir"},{"floor":26,"key":"Swift Potion"}],"is_trial":false,"path_per_floor":["M","M","?","M","M","?","T","E","R","$","?","M","R","?","R","B",null,"M","M","?","?","M","E","T","$","NM","M","?"],"character_chosen":"THE_AUTOMATON","items_purchased":["bronze:Constructor","bronze:OilSpill","expansioncontent:DashGenerateEvil","bronze:DelayedSlice"],"campfire_rested":1,"item_purchase_floors":[10,10,25,25],"current_hp_per_floor":[71,68,68,62,46,46,46,36,59,59,59,59,59,59,59,40,77,76,67,67,67,53,44,44,39,34,25,25,25,25],"gold":77,"neow_bonus":"TEN_PERCENT_HP_BONUS","is_daily":false,"chose_seed":false,"campfire_upgraded":2,"win_rate":0.0,"timestamp":1612812577,"path_taken":["M","M","?","M","M","?","T","E","R","$","?","M","R","?","R","BOSS","M","M","?","?","M","E","T","$","NM","M","?"],"items_purchased_type":["Card","Card","Card","Card"],"build_version":"2020-12-13","purchased_purges":0,"victory":false,"max_hp_per_floor":[77,77,77,77,77,77,77,77,77,77,77,77,77,77,77,77,77,77,77,77,77,77,77,77,77,77,77,77,77,77],"card_choices":[{"not_picked":["bronze:Frontload","bronze:Terminator"],"picked":"bronze:Separator","floor":1},{"not_picked":["bronze:CutThrough","bronze:DelayedGuard"],"picked":"bronze:Overheat","floor":2},{"not_picked":["bronze:Deprecate","bronze:NullPointer","bronze:FineTuning"],"picked":"SKIP","floor":4},{"not_picked":["bronze:FineTuning","bronze:Iterate"],"picked":"bronze:Optimize","floor":5},{"not_picked":["bronze:Safeguard","bronze:BronzeArmor"],"picked":"bronze:BronzeOrb","floor":8},{"not_picked":["bronze:Boost","bronze:ChosenStrike"],"picked":"bronze:Assembly","floor":10},{"not_picked":["bronze:Deprecate","bronze:NullPointer","bronze:CutThrough"],"picked":"SKIP","floor":12},{"not_picked":["bronze:SpaghettiCode","bronze:Verify"],"picked":"bronze:InfiniteLoop","floor":16},{"not_picked":["bronze:Overload+1","bronze:WildBeam"],"picked":"bronze:BugBarrage+1","floor":18},{"not_picked":["bronze:MaxOutput+1","bronze:Flail"],"picked":"bronze:ChildClass","floor":19},{"not_picked":["bronze:InfiniteBeams","bronze:Backtrace"],"picked":"bronze:Frontload","floor":22},{"not_picked":["bronze:Format","bronze:DigitalCarnage"],"picked":"bronze:Repair","floor":23},{"not_picked":["bronze:Optimize","bronze:ForceShield"],"picked":"bronze:Iterate","floor":25},{"not_picked":["bronze:Invalidate","bronze:Branch"],"picked":"bronze:ClassDefault","floor":26},{"not_picked":["bronze:BronzeArmor","bronze:WhirlingStrike"],"picked":"bronze:CleanCode","floor":27}],"player_experience":209344,"relics_obtained":[{"floor":7,"key":"conspire:DeflatedDodgeball"},{"floor":8,"key":"Bromod:ArcaneGuardian"},{"floor":23,"key":"conspire:Boomerang"},{"floor":24,"key":"Potion Belt"},{"floor":26,"key":"Replay:WaspNest"}],"event_choices":[{"damage_healed":0,"gold_gain":0,"player_choice":"Grow","damage_taken":0,"max_hp_gain":0,"max_hp_loss":0,"event_name":"Living Wall","floor":11,"gold_loss":0,"cards_upgraded":["bronze:Assembly"]},{"damage_healed":0,"gold_gain":0,"player_choice":"Ignored","damage_taken":0,"max_hp_gain":0,"max_hp_loss":0,"event_name":"betterNote:BetterNote","floor":20,"gold_loss":0,"cards_obtained":["bronze:Strike"]}],"is_beta":false,"boss_relics":[{"not_picked":["Kintsugi","Runic Dome","Busted Crown"]}],"items_purged_floors":[],"is_endless":true,"potions_floor_spawned":[5,16,18,22,23,26],"killed_by":"Shelled Parasite and Fungi","ascension_level":0}}