{"host":"126yiuos2nq86se7","time":1612755408,"event":{"mods":["AchievementEnabler","Act Like it!","BaseMod","Colored Map","Colored Powertips","Friendly Minions","Highlight Path","Hubris","Minty Spire (QoL Compilation)","Reimu??????","StSLib","SuperFastMode","The Animator"],"gold_per_floor":[114,64,64,83,101,101,101],"floor_reached":6,"language":"ENG","playtime":264,"items_purged":[],"score":36,"play_id":"5fe4fe5d-cbed-4680-a0b3-bde2e0bd66d7","local_time":"20210208143648","is_ascension_mode":false,"campfire_choices":[],"circlet_count":0,"master_deck":["Strike_Lin:ReiMu","Strike_Lin:ReiMu","Strike_Lin:ReiMu","Defend_Lin:ReiMu","Defend_Lin:ReiMu","Defend_Lin:ReiMu","Defend_Lin:ReiMu","NB:ReiMu","Stagnation:ReiMu","FoulBorder2:ReiMu","FoulBorder2:ReiMu","Amulet:ReiMu"],"relics":["FlyPower:ReiMu","Tea:ReiMu"],"acts_visited":["Exordium"],"potions_floor_usage":[6,6],"damage_taken":[{"damage":10,"enemies":"Cultist","floor":1,"turns":5},{"damage":0,"enemies":"Jaw Worm","floor":4,"turns":8},{"damage":0,"enemies":"Small Slimes","floor":5,"turns":6},{"damage":54,"enemies":"Gremlin Nob","floor":6,"turns":5}],"seed_played":"-8050581593146617302","potions_obtained":[{"floor":1,"key":"BlessingOfTheForge"},{"floor":5,"key":"PinkPotion:ReiMu"}],"is_trial":false,"path_per_floor":["M","?","?","M","M","E"],"character_chosen":"REIMU","items_purchased":[],"campfire_rested":0,"item_purchase_floors":[],"current_hp_per_floor":[61,61,43,43,43,0,0],"gold":101,"neow_bonus":"TEN_PERCENT_HP_BONUS","is_daily":false,"chose_seed":false,"campfire_upgraded":0,"win_rate":0.0,"timestamp":1612755408,"path_taken":["M","?","?","M","?","E"],"items_purchased_type":[],"build_version":"2020-12-22","purchased_purges":0,"victory":false,"max_hp_per_floor":[71,71,71,71,71,71,71],"card_choices":[{"not_picked":["FantasyBorder:ReiMu","Enchanting:ReiMu"],"picked":"FoulBorder2:ReiMu","floor":1},{"not_picked":["OctopathBindingBorder2:ReiMu","Conquer:ReiMu"],"picked":"FoulBorder2:ReiMu","floor":4},{"not_picked":["FantasyBorder:ReiMu","DoubleButterfly:ReiMu"],"picked":"Amulet:ReiMu","floor":5}],"player_experience":1598854,"relics_obtained":[],"event_choices":[{"cards_removed":["Strike_Lin:ReiMu"],"damage_healed":0,"gold_gain":0,"player_choice":"Card Removal","damage_taken":0,"max_hp_gain":0,"max_hp_loss":0,"event_name":"The Cleric","floor":2,"gold_loss":50},{"damage_healed":0,"gold_gain":0,"player_choice":"Success","damage_taken":18,"relics_obtained":["Tea:ReiMu"],"max_hp_gain":0,"max_hp_loss":0,"event_name":"Scrap Ooze","floor":3,"gold_loss":0}],"is_beta":false,"boss_relics":[],"items_purged_floors":[],"is_endless":false,"potions_floor_spawned":[1,5],"killed_by":"Gremlin Nob","ascension_level":0}}