{"host":"q57ekfojy3i00x9o","time":1612809201,"event":{"mods":["Act Like it!","Arknights","Aspiration","BaseMod","Colored Map","Energized Spire","Hermit","Minty Spire (QoL Compilation)","Quick Restart","Spicy Shops","Spikes Relics","StSLib","slay the spire mod where everything is the same but ironclad has a cowboy hat"],"gold_per_floor":[16,16,16,91,21,21,31,31,78,78,109,79,99,99,99,197,247,263,263,263,263],"floor_reached":20,"language":"RUS","playtime":487,"items_purged":[],"score":218,"play_id":"da12f3a6-5741-4022-bb68-1c432bf140c9","local_time":"20210208233321","is_ascension_mode":true,"campfire_choices":[{"data":"ats:Calcification","floor":6,"key":"SMITH"},{"floor":8,"key":"REST"},{"data":"ats:Explosion Area Strengthen","floor":10,"key":"SMITH"},{"data":"ats:Magnetic Hammer","floor":15,"key":"SMITH"}],"circlet_count":0,"master_deck":["ats:Strike C","ats:Strike G","ats:Strike S+1","ats:Strike V","ats:Armor Crushing Shot","ats:Defend+1","ats:Defend","ats:Defend","ats:Defend+1","ats:Emotion Absorption","ats:Calcification+1","ats:Magnetic Hammer+1","ats:Magnetic Hammer+1","ats:Explosion Area Strengthen+1","ats:Hammer On","ats:Very Hot Blade","ats:Wolf Pack","ats:Poison Spread","ats:Leaping Hammer+1"],"relics":["ats:Sanity","Sundial","War Paint","ats:Originium","Art of War","Tiny House","LugNut"],"acts_visited":["Exordium","TheCity"],"potions_floor_usage":[11,16,16,18],"damage_taken":[{"damage":10,"enemies":"Jaw Worm","floor":1,"turns":6},{"damage":0,"enemies":"2 Louse","floor":7,"turns":2},{"damage":23,"enemies":"Gremlin Nob","floor":11,"turns":5},{"damage":3,"enemies":"ats:Genji","floor":13,"turns":3},{"damage":29,"enemies":"The Guardian","floor":16,"turns":14},{"damage":35,"enemies":"3 Byrds","floor":18,"turns":6},{"damage":37,"enemies":"Spheric Guardian","floor":20,"turns":5}],"seed_played":"4086945063829547035","potions_obtained":[{"floor":1,"key":"DuplicationPotion"},{"floor":11,"key":"CultistPotion"},{"floor":12,"key":"Dexterity Potion"},{"floor":12,"key":"SpeedPotion"},{"floor":16,"key":"BlessingOfTheForge"},{"floor":17,"key":"ats:Burn Small Potion"}],"is_trial":false,"path_per_floor":["M","?","?","?","$","R","M","R","T","R","E","?","M","?","R","B",null,"M","?","M"],"character_chosen":"DOCTOR_CLASS","items_purchased":["ats:Magnetic Hammer"],"campfire_rested":1,"item_purchase_floors":[5],"current_hp_per_floor":[58,58,46,35,35,35,35,56,56,56,34,34,32,56,56,32,67,33,33,0,0],"gold":263,"neow_bonus":"THREE_RARE_CARDS","is_daily":false,"chose_seed":false,"campfire_upgraded":3,"win_rate":0.0,"timestamp":1612809201,"path_taken":["M","?","?","?","$","R","M","R","T","R","E","?","?","?","R","BOSS","M","?","?"],"items_purchased_type":["Card"],"build_version":"2020-12-22","purchased_purges":0,"victory":false,"max_hp_per_floor":[72,72,72,72,72,72,72,72,72,72,72,72,72,72,72,72,77,77,77,77,77],"card_choices":[{"not_picked":["ats:Fractured Body","ats:Shadow Assault"],"picked":"ats:Calcification","floor":0},{"not_picked":["ats:Ignite","ats:Automatic Cover"],"picked":"ats:Magnetic Hammer","floor":1},{"not_picked":["ats:Automatic Cover","ats:Revitalization"],"picked":"ats:Explosion Area Strengthen","floor":7},{"not_picked":["ats:Song Of Battle","ats:Literary Storm"],"picked":"ats:Hammer On","floor":11},{"not_picked":["ats:Composite Medical Shells","ats:Part Time Job"],"picked":"ats:Very Hot Blade","floor":13},{"not_picked":["ats:Echo Reverb","ats:Nebulous Foxfire"],"picked":"ats:Wolf Pack","floor":16},{"not_picked":["ats:Revitalization","ats:Rapid Magazine"],"picked":"ats:Poison Spread","floor":17},{"not_picked":["ats:Flame Of Heaven","ats:Support Order"],"picked":"ats:Leaping Hammer+1","floor":18}],"player_experience":752935,"relics_obtained":[{"floor":9,"key":"War Paint"},{"floor":11,"key":"ats:Originium"},{"floor":11,"key":"Art of War"}],"event_choices":[{"damage_healed":0,"gold_gain":0,"player_choice":"Grow","damage_taken":0,"max_hp_gain":0,"max_hp_loss":0,"event_name":"Living Wall","floor":2,"gold_loss":0,"cards_upgraded":["ats:Magnetic Hammer"]},{"damage_healed":0,"gold_gain":0,"player_choice":"Success","damage_taken":12,"relics_obtained":["Sundial"],"max_hp_gain":0,"max_hp_loss":0,"event_name":"Scrap Ooze","floor":3,"gold_loss":0},{"damage_healed":0,"gold_gain":75,"player_choice":"Gather Gold","damage_taken":11,"max_hp_gain":0,"max_hp_loss":0,"event_name":"World of Goop","floor":4,"gold_loss":0},{"damage_healed":0,"gold_gain":0,"player_choice":"Bought 2 Potions","damage_taken":0,"max_hp_gain":0,"max_hp_loss":0,"event_name":"The Woman in Blue","floor":12,"gold_loss":0},{"damage_healed":24,"gold_gain":0,"player_choice":"Banana","damage_taken":0,"max_hp_gain":0,"max_hp_loss":0,"event_name":"Big Fish","floor":14,"gold_loss":0},{"damage_healed":0,"gold_gain":0,"player_choice":"Gave Potion","damage_taken":0,"relics_obtained":["LugNut"],"max_hp_gain":0,"max_hp_loss":0,"event_name":"WeMeetAgain","floor":19,"gold_loss":0}],"is_beta":false,"boss_relics":[{"not_picked":["Runic Dome","energizedSpire:SpiderWeb"],"picked":"Tiny House"}],"items_purged_floors":[],"is_endless":false,"potions_floor_spawned":[1,11,16],"killed_by":"Spheric Guardian","ascension_level":6}}