{"host":"tj6tjcyqgbd0xj5u","time":1612747638,"event":{"mods":["Aspiration","BaseMod","Better Match","BetterRewards","Challenge The Spire","Conspire","Defuse TimeMaze Blight","Dota2Spire","Downfall","Energized Spire","Evolution","GifTheSpireLib","Good Game Mod","Halation","Hubris","Hyrulean Relics","Infinite Spire","Minty Spire (QoL Compilation)","Reliquary","Replay The Spire","Reworked Bosses","Spikes Relics","StS++","StSLib","Stuff the Spire"],"gold_per_floor":[119,119,119,119,133,133,152,7,31,47,47,64,83,97,211,315,315,315,315,262,262,69,69,69,69,69],"floor_reached":25,"language":"ENG","playtime":801,"items_purged":[],"score":281,"play_id":"80f0b08d-52ea-4391-b0f8-8e7fcbc2ef7c","local_time":"20210207212718","is_ascension_mode":true,"campfire_choices":[{"data":"conspire:Banana","floor":6,"key":"SMITH"},{"data":"Uppercut","floor":11,"key":"SMITH"}],"circlet_count":0,"master_deck":["Headbutt","Headbutt","Headbutt","Strike_R","Strike_R","Defend_R","Defend_R","Defend_R","Bash","conspire:Banana+1","Twin Strike","Invigoration+1","Twin Strike","Twin Strike","Uppercut+1","conspire:Charge","Anger","Flex","Spot Weakness","infinitespire:OneForAll","ReplayTheSpireMod:Strike From Hell","True Grit","BarbarianYell","conspire:Blindness"],"relics":["Guardian:ModeShifter","EVO:Axolotl","REME:ComplimentaryCards","aspiration:Nostalgia","bronze:BronzeCore","infinitespire:Cubic Diamond","Self Forming Clay","ReplayTheSpireMod:TigerMarble","Ectoplasm","infinitespire:Lucky Rock","Smiling Mask"],"acts_visited":["Exordium","TheCity"],"potions_floor_usage":[5,23,23],"damage_taken":[{"damage":0,"enemies":"Small Slimes","floor":1,"turns":2},{"damage":8,"enemies":"2 Louse","floor":5,"turns":3},{"damage":6,"enemies":"Cultist","floor":7,"turns":3},{"damage":14,"enemies":"Red Slaver","floor":10,"turns":2},{"damage":9,"enemies":"Blue Slaver","floor":12,"turns":2},{"damage":29,"enemies":"Exordium Wildlife","floor":13,"turns":4},{"damage":6,"enemies":"Large Slime","floor":14,"turns":4},{"damage":23,"enemies":"Hexaghost","floor":16,"turns":6},{"damage":12,"enemies":"Shell Parasite","floor":18,"turns":3},{"damage":8,"enemies":"Chosen","floor":19,"turns":3},{"damage":38,"enemies":"Snake Plant","floor":21,"turns":4},{"damage":25,"enemies":"Sentry and Sphere","floor":23,"turns":4},{"damage":33,"enemies":"Book of Stabbing","floor":25,"turns":3}],"seed_played":"-6256604235133687933","potions_obtained":[{"floor":1,"key":"Venom Potion"},{"floor":12,"key":"FairyPotion"},{"floor":16,"key":"Strength Potion"},{"floor":19,"key":"DuplicationPotion"}],"is_trial":false,"path_per_floor":["M","?","?","?","M","R","M","$","T","M","R","M","M","M","R","B",null,"M","M","$","M","$","M","?","E"],"character_chosen":"IRONCLAD","items_purchased":["ReplayTheSpireMod:TigerMarble","True Grit","BarbarianYell","infinitespire:Lucky Rock"],"campfire_rested":0,"item_purchase_floors":[8,20,22,22],"current_hp_per_floor":[78,78,78,78,71,71,67,67,67,53,53,44,27,23,23,2,67,57,51,51,15,15,30,30,0,0],"gold":69,"neow_bonus":"NOSTALGIA","is_daily":false,"chose_seed":false,"campfire_upgraded":2,"win_rate":0.0,"timestamp":1612747638,"path_taken":["M","?","?","?","M","R","?","?","T","?","R","M","M","M","R","BOSS","M","M","$","M","$","M","?","E"],"items_purchased_type":["Relic","Card","Card","Relic"],"build_version":"2020-12-22","purchased_purges":0,"victory":false,"max_hp_per_floor":[80,80,80,80,81,81,83,83,83,83,83,83,85,87,87,89,89,91,93,93,95,95,97,97,97,97],"card_choices":[{"not_picked":["Pommel Strike","Second Wind"],"picked":"Twin Strike","floor":1},{"not_picked":["Perfected Strike","StuffTheSpire:RockThrow"],"picked":"Twin Strike","floor":5},{"not_picked":["Disarm","Clothesline"],"picked":"Twin Strike","floor":7},{"not_picked":["StSpp:BladeOfBlood","StSpp:TheBiggerTheyAre"],"picked":"Uppercut","floor":10},{"not_picked":["Disarm","Wild Strike","Run Through"],"picked":"SKIP","floor":12},{"not_picked":["Shrug It Off","StuffTheSpire:Incineration"],"picked":"conspire:Charge","floor":13},{"not_picked":["Impervious","Blood for Blood"],"picked":"Anger","floor":14},{"not_picked":["Life Link","StuffTheSpire:RockThrow"],"picked":"Flex","floor":15},{"not_picked":["Sever Soul","conspire:Charge"],"picked":"Spot Weakness","floor":15},{"not_picked":["Intimidate","Body Slam"],"picked":"infinitespire:OneForAll","floor":15},{"not_picked":["Sentinel+1","Absolvement","StSpp:Sprint"],"picked":"SKIP","floor":18},{"not_picked":["StuffTheSpire:Slingshot+1","Invigoration"],"picked":"ReplayTheSpireMod:Strike From Hell","floor":19},{"not_picked":["StuffTheSpire:Incineration+1","Seeing Red","Twin Strike"],"picked":"SKIP","floor":21},{"not_picked":["Armaments","Invigoration","StSpp:TheBiggerTheyAre"],"picked":"SKIP","floor":23}],"player_experience":132057,"relics_obtained":[{"floor":4,"key":"Self Forming Clay"}],"event_choices":[{"damage_healed":0,"gold_gain":0,"player_choice":"Relic","damage_taken":0,"max_hp_gain":0,"max_hp_loss":0,"event_name":"Wheel of Change","floor":4,"gold_loss":0}],"is_beta":false,"boss_relics":[{"not_picked":["halation:SmartPhone","hubris:TerracottaHorce"],"picked":"Ectoplasm"}],"items_purged_floors":[],"is_endless":false,"potions_floor_spawned":[1,12,16,19],"killed_by":"Book of Stabbing","ascension_level":6}}