{"host":"23qk1co0p3p8qz56","time":1612754584,"event":{"mods":["100% Spire Juice","AchievementEnabler","Act Like it!","Arknights","BaseMod","Better Note","Better Third Choice","BetterRewards","CapriCore","Chen","Colored Map","Downfall","Friendly Minions","Gensokyo","Gold Saver","KinomotoSakuraMod(ñÿîVñ{?)","Koishi","LagranYue(ùfäiòNÅEåé)","Lobotomy","LobotomyExtend","MarisaÅiñ∂âJÅ@ñÇóùçπÅj","Minty Spire (QoL Compilation)","Prisma Mod","ReimuÅiîé??öÎÅj","RemiliaÅiÂQïƒ‰ª?Åj","StSLib","The Administrix","The Alterego","The Animator","The Gatherer","The Immortal","The Senshi","TheSwordswoman","Waifu the Spire","WarShipGirlsR/??è≠èóR mod","Yakumo Yukari mod","Yohane!","Yuyuko"],"gold_per_floor":[115,132,100,127,145,145,168,168,247,247,247,267,267,284,284,380,380,399,399,427,271,271,271,281,381,381,381,266,266,266,277,277,277,277],"floor_reached":33,"language":"ENG","playtime":3267,"items_purged":[],"score":285,"play_id":"2512a49b-c12d-419d-8083-ac7f9004be10","local_time":"20210207202304","is_ascension_mode":false,"campfire_choices":[{"data":"animator:Shuna","floor":6,"key":"SMITH"},{"data":"animator:Benimaru","floor":11,"key":"SMITH"},{"data":"animator:Millim","floor":13,"key":"SMITH"},{"data":"animator:Shuna","floor":15,"key":"SMITH"},{"data":"animator:GazelDwargon","floor":23,"key":"SMITH"},{"data":"animator:Shuna","floor":27,"key":"SMITH"},{"data":"animator:NarberalGamma","floor":29,"key":"SMITH"},{"data":"animator:Shiro","floor":32,"key":"SMITH"}],"circlet_count":0,"master_deck":["animator:Strike_TenSura","animator:Defend_TenSura","animator:Strike","animator:Strike","animator:Strike","animator:Defend","animator:Defend","animator:Defend","animator:Benimaru+1","animator:Shuna+1","animator:PandorasActor","animator:OrikoMikuni","animator:Millim+2","animator:Shuna+1","animator:Souei","animator:Shuna+1","animator:NarberalGamma+1","animator:GazelDwargon+1","animator:YaoHaDucy+1","animator:Shiro+1"],"relics":["animator:VividPicture","animator:TheMissingPiece","animator:PurgingStone","LagranYue:RandomDrawCardRelic","LetterFromLob","Odd Mushroom","Matryoshka","Bag of Marbles","Whetstone","Thread and Needle","Juzu Bracelet","Centennial Puzzle","Paper Frog"],"acts_visited":["Exordium","TheCity"],"potions_floor_usage":[16,16,16,16,33,33,33,33,33],"damage_taken":[{"damage":2,"enemies":"2 Louse","floor":1,"turns":3},{"damage":0,"enemies":"Jaw Worm","floor":2,"turns":4},{"damage":0,"enemies":"Small Slimes","floor":4,"turns":4},{"damage":8,"enemies":"2 Fungi Beasts","floor":5,"turns":4},{"damage":29,"enemies":"The Mushroom Lair","floor":7,"turns":7},{"damage":14,"enemies":"3 Louse","floor":12,"turns":4},{"damage":0,"enemies":"Blue Slaver","floor":14,"turns":4},{"damage":0,"enemies":"Slime Boss","floor":16,"turns":7},{"damage":4,"enemies":"Shell Parasite","floor":18,"turns":6},{"damage":27,"enemies":"2 Thieves","floor":20,"turns":4},{"damage":31,"enemies":"Cultist and Chosen","floor":24,"turns":6},{"damage":0,"enemies":"Snake Plant","floor":31,"turns":4},{"damage":16,"enemies":"Automaton","floor":33,"turns":6}],"seed_played":"-6495928744235242207","potions_obtained":[{"floor":0,"key":"EntropicBrew"},{"floor":0,"key":"bronze:BurnAndBuffPotion"},{"floor":0,"key":"Slimebound:ThreeZeroPotion"},{"floor":4,"key":"SkillPotion"},{"floor":18,"key":"Slimebound:ThreeZeroPotion"}],"is_trial":false,"path_per_floor":["M","M","?","M","M","R","?","?","T","?","R","M","R","M","R","B",null,"M","?","M","$","M","R","M","?","T","R","?","R","T","M","R","B"],"character_chosen":"THE_ANIMATOR","items_purchased":["Bag of Marbles"],"campfire_rested":0,"item_purchase_floors":[21],"current_hp_per_floor":[64,64,64,64,56,56,28,28,28,28,28,14,14,14,14,18,67,63,63,36,36,36,36,5,5,5,5,5,5,5,5,5,0,0],"gold":277,"neow_bonus":"THREE_SMALL_POTIONS","is_daily":false,"chose_seed":false,"campfire_upgraded":8,"win_rate":0.0,"timestamp":1612754584,"path_taken":["M","M","?","M","M","R","?","?","T","?","R","M","R","M","R","BOSS","M","?","M","$","M","R","M","?","T","R","?","R","?","M","R","BOSS"],"items_purchased_type":["Relic"],"build_version":"2020-12-22","purchased_purges":0,"victory":false,"max_hp_per_floor":[66,66,66,66,66,66,67,67,67,67,67,67,67,67,67,67,67,67,67,67,67,67,67,67,67,67,67,67,67,67,67,67,67,67],"card_choices":[{"not_picked":["animator:Berserker","animator:Sebas"],"picked":"animator:PandorasActor","floor":1},{"not_picked":["animator:IrohaTamaki","animator:MamiTomoe"],"picked":"animator:OrikoMikuni","floor":2},{"not_picked":["animator:Kazuma","animator:SakuraMatou"],"picked":"animator:Millim","floor":4},{"not_picked":["animator:Shion","animator:Hakurou"],"picked":"animator:Shuna","floor":5},{"not_picked":["animator:Layla","animator:FielNirvalen"],"picked":"animator:Souei","floor":7},{"not_picked":["animator:DolaCouronne","animator:ChaikaBohdan","animator:Megumin"],"picked":"SKIP","floor":12},{"not_picked":["animator:GazelDwargon","animator:Alexander"],"picked":"animator:Shuna","floor":14},{"not_picked":["animator:ChlammyZell","animator:Archer"],"picked":"animator:NarberalGamma","floor":18},{"not_picked":["animator:Vesta","animator:Shuna"],"picked":"animator:GazelDwargon","floor":20},{"not_picked":["animator:YachiyoNanami+1","animator:Illya"],"picked":"animator:YaoHaDucy","floor":24},{"not_picked":["animator:ChaikaBohdan+1","animator:Sebas"],"picked":"animator:Shiro","floor":31}],"player_experience":121016,"relics_obtained":[{"floor":1,"key":"LetterFromLob"},{"floor":7,"key":"Odd Mushroom"},{"floor":9,"key":"Matryoshka"},{"floor":26,"key":"Whetstone"},{"floor":26,"key":"Thread and Needle"},{"floor":30,"key":"Centennial Puzzle"},{"floor":30,"key":"Paper Frog"}],"event_choices":[{"damage_healed":0,"gold_gain":0,"player_choice":"Left","damage_taken":0,"max_hp_gain":0,"max_hp_loss":0,"event_name":"betterThird:BetterGoop","floor":3,"gold_loss":32},{"damage_healed":0,"gold_gain":0,"player_choice":"Fought Mushrooms","damage_taken":0,"max_hp_gain":0,"max_hp_loss":0,"event_name":"Mushrooms","floor":7,"gold_loss":0},{"damage_healed":0,"gold_gain":0,"player_choice":"Searched \u00270\u0027 times","damage_taken":0,"max_hp_gain":0,"max_hp_loss":0,"event_name":"Dead Adventurer","floor":10,"gold_loss":0},{"damage_healed":0,"gold_gain":0,"player_choice":"Bought 0 Potions","damage_taken":0,"max_hp_gain":0,"max_hp_loss":0,"event_name":"The Woman in Blue","floor":19,"gold_loss":0},{"damage_healed":0,"gold_gain":100,"player_choice":"Pray","damage_taken":0,"max_hp_gain":0,"max_hp_loss":0,"event_name":"Golden Shrine","floor":25,"gold_loss":0},{"damage_healed":0,"gold_gain":0,"player_choice":"Paid Gold","damage_taken":0,"relics_obtained":["Juzu Bracelet"],"max_hp_gain":0,"max_hp_loss":0,"event_name":"WeMeetAgain","floor":28,"gold_loss":115}],"is_beta":false,"boss_relics":[{"not_picked":["bronze:MakeshiftBattery","Ectoplasm"],"picked":"animator:VividPicture"}],"items_purged_floors":[],"is_endless":false,"potions_floor_spawned":[4,5,18],"killed_by":"Automaton","ascension_level":0}}