{"host":"tq99ucv8ezzqzioe","time":1612761342,"event":{"mods":["BaseMod","Colored Map","Downfall","Highlight Path","Minty Spire (QoL Compilation)","StSLib"],"gold_per_floor":[99,112,122,139,139,149,149,184,184,15,15,28,28,38,58,58,58,58],"floor_reached":16,"language":"ENG","playtime":1278,"items_purged":[],"score":114,"play_id":"43022fdd-1a38-4f56-ba76-972fd9f5bfa2","local_time":"20210208001542","is_ascension_mode":true,"campfire_choices":[{"data":"Slimebound:Split","floor":1,"key":"SMITH"},{"floor":11,"key":"DIG"},{"floor":13,"key":"DIG"}],"circlet_count":0,"master_deck":["Slimebound:Strike_Slimebound","Slimebound:Strike_Slimebound","Slimebound:Strike_Slimebound","Slimebound:Tackle","Slimebound:Defend_Slimebound","Slimebound:Defend_Slimebound","Slimebound:Defend_Slimebound","Slimebound:Defend_Slimebound","Slimebound:Split+1","Slimebound:CorrosiveSpit","Slimebound:SplitMire","Slimebound:SplitBruiser","Slimebound:SplitLeeching","Slimebound:SplitLeeching","Slimebound:SelfFormingGoo","Slimebound:Repurpose","Slimebound:SplitLeeching","Slimebound:DivideAndConquer","Slimebound:SplitBruiser"],"relics":["Slimebound:AbsorbEndCombat","Turnip","Shovel","Gremlin Horn","Vajra","Omamori","Strawberry","Shuriken"],"acts_visited":["Exordium"],"potions_floor_usage":[10,15,15,15],"damage_taken":[{"damage":4,"enemies":"2 Louse","floor":2,"turns":2},{"damage":12,"enemies":"Jaw Worm","floor":3,"turns":3},{"damage":10,"enemies":"Small Slimes","floor":4,"turns":3},{"damage":12,"enemies":"Red Slaver","floor":6,"turns":3},{"damage":31,"enemies":"3 Sentries","floor":8,"turns":10},{"damage":7,"enemies":"downfall:FleeingMerchant","floor":10,"turns":4},{"damage":0,"enemies":"Exordium Wildlife","floor":12,"turns":3},{"damage":4,"enemies":"3 Louse","floor":14,"turns":2},{"damage":8,"enemies":"Lots of Slimes","floor":15,"turns":2},{"damage":12,"enemies":"IC_STATUS_ARCHETYPE","floor":16,"turns":2}],"seed_played":"-2283322536838154530","potions_obtained":[{"floor":6,"key":"SkillPotion"},{"floor":8,"key":"SkillPotion"},{"floor":12,"key":"DuplicationPotion"},{"floor":14,"key":"PowerPotion"}],"is_trial":false,"path_per_floor":["R","M","M","M","?","M","T","E","T","$","R","M","R","M","M","B"],"character_chosen":"SLIMEBOUND","items_purchased":["Omamori"],"campfire_rested":0,"item_purchase_floors":[10],"current_hp_per_floor":[71,69,61,55,43,35,35,8,8,7,14,16,16,12,6,0,0,0],"gold":58,"neow_bonus":"TEN_PERCENT_HP_BONUS","is_daily":false,"chose_seed":false,"campfire_upgraded":1,"win_rate":0.0,"timestamp":1612761342,"path_taken":["R","M","M","M","?","M","T","E","?","$","R","M","R","M","M","BOSS"],"items_purchased_type":["Relic"],"build_version":"2020-12-22","purchased_purges":0,"victory":false,"max_hp_per_floor":[71,71,71,71,71,71,71,71,71,71,78,78,78,78,78,78,78,78],"card_choices":[{"not_picked":["Slimebound:GoopSpray","Slimebound:SlimeSpikes"],"picked":"Slimebound:SplitMire","floor":2},{"not_picked":["Slimebound:MegaLick","Slimebound:RollThrough"],"picked":"Slimebound:SplitBruiser","floor":3},{"not_picked":["Slimebound:Recollect","Slimebound:LeechingTouch"],"picked":"Slimebound:SplitLeeching","floor":4},{"not_picked":["Slimebound:ItLooksTasty","Slimebound:LeechingTouch"],"picked":"Slimebound:SplitLeeching","floor":6},{"not_picked":["Slimebound:Recollect","Slimebound:GoopTackle"],"picked":"Slimebound:SelfFormingGoo","floor":8},{"not_picked":["Slimebound:HauntingLick","Slimebound:LeechingTouch"],"picked":"Slimebound:Repurpose","floor":10},{"not_picked":["Slimebound:SplitBruiser","Slimebound:SamplingLick"],"picked":"Slimebound:SplitLeeching","floor":12},{"not_picked":["Slimebound:SlimeBarrage","Slimebound:AcidTongue"],"picked":"Slimebound:DivideAndConquer","floor":14},{"not_picked":["Slimebound:SplitAcid","Slimebound:LivingWall"],"picked":"Slimebound:SplitBruiser","floor":15}],"player_experience":895367,"relics_obtained":[{"floor":7,"key":"Shovel"},{"floor":8,"key":"Gremlin Horn"},{"floor":9,"key":"Vajra"},{"floor":11,"key":"Strawberry"},{"floor":13,"key":"Shuriken"}],"event_choices":[{"damage_healed":0,"gold_gain":0,"player_choice":"Success","damage_taken":12,"relics_obtained":["Turnip"],"max_hp_gain":0,"max_hp_loss":0,"event_name":"Scrap Ooze","floor":5,"gold_loss":0}],"is_beta":false,"boss_relics":[],"items_purged_floors":[],"is_endless":false,"potions_floor_spawned":[6,8,12,14],"killed_by":"IC_STATUS_ARCHETYPE","ascension_level":2}}