{"host":"ibckqdmmf9y74ymf","time":1612814190,"event":{"mods":["2.2 Compatiblity","BaseMod","Colored Map","Curses Come First","Highlight Path","Minty Spire (QoL Compilation)","Quick Restart","Rare Cards Sparkle","Relic Stats","StSLib"],"gold_per_floor":[116,116,37,54,104,138,138,157,157,183,194,219,237,250,250,250,250],"floor_reached":16,"language":"ENG","playtime":819,"items_purged":[],"score":294,"play_id":"eab73464-5c22-48db-ad6d-d4e3a45fe691","local_time":"20210208205630","is_ascension_mode":true,"campfire_choices":[{"data":"Headbutt","floor":7,"key":"SMITH"},{"data":"Metallicize","floor":15,"key":"SMITH"}],"circlet_count":0,"master_deck":["AscendersBane","Strike_R","Strike_R","Strike_R","Strike_R","Defend_R","Defend_R","Defend_R","Defend_R","Bash","Uppercut","Metallicize+1","Fire Breathing","Headbutt+1","Twin Strike+1","Evolve","Feed+1","Pommel Strike+1","Corruption"],"relics":["Burning Blood","NeowsBlessing","Molten Egg 2","StoneCalendar","Sundial","Ornamental Fan"],"acts_visited":["Exordium"],"potions_floor_usage":[12],"damage_taken":[{"damage":0,"enemies":"Jaw Worm","floor":1,"turns":1},{"damage":0,"enemies":"Cultist","floor":4,"turns":1},{"damage":0,"enemies":"Lagavulin","floor":6,"turns":1},{"damage":0,"enemies":"2 Louse","floor":8,"turns":2},{"damage":19,"enemies":"3 Sentries","floor":10,"turns":5},{"damage":12,"enemies":"Red Slaver","floor":11,"turns":5},{"damage":20,"enemies":"Lagavulin","floor":12,"turns":7},{"damage":13,"enemies":"Exordium Wildlife","floor":13,"turns":4},{"damage":9,"enemies":"Blue Slaver","floor":14,"turns":3},{"damage":39,"enemies":"Hexaghost","floor":16,"turns":9}],"seed_played":"-3701285674676335477","potions_obtained":[{"floor":1,"key":"Energy Potion"},{"floor":8,"key":"Dexterity Potion"}],"is_trial":false,"path_per_floor":["M","?","$","M","?","E","R","M","T","E","M","E","M","M","R","B"],"character_chosen":"IRONCLAD","items_purchased":["Fire Breathing"],"campfire_rested":0,"item_purchase_floors":[3],"current_hp_per_floor":[74,74,74,75,75,75,75,75,75,62,56,46,43,44,44,5,5],"gold":250,"neow_bonus":"THREE_ENEMY_KILL","is_daily":false,"chose_seed":false,"campfire_upgraded":2,"win_rate":0.0,"timestamp":1612814190,"path_taken":["M","?","?","M","?","E","R","?","T","E","M","E","M","M","R","BOSS"],"items_purchased_type":["Card"],"build_version":"2020-12-22","purchased_purges":0,"victory":false,"max_hp_per_floor":[75,75,75,75,75,75,75,75,75,75,75,79,83,87,87,87,87],"relic_stats":{"counters":[10,38],"Sundial":[4],"Ornamental Fan":[8],"StoneCalendar":[52],"obtain_stats":[{"NeowsBlessing":0,"Sundial":10,"Ornamental Fan":12,"Molten Egg 2":6,"StoneCalendar":9,"Burning Blood":0},{"NeowsBlessing":0,"Sundial":5,"Ornamental Fan":7,"Molten Egg 2":3,"StoneCalendar":4,"Burning Blood":0},{"NeowsBlessing":0,"Sundial":10,"Ornamental Fan":22,"Molten Egg 2":3,"StoneCalendar":5,"Burning Blood":0}],"Burning Blood":37},"card_choices":[{"not_picked":["Perfected Strike","Warcry"],"picked":"Uppercut","floor":1},{"not_picked":["Sever Soul","Clash"],"picked":"Headbutt","floor":4},{"not_picked":["Rampage+1","Barricade"],"picked":"Twin Strike+1","floor":6},{"not_picked":["Body Slam+1","Armaments","Havoc"],"picked":"SKIP","floor":8},{"not_picked":["Wild Strike+1","Clash+1"],"picked":"Evolve","floor":10},{"not_picked":["Thunderclap+1","Warcry"],"picked":"Feed+1","floor":11},{"not_picked":["Perfected Strike+1","Flex"],"picked":"Pommel Strike+1","floor":12},{"not_picked":["Rupture","Headbutt+1","Perfected Strike+1"],"picked":"SKIP","floor":13},{"not_picked":["Pommel Strike+1","Havoc"],"picked":"Corruption","floor":14}],"player_experience":691151,"relics_obtained":[{"floor":6,"key":"Molten Egg 2"},{"floor":9,"key":"StoneCalendar"},{"floor":10,"key":"Sundial"},{"floor":12,"key":"Ornamental Fan"}],"event_choices":[{"damage_healed":0,"gold_gain":0,"cards_transformed":["Strike_R"],"player_choice":"Transformed","damage_taken":0,"max_hp_gain":0,"max_hp_loss":0,"event_name":"Transmorgrifier","floor":2,"gold_loss":0,"cards_obtained":["Metallicize"]},{"damage_healed":0,"gold_gain":50,"player_choice":"Pray","damage_taken":0,"max_hp_gain":0,"max_hp_loss":0,"event_name":"Golden Shrine","floor":5,"gold_loss":0}],"is_beta":false,"boss_relics":[],"items_purged_floors":[],"is_endless":false,"potions_floor_spawned":[1,8,10],"killed_by":"Hexaghost","ascension_level":20}}