{"host":"bz6w3lfmpwgz81o3","time":1612745517,"event":{"mods":["BaseMod","Downfall","Hermit","Minty Spire (QoL Compilation)","StSLib"],"gold_per_floor":[149,165,185,199,213,244,244,244,263,263,276,301,201,21,39,140,140,140,157,175,175,185,19,19,35,35,35,35],"floor_reached":26,"language":"ENG","playtime":1342,"items_purged":["Slimebound:Strike_Slimebound"],"score":247,"play_id":"e198a4af-eed9-4c9f-8e57-900ff533e670","local_time":"20210208015157","is_ascension_mode":false,"campfire_choices":[{"data":"Slimebound:FinishingTackle","floor":1.0,"key":"SMITH"},{"floor":10,"key":"REST"},{"data":"Slimebound:Overexert","floor":13,"key":"SMITH"},{"data":"Slimebound:OozeBath","floor":18,"key":"SMITH"}],"circlet_count":0,"master_deck":["Slimebound:Strike_Slimebound","Slimebound:Strike_Slimebound","Slimebound:Tackle","Slimebound:Defend_Slimebound","Slimebound:Defend_Slimebound","Slimebound:Defend_Slimebound","Slimebound:Defend_Slimebound","Slimebound:Split","Slimebound:CorrosiveSpit+1","Slimebound:FinishingTackle+1","Slimebound:SplitBruiser","Slimebound:DuplicatedForm","Slimebound:LivingWall","Slimebound:Gluttony","Slimebound:LivingWall","Slimebound:SamplingLick","Slimebound:Overexert+1","Slimebound:SplitMire","Slimebound:RainOfGoop","Slimebound:LeechingTouch","Slimebound:HauntingLick","Slimebound:OozeBath+1","Slimebound:SplitAcid+1","Slimebound:GoopSpray","Slimebound:SplitLeeching+1","Slimebound:LeechingTouch+1"],"relics":["Tiny House","Slimebound:AggressiveSlimeRelic","Regal Pillow","Kunai","downfall:HeartBlessingGreen","SlaversCollar","Membership Card","Pear"],"acts_visited":["Exordium","TheCity"],"potions_floor_usage":[6,9,12,12,14,16,19,26],"damage_taken":[{"damage":2.0,"enemies":"Jaw Worm","floor":2.0,"turns":2.0},{"damage":1.0,"enemies":"Cultist","floor":3.0,"turns":2.0},{"damage":23.0,"enemies":"2 Louse","floor":4.0,"turns":3.0},{"damage":1,"enemies":"Exordium Wildlife","floor":5,"turns":3},{"damage":29,"enemies":"Lagavulin","floor":6,"turns":5},{"damage":9,"enemies":"3 Louse","floor":9,"turns":3},{"damage":3,"enemies":"Blue Slaver","floor":11,"turns":3},{"damage":22,"enemies":"Gremlin Nob","floor":12,"turns":4},{"damage":25,"enemies":"downfall:FleeingMerchant","floor":14,"turns":4},{"damage":5,"enemies":"Exordium Thugs","floor":15,"turns":3},{"damage":14,"enemies":"IC_STATUS_ARCHETYPE","floor":16,"turns":5},{"damage":26,"enemies":"3 Byrds","floor":19,"turns":4},{"damage":3,"enemies":"Cultist and Chosen","floor":20,"turns":4},{"damage":34,"enemies":"Centurion and Healer","floor":22,"turns":7},{"damage":6,"enemies":"downfall:FleeingMerchant","floor":23,"turns":4},{"damage":9,"enemies":"Snake Plant","floor":25,"turns":4},{"damage":39,"enemies":"Cultist and Chosen","floor":26,"turns":6}],"seed_played":"2112120789788461685","potions_obtained":[{"floor":0.0,"key":"sneckomod:MuddlingPotion"},{"floor":3.0,"key":"hexamod:SoulburnPotion"},{"floor":4,"key":"Slimebound:SlimedPotion"},{"floor":11,"key":"BlessingOfTheForge"},{"floor":12,"key":"Energy Potion"},{"floor":15,"key":"Slimebound:SlimyTonguePotion"},{"floor":16,"key":"AttackPotion"},{"floor":20,"key":"Fire Potion"}],"is_trial":false,"path_per_floor":["R","M","M","M","M","E","T","?","M","R","M","E","R","$","M","B",null,"R","M","M","?","M","$","T","M","M"],"character_chosen":"SLIMEBOUND","items_purchased":["Slimebound:RainOfGoop","Slimebound:LeechingTouch","Membership Card"],"campfire_rested":1,"item_purchase_floors":[14,14,23],"current_hp_per_floor":[70,68,67,59,58,44,44,44,35,70,67,45,45,35,30,16,70,70,44,41,41,22,16,26,17,0,0,0],"gold":35,"neow_bonus":"BOSS_RELIC","is_daily":false,"chose_seed":false,"campfire_upgraded":3,"win_rate":0.0,"timestamp":1612745517,"path_taken":["R","M","M","M","M","E","T","?","M","R","M","E","R","$","M","BOSS","R","M","M","?","M","?","T","M","M"],"items_purchased_type":["Card","Card","Relic"],"build_version":"2020-12-22","purchased_purges":1,"victory":false,"max_hp_per_floor":[70,70,70,70,70,70,70,70,70,70,70,70,70,70,70,70,70,70,70,70,70,70,70,80,80,80,80,80],"card_choices":[{"not_picked":["Slimebound:ItLooksTasty","Slimebound:MegaLick"],"picked":"Slimebound:FinishingTackle","floor":0.0},{"not_picked":["Slimebound:Prepare","Slimebound:ComboTackle"],"picked":"Slimebound:SplitBruiser","floor":2.0},{"not_picked":["Slimebound:RollThrough","Slimebound:LeechEnergy"],"picked":"Slimebound:DuplicatedForm","floor":3.0},{"not_picked":["Slimebound:Schlurp","Slimebound:Replication"],"picked":"Slimebound:LivingWall","floor":4},{"not_picked":["Slimebound:ComboTackle","Slimebound:TongueLash","Slimebound:DisruptingSlam"],"picked":"SKIP","floor":5},{"not_picked":["Slimebound:Prepare","Slimebound:SplitMire"],"picked":"Slimebound:Gluttony","floor":6},{"not_picked":["Slimebound:SplitAcid","Slimebound:FinishingTackle"],"picked":"Slimebound:LivingWall","floor":9},{"not_picked":["Slimebound:AcidTongue","Slimebound:Chomp"],"picked":"Slimebound:SamplingLick","floor":11},{"not_picked":["Slimebound:Prepare","Slimebound:DisruptingSlam"],"picked":"Slimebound:Overexert","floor":12},{"not_picked":["Slimebound:SplitAcid","Slimebound:PressTheAttack"],"picked":"Slimebound:SplitMire","floor":14},{"not_picked":["Slimebound:Equalize","Slimebound:ItLooksTasty"],"picked":"Slimebound:HauntingLick","floor":15},{"not_picked":["Slimebound:LeechLife","Slimebound:OneTwoCombo"],"picked":"Slimebound:OozeBath","floor":16},{"not_picked":["Slimebound:Schlurp","Slimebound:BestDefense+1"],"picked":"Slimebound:SplitAcid+1","floor":19},{"not_picked":["Slimebound:SplitLeeching","Slimebound:SplitMire+1"],"picked":"Slimebound:GoopSpray","floor":20},{"not_picked":["Slimebound:RollThrough","Slimebound:MegaLick"],"picked":"Slimebound:SplitLeeching+1","floor":22},{"not_picked":["Slimebound:SplitLeeching","Slimebound:MassFeed","Slimebound:BestDefense+1"],"picked":"SKIP","floor":23},{"not_picked":["Slimebound:GoopSpray","Slimebound:ViciousTackle"],"picked":"Slimebound:LeechingTouch+1","floor":25}],"player_experience":5506,"relics_obtained":[{"floor":6,"key":"Slimebound:AggressiveSlimeRelic"},{"floor":7,"key":"Regal Pillow"},{"floor":12,"key":"Kunai"},{"floor":24,"key":"Pear"}],"event_choices":[{"damage_healed":0,"gold_gain":0,"player_choice":"Ignored","damage_taken":0,"max_hp_gain":0,"max_hp_loss":0,"event_name":"NoteForYourself","floor":21,"gold_loss":0}],"is_beta":false,"boss_relics":[{"not_picked":["Calling Bell","Busted Crown"],"picked":"SlaversCollar"}],"items_purged_floors":[14],"is_endless":false,"potions_floor_spawned":[3,4,11,12,15,16,20],"killed_by":"Cultist and Chosen","ascension_level":0}}