{"host":"iwx63wjdqe91ab4t","time":1612756252,"event":{"mods":["AchievementEnabler","Act Like it!","Aspiration","BaseMod","BetterRewards","Downfall","Friendly Minions","Hermit","Hubris","Infinite Spire","Jorbs\u0027s Wanderer Trilogy","Marisa????????","Mimic Mod","Minty Spire (QoL Compilation)","Quick Restart","Reliquary","Replay The Spire","StSLib","The Bug Knight","The Construct","The Cursed","The Disciple","The Hierophant","The Jungle","The Necromancer","The Runesmith","The Servant 0.9.4"],"gold_per_floor":[99,114,9,9,25,52,52,80,95,108,123,123,136,71,81,186,186,186,203,214,299,299,299,324,54,54,64,64,97,97,127,138,239,239,239,258,271,322,390,190,190,90,105,124,124,124,159,159,178,178,178,204,34,34,34,34],"floor_reached":57,"language":"ENG","playtime":4188,"items_purged":["bronze:Defend","bronze:Strike","bronze:Strike"],"score":1332,"play_id":"092f3862-5866-403e-906c-3726077155ab","local_time":"20210207215052","is_ascension_mode":false,"campfire_choices":[{"floor":1,"key":"DIG"},{"floor":18,"key":"DIG"},{"data":"bronze:ShipIt","floor":23,"key":"SMITH"},{"data":"bronze:BurnOut","floor":26,"key":"SMITH"},{"data":"bronze:AlphaBuild","floor":30,"key":"SMITH"},{"floor":40,"key":"RECALL"},{"data":"bronze:FindAndReplace","floor":42,"key":"SMITH"},{"data":"infinitespire:Punishment","floor":46,"key":"SMITH"},{"data":"expansioncontent:QuickStudy","floor":54,"key":"SMITH"}],"circlet_count":0,"master_deck":["bronze:Defend","bronze:Defend","bronze:Defend","bronze:Replicate","bronze:Goto","bronze:Iterate","bronze:Mutator","bronze:Allocate+1","stsjorbsmod:PollutedStrike","expansioncontent:DashGenerateEvil+1","bronze:Invalidate+1","bronze:BurnOut+1","bronze:Invalidate","bronze:ShipIt+1","bronze:BugBarrage","bronze:Deprecate","ReplayTheSpireMod:Book of Names","bronze:FindAndReplace+1","bronze:BronzeOrb","bronze:BugBarrage","bronze:AlphaBuild+1","bronze:Turbo","bronze:Safeguard","bronze:Repulsor","bronze:Boost+1","bronze:Break","bronze:Break","bronze:BugBarrage+1","bronze:ItsAFeature","infinitespire:Punishment+1","bronze:BuggyMess+1","expansioncontent:QuickStudy+1"],"relics":["bronze:BronzeCore","Matryoshka","ReplayTheSpireMod:CursedCoin","hubris:SphereOfDissonance","Omamori","hubris:BundleOfHerbs","Oddly Smooth Stone","Replay:Grab Bag","Replay:Fungal Core","Replay:Bronze Core","aspiration:PoetsPen_weak","Bag of Marbles","bronze:MakeshiftBattery","reliquary:TuningFork","infinitespire:Lucky Rock","reliquary:Knoch","aspiration:SeaSaltIceCream","aspiration:Nostalgia","m_RuneBlood","Blood Vial","Bottled Tornado","infinitespire:Beetle Shell","Runic Dome","hubris:GlazedTorus","downfall:HeartBlessingBlue","downfall:HeartBlessingGreen","Pear","downfall:HeartBlessingRed","aspiration:ChemicalBlood","Replay:Towering Pillar of Hats","hubris:64BitClover"],"acts_visited":["Exordium","TheCity","TheBeyond","TheEnding"],"potions_floor_usage":[8,13,13,14,16,29,33,38,47,50,50,50,52,55],"damage_taken":[{"damage":0,"enemies":"2 Louse","floor":2,"turns":3},{"damage":5,"enemies":"downfall:FleeingMerchant","floor":3,"turns":4},{"damage":0,"enemies":"Cultist","floor":5,"turns":3},{"damage":32,"enemies":"Lagavulin","floor":6,"turns":9},{"damage":4,"enemies":"Gremlin Nob","floor":8,"turns":3},{"damage":0,"enemies":"Small Slimes","floor":9,"turns":3},{"damage":5,"enemies":"Exordium Thugs","floor":10,"turns":4},{"damage":0,"enemies":"Large Slime","floor":11,"turns":2},{"damage":0,"enemies":"3 Louse","floor":13,"turns":3},{"damage":4,"enemies":"downfall:FleeingMerchant","floor":14,"turns":4},{"damage":0,"enemies":"Exordium Wildlife","floor":15,"turns":3},{"damage":29,"enemies":"SI_SHIV_ARCHETYPE","floor":16,"turns":7},{"damage":0,"enemies":"Shell Parasite","floor":19,"turns":3},{"damage":0,"enemies":"Chosen","floor":20,"turns":3},{"damage":0,"enemies":"downfall:FleeingMerchant","floor":25,"turns":2},{"damage":0,"enemies":"Sentry and Sphere","floor":27,"turns":2},{"damage":0,"enemies":"Gremlin Leader","floor":29,"turns":3},{"damage":11,"enemies":"Nightmare","floor":31,"turns":3},{"damage":0,"enemies":"Snake Plant","floor":32,"turns":1},{"damage":3,"enemies":"WA_ARCHETYPE_CALM","floor":33,"turns":5},{"damage":0,"enemies":"3 Shapes","floor":36,"turns":2},{"damage":0,"enemies":"Orb Walker","floor":37,"turns":2},{"damage":0,"enemies":"2 Orb Walkers","floor":38,"turns":3},{"damage":0,"enemies":"Spire Growth","floor":43,"turns":2},{"damage":20,"enemies":"Jaw Worm Horde","floor":44,"turns":2},{"damage":0,"enemies":"Reptomancer","floor":47,"turns":1},{"damage":0,"enemies":"3 Darklings","floor":49,"turns":2},{"damage":39,"enemies":"IC_BLOCK_ARCHETYPE","floor":50,"turns":4},{"damage":15,"enemies":"downfall:CharBossMerchant","floor":52,"turns":5},{"damage":0,"enemies":"downfall:NeowBoss","floor":55,"turns":4},{"damage":22,"enemies":"downfall:NeowBossFinal","floor":56,"turns":5}],"seed_played":"-6515695163542790932","potions_obtained":[{"floor":6,"key":"Energy Potion"},{"floor":9,"key":"GamblersBrew"},{"floor":11,"key":"bronze:BurnAndBuffPotion"},{"floor":13,"key":"champ:CounterPotion"},{"floor":15,"key":"hexamod:SoulburnPotion"},{"floor":16,"key":"Doom Potion"},{"floor":20,"key":"EssenceOfSteel"},{"floor":27,"key":"PowerPotion"},{"floor":32,"key":"ColorlessPotion"},{"floor":37,"key":"Fire Potion"},{"floor":44,"key":"SneckoOil"},{"floor":47,"key":"SteroidPotion"}],"is_trial":false,"path_per_floor":["R","M","$","?","M","E","T","E","M","M","M","?","M","$","M","B",null,"R","M","M","?","AVR","R","T","$","R","M","?","E","R","NM","M","B",null,"R","M","M","?","T","R","T","R","M","M","AVR","R","E","?","M","B",null,"E","$","R","B","B",null],"character_chosen":"THE_AUTOMATON","items_purchased":["bronze:Allocate+1","ReplayTheSpireMod:CursedCoin","expansioncontent:DashGenerateEvil+1","bronze:BugBarrage","aspiration:SeaSaltIceCream","bronze:Safeguard","Blood Vial","bronze:Repulsor","expansioncontent:QuickStudy"],"campfire_rested":0,"item_purchase_floors":[3,3,3,14,25,25,25,25,53],"current_hp_per_floor":[77,77,72,72,72,40,40,41,41,36,36,36,36,42,42,13,77,77,77,77,63,63,63,63,63,63,68,68,73,73,67,72,74,77,77,77,77,77,77,87,97,97,97,80,80,80,85,85,90,56,97,85,85,85,90,73],"gold":34,"neow_bonus":"TEN_PERCENT_HP_BONUS","is_daily":false,"chose_seed":false,"campfire_upgraded":6,"win_rate":0.0,"timestamp":1612756252,"path_taken":["R","M","$","?","M","E","T","E","M","M","?","?","M","$","M","BOSS","R","M","M","?","AVR","R","T","$","R","M","?","E","R","NM","M","BOSS","R","M","M","?","?","R","T","R","?","M","AVR","R","E","?","M","BOSS","E","$","R","BOSS","BOSS"],"items_purchased_type":["Card","Relic","Card","Card","Relic","Card","Relic","Card","Card"],"build_version":"2020-12-22","purchased_purges":3,"victory":true,"max_hp_per_floor":[77,77,77,77,77,77,77,77,77,77,77,77,77,77,77,77,77,77,77,77,77,77,77,77,77,77,77,77,77,77,77,77,77,77,77,77,77,77,77,87,97,97,97,97,97,97,97,97,97,97,97,97,97,97,97,97],"card_choices":[{"not_picked":["bronze:Deprecate","bronze:FineTuning"],"picked":"bronze:Iterate","floor":2},{"not_picked":["bronze:Turbo","bronze:WildBeam"],"picked":"bronze:Mutator","floor":3},{"not_picked":["bronze:Frontload","bronze:Turbo"],"picked":"bronze:Invalidate","floor":5},{"not_picked":["bronze:Frontload","bronze:BugBarrage"],"picked":"bronze:BurnOut","floor":6},{"not_picked":["bronze:Branch","bronze:Overload"],"picked":"bronze:Invalidate","floor":8},{"not_picked":["bronze:Iterate","bronze:Overheat"],"picked":"bronze:ShipIt","floor":9},{"not_picked":["bronze:Overheat","bronze:DelayedSlice"],"picked":"bronze:BugBarrage","floor":10},{"not_picked":["bronze:WhirlingStrike","bronze:Repulsor"],"picked":"bronze:Deprecate","floor":11},{"not_picked":["infinitespire:Collect","infinitespire:DeathsTouch"],"picked":"ReplayTheSpireMod:Book of Names","floor":12},{"not_picked":["bronze:ChildClass","bronze:CutThrough"],"picked":"bronze:FindAndReplace","floor":13},{"not_picked":["bronze:ItsAFeature","bronze:CutThrough"],"picked":"bronze:BronzeOrb","floor":14},{"not_picked":["bronze:Deprecate","bronze:Philosophize","bronze:ForceShield"],"picked":"SKIP","floor":15},{"not_picked":["bronze:Virus","bronze:RecursiveStrike"],"picked":"bronze:AlphaBuild","floor":16},{"not_picked":["bronze:BugBarrage+1","bronze:CutThrough"],"picked":"bronze:Turbo","floor":19},{"not_picked":["bronze:Invalidate","bronze:NullPointer","bronze:Frontload+1"],"picked":"SKIP","floor":20},{"not_picked":["bronze:DelayedSlice","bronze:RecursiveStrike","bronze:Frontload"],"picked":"SKIP","floor":25},{"not_picked":["bronze:WildBeam","bronze:ChosenStrike","bronze:Branch+1"],"picked":"SKIP","floor":27},{"not_picked":["bronze:Branch","bronze:CleanCode"],"picked":"bronze:Boost+1","floor":29},{"not_picked":["ReplayTheSpireMod:Armaments MK-II-B","Bash+1"],"picked":"bronze:Break","floor":31},{"not_picked":["bronze:ClassDefault","bronze:WildBeam+1","bronze:ChosenStrike"],"picked":"SKIP","floor":32},{"not_picked":["bronze:Virus","bronze:Verify"],"picked":"bronze:Break","floor":33},{"not_picked":["bronze:Backtrace+1","bronze:DelayedGuard+1"],"picked":"bronze:BugBarrage+1","floor":36},{"not_picked":["bronze:Iterate+1","bronze:WildBeam","bronze:DelayedSlice+1"],"picked":"SKIP","floor":37},{"not_picked":["bronze:ClassDefault","bronze:CleanCode"],"picked":"bronze:ItsAFeature","floor":43},{"not_picked":["bronze:Invalidate","bronze:Frontload+1","bronze:Repair"],"picked":"SKIP","floor":44},{"not_picked":["bronze:Overheat+1","bronze:CutThrough","bronze:NullPointer+1"],"picked":"SKIP","floor":47},{"not_picked":["bronze:CutThrough+1","bronze:BitShift+1"],"picked":"bronze:BuggyMess+1","floor":49},{"not_picked":["bronze:FineTuning","bronze:BuggyMess","bronze:OilSpill"],"picked":"SKIP","floor":52}],"player_experience":280435,"relics_obtained":[{"floor":1,"key":"Matryoshka"},{"floor":6,"key":"hubris:SphereOfDissonance"},{"floor":7,"key":"Omamori"},{"floor":7,"key":"hubris:BundleOfHerbs"},{"floor":8,"key":"Oddly Smooth Stone"},{"floor":18,"key":"Bag of Marbles"},{"floor":24,"key":"infinitespire:Lucky Rock"},{"floor":24,"key":"reliquary:Knoch"},{"floor":29,"key":"Bottled Tornado"},{"floor":31,"key":"infinitespire:Beetle Shell"},{"floor":38,"key":"hubris:GlazedTorus"},{"floor":41,"key":"Pear"},{"floor":47,"key":"Replay:Towering Pillar of Hats"},{"floor":52,"key":"hubris:64BitClover"}],"event_choices":[{"cards_removed":["bronze:Strike"],"damage_healed":0,"gold_gain":0,"player_choice":"Offered Basic","damage_taken":0,"max_hp_gain":0,"max_hp_loss":0,"event_name":"Bonfire Elementals","floor":4,"gold_loss":0},{"damage_healed":0,"gold_gain":0,"player_choice":"Fight","damage_taken":0,"max_hp_gain":0,"max_hp_loss":0,"event_name":"Mysterious Sphere","floor":38,"gold_loss":0}],"is_beta":false,"boss_relics":[{"not_picked":["construct:WeddingRing","Abe\u0027s Treasure"],"picked":"Replay:Grab Bag"},{"not_picked":["hubris:GrandSneckoEye","reliquary:Craggleroot"],"picked":"Replay:Fungal Core"},{"not_picked":["infinitespire:Cupcake","reliquary:Ember"],"picked":"Replay:Bronze Core"},{"not_picked":["aspiration:MarisaSkillbook","hubris:BlackHole"],"picked":"aspiration:PoetsPen_weak"},{"not_picked":["Runesmith:UraniumAnvil","hubris:VirtuousBlindfold"],"picked":"Runic Dome"}],"items_purged_floors":[22,25,45],"is_endless":false,"potions_floor_spawned":[6,9,11,13,15,16,20,27,32,37,44,47],"ascension_level":0}}