{"host":"w3q5ijqu8eoknil3","time":1612807877,"event":{"mods":["AchievementEnabler","BaseMod","Block Reminder","Colored Map","Colored Powertips","Curses Come First","Dark Map","Minty Spire (QoL Compilation)","Quick Restart","Relic Stats","StSLib","ojb\u0027s Better Paths Mod","ojb\u0027s Info Mod","slay the spire mod where everything is the same but ironclad has a cowboy hat"],"gold_per_floor":[109,119,119,44,44,44,79,99,123,134,149,164,7,37,37,37,37],"floor_reached":16,"language":"ENG","playtime":406,"items_purged":["Pain"],"score":316,"play_id":"3f88d65d-1dbe-4d09-8f08-f8fb4dd66bd7","local_time":"20210208181117","is_ascension_mode":true,"campfire_choices":[{"data":"Crippling Poison","floor":6,"key":"SMITH"},{"data":"Adrenaline","floor":15,"key":"SMITH"}],"circlet_count":0,"master_deck":["AscendersBane","Strike_G","Strike_G","Strike_G","Strike_G+1","Strike_G","Defend_G","Defend_G","Defend_G","Defend_G","Defend_G+1","Survivor","Neutralize","Crippling Poison+1","Dash","Adrenaline+1","Quick Slash","Dagger Spray","PiercingWail","Choke"],"relics":["Ring of the Snake","NeowsBlessing","WarpedTongs","Potion Belt","Anchor","Strange Spoon","Meat on the Bone"],"acts_visited":["Exordium"],"potions_floor_usage":[14,16,16,16,16],"damage_taken":[{"damage":0,"enemies":"Jaw Worm","floor":1,"turns":1},{"damage":0,"enemies":"Cultist","floor":2,"turns":1},{"damage":0,"enemies":"Lagavulin","floor":7,"turns":1},{"damage":1,"enemies":"2 Louse","floor":8,"turns":2},{"damage":0,"enemies":"Looter","floor":10,"turns":3},{"damage":0,"enemies":"Lots of Slimes","floor":11,"turns":2},{"damage":0,"enemies":"2 Fungi Beasts","floor":12,"turns":3},{"damage":0,"enemies":"3 Sentries","floor":14,"turns":7},{"damage":40,"enemies":"Hexaghost","floor":16,"turns":9}],"seed_played":"-3094205815293584857","potions_obtained":[{"floor":1,"key":"SpeedPotion"},{"floor":8,"key":"EntropicBrew"},{"floor":10,"key":"Fire Potion"},{"floor":12,"key":"Weak Potion"}],"is_trial":false,"path_per_floor":["M","M","?","$","?","R","E","M","T","M","M","M","$","E","R","B"],"character_chosen":"THE_SILENT","items_purchased":["Strange Spoon"],"campfire_rested":0,"item_purchase_floors":[13],"current_hp_per_floor":[59,59,59,59,39,39,39,38,38,38,38,38,38,38,38,0,0],"gold":37,"neow_bonus":"THREE_ENEMY_KILL","is_daily":false,"chose_seed":false,"campfire_upgraded":2,"win_rate":0.0,"timestamp":1612807877,"path_taken":["M","M","?","?","?","R","E","M","T","M","M","M","$","E","R","BOSS"],"items_purchased_type":["Relic"],"build_version":"2020-12-22","purchased_purges":1,"victory":false,"max_hp_per_floor":[66,66,66,66,66,66,66,66,66,66,66,66,66,66,66,66,66],"relic_stats":{"Strange Spoon":[4],"counters":[9,29],"obtain_stats":[{"Potion Belt":7,"Strange Spoon":13,"Anchor":9,"NeowsBlessing":0,"Ring of the Snake":0,"WarpedTongs":3,"Meat on the Bone":14},{"Potion Belt":3,"Strange Spoon":7,"Anchor":4,"NeowsBlessing":0,"Ring of the Snake":0,"WarpedTongs":2,"Meat on the Bone":8},{"Potion Belt":3,"Strange Spoon":13,"Anchor":5,"NeowsBlessing":0,"Ring of the Snake":0,"WarpedTongs":2,"Meat on the Bone":20}],"Ring of the Snake":[18],"WarpedTongs":[27],"Meat on the Bone":0},"card_choices":[{"not_picked":["Sucker Punch","Dagger Spray"],"picked":"Crippling Poison","floor":1},{"not_picked":["Backflip","Sucker Punch"],"picked":"Dash","floor":2},{"not_picked":["Backflip","Flying Knee"],"picked":"Adrenaline","floor":7},{"not_picked":["Distraction","Terror","Reflex"],"picked":"SKIP","floor":8},{"not_picked":["Backflip","Deflect"],"picked":"Quick Slash","floor":10},{"not_picked":["Dodge and Roll","Outmaneuver"],"picked":"Dagger Spray","floor":11},{"not_picked":["Heel Hook","Underhanded Strike"],"picked":"PiercingWail","floor":12},{"not_picked":["Caltrops","Setup"],"picked":"Choke","floor":14}],"player_experience":1040557,"relics_obtained":[{"floor":7,"key":"Potion Belt"},{"floor":9,"key":"Anchor"},{"floor":14,"key":"Meat on the Bone"}],"event_choices":[{"damage_healed":0,"gold_gain":0,"player_choice":"Rummage","damage_taken":0,"relics_obtained":["WarpedTongs"],"max_hp_gain":0,"max_hp_loss":0,"event_name":"Accursed Blacksmith","floor":3,"gold_loss":0,"cards_obtained":["Pain"]},{"damage_healed":0,"gold_gain":0,"player_choice":"Entered Light","damage_taken":20,"max_hp_gain":0,"max_hp_loss":0,"event_name":"Shining Light","floor":5,"gold_loss":0,"cards_upgraded":["Defend_G","Strike_G"]}],"is_beta":false,"boss_relics":[],"items_purged_floors":[4],"is_endless":false,"potions_floor_spawned":[1,8,10,12],"killed_by":"Hexaghost","ascension_level":19}}