{"host":"5h6e4l6hpn0p5lap","time":1612753020,"event":{"mods":["AchievementEnabler","BaseMod","Better Altar","Better Match","Better Sensory Stone","Better Skull","Better Third Choice","Colored Map","Filter the Spire","Minty Spire (QoL Compilation)","StSLib"],"gold_per_floor":[111,121,121,49,69,101,101,112,112,112,144,144,144,157,157,260,260,271,196,210,125,50,149,149,165,165,165,176,201,201,220,220,319,319,336,346,346,1,15,15,15,0,0,53,64,82,82,82,82],"floor_reached":48,"language":"ENG","playtime":1785,"items_purged":["Pain","Strike_B"],"score":621,"play_id":"879caf7f-c62f-42b8-b233-630c036cad40","local_time":"20210207215700","is_ascension_mode":true,"campfire_choices":[{"data":"White Noise","floor":7.0,"key":"SMITH"},{"floor":10.0,"key":"REST"},{"floor":13,"key":"REST"},{"floor":15,"key":"REST"},{"floor":27,"key":"REST"},{"floor":30,"key":"REST"},{"floor":32,"key":"REST"},{"floor":40,"key":"REST"},{"data":"Defragment","floor":47,"key":"SMITH"}],"circlet_count":0,"master_deck":["Strike_B","Strike_B","Strike_B","Defend_B","Defend_B","Defend_B","Defend_B","Zap","Dualcast","Sweeping Beam","Genetic Algorithm","Ball Lightning","Turbo","Stack","White Noise+1","Chaos","Conserve Battery","Capacitor","Electrodynamics","Cold Snap","Transmutation+1","Cold Snap","Glacier","Multi-Cast","Seek","Steam+1","Defragment+1","Hologram+1"],"relics":["Cracked Core","DataDisk","Mercury Hourglass","Question Card","Singing Bowl","Letter Opener","WarpedTongs","Sozu","Omamori","Happy Flower","Mummified Hand","Calling Bell","Ancient Tea Set","White Beast Statue","StoneCalendar","Pantograph","Red Mask","Du-Vu Doll","Oddly Smooth Stone"],"acts_visited":["Exordium","TheCity","TheBeyond"],"potions_floor_usage":[20,39],"damage_taken":[{"damage":1.0,"enemies":"Cultist","floor":1.0,"turns":3.0},{"damage":5.0,"enemies":"Small Slimes","floor":2.0,"turns":3.0},{"damage":8.0,"enemies":"2 Louse","floor":5.0,"turns":2.0},{"damage":11.0,"enemies":"3 Sentries","floor":6.0,"turns":4.0},{"damage":11.0,"enemies":"Blue Slaver","floor":8.0,"turns":3.0},{"damage":25.0,"enemies":"Lagavulin","floor":11.0,"turns":5.0},{"damage":12,"enemies":"Looter","floor":14,"turns":4},{"damage":14,"enemies":"The Guardian","floor":16,"turns":9},{"damage":12,"enemies":"Shell Parasite","floor":18,"turns":4},{"damage":14,"enemies":"2 Thieves","floor":20,"turns":2},{"damage":13,"enemies":"Centurion and Healer","floor":25,"turns":6},{"damage":21,"enemies":"Snake Plant","floor":28,"turns":5},{"damage":18,"enemies":"Gremlin Leader","floor":29,"turns":4},{"damage":4,"enemies":"Cultist and Chosen","floor":31,"turns":4},{"damage":24,"enemies":"Collector","floor":33,"turns":9},{"damage":20,"enemies":"3 Darklings","floor":35,"turns":3},{"damage":15,"enemies":"Orb Walker","floor":36,"turns":4},{"damage":14,"enemies":"Spire Growth","floor":39,"turns":5},{"damage":0,"enemies":"Sphere and 2 Shapes","floor":45,"turns":4},{"damage":23,"enemies":"Writhing Mass","floor":46,"turns":5},{"damage":71,"enemies":"Transient","floor":48,"turns":5}],"seed_played":"2394482438809564595","potions_obtained":[{"floor":1.0,"key":"EntropicBrew"},{"floor":6.0,"key":"AttackPotion"},{"floor":11.0,"key":"PowerPotion"}],"is_trial":false,"path_per_floor":["M","M","T","$","M","E","R","M","T","R","E","?","R","M","R","B",null,"M","?","M","?","$","?","$","M","T","R","M","E","R","M","R","B",null,"M","M","?","$","M","R","?","?","T","T","M","M","R","M"],"character_chosen":"DEFECT","items_purchased":["Ball Lightning","Turbo","Pantograph"],"campfire_rested":7,"item_purchase_floors":[4,4,38],"current_hp_per_floor":[67,62,62,62,54,43,43,32,32,54,29,29,51,39,61,47,68,56,58,44,44,44,44,44,31,31,54,35,17,40,38,62,38,70,52,37,37,37,25,50,85,85,85,85,85,62,62,0,0],"gold":82,"neow_bonus":"RANDOM_COMMON_RELIC","is_daily":false,"chose_seed":false,"campfire_upgraded":2,"win_rate":0.0,"timestamp":1612753020,"path_taken":["M","M","?","$","M","E","R","M","T","R","E","?","R","?","R","BOSS","M","?","M","?","$","?","?","M","T","R","M","E","R","M","R","BOSS","M","M","?","$","M","R","?","?","T","?","M","M","R","M"],"items_purchased_type":["Card","Card","Relic"],"build_version":"2020-12-22","purchased_purges":2,"victory":false,"max_hp_per_floor":[75,75,75,75,75,75,75,75,75,75,75,75,75,75,75,75,75,75,77,77,77,77,77,77,77,77,77,79,79,79,81,81,81,81,83,83,83,83,85,85,85,85,85,85,85,85,85,85,85],"card_choices":[{"not_picked":["Steam","Conserve Battery"],"picked":"Sweeping Beam","floor":1.0},{"not_picked":["Coolheaded","Rainbow"],"picked":"Genetic Algorithm","floor":2.0},{"not_picked":["Skim","Sweeping Beam"],"picked":"Stack","floor":5.0},{"not_picked":["Turbo","Hologram"],"picked":"White Noise","floor":6.0},{"not_picked":["Blizzard","Loop","Coolheaded"],"picked":"Chaos","floor":8.0},{"not_picked":["Coolheaded","Gash","Go for the Eyes"],"picked":"Conserve Battery","floor":11.0},{"not_picked":["Blizzard","Barrage","Ball Lightning"],"picked":"Capacitor","floor":14},{"not_picked":["Core Surge","Fission","All For One"],"picked":"Electrodynamics","floor":16},{"not_picked":["Barrage","Sweeping Beam","Coolheaded"],"picked":"Cold Snap","floor":18},{"not_picked":["Chrysalis+1","Metamorphosis+1","Mayhem+1"],"picked":"Transmutation+1","floor":19},{"not_picked":["Rebound+1","Barrage+1","Turbo+1","Beam Cell+1"],"picked":"Singing Bowl","floor":19},{"not_picked":["Conserve Battery+1","Gash","Streamline"],"picked":"Cold Snap","floor":20},{"not_picked":["Barrage","Tempest","Cold Snap"],"picked":"Glacier","floor":25},{"not_picked":["Auto Shields+1","Heatsinks","Turbo+1","Sweeping Beam+1"],"picked":"Singing Bowl","floor":28},{"not_picked":["Turbo","Capacitor","Hologram+1"],"picked":"Multi-Cast","floor":29},{"not_picked":["Sweeping Beam","Barrage","Hologram","Machine Learning"],"picked":"Singing Bowl","floor":31},{"not_picked":["Echo Form","Rainbow","Electrodynamics"],"picked":"Seek","floor":33},{"not_picked":["Lockon","Steam","Fusion","Hello World+1"],"picked":"Singing Bowl","floor":35},{"not_picked":["Sunder","Cold Snap+1","Redo+1"],"picked":"Steam+1","floor":36},{"not_picked":["Fusion","FTL","Conserve Battery","Redo"],"picked":"Singing Bowl","floor":39},{"not_picked":["Skim+1","Seek","Undo"],"picked":"Defragment","floor":45},{"not_picked":["Sweeping Beam","Compile Driver+1","Lockon+1"],"picked":"Hologram+1","floor":46}],"player_experience":1082132,"relics_obtained":[{"floor":3.0,"key":"Mercury Hourglass"},{"floor":6.0,"key":"Question Card"},{"floor":9.0,"key":"Singing Bowl"},{"floor":11.0,"key":"Letter Opener"},{"floor":26,"key":"Happy Flower"},{"floor":29,"key":"Mummified Hand"},{"floor":34,"key":"Ancient Tea Set"},{"floor":34,"key":"White Beast Statue"},{"floor":34,"key":"StoneCalendar"},{"floor":43,"key":"Du-Vu Doll"},{"floor":44,"key":"Oddly Smooth Stone"}],"event_choices":[{"damage_healed":0,"gold_gain":0,"player_choice":"Rummage","damage_taken":0,"relics_obtained":["WarpedTongs"],"max_hp_gain":0,"max_hp_loss":0,"event_name":"Accursed Blacksmith","floor":12,"gold_loss":0,"cards_obtained":["Pain"]},{"damage_healed":0,"gold_gain":0,"player_choice":"2","damage_taken":0,"max_hp_gain":0,"max_hp_loss":0,"event_name":"betterMatch:BetterMatch","floor":19,"gold_loss":0,"cards_obtained":["betterMatch:ColorlessRareCard","betterMatch:CommonCard"]},{"damage_healed":0,"gold_gain":0,"player_choice":"Obtained Relic","damage_taken":0,"relics_obtained":["Omamori"],"max_hp_gain":0,"max_hp_loss":0,"event_name":"Addict","floor":21,"gold_loss":85},{"damage_healed":0,"gold_gain":99,"player_choice":"Steal","damage_taken":0,"max_hp_gain":0,"max_hp_loss":0,"event_name":"betterThird:BetterNest","floor":23,"gold_loss":0},{"damage_healed":0,"gold_gain":0,"player_choice":"Ignored","damage_taken":0,"max_hp_gain":0,"max_hp_loss":0,"event_name":"Mysterious Sphere","floor":37,"gold_loss":0},{"damage_healed":35,"gold_gain":0,"player_choice":"Heal","damage_taken":0,"max_hp_gain":0,"max_hp_loss":0,"event_name":"MindBloom","floor":41,"gold_loss":0,"cards_obtained":["Doubt"]},{"damage_healed":0,"gold_gain":0,"player_choice":"Paid","damage_taken":0,"relics_obtained":["Red Mask"],"max_hp_gain":0,"max_hp_loss":0,"event_name":"Tomb of Lord Red Mask","floor":42,"gold_loss":15}],"is_beta":false,"boss_relics":[{"not_picked":["SlaversCollar","Empty Cage"],"picked":"Sozu"},{"not_picked":["Inserter","FrozenCore"],"picked":"Calling Bell"}],"items_purged_floors":[22,38],"is_endless":false,"potions_floor_spawned":[1,6,8,11,14,25,31,33,35,36,39,45,46],"killed_by":"Transient","ascension_level":7}}