{"host":"36t3qd3wjvajtu1z","time":1612771565,"event":{"mods":["2.2 Compatiblity","AchievementEnabler","BaseMod","Block Reminder","Colored Powertips","Minty Spire (QoL Compilation)","Permanent Neow","Quick Restart","Random Character Button","Rare Cards Sparkle","Relic Stats","Slay-I","StSLib"],"gold_per_floor":[19,19,39,57,57,57,100,100,125,125,159,181,224,224,224,324,324,353,74,92,110,155,208,45,89,89,89,113,38,91,115,115,220,220,233,249,65,65,90,90,120,120,170,170,222,72,95,128,128,128],"floor_reached":51,"language":"ENG","playtime":3649,"items_purged":["Defend_G"],"score":1461,"play_id":"ae6b109a-404e-454c-8937-0871ea835f3b","local_time":"20210208000605","is_ascension_mode":true,"campfire_choices":[{"data":"Malaise","floor":6.0,"key":"SMITH"},{"data":"All Out Attack","floor":8.0,"key":"SMITH"},{"floor":10.0,"key":"REST"},{"data":"Eviscerate","floor":15.0,"key":"SMITH"},{"floor":27.0,"key":"REST"},{"floor":32.0,"key":"REST"},{"data":"Mayhem","floor":40,"key":"SMITH"},{"data":"Calculated Gamble","floor":42,"key":"SMITH"},{"floor":44,"key":"REST"},{"floor":49,"key":"REST"}],"circlet_count":0,"master_deck":["AscendersBane","Strike_G","Strike_G","Strike_G","Defend_G","Defend_G","Defend_G","Defend_G","Survivor","Neutralize","Eviscerate+1","Malaise+1","All Out Attack+1","Deadly Poison","Sucker Punch","Dagger Throw","Backstab","Prepared+1","Glass Knife","Adrenaline","Calculated Gamble+1","Underhanded Strike","Leg Sweep","Terror","Die Die Die+1","Tools of the Trade","Mayhem+1","Envenom","Dash+1","Reflex+1","Corpse Explosion"],"relics":["Ring of the Snake","Golden Idol","Omamori","CeramicFish","Strawberry","Pen Nib","Black Star","White Beast Statue","MealTicket","Orichalcum","Blood Vial","Lantern","Happy Flower","Art of War","Mummified Hand","Molten Egg 2","Matryoshka","HoveringKite","Shuriken","Toy Ornithopter","Ancient Tea Set","MawBank","Centennial Puzzle"],"acts_visited":["Exordium","TheCity","TheBeyond"],"potions_floor_usage":[39,41,45,47,50,50],"damage_taken":[{"damage":1.0,"enemies":"Cultist","floor":1.0,"turns":5.0},{"damage":0.0,"enemies":"2 Louse","floor":3.0,"turns":2.0},{"damage":2.0,"enemies":"Jaw Worm","floor":4.0,"turns":4.0},{"damage":19.0,"enemies":"Gremlin Nob","floor":7.0,"turns":5.0},{"damage":0.0,"enemies":"Blue Slaver","floor":11.0,"turns":3.0},{"damage":0.0,"enemies":"2 Fungi Beasts","floor":12.0,"turns":2.0},{"damage":24.0,"enemies":"Lagavulin","floor":13.0,"turns":7.0},{"damage":11.0,"enemies":"The Guardian","floor":16.0,"turns":10.0},{"damage":0.0,"enemies":"Spheric Guardian","floor":18.0,"turns":2.0},{"damage":11.0,"enemies":"Chosen","floor":20.0,"turns":5.0},{"damage":1.0,"enemies":"Centurion and Healer","floor":21.0,"turns":5.0},{"damage":25.0,"enemies":"Gremlin Leader","floor":23.0,"turns":8.0},{"damage":15.0,"enemies":"Book of Stabbing","floor":25.0,"turns":6.0},{"damage":14.0,"enemies":"Chosen and Byrds","floor":28.0,"turns":5.0},{"damage":6.0,"enemies":"Slavers","floor":30.0,"turns":4.0},{"damage":12.0,"enemies":"Snake Plant","floor":31.0,"turns":4.0},{"damage":27.0,"enemies":"Collector","floor":33.0,"turns":5.0},{"damage":2.0,"enemies":"Orb Walker","floor":35.0,"turns":3.0},{"damage":13.0,"enemies":"3 Shapes","floor":36.0,"turns":9.0},{"damage":0,"enemies":"Sphere and 2 Shapes","floor":39,"turns":6},{"damage":27,"enemies":"Jaw Worm Horde","floor":41,"turns":4},{"damage":45,"enemies":"Nemesis","floor":45,"turns":5},{"damage":0,"enemies":"Transient","floor":47,"turns":6},{"damage":0,"enemies":"Maw","floor":48,"turns":6},{"damage":35,"enemies":"Donu and Deca","floor":50,"turns":6}],"seed_played":"2792393367128233540","potions_obtained":[{"floor":1.0,"key":"LiquidMemories"},{"floor":7.0,"key":"Weak Potion"},{"floor":16.0,"key":"DistilledChaos"},{"floor":20.0,"key":"PowerPotion"},{"floor":21.0,"key":"Swift Potion"},{"floor":23.0,"key":"Poison Potion"},{"floor":25.0,"key":"DistilledChaos"},{"floor":28.0,"key":"CunningPotion"},{"floor":30.0,"key":"DuplicationPotion"},{"floor":31.0,"key":"ColorlessPotion"},{"floor":33.0,"key":"Strength Potion"},{"floor":35.0,"key":"Energy Potion"},{"floor":36.0,"key":"CunningPotion"},{"floor":39,"key":"SneckoOil"},{"floor":41,"key":"Poison Potion"},{"floor":45,"key":"CunningPotion"},{"floor":47,"key":"Weak Potion"}],"is_trial":false,"path_per_floor":["M","?","M","M","?","R","E","R","T","R","M","M","E","?","R","B",null,"M","$","M","M","T","E","$","E","T","R","M","$","E","M","R","B",null,"M","M","$","?","M","R","M","R","T","R","E","$","M","M","R","B",null],"character_chosen":"THE_SILENT","items_purchased":["White Beast Statue","Lantern","Mayhem","Centennial Puzzle"],"campfire_rested":5,"item_purchase_floors":[19,24,37,46],"current_hp_per_floor":[58,58,58,56,45,45,26,26,33,53,53,53,29,29,29,18,55,55,55,44,43,43,18,33,20,20,40,28,43,39,29,49,24,56,56,45,60,60,62,62,37,37,37,57,19,34,41,43,63,37],"gold":128,"neow_bonus":"TRANSFORM_TWO_CARDS","is_daily":false,"chose_seed":false,"campfire_upgraded":5,"win_rate":0.0,"timestamp":1612771565,"path_taken":["M","?","M","M","?","R","E","R","T","R","M","M","E","?","R","BOSS","M","$","M","?","?","E","?","E","T","R","M","$","E","M","R","BOSS","M","M","$","?","M","R","M","R","T","R","E","$","M","M","R","BOSS"],"items_purchased_type":["Relic","Relic","Card","Relic"],"build_version":"2020-12-22","purchased_purges":1,"victory":true,"max_hp_per_floor":[66,60,60,60,60,60,60,60,67,67,67,67,67,67,67,67,67,67,67,67,67,67,67,67,67,67,67,67,67,67,67,67,67,67,67,67,67,67,67,67,67,67,67,67,67,67,67,67,67,67],"relic_stats":{"Happy Flower":[21],"counters":[25,127],"Golden Idol":163,"CeramicFish":144,"HoveringKite":[38],"Pen Nib":[21],"Orichalcum":[192],"MawBank":12,"Blood Vial":26,"Centennial Puzzle":[3],"Mummified Hand":[18],"Shuriken":[15],"MealTicket":60,"Black Star":4,"Art of War":[8],"obtain_stats":[{"Lantern":24,"Happy Flower":25,"Golden Idol":2,"CeramicFish":7,"HoveringKite":34,"Pen Nib":13,"Omamori":5,"Orichalcum":23,"Ancient Tea Set":45,"MawBank":45,"White Beast Statue":19,"Blood Vial":23,"Centennial Puzzle":46,"Matryoshka":30,"Mummified Hand":26,"Shuriken":43,"Strawberry":9,"MealTicket":22,"Molten Egg 2":30,"Black Star":17,"Art of War":25,"Toy Ornithopter":43,"Ring of the Snake":0},{"Lantern":12,"Happy Flower":13,"Golden Idol":1,"CeramicFish":4,"HoveringKite":17,"Pen Nib":7,"Omamori":3,"Orichalcum":12,"Ancient Tea Set":22,"MawBank":22,"White Beast Statue":9,"Blood Vial":12,"Centennial Puzzle":22,"Matryoshka":15,"Mummified Hand":13,"Shuriken":21,"Strawberry":4,"MealTicket":11,"Molten Egg 2":15,"Black Star":8,"Art of War":13,"Toy Ornithopter":21,"Ring of the Snake":0},{"Lantern":58,"Happy Flower":64,"Golden Idol":5,"CeramicFish":16,"HoveringKite":82,"Pen Nib":28,"Omamori":11,"Orichalcum":58,"Ancient Tea Set":109,"MawBank":109,"White Beast Statue":40,"Blood Vial":58,"Centennial Puzzle":109,"Matryoshka":73,"Mummified Hand":64,"Shuriken":104,"Strawberry":16,"MealTicket":50,"Molten Egg 2":73,"Black Star":38,"Art of War":64,"Toy Ornithopter":104,"Ring of the Snake":0}],"Toy Ornithopter":17,"Ring of the Snake":[50]},"card_choices":[{"not_picked":["Accuracy","Escape Plan"],"picked":"All Out Attack","floor":1.0},{"not_picked":["Flechettes","Flying Knee"],"picked":"Deadly Poison","floor":3.0},{"not_picked":["Acrobatics","Quick Slash"],"picked":"Sucker Punch","floor":4.0},{"not_picked":["Backflip","Reflex"],"picked":"Dagger Throw","floor":7.0},{"not_picked":["Dagger Throw","Deadly Poison"],"picked":"Backstab","floor":11.0},{"not_picked":["Wraith Form v2","Cloak And Dagger"],"picked":"Prepared","floor":12.0},{"not_picked":["Calculated Gamble","Flying Knee"],"picked":"Glass Knife","floor":13.0},{"not_picked":["Glass Knife","Burst"],"picked":"Adrenaline","floor":16.0},{"not_picked":["Dodge and Roll","Deadly Poison"],"picked":"Calculated Gamble","floor":18.0},{"not_picked":["Cloak And Dagger","Prepared","Slice"],"picked":"SKIP","floor":20.0},{"not_picked":["Dagger Throw","Outmaneuver","Slice"],"picked":"SKIP","floor":21.0},{"not_picked":["Choke","Cloak And Dagger+1"],"picked":"Underhanded Strike","floor":23.0},{"not_picked":["Deadly Poison","Poisoned Stab","Sucker Punch"],"picked":"SKIP","floor":25.0},{"not_picked":["Dodge and Roll","Distraction"],"picked":"Leg Sweep","floor":28.0},{"not_picked":["Backflip","Accuracy"],"picked":"Terror","floor":30.0},{"not_picked":["Prepared","Dagger Spray+1"],"picked":"Die Die Die+1","floor":31.0},{"not_picked":["After Image","Envenom"],"picked":"Tools of the Trade","floor":33.0},{"not_picked":["Quick Slash+1","Dodge and Roll","Crippling Poison"],"picked":"SKIP","floor":35.0},{"not_picked":["Poisoned Stab+1","Bane+1","Cloak And Dagger"],"picked":"SKIP","floor":36.0},{"not_picked":["Dash+1","Quick Slash+1"],"picked":"Envenom","floor":39},{"not_picked":["Backstab+1","Underhanded Strike+1"],"picked":"Dash+1","floor":41},{"not_picked":["Cloak And Dagger+1","Bouncing Flask"],"picked":"Reflex+1","floor":45},{"not_picked":["Dagger Throw+1","Sucker Punch+1","Cloak And Dagger"],"picked":"SKIP","floor":47},{"not_picked":["Caltrops","Deadly Poison"],"picked":"Corpse Explosion","floor":48}],"player_experience":434570,"relics_obtained":[{"floor":7.0,"key":"CeramicFish"},{"floor":9.0,"key":"Strawberry"},{"floor":13.0,"key":"Pen Nib"},{"floor":22.0,"key":"MealTicket"},{"floor":23.0,"key":"Orichalcum"},{"floor":23.0,"key":"Blood Vial"},{"floor":25.0,"key":"Happy Flower"},{"floor":25.0,"key":"Art of War"},{"floor":26.0,"key":"Mummified Hand"},{"floor":30.0,"key":"Molten Egg 2"},{"floor":30.0,"key":"Matryoshka"},{"floor":43,"key":"Shuriken"},{"floor":43,"key":"Toy Ornithopter"},{"floor":45,"key":"Ancient Tea Set"},{"floor":45,"key":"MawBank"}],"event_choices":[{"damage_healed":0.0,"max_hp_gain":0.0,"max_hp_loss":6.0,"gold_gain":0.0,"event_name":"Golden Idol","player_choice":"Lose Max HP","floor":2.0,"gold_loss":0.0,"damage_taken":0.0,"relics_obtained":["Golden Idol"]},{"damage_healed":0.0,"max_hp_gain":0.0,"max_hp_loss":0.0,"gold_gain":0.0,"event_name":"Scrap Ooze","player_choice":"Success","floor":5.0,"gold_loss":0.0,"damage_taken":11.0,"relics_obtained":["Omamori"]},{"damage_healed":0.0,"max_hp_gain":0.0,"max_hp_loss":0.0,"gold_gain":0.0,"event_name":"Upgrade Shrine","player_choice":"Upgraded","floor":14.0,"gold_loss":0.0,"damage_taken":0.0,"cards_upgraded":["Prepared"]},{"damage_healed":0.0,"max_hp_gain":0.0,"max_hp_loss":0.0,"gold_gain":0.0,"event_name":"Mysterious Sphere","player_choice":"Ignored","floor":38.0,"gold_loss":0.0,"damage_taken":0.0}],"is_beta":false,"boss_relics":[{"not_picked":["Tiny House","Snecko Eye"],"picked":"Black Star"},{"not_picked":["Cursed Key","Runic Dome"],"picked":"HoveringKite"}],"items_purged_floors":[29],"is_endless":false,"potions_floor_spawned":[1,7,16,20,21,23,25,28,30,31,33,35,36,39,41,45,47,48],"ascension_level":17}}