{"host":"tj6tjcyqgbd0xj5u","time":1612749954,"event":{"mods":["Aspiration","BaseMod","Better Match","BetterRewards","Challenge The Spire","Conspire","Defuse TimeMaze Blight","Dota2Spire","Downfall","Energized Spire","Evolution","GifTheSpireLib","Good Game Mod","Halation","Hubris","Hyrulean Relics","Infinite Spire","Minty Spire (QoL Compilation)","Reliquary","Replay The Spire","Reworked Bosses","Spikes Relics","StS++","StSLib","Stuff the Spire"],"gold_per_floor":[15,33,47,62,62,62,94,108,134,153,42,75,88,101,101,196,196,208,249,174,174,189,189,218,218,218,218,232,245,208,223,223,223,223],"floor_reached":33,"language":"ENG","playtime":1243,"items_purged":[],"score":415,"play_id":"fccfdc4c-ccea-4c3a-9f0e-eba3f8d98030","local_time":"20210207220554","is_ascension_mode":true,"campfire_choices":[{"data":"Iron Wave","floor":6,"key":"SMITH"},{"data":"Invigoration","floor":15,"key":"SMITH"},{"floor":23,"key":"REST"}],"circlet_count":0,"master_deck":["Iron Wave+1","Iron Wave","Iron Wave","Iron Wave","Iron Wave","Defend_R+1","Defend_R","Defend_R+1","Bash","Sunder","hubris:CleavingFinish","Iron Wave","conspire:Charge","True Grit","Cleave","Sword Boomerang+1","Inflame","Invigoration+1","Metallicize","Inflame","StuffTheSpire:Slingshot","ReplayTheSpireMod:Strike From Hell","conspire:Banana+1","infinitespire:OneForAll","Iron Wave","StSpp:MuscleMemory","Slimebound:CheckThePlaybook"],"relics":["Burning Blood","EVO:Axolotl","REME:ComplimentaryCards","Unceasing Top","StuffTheSpire:RubySignet","StuffTheSpire:GrapeVine","hubris:SlimyHat","conspire:RoyalGoblet","War Paint","StuffTheSpire:OldFever","MutagenicStrength","Dota2Spire:ArmletOfMordiggian"],"acts_visited":["Exordium","TheCity"],"potions_floor_usage":[8,16,24,31,33,33],"damage_taken":[{"damage":5,"enemies":"Cultist","floor":1,"turns":4},{"damage":0,"enemies":"Small Slimes","floor":2,"turns":2},{"damage":0,"enemies":"2 Louse","floor":3,"turns":2},{"damage":0,"enemies":"2 Fungi Beasts","floor":4,"turns":4},{"damage":1,"enemies":"Gremlin Nob","floor":7,"turns":4},{"damage":0,"enemies":"Lots of Slimes","floor":8,"turns":1},{"damage":2,"enemies":"Large Slime","floor":10,"turns":5},{"damage":26,"enemies":"Lagavulin","floor":12,"turns":5},{"damage":11,"enemies":"2 Fungi Beasts","floor":13,"turns":3},{"damage":5,"enemies":"Lots of Slimes","floor":14,"turns":4},{"damage":23,"enemies":"Hexaghost","floor":16,"turns":8},{"damage":46,"enemies":"Shell Parasite","floor":18,"turns":9},{"damage":16,"enemies":"Chosen","floor":22,"turns":5},{"damage":32,"enemies":"Slavers","floor":24,"turns":5},{"damage":22,"enemies":"Shelled Parasite and Fungi","floor":28,"turns":4},{"damage":34,"enemies":"Snake Plant","floor":29,"turns":4},{"damage":28,"enemies":"Sentry and Sphere","floor":31,"turns":6},{"damage":68,"enemies":"Automaton","floor":33,"turns":6}],"seed_played":"868730277025320470","potions_obtained":[{"floor":1,"key":"Dota2Spire:Clarity"},{"floor":4,"key":"PowerPotion"},{"floor":7,"key":"DistilledChaos"},{"floor":10,"key":"Explosive Potion"},{"floor":13,"key":"Energy Potion"},{"floor":16,"key":"Elixir"},{"floor":19,"key":"SkillPotion"},{"floor":24,"key":"champ:CounterPotion"},{"floor":28,"key":"BloodPotion"}],"is_trial":false,"path_per_floor":["M","M","M","M","?","R","E","M","T","M","$","E","M","M","R","B",null,"M","?","?","?","M","R","E","?","T","?","M","M","$","M","R","B"],"character_chosen":"IRONCLAD","items_purchased":["Sword Boomerang+1","Inflame","StSpp:MuscleMemory"],"campfire_rested":1,"item_purchase_floors":[11,11,30],"current_hp_per_floor":[73,79,80,80,80,80,80,80,80,80,80,60,57,58,58,41,70,33,33,33,33,25,50,29,29,29,100,86,58,58,63,63,0,0],"gold":223,"neow_bonus":"ONE_RARE_RELIC","is_daily":false,"chose_seed":false,"campfire_upgraded":2,"win_rate":0.0,"timestamp":1612749954,"path_taken":["M","M","M","?","?","R","E","M","T","M","$","E","M","?","R","BOSS","M","?","?","?","M","R","E","?","T","?","M","M","$","?","R","BOSS"],"items_purchased_type":["Card","Card","Card"],"build_version":"2020-12-22","purchased_purges":0,"victory":false,"max_hp_per_floor":[80,80,80,80,80,80,80,80,80,80,80,80,80,80,80,80,80,83,83,83,83,85,85,90,90,90,100,102,102,102,108,98,102,102],"card_choices":[{"not_picked":["Shockwave","Whirlwind"],"picked":"hubris:CleavingFinish","floor":1},{"not_picked":["Massacre","StuffTheSpire:RockThrow"],"picked":"Iron Wave","floor":2},{"not_picked":["StuffTheSpire:BloodClot","StSpp:TheBiggerTheyAre","hubris:ReadiedAction"],"picked":"SKIP","floor":3},{"not_picked":["Defy Death","Heavy Blade","Evolve"],"picked":"SKIP","floor":4},{"not_picked":["Havoc","Sentinel"],"picked":"conspire:Charge","floor":7},{"not_picked":["Whirlwind","ReplayTheSpireMod:Strike From Hell"],"picked":"True Grit","floor":8},{"not_picked":["Heavy Blade","Clash"],"picked":"Cleave","floor":10},{"not_picked":["Warcry","Twin Strike"],"picked":"Invigoration","floor":12},{"not_picked":["Fiend Fire","Anger"],"picked":"Metallicize","floor":13},{"not_picked":["Perfected Strike","Abandon"],"picked":"Inflame","floor":14},{"not_picked":["hubris:StunningStrike","conspire:Purge"],"picked":"Feed","floor":16},{"not_picked":["Defy Death","Run Through"],"picked":"StuffTheSpire:Slingshot","floor":18},{"not_picked":["hubris:SharpeningStone","StuffTheSpire:Slingshot+1"],"picked":"ReplayTheSpireMod:Strike From Hell","floor":19},{"not_picked":["Good Instincts+1","Replay:Sssssssssstrike+1"],"picked":"conspire:Banana+1","floor":20},{"not_picked":["StuffTheSpire:Pyroclast","hubris:ReadiedAction"],"picked":"Iron Wave","floor":22},{"not_picked":["Headbutt","Dark Embrace","Heavy Blade"],"picked":"SKIP","floor":24},{"not_picked":["Clash","Perfected Strike","Shrug It Off"],"picked":"SKIP","floor":28},{"not_picked":["ReplayTheSpireMod:Strike From Hell","Flex","StSpp:Betrayal"],"picked":"SKIP","floor":29},{"not_picked":["conspire:Charge+1","ReplayTheSpireMod:Strike From Hell+1","Armaments"],"picked":"SKIP","floor":31}],"player_experience":133877,"relics_obtained":[{"floor":7,"key":"StuffTheSpire:RubySignet"},{"floor":9,"key":"StuffTheSpire:GrapeVine"},{"floor":12,"key":"hubris:SlimyHat"},{"floor":19,"key":"War Paint"},{"floor":24,"key":"StuffTheSpire:OldFever"},{"floor":26,"key":"Dota2Spire:ArmletOfMordiggian"}],"event_choices":[{"cards_removed":["Defend_R"],"damage_healed":0,"gold_gain":0,"player_choice":"Purged","damage_taken":0,"max_hp_gain":0,"max_hp_loss":0,"event_name":"Purifier","floor":5,"gold_loss":0},{"damage_healed":0,"gold_gain":0,"player_choice":"2","damage_taken":0,"max_hp_gain":0,"max_hp_loss":0,"event_name":"betterMatch:BetterMatch","floor":20,"gold_loss":0,"cards_obtained":["betterMatch:ColorlessUncommonCard"]},{"damage_healed":0,"gold_gain":0,"player_choice":"Read","damage_taken":0,"max_hp_gain":0,"max_hp_loss":0,"event_name":"The Library","floor":21,"gold_loss":0,"cards_obtained":["infinitespire:OneForAll"]},{"damage_healed":0,"gold_gain":0,"player_choice":"Inject Mutagens","damage_taken":0,"relics_obtained":["MutagenicStrength"],"max_hp_gain":0,"max_hp_loss":0,"event_name":"Drug Dealer","floor":25,"gold_loss":0},{"cards_removed":["Feed"],"damage_healed":61,"gold_gain":0,"player_choice":"Offered Rare","damage_taken":0,"max_hp_gain":10,"max_hp_loss":0,"event_name":"Bonfire Elementals","floor":27,"gold_loss":0}],"is_beta":false,"boss_relics":[{"not_picked":["energizedSpire:DecayingSkull","reliquary:WritOfMandamus"],"picked":"conspire:RoyalGoblet"}],"items_purged_floors":[],"is_endless":false,"potions_floor_spawned":[1,4,7,10,13,14,16,22,24,28,31],"killed_by":"Automaton","ascension_level":6}}