{"host":"w9njud19qyl0lpz1","time":1612821859,"event":{"mods":["BaseMod","Infinite Spire","Minty Spire (QoL Compilation)","StSLib"],"gold_per_floor":[119,136,59,59,59,94,94,128,174,29,59,59,77,77,77,173,173,185,205,215,215,225,225,225,225,225,245,245,16,28,43,43,148,148,159,171,171,184,184,209,209,221,248,248,261,261,272,73,73,73],"floor_reached":51,"language":"ENG","playtime":84074,"items_purged":["Strike_G","infinitespire:Pacifist"],"score":722,"play_id":"b61d4c47-2083-454c-a8e7-0a71760349bb","local_time":"20210208170419","is_ascension_mode":false,"campfire_choices":[{"floor":7.0,"key":"REST"},{"floor":12.0,"key":"REST"},{"floor":15.0,"key":"REST"},{"floor":23.0,"key":"REST"},{"floor":25.0,"key":"REST"},{"floor":32.0,"key":"REST"},{"data":"Bane","floor":41.0,"key":"SMITH"},{"data":"Envenom","floor":44.0,"key":"SMITH"},{"floor":49,"key":"REST"}],"circlet_count":0,"master_deck":["Strike_G","Strike_G","Strike_G","Strike_G","Defend_G","Defend_G","Defend_G","Defend_G","Defend_G","Survivor","Neutralize","Corpse Explosion","Poisoned Stab","Bouncing Flask","Backstab","Catalyst+1","Leg Sweep","Die Die Die","Bane+1","Dagger Throw+1","Poisoned Stab+1","Leg Sweep+1","Terror+1","PiercingWail+1","Envenom+1","Escape Plan+1","Catalyst+1","Bouncing Flask+1","Deadly Poison+1","Acrobatics+1","infinitespire:FinalStrike","Adrenaline+1","Noxious Fumes"],"relics":["Ring of the Snake","infinitespire:PuzzleCube","Omamori","Pen Nib","Anchor","Paper Crane","Cursed Key","Enchiridion","Toxic Egg 2","SacredBark","Strawberry","Happy Flower","infinitespire:Bottled Soul","Lantern"],"acts_visited":["Exordium","TheCity","TheBeyond"],"potions_floor_usage":[50],"damage_taken":[{"damage":0.0,"enemies":"Cultist","floor":1.0,"turns":5.0},{"damage":0.0,"enemies":"2 Louse","floor":2.0,"turns":1.0},{"damage":28.0,"enemies":"Gremlin Nob","floor":6.0,"turns":4.0},{"damage":12.0,"enemies":"Lagavulin","floor":8.0,"turns":5.0},{"damage":38.0,"enemies":"Gremlin Nob","floor":11.0,"turns":5.0},{"damage":1.0,"enemies":"Jaw Worm","floor":13.0,"turns":2.0},{"damage":22.0,"enemies":"The Guardian","floor":16.0,"turns":9.0},{"damage":0.0,"enemies":"Chosen","floor":18.0,"turns":3.0},{"damage":0.0,"enemies":"Spheric Guardian","floor":19.0,"turns":3.0},{"damage":0.0,"enemies":"Cultist and Chosen","floor":20.0,"turns":3.0},{"damage":18.0,"enemies":"Shelled Parasite and Fungi","floor":22.0,"turns":5.0},{"damage":6.0,"enemies":"Snecko","floor":27.0,"turns":3.0},{"damage":0.0,"enemies":"Cultist and Chosen","floor":30.0,"turns":4.0},{"damage":7.0,"enemies":"Centurion and Healer","floor":31.0,"turns":4.0},{"damage":7.0,"enemies":"Collector","floor":33.0,"turns":5.0},{"damage":1.0,"enemies":"3 Darklings","floor":35.0,"turns":4.0},{"damage":0.0,"enemies":"3 Shapes","floor":36.0,"turns":3.0},{"damage":0.0,"enemies":"Transient","floor":38.0,"turns":5.0},{"damage":16.0,"enemies":"Reptomancer","floor":40.0,"turns":6.0},{"damage":5.0,"enemies":"3 Darklings","floor":42.0,"turns":2.0},{"damage":0.0,"enemies":"Jaw Worm Horde","floor":45.0,"turns":2.0},{"damage":5,"enemies":"Sphere and 2 Shapes","floor":47,"turns":4},{"damage":0,"enemies":"infinitespire:MassOfShapes","floor":50,"turns":5}],"seed_played":"8733885364974684854","potions_obtained":[{"floor":1.0,"key":"Dexterity Potion"},{"floor":13.0,"key":"Weak Potion"},{"floor":18.0,"key":"Block Potion"},{"floor":19.0,"key":"AttackPotion"},{"floor":31.0,"key":"Block Potion"},{"floor":36.0,"key":"SteroidPotion"},{"floor":42.0,"key":"Ancient Potion"},{"floor":45.0,"key":"BlessingOfTheForge"},{"floor":47,"key":"BlessingOfTheForge"}],"is_trial":false,"path_per_floor":["M","M","$","?","?","E","R","E","T","$","E","R","M","?","R","B",null,"M","M","M","?","M","R","?","R","T","M","?","$","M","M","R","B",null,"M","M","T","M","AVR","E","R","M","T","R","M","?","M","$","R","B",null],"character_chosen":"THE_SILENT","items_purchased":["Backstab","Anchor","infinitespire:BlackPotion","Leg Sweep+1","AttackPotion","Noxious Fumes"],"campfire_rested":7,"item_purchase_floors":[3,10,29,29,48,48],"current_hp_per_floor":[70,70,70,70,70,42,63,51,51,51,13,34,33,33,54,32,70,70,70,70,54,36,57,57,70,70,64,64,64,64,57,70,63,70,69,69,76,76,76,60,60,55,55,55,55,36,31,31,54,54],"gold":73,"neow_bonus":"THREE_RARE_CARDS","is_daily":false,"chose_seed":false,"campfire_upgraded":2,"win_rate":0.0,"timestamp":1612821859,"path_taken":["M","M","$","?","?","E","R","E","T","$","E","R","M","?","R","BOSS","M","M","M","?","M","R","?","R","T","M","?","$","M","M","R","BOSS","M","M","?","M","AVR","E","R","M","T","R","M","?","M","$","R","BOSS"],"items_purchased_type":["Card","Relic","Potion","Card","Potion","Card"],"build_version":"2020-12-22","purchased_purges":2,"victory":true,"max_hp_per_floor":[70,70,70,70,70,70,70,70,70,70,70,70,70,70,70,70,70,70,70,70,70,70,70,70,70,70,70,70,70,70,70,70,70,70,70,70,77,77,77,77,77,77,77,77,77,77,77,77,77,77],"card_choices":[{"not_picked":["Storm of Steel","Envenom"],"picked":"Corpse Explosion","floor":0.0},{"not_picked":["Outmaneuver","Dagger Spray"],"picked":"Poisoned Stab","floor":1.0},{"not_picked":["Prepared","Dagger Spray"],"picked":"Bouncing Flask","floor":2.0},{"not_picked":["Deflect","Dodge and Roll","Quick Slash"],"picked":"SKIP","floor":6.0},{"not_picked":["Flechettes","Choke","Backflip"],"picked":"SKIP","floor":8.0},{"not_picked":["Poisoned Stab","Flying Knee"],"picked":"Catalyst","floor":11.0},{"not_picked":["Underhanded Strike","Flechettes"],"picked":"Leg Sweep","floor":13.0},{"not_picked":["A Thousand Cuts","After Image"],"picked":"Die Die Die","floor":16.0},{"not_picked":["Blade Dance","Well Laid Plans+1","Dagger Spray"],"picked":"SKIP","floor":18.0},{"not_picked":["Deflect","Dagger Throw","Prepared"],"picked":"SKIP","floor":19.0},{"not_picked":["Sucker Punch","Deflect"],"picked":"Bane","floor":20.0},{"not_picked":["Sucker Punch","Footwork"],"picked":"Dagger Throw+1","floor":22.0},{"not_picked":["Calculated Gamble+1","Dagger Spray"],"picked":"Poisoned Stab+1","floor":27.0},{"not_picked":["Escape Plan+1","Reflex+1"],"picked":"Terror+1","floor":30.0},{"not_picked":["Escape Plan+1","Accuracy"],"picked":"PiercingWail+1","floor":31.0},{"not_picked":["Tools of the Trade","Venomology+1"],"picked":"Envenom","floor":33.0},{"not_picked":["Flying Knee","Dodge and Roll+1","Skewer"],"picked":"SKIP","floor":35.0},{"not_picked":["Blade Dance+1","Heel Hook"],"picked":"Escape Plan+1","floor":36.0},{"not_picked":["Slice","Setup+1"],"picked":"Catalyst+1","floor":38.0},{"not_picked":["Leg Sweep+1","Slice+1"],"picked":"Bouncing Flask+1","floor":40.0},{"not_picked":["Acrobatics+1","Escape Plan+1"],"picked":"Deadly Poison+1","floor":42.0},{"not_picked":["Outmaneuver+1","Flying Knee+1"],"picked":"Acrobatics+1","floor":45.0},{"not_picked":["infinitespire:SealOfDarkness+","infinitespire:Menacing"],"picked":"infinitespire:FinalStrike","floor":46.0},{"not_picked":["Blade Dance+1","Accuracy"],"picked":"Adrenaline+1","floor":47}],"player_experience":2361481,"relics_obtained":[{"floor":6.0,"key":"infinitespire:PuzzleCube"},{"floor":8.0,"key":"Omamori"},{"floor":9.0,"key":"Pen Nib"},{"floor":11.0,"key":"Paper Crane"},{"floor":21.0,"key":"Enchiridion"},{"floor":26.0,"key":"Toxic Egg 2"},{"floor":37.0,"key":"Strawberry"},{"floor":40.0,"key":"infinitespire:Bottled Soul"},{"floor":43.0,"key":"Lantern"}],"event_choices":[{"damage_healed":0.0,"max_hp_gain":0.0,"max_hp_loss":0.0,"gold_gain":0.0,"event_name":"Scrap Ooze","player_choice":"Fled","floor":14.0,"gold_loss":0.0,"damage_taken":0.0},{"damage_healed":0.0,"max_hp_gain":0.0,"max_hp_loss":0.0,"gold_gain":0.0,"event_name":"Cursed Tome","player_choice":"Obtained Book","floor":21.0,"gold_loss":0.0,"damage_taken":16.0},{"damage_healed":0.0,"max_hp_gain":0.0,"max_hp_loss":0.0,"gold_gain":0.0,"event_name":"Vampires","player_choice":"Ignored","floor":24.0,"gold_loss":0.0,"damage_taken":0.0},{"damage_healed":0.0,"max_hp_gain":0.0,"max_hp_loss":0.0,"gold_gain":0.0,"event_name":"Accursed Blacksmith","player_choice":"Forge","floor":28.0,"gold_loss":0.0,"damage_taken":0.0,"cards_upgraded":["Catalyst"]}],"is_beta":false,"boss_relics":[{"not_picked":["Runic Dome","Astrolabe"],"picked":"Cursed Key"},{"not_picked":["Fusion Hammer","Busted Crown"],"picked":"SacredBark"}],"items_purged_floors":[39,48],"is_endless":false,"potions_floor_spawned":[1,13,18,19,31,36,42,45,47],"ascension_level":0}}