{"host":"13ii7kifcsv20hya","time":1612775796,"event":{"mods":["BaseMod","Downfall","Hermit","Minty Spire (QoL Compilation)","Replay The Spire","StSLib","The Cursed"],"gold_per_floor":[99,116,116,147,165,165,165,197,197,197,197,216,234,234,234,276,300,418,418,418,444,444,444,444],"floor_reached":22,"language":"ENG","playtime":1171,"items_purged":[],"score":192,"play_id":"288c9e96-035a-42aa-89be-00e6acd4d9e7","local_time":"20210208101636","is_ascension_mode":false,"campfire_choices":[{"floor":1,"key":"DIG"},{"data":"1","floor":11,"key":"LIFT"},{"floor":15,"key":"REST"},{"floor":20,"key":"DIG"}],"circlet_count":0,"master_deck":["Slimebound:Strike_Slimebound","Slimebound:Strike_Slimebound","Slimebound:Strike_Slimebound","Slimebound:Tackle","Slimebound:Defend_Slimebound","Slimebound:Defend_Slimebound","Slimebound:Defend_Slimebound","Slimebound:Defend_Slimebound","Slimebound:Split","Slimebound:CorrosiveSpit","Slimebound:SplitBruiser","CommonCold","Slimebound:RollThrough","Slimebound:GoopTackle","Slimebound:LeechLife","Slimebound:MegaLick","Slimebound:Gluttony","Slimebound:RejuvenatingLick","Slimebound:Repurpose","Slimebound:DouseInSlime","Slimebound:SplitMire+1"],"relics":["Slimebound:AbsorbEndCombat","Regal Pillow","Ring of Misfortune","Girya","Replay:Bandana","Darkstone Periapt","CultistMask","downfall:BrokenWingStatue","Shuriken","Honey Jar","Bag of Marbles"],"acts_visited":["Exordium","TheCity"],"potions_floor_usage":[18,18,18],"damage_taken":[{"damage":3,"enemies":"2 Louse","floor":2,"turns":3},{"damage":10,"enemies":"Small Slimes","floor":5,"turns":2},{"damage":18,"enemies":"Gremlin Nob","floor":8,"turns":3},{"damage":7,"enemies":"Cultist","floor":12,"turns":3},{"damage":2,"enemies":"Blue Slaver","floor":13,"turns":3},{"damage":15,"enemies":"Replay:BlueRogue","floor":16,"turns":4},{"damage":23,"enemies":"Large Slime","floor":17,"turns":4},{"damage":42,"enemies":"DF_ARCHETYPE_STREAMLINE","floor":18,"turns":5},{"damage":41,"enemies":"Shell Parasite","floor":21,"turns":6},{"damage":0,"enemies":"3 Byrds","floor":22,"turns":1}],"seed_played":"5844068631402648939","potions_obtained":[{"floor":5,"key":"bronze:BurnAndBuffPotion"},{"floor":8,"key":"PowerPotion"},{"floor":13,"key":"Block Potion"}],"is_trial":false,"path_per_floor":["R","M","?","?","M","PTL","PTL","E","T","?","R","M","M","?","R","E","M","B",null,"R","M","M"],"character_chosen":"SLIMEBOUND","items_purchased":[],"campfire_rested":1,"item_purchase_floors":[],"current_hp_per_floor":[71,70,70,53,43,43,43,27,27,27,27,28,32,32,68,61,50,27,71,71,46,46,46,46],"gold":444,"neow_bonus":"TEN_PERCENT_HP_BONUS","is_daily":false,"chose_seed":false,"campfire_upgraded":0,"win_rate":0.0,"timestamp":1612775796,"path_taken":["R","M","?","?","M","PTL","PTL","E","T","?","R","M","?","?","R","E","M","BOSS","R","M","M"],"items_purchased_type":[],"build_version":"2020-12-22","purchased_purges":0,"victory":false,"max_hp_per_floor":[71,71,71,71,71,71,71,71,71,71,71,71,71,71,71,71,71,71,71,71,71,71,71,71],"card_choices":[{"not_picked":["Slimebound:RollThrough","Slimebound:SamplingLick"],"picked":"Slimebound:SplitBruiser","floor":2},{"not_picked":["Slimebound:LeechingTouch","Slimebound:LivingWall"],"picked":"Slimebound:RollThrough","floor":4},{"not_picked":["Slimebound:Prepare","Slimebound:ItLooksTasty"],"picked":"Slimebound:GoopTackle","floor":5},{"not_picked":["Slimebound:ItLooksTasty","Slimebound:FinishingTackle"],"picked":"Slimebound:LeechLife","floor":8},{"not_picked":["Slimebound:Equalize","Slimebound:FinishingTackle"],"picked":"Slimebound:MegaLick","floor":12},{"not_picked":["Slimebound:LevelUp","Slimebound:BestDefense"],"picked":"Slimebound:Gluttony","floor":13},{"not_picked":["Slimebound:Grow","Slimebound:SamplingLick"],"picked":"Slimebound:RejuvenatingLick","floor":16},{"not_picked":["Slimebound:LivingWall","Slimebound:RejuvenatingLick"],"picked":"Slimebound:Repurpose","floor":17},{"not_picked":["Slimebound:SelfFormingGoo","Slimebound:OneTwoCombo"],"picked":"Slimebound:DouseInSlime","floor":18},{"not_picked":["Slimebound:Replication","Slimebound:GoopSpray+1","Slimebound:ComboTackle"],"picked":"Slimebound:SplitMire+1","floor":21}],"player_experience":136752,"relics_obtained":[{"floor":1,"key":"Regal Pillow"},{"floor":3,"key":"Ring of Misfortune"},{"floor":4,"key":"Girya"},{"floor":8,"key":"Replay:Bandana"},{"floor":9,"key":"Darkstone Periapt"},{"floor":16,"key":"Shuriken"},{"floor":20,"key":"Bag of Marbles"}],"event_choices":[{"damage_healed":0,"gold_gain":0,"player_choice":"Trade","damage_taken":0,"relics_obtained":["CultistMask"],"max_hp_gain":0,"max_hp_loss":0,"event_name":"FaceTrader","floor":10,"gold_loss":0}],"is_beta":false,"boss_relics":[{"not_picked":["Ring of Chaos","bronze:MakeshiftBattery"],"picked":"Honey Jar"}],"items_purged_floors":[],"is_endless":false,"potions_floor_spawned":[5,8,13,16],"killed_by":"3 Byrds","ascension_level":0}}