{"host":"8i4doyxqctgl5qb0","time":1612817853,"event":{"mods":["AchievementEnabler","BaseMod","Block Reminder","Colored Powertips","Downfall","Minty Spire (QoL Compilation)","Permanent Neow","Potion Indicator Mod","Rare Cards Sparkle","StSLib","SuperFastMode","The Jungle"],"gold_per_floor":[213,228,243,243,193,193,368,382,382,430,430,451,467,478,478,478,478],"floor_reached":16,"language":"ZHS","playtime":416,"items_purged":[],"score":163,"play_id":"eabcb204-5fa6-4f19-b0ff-7414d1deeb46","local_time":"20210209045733","is_ascension_mode":true,"campfire_choices":[{"data":"Neutralize","floor":6.0,"key":"SMITH"},{"floor":11.0,"key":"REST"},{"floor":15,"key":"REST"}],"circlet_count":0,"master_deck":["AscendersBane","Strike_G","Strike_G","Strike_G","Strike_G","Defend_G","Defend_G","Defend_G","Defend_G","Survivor","Neutralize+1","PiercingWail","Quick Slash","Doubt","Caltrops","Bullet Time","Acrobatics","Dagger Spray","Flying Knee"],"relics":["Ring of the Snake","StoneCalendar","TungstenRod","Odd Mushroom"],"acts_visited":["Exordium"],"potions_floor_usage":[14,14],"damage_taken":[{"damage":1.0,"enemies":"2 Louse","floor":1.0,"turns":5.0},{"damage":0.0,"enemies":"Small Slimes","floor":2.0,"turns":4.0},{"damage":3.0,"enemies":"Jaw Worm","floor":3.0,"turns":5.0},{"damage":0.0,"enemies":"2 Fungi Beasts","floor":8.0,"turns":4.0},{"damage":34.0,"enemies":"Gremlin Nob","floor":10.0,"turns":5.0},{"damage":14.0,"enemies":"The Mushroom Lair","floor":12.0,"turns":5.0},{"damage":12.0,"enemies":"Exordium Wildlife","floor":13.0,"turns":5.0},{"damage":0,"enemies":"Red Slaver","floor":14,"turns":1},{"damage":47,"enemies":"Slime Boss","floor":16,"turns":6}],"seed_played":"7503072994617745163","potions_obtained":[{"floor":1.0,"key":"EntropicBrew"},{"floor":8.0,"key":"PowerPotion"},{"floor":12.0,"key":"Energy Potion"},{"floor":13.0,"key":"SteroidPotion"},{"floor":14,"key":"SpeedPotion"}],"is_trial":false,"path_per_floor":["M","M","M","?","?","R","?","M","T","E","R","?","M","M","R","B"],"character_chosen":"THE_SILENT","items_purchased":[],"campfire_rested":2,"item_purchase_floors":[],"current_hp_per_floor":[62,62,59,59,59,59,59,59,59,25,46,32,20,20,41,0,0],"gold":478,"neow_bonus":"HUNDRED_GOLD","is_daily":false,"chose_seed":false,"campfire_upgraded":1,"win_rate":0.0,"timestamp":1612817853,"path_taken":["M","M","M","?","?","R","?","M","T","E","R","?","M","M","R","BOSS"],"items_purchased_type":[],"build_version":"2020-12-22","purchased_purges":0,"victory":false,"max_hp_per_floor":[70,70,70,70,70,70,70,70,70,70,70,70,70,70,70,70,70],"card_choices":[{"not_picked":["Reflex","Sucker Punch","Blade Dance"],"picked":"SKIP","floor":1.0},{"not_picked":["Prepared","Blade Dance"],"picked":"PiercingWail","floor":2.0},{"not_picked":["Reflex","Accuracy"],"picked":"Quick Slash","floor":3.0},{"not_picked":["Crippling Poison","Quick Slash"],"picked":"Caltrops","floor":8.0},{"not_picked":["Sucker Punch","Masterful Stab"],"picked":"Bullet Time","floor":10.0},{"not_picked":["Quick Slash","Endless Agony"],"picked":"Acrobatics","floor":12.0},{"not_picked":["Deadly Poison","Blade Dance"],"picked":"Dagger Spray","floor":13.0},{"not_picked":["Dash","Slice"],"picked":"Flying Knee","floor":14}],"player_experience":279782,"relics_obtained":[{"floor":9.0,"key":"StoneCalendar"},{"floor":10.0,"key":"TungstenRod"},{"floor":12.0,"key":"Odd Mushroom"}],"event_choices":[{"cards_removed":["Strike_G"],"damage_healed":0.0,"max_hp_gain":0.0,"max_hp_loss":0.0,"gold_gain":0.0,"event_name":"Living Wall","player_choice":"Forget","floor":4.0,"gold_loss":0.0,"damage_taken":0.0},{"cards_removed":["Defend_G"],"damage_healed":0.0,"max_hp_gain":0.0,"max_hp_loss":0.0,"gold_gain":0.0,"event_name":"The Cleric","player_choice":"Card Removal","floor":5.0,"gold_loss":50.0,"damage_taken":0.0},{"damage_healed":0.0,"max_hp_gain":0.0,"max_hp_loss":0.0,"gold_gain":175.0,"event_name":"Liars Game","player_choice":"AGREE","floor":7.0,"gold_loss":0.0,"damage_taken":0.0,"cards_obtained":["Doubt"]},{"damage_healed":0.0,"max_hp_gain":0.0,"max_hp_loss":0.0,"gold_gain":0.0,"event_name":"Mushrooms","player_choice":"Fought Mushrooms","floor":12.0,"gold_loss":0.0,"damage_taken":0.0}],"is_beta":false,"boss_relics":[],"items_purged_floors":[],"is_endless":false,"potions_floor_spawned":[1,8,12,13,14],"killed_by":"Slime Boss","ascension_level":12}}