{"host":"z16h96csw6gsetxl","time":1612746511,"event":{"mods":["BaseMod","Minty Spire (QoL Compilation)"],"gold_per_floor":[118,37,37,56,72,104,121,146,146,177,193,209,220,220,220,220,220],"floor_reached":16,"language":"ZHS","playtime":624,"items_purged":[],"score":149,"play_id":"2d812ceb-9cae-4a8c-8c1e-e2bc4c8e2dd5","local_time":"20210208090831","is_ascension_mode":true,"campfire_choices":[{"floor":15,"key":"REST"}],"circlet_count":0,"master_deck":["Strike_G","Strike_G","Strike_G","Strike_G","Strike_G","Defend_G","Defend_G","Defend_G","Defend_G","Survivor","Neutralize","Blade Dance+1","Backflip","Blade Dance","Backstab","Cloak And Dagger+1","Blade Dance+1","Prepared+1","Deadly Poison+1"],"relics":["Ring of the Snake","NeowsBlessing","Blue Candle","Art of War","Boot","Toxic Egg 2"],"acts_visited":["Exordium"],"potions_floor_usage":[16,16],"damage_taken":[{"damage":0.0,"enemies":"2 Louse","floor":1.0,"turns":1.0},{"damage":0.0,"enemies":"Cultist","floor":4.0,"turns":1.0},{"damage":0.0,"enemies":"Small Slimes","floor":5.0,"turns":1.0},{"damage":24.0,"enemies":"Gremlin Nob","floor":6.0,"turns":4.0},{"damage":1.0,"enemies":"2 Fungi Beasts","floor":7.0,"turns":3.0},{"damage":1.0,"enemies":"3 Sentries","floor":8.0,"turns":7.0},{"damage":19.0,"enemies":"Gremlin Nob","floor":10.0,"turns":4.0},{"damage":6,"enemies":"Exordium Wildlife","floor":11,"turns":3},{"damage":0,"enemies":"Looter","floor":12,"turns":1},{"damage":0,"enemies":"Gremlin Gang","floor":13,"turns":2},{"damage":6,"enemies":"The Guardian","floor":16,"turns":2}],"seed_played":"-2642300374859766344","potions_obtained":[{"floor":4.0,"key":"EssenceOfSteel"},{"floor":10.0,"key":"Strength Potion"},{"floor":11,"key":"Block Potion"},{"floor":12,"key":"FairyPotion"}],"is_trial":false,"path_per_floor":["M","$","?","M","M","E","M","E","T","E","M","M","M","?","R","B"],"character_chosen":"THE_SILENT","items_purchased":["Blade Dance","Backflip"],"campfire_rested":1,"item_purchase_floors":[2,2],"current_hp_per_floor":[70,70,70,70,70,46,45,44,44,25,19,19,19,19,40,34,34],"gold":220,"neow_bonus":"THREE_ENEMY_KILL","is_daily":false,"chose_seed":false,"campfire_upgraded":0,"win_rate":0.0,"timestamp":1612746511,"path_taken":["M","$","?","M","M","E","M","E","T","E","?","M","M","?","R","BOSS"],"items_purchased_type":["Card","Card"],"build_version":"2020-12-22","purchased_purges":0,"victory":false,"max_hp_per_floor":[70,70,70,70,70,70,70,70,70,70,70,70,70,70,70,70,70],"card_choices":[{"not_picked":["Bane","Footwork","Prepared"],"picked":"SKIP","floor":1.0},{"not_picked":["PiercingWail","Slice"],"picked":"Blade Dance","floor":4.0},{"not_picked":["Eviscerate","Prepared"],"picked":"Backstab","floor":5.0},{"not_picked":["Bane","Eviscerate","Slice"],"picked":"SKIP","floor":6.0},{"not_picked":["Sucker Punch","Dodge and Roll","All Out Attack"],"picked":"SKIP","floor":7.0},{"not_picked":["Bane","Deflect","Dagger Throw"],"picked":"SKIP","floor":8.0},{"not_picked":["Bullet Time+1","Flying Knee"],"picked":"Cloak And Dagger+1","floor":10.0},{"not_picked":["Bouncing Flask+1","Underhanded Strike"],"picked":"Blade Dance+1","floor":11},{"not_picked":["Dagger Spray","Quick Slash"],"picked":"Prepared+1","floor":12},{"not_picked":["Heel Hook","Dodge and Roll+1","Catalyst+1"],"picked":"SKIP","floor":13}],"player_experience":88445,"relics_obtained":[{"floor":6.0,"key":"Blue Candle"},{"floor":8.0,"key":"Art of War"},{"floor":9.0,"key":"Boot"},{"floor":10.0,"key":"Toxic Egg 2"}],"event_choices":[{"damage_healed":0.0,"max_hp_gain":0.0,"max_hp_loss":0.0,"gold_gain":0.0,"event_name":"Accursed Blacksmith","player_choice":"Forge","floor":3.0,"gold_loss":0.0,"damage_taken":0.0,"cards_upgraded":["Blade Dance"]},{"damage_healed":0,"gold_gain":0,"cards_transformed":["Defend_G"],"player_choice":"Change","damage_taken":0,"max_hp_gain":0,"max_hp_loss":0,"event_name":"Living Wall","floor":14,"gold_loss":0,"cards_obtained":["Deadly Poison"]}],"is_beta":false,"boss_relics":[],"items_purged_floors":[],"is_endless":false,"potions_floor_spawned":[4,10,11,12,13],"killed_by":"The Guardian","ascension_level":4}}