{"host":"lbxgx0pztvktefbj","time":1612828165,"event":{"mods":["AchievementEnabler","BaseMod","Colored Map","Colored Powertips","GifTheSpireLib","Highlight Path","Ironclad Rager","Minty Spire (QoL Compilation)","Replay The Spire","StSLib","Stuff the Spire","The Blackbeard"],"gold_per_floor":[110,110,124,124,143,175,188,221,221,221,239,239,1,14,14,111,111,121,121,138,155,155,155,155,155,155],"floor_reached":25,"language":"ENG","playtime":4244,"items_purged":["Regret"],"score":249,"play_id":"156f88ca-2107-4d6a-b52c-e10cf0136b0d","local_time":"20210208174925","is_ascension_mode":true,"campfire_choices":[{"floor":10,"key":"REST"},{"floor":12,"key":"RECALL"},{"floor":15,"key":"REST"},{"floor":23,"key":"REST"}],"circlet_count":0,"master_deck":["Strike_P","Strike_P","Strike_P","Strike_P","Defend_P","Defend_P","Defend_P","Defend_P","Eruption+1","Vigilance","Strike_R","ICR:VenomStrike","Replay:DivineShield","Replay:Hum","Replay:Battleflow","EmptyFist","CrushJoints","Judgement","ThirdEye","Good Instincts","Perseverance","Replay:BluntJabs","DeusExMachina","ClearTheMind","CutThroughFate+1","Halt+1","StuffTheSpire:CopiaOfFamine"],"relics":["PureWater","StuffTheSpire:RedRose","Nunchaku","Pear","Replay:WaspNest","Velvet Choker","Nilry\u0027s Codex"],"acts_visited":["Exordium","TheCity"],"potions_floor_usage":[6,8,21,25,25],"damage_taken":[{"damage":9,"enemies":"Small Slimes","floor":1,"turns":3},{"damage":9,"enemies":"Jaw Worm","floor":3,"turns":4},{"damage":1,"enemies":"Cultist","floor":5,"turns":3},{"damage":47,"enemies":"3 Sentries","floor":6,"turns":6},{"damage":5,"enemies":"Looter","floor":7,"turns":3},{"damage":6,"enemies":"Lagavulin","floor":8,"turns":5},{"damage":6,"enemies":"2 Fungi Beasts","floor":11,"turns":2},{"damage":0,"enemies":"3 Louse","floor":14,"turns":2},{"damage":51,"enemies":"Fading Forest","floor":16,"turns":11},{"damage":10,"enemies":"Chosen","floor":18,"turns":3},{"damage":0,"enemies":"Spheric Guardian","floor":20,"turns":1},{"damage":47,"enemies":"3 Cultists","floor":21,"turns":6},{"damage":35,"enemies":"Cultist and Chosen","floor":25,"turns":9}],"seed_played":"-971261194679989020","potions_obtained":[{"floor":5,"key":"BottledMiracle"},{"floor":7,"key":"Swift Potion"},{"floor":11,"key":"Elixir"},{"floor":16,"key":"Languid Potion"},{"floor":21,"key":"Reflective Coating"}],"is_trial":false,"path_per_floor":["M","?","M","?","M","E","M","E","T","R","M","R","$","M","R","B",null,"M","?","M","M","?","R","?","M"],"character_chosen":"WATCHER","items_purchased":["Good Instincts","Perseverance"],"campfire_rested":3,"item_purchase_floors":[13,13],"current_hp_per_floor":[77,77,68,68,67,20,15,19,19,47,41,41,41,41,69,38,96,86,70,70,23,3,31,31,0,0],"gold":155,"neow_bonus":"TWENTY_PERCENT_HP_BONUS","is_daily":false,"chose_seed":false,"campfire_upgraded":0,"win_rate":0.0,"timestamp":1612828165,"path_taken":["M","?","M","?","?","E","M","E","T","R","M","R","$","M","R","BOSS","M","?","M","M","?","R","?","M"],"items_purchased_type":["Card","Card"],"build_version":"2020-12-22","purchased_purges":1,"victory":false,"max_hp_per_floor":[86,86,86,86,86,86,86,96,96,96,96,96,96,96,96,96,96,96,96,96,96,96,96,96,96,96],"card_choices":[{"not_picked":["ClearTheMind","PathToVictory"],"picked":"Replay:DivineShield","floor":1},{"not_picked":["BattleHymn","PathToVictory"],"picked":"Replay:Hum","floor":3},{"not_picked":["ClearTheMind","Crescendo"],"picked":"Replay:Battleflow","floor":5},{"not_picked":["CarveReality","ClearTheMind"],"picked":"EmptyFist","floor":6},{"not_picked":["Replay:Anticipation","Crescendo"],"picked":"CrushJoints","floor":7},{"not_picked":["ThirdEye","Replay:ManipulateFuture"],"picked":"Judgement","floor":8},{"not_picked":["FlurryOfBlows","Tantrum"],"picked":"ThirdEye","floor":11},{"not_picked":["ClearTheMind","DeceiveReality"],"picked":"Replay:BluntJabs","floor":14},{"not_picked":["Replay:AllIn","DevaForm"],"picked":"DeusExMachina","floor":16},{"not_picked":["SignatureMove","Replay:ManipulateFuture"],"picked":"ClearTheMind","floor":18},{"not_picked":["ClearTheMind","Replay:ManipulateFuture"],"picked":"CutThroughFate+1","floor":20},{"not_picked":["ThirdEye","PathToVictory"],"picked":"Halt+1","floor":21}],"player_experience":340968,"relics_obtained":[{"floor":6,"key":"Nunchaku"},{"floor":8,"key":"Pear"},{"floor":9,"key":"Replay:WaspNest"},{"floor":19,"key":"Nilry\u0027s Codex"}],"event_choices":[{"damage_healed":0,"gold_gain":0,"player_choice":"Forge","damage_taken":0,"max_hp_gain":0,"max_hp_loss":0,"event_name":"Accursed Blacksmith","floor":4,"gold_loss":0,"cards_upgraded":["Eruption"]},{"damage_healed":0,"gold_gain":0,"player_choice":"Obtained Book","damage_taken":16,"max_hp_gain":0,"max_hp_loss":0,"event_name":"Cursed Tome","floor":19,"gold_loss":0}],"is_beta":false,"boss_relics":[{"not_picked":["Runic Dome","StuffTheSpire:ModemDavis"],"picked":"Velvet Choker"}],"items_purged_floors":[13],"is_endless":false,"potions_floor_spawned":[5,7,11,16,21],"killed_by":"Cultist and Chosen","ascension_level":1}}