{"host":"a464imauj9yqom7y","time":1612745338,"event":{"mods":["AchievementEnabler","BaseMod","Better Altar","Better Match","Better Note","Better Sensory Stone","Better Skull","BetterRewards","ChefMod","Colored Map","Colored Powertips","Hermit","Minty Spire (QoL Compilation)","Rare Cards Sparkle","Robot Space Explorer","Somnambulant","StSLib","The Marked","The Runesmith","TheBandit"],"gold_per_floor":[115,115,115,126,126,142,175,193,272,285,27,44,59,59,59,159,159,177,192,192,202,162,162,162],"floor_reached":23,"language":"ENG","playtime":819,"items_purged":[],"score":115,"play_id":"3974c718-72a0-4cea-ab69-7b0fefa00b9c","local_time":"20210207184858","is_ascension_mode":false,"campfire_choices":[{"floor":15,"key":"REST"}],"circlet_count":0,"master_deck":["Strike_R","Strike_R+1","Strike_R","Strike_R","Strike_R+1","Defend_R","Defend_R","Defend_R","Bash","Shrug It Off","Warcry","Twin Strike","Perfected Strike","Flex","Heavy Blade","Flex","Fire Breathing+1","Barricade+1","Body Slam","Dual Wield+1","Armaments"],"relics":["Fusion Hammer","Magic Flower","Frozen Egg 2","Shuriken","Sozu"],"acts_visited":["Exordium","TheCity"],"potions_floor_usage":[16,16],"damage_taken":[{"damage":0,"enemies":"Cultist","floor":1,"turns":3},{"damage":1,"enemies":"Jaw Worm","floor":4,"turns":4},{"damage":0,"enemies":"Small Slimes","floor":6,"turns":3},{"damage":11,"enemies":"Gremlin Nob","floor":7,"turns":4},{"damage":6,"enemies":"Exordium Wildlife","floor":8,"turns":4},{"damage":1,"enemies":"3 Louse","floor":10,"turns":3},{"damage":4,"enemies":"Exordium Thugs","floor":12,"turns":4},{"damage":2,"enemies":"Large Slime","floor":13,"turns":4},{"damage":41,"enemies":"The Guardian","floor":16,"turns":7},{"damage":5,"enemies":"Spheric Guardian","floor":18,"turns":3},{"damage":22,"enemies":"Shell Parasite","floor":19,"turns":5},{"damage":37,"enemies":"Centurion and Healer","floor":21,"turns":6},{"damage":16,"enemies":"Slavers","floor":23,"turns":2}],"seed_played":"-1056301145578019995","potions_obtained":[{"floor":4,"key":"DuplicationPotion"},{"floor":7,"key":"LiquidBronze"},{"floor":13,"key":"SkillPotion"}],"is_trial":false,"path_per_floor":["M","$","$","M","?","M","E","M","T","M","$","M","M","$","R","B",null,"M","M","?","M","?","E"],"character_chosen":"IRONCLAD","items_purchased":["Shuriken"],"campfire_rested":1,"item_purchase_floors":[11],"current_hp_per_floor":[80,80,80,79,79,79,68,62,62,61,61,57,55,55,79,38,80,75,53,53,16,16,0,0],"gold":162,"neow_bonus":"BOSS_RELIC","is_daily":false,"chose_seed":false,"campfire_upgraded":0,"win_rate":0.0,"timestamp":1612745338,"path_taken":["M","?","$","M","?","M","E","M","T","M","$","M","?","$","R","BOSS","M","M","?","M","?","E"],"items_purchased_type":["Relic"],"build_version":"2020-12-22","purchased_purges":0,"victory":false,"max_hp_per_floor":[80,80,80,80,80,80,80,80,80,80,80,80,80,80,80,80,80,80,80,80,80,80,80,80],"card_choices":[{"not_picked":["Flame Barrier","Flex"],"picked":"Shrug It Off","floor":1},{"not_picked":["True Grit","Armaments"],"picked":"Warcry","floor":4},{"not_picked":["Anger","Iron Wave"],"picked":"Twin Strike","floor":6},{"not_picked":["Juggernaut","Hemokinesis"],"picked":"Perfected Strike","floor":7},{"not_picked":["Thunderclap","Battle Trance"],"picked":"Flex","floor":8},{"not_picked":["Reckless Charge","Body Slam"],"picked":"Heavy Blade","floor":10},{"not_picked":["Rampage","Clothesline"],"picked":"Flex","floor":12},{"not_picked":["Dual Wield","Clash"],"picked":"Fire Breathing+1","floor":13},{"not_picked":["Double Tap","Berserk+1"],"picked":"Barricade+1","floor":16},{"not_picked":["Searing Blow","Pommel Strike"],"picked":"Body Slam","floor":18},{"not_picked":["Anger","True Grit"],"picked":"Dual Wield+1","floor":19},{"not_picked":["Flex","Fire Breathing+1"],"picked":"Armaments","floor":21}],"player_experience":58865,"relics_obtained":[{"floor":7,"key":"Magic Flower"},{"floor":9,"key":"Frozen Egg 2"}],"event_choices":[{"cards_removed":["Defend_R"],"damage_healed":0,"gold_gain":0,"player_choice":"Offered Basic","damage_taken":0,"max_hp_gain":0,"max_hp_loss":0,"event_name":"Bonfire Elementals","floor":5,"gold_loss":0},{"damage_healed":0,"gold_gain":0,"player_choice":"Bought 0 Potions","damage_taken":0,"max_hp_gain":0,"max_hp_loss":0,"event_name":"The Woman in Blue","floor":20,"gold_loss":0},{"damage_healed":0,"gold_gain":0,"player_choice":"Upgraded Two","damage_taken":0,"max_hp_gain":0,"max_hp_loss":0,"event_name":"Designer","floor":22,"gold_loss":40,"cards_upgraded":["Strike_R","Strike_R"]}],"is_beta":false,"boss_relics":[{"not_picked":["Runic Pyramid","Runic Dome"],"picked":"Sozu"}],"items_purged_floors":[],"is_endless":false,"potions_floor_spawned":[4,7,13,18,21],"killed_by":"Slavers","ascension_level":0}}