{"host":"gf6h0fjn0q83ridf","time":1612800418,"event":{"mods":["BaseMod","Downfall","Energized Spire","Hunter 猎人","KinomotoSakuraMod(木之本樱)","Minty Spire (QoL Compilation)","Prisma Mod","Reimu（博丽灵梦）","Remilia（蕾米莉亚）","RumiaBox-露米娅的神秘盒子","Spicy Shops","StSLib","WarShipGirlsR/战舰少女R mod","Youmu（魂魄妖梦）"],"gold_per_floor":[119,135,151,151,27,27,43,43,43,54,73,73,101,120,120,250,250,263,302,217,259,65,90,90,105,130,130,130,141,105,117,117,241,241,252,271,271,31,107,132,173,173,200,200,200,235,9,28,28,28],"floor_reached":51,"language":"ZHS","playtime":12525,"items_purged":[],"score":726,"play_id":"823e6ff7-70a8-4007-939e-8ffa92378379","local_time":"20210209000658","is_ascension_mode":false,"campfire_choices":[{"data":"PrismaMod:MiyuCheapChannelDefend","floor":6.0,"key":"SMITH"},{"data":"PrismaMod:MiyuCheapChannelAttack","floor":12.0,"key":"SMITH"},{"data":"PrismaMod:MiyuDefenseRemoval","floor":15.0,"key":"SMITH"},{"data":"PrismaMod:MiyuCheapStrBuff","floor":24.0,"key":"SMITH"},{"data":"PrismaMod:MiyuDefenseAbsorbMinor","floor":27.0,"key":"SMITH"},{"floor":32.0,"key":"REST"},{"floor":42,"key":"REST"},{"floor":45,"key":"REST"},{"data":"PrismaMod:MiyuBride","floor":49,"key":"SMITH"}],"circlet_count":0,"master_deck":["PrismaMod:MiyuCommonDefend","PrismaMod:MiyuCommonDefend","PrismaMod:MiyuCommonDefend","PrismaMod:MiyuCommonDefend","PrismaMod:MiyuCommonAttack","PrismaMod:MiyuCommonAttack","PrismaMod:MiyuCommonAttack","PrismaMod:MiyuCommonAttack","PrismaMod:MiyuCommonAttack","PrismaMod:MiyuCheapChannelAttack+1","PrismaMod:MiyuCheapChannelDefend+1","PrismaMod:MiyuCheapDefend1","PrismaMod:MiyuUncommonPlate","PrismaMod:MiyuUncommonStrBuff+1","PrismaMod:MiyuEvokeAllDefend","PrismaMod:MiyuAttackChannelWeak","PrismaMod:MiyuCheapAttack2","PrismaMod:MiyuEvokeAll","PrismaMod:MiyuEvokeBuffStr","PrismaMod:MiyuDefenseRemoval+1","PrismaMod:MiyuDefenseAbsorbMinor+1","PrismaMod:MiyuDefenseExplosion+1","PrismaMod:MiyuUberAOEAttack+1","PrismaMod:MiyuOrbIncreasePerm+1","PrismaMod:MiyuUberAOEAttack","PrismaMod:MiyuAttackChannelAttack","PrismaMod:MiyuCheapChannelWeak","PrismaMod:MiyuCheapStrBuff+1","PrismaMod:MiyuCheapChannelWeak+1","PrismaMod:MiyuUncommonPlate","PrismaMod:MiyuCarnivalAttack+1","PrismaMod:MiyuCheapDexBuff","PrismaMod:MiyuUncommonStrBuff","PrismaMod:MiyuBride+1","PrismaMod:MiyuUberAttack","PrismaMod:MiyuOrbIncreasePerm","PrismaMod:MiyuChannelDefendEvoke","PrismaMod:MiyuCheapDefend1","PrismaMod:MiyuCarnivalAttack","PrismaMod:MiyuEvokeCheapAttack+1","PrismaMod:MiyuUncommonDexBuff+1","PrismaMod:MiyuAttackChannelAttack","PrismaMod:MiyuEvokeCheapAttack","PrismaMod:MiyuUncommonStrBuff+1","PrismaMod:MiyuCheapChannelAttack","PrismaMod:MiyuCheapChannelVul","PrismaMod:MiyuCheapAttack1","PrismaMod:MiyuAttackChannelAttack","PrismaMod:MiyuAttackChannelVul"],"relics":["PrismaMod:PrismaSapphire","Bird Faced Urn","Mango","energizedSpire:SpiderWeb","GodSword4","Pear","ZombieArmy","Nilry\u0027s Codex","RedLine:ReiMu","Dream Catcher","FossilizedHelix","Bottled Flame","Oddly Smooth Stone","MealTicket"],"acts_visited":["Exordium","TheCity","TheBeyond"],"potions_floor_usage":[48],"damage_taken":[{"damage":1.0,"enemies":"Jaw Worm","floor":1.0,"turns":4.0},{"damage":4.0,"enemies":"2 Louse","floor":2.0,"turns":3.0},{"damage":0.0,"enemies":"Cultist","floor":3.0,"turns":4.0},{"damage":0.0,"enemies":"Looter","floor":7.0,"turns":4.0},{"damage":0.0,"enemies":"2 Fungi Beasts","floor":10.0,"turns":5.0},{"damage":0.0,"enemies":"3 Louse","floor":11.0,"turns":4.0},{"damage":9.0,"enemies":"Gremlin Nob","floor":13.0,"turns":4.0},{"damage":0.0,"enemies":"Blue Slaver","floor":14.0,"turns":2.0},{"damage":28.0,"enemies":"Slime Boss","floor":16.0,"turns":13.0},{"damage":0.0,"enemies":"Spheric Guardian","floor":18.0,"turns":3.0},{"damage":17.0,"enemies":"3 Byrds","floor":19.0,"turns":7.0},{"damage":0.0,"enemies":"Snecko","floor":21.0,"turns":10.0},{"damage":10.0,"enemies":"Gremlin Leader","floor":23.0,"turns":7.0},{"damage":1.0,"enemies":"Snake Plant","floor":25.0,"turns":6.0},{"damage":20.0,"enemies":"3 Cultists","floor":29.0,"turns":6.0},{"damage":0.0,"enemies":"Snecko","floor":31.0,"turns":4.0},{"damage":59.0,"enemies":"Automaton","floor":33.0,"turns":9.0},{"damage":8.0,"enemies":"3 Darklings","floor":35.0,"turns":6.0},{"damage":9.0,"enemies":"Orb Walker","floor":36.0,"turns":4.0},{"damage":33.0,"enemies":"2 Orb Walkers","floor":39.0,"turns":7.0},{"damage":64.0,"enemies":"Reptomancer","floor":40.0,"turns":7.0},{"damage":0,"enemies":"Jaw Worm Horde","floor":41,"turns":5},{"damage":0,"enemies":"Sphere and 2 Shapes","floor":46,"turns":5},{"damage":0,"enemies":"3 Darklings","floor":48,"turns":6},{"damage":30,"enemies":"Time Eater","floor":50,"turns":10}],"seed_played":"4146749382903546864","potions_obtained":[{"floor":2.0,"key":"ColorlessPotion"},{"floor":7.0,"key":"SteroidPotion"},{"floor":10.0,"key":"Fire Potion"},{"floor":14.0,"key":"ZuzhouPotion:ReiMu"},{"floor":16.0,"key":"Fire Potion"},{"floor":19.0,"key":"SkillPotion"},{"floor":29.0,"key":"SpeedPotion"},{"floor":31.0,"key":"GamblersBrew"},{"floor":33.0,"key":"PowerPotion"},{"floor":36.0,"key":"AttackPotion"},{"floor":40.0,"key":"bronze:BurnAndBuffPotion"},{"floor":41,"key":"SteroidPotion"}],"is_trial":false,"path_per_floor":["M","M","M","?","$","R","M","?","T","M","M","R","E","M","R","B",null,"M","M","?","M","$","E","R","M","T","R","?","M","$","M","R","B",null,"M","M","?","$","?","E","M","R","T","?","R","M","$","M","R","B",null],"character_chosen":"MIYU","items_purchased":["PrismaMod:MiyuEvokeAllDefend","Block Potion","PrismaMod:MiyuUberAOEAttack","PrismaMod:MiyuAttackChannelAttack","PrismaMod:MiyuCheapChannelWeak","PrismaMod:MiyuCheapStrBuff","PrismaMod:MiyuCheapDexBuff","PrismaMod:MiyuCheapDefend1","Dream Catcher","PrismaMod:MiyuCarnivalAttack","PrismaMod:MiyuCheapChannelVul","PrismaMod:MiyuCheapAttack1","PrismaMod:MiyuAttackChannelAttack","Swift Potion"],"campfire_rested":3,"item_purchase_floors":[5,5,22,22,22,22,30,38,38,38,47,47,47,47],"current_hp_per_floor":[81,77,77,70,70,70,70,70,70,72,74,74,81,83,83,57,96,96,81,81,83,83,87,87,90,90,90,74,58,58,62,93,42,106,98,91,91,91,70,14,22,53,53,53,84,90,105,106,106,76],"gold":28,"neow_bonus":"TEN_PERCENT_HP_BONUS","is_daily":false,"chose_seed":false,"campfire_upgraded":6,"win_rate":0.0,"timestamp":1612800418,"path_taken":["M","M","M","?","$","R","M","?","T","?","M","R","E","M","R","BOSS","M","M","?","M","$","E","R","M","T","R","?","M","$","M","R","BOSS","M","M","?","$","?","E","M","R","T","?","R","M","$","?","R","BOSS"],"items_purchased_type":["Card","Potion","Card","Card","Card","Card","Card","Card","Relic","Card","Card","Card","Card","Potion"],"build_version":"2020-12-22","purchased_purges":0,"victory":true,"max_hp_per_floor":[82,82,82,82,82,82,82,82,82,82,82,82,96,96,96,96,96,96,96,96,96,96,106,106,106,106,106,106,106,106,106,106,106,106,106,106,106,106,106,106,106,106,106,106,106,106,106,106,106,106],"card_choices":[{"not_picked":["PrismaMod:MiyuCheapChannelVul","PrismaMod:MiyuEvokeBuffStr"],"picked":"PrismaMod:MiyuCheapDefend1","floor":1.0},{"not_picked":["PrismaMod:MiyuCheapDefend1","PrismaMod:MiyuUncommonDexBuff"],"picked":"PrismaMod:MiyuUncommonPlate","floor":2.0},{"not_picked":["PrismaMod:MiyuCheapDefend1","PrismaMod:MiyuCheapEvoke"],"picked":"PrismaMod:MiyuUncommonStrBuff","floor":3.0},{"not_picked":["PrismaMod:MiyuUncommonStrBuff","PrismaMod:MiyuEvokeBuffStr"],"picked":"PrismaMod:MiyuAttackChannelWeak","floor":7.0},{"not_picked":["PrismaMod:MiyuEvokeCheapDefend","PrismaMod:MiyuCommonAOEAttack"],"picked":"PrismaMod:MiyuCheapAttack2","floor":10.0},{"not_picked":["PrismaMod:MiyuDefenseRemoval","PrismaMod:MiyuCheapAttack1"],"picked":"PrismaMod:MiyuEvokeAll","floor":11.0},{"not_picked":["PrismaMod:MiyuAttackChannelWeak","PrismaMod:MiyuCheapAttack2"],"picked":"PrismaMod:MiyuEvokeBuffStr","floor":13.0},{"not_picked":["PrismaMod:MiyuUberAttack","PrismaMod:MiyuCheapChannelAttack"],"picked":"PrismaMod:MiyuDefenseRemoval","floor":14.0},{"not_picked":["PrismaMod:MiyuCarnivalDefend","PrismaMod:MiyuCheapDefend2"],"picked":"PrismaMod:MiyuDefenseAbsorbMinor","floor":16.0},{"not_picked":["PrismaMod:MiyuUncommonDexBuff+1","PrismaMod:MiyuMaid"],"picked":"PrismaMod:MiyuDefenseExplosion+1","floor":18.0},{"not_picked":["PrismaMod:MiyuCheapEvoke","PrismaMod:MiyuCarnivalAttack"],"picked":"PrismaMod:MiyuUberAOEAttack+1","floor":19.0},{"not_picked":["PrismaMod:MiyuCheapAttack1","PrismaMod:MiyuEvokeBuffStr"],"picked":"PrismaMod:MiyuOrbIncreasePerm+1","floor":21.0},{"not_picked":["PrismaMod:MiyuCarnivalAttack","PrismaMod:MiyuDevil"],"picked":"PrismaMod:MiyuCheapChannelWeak+1","floor":23.0},{"not_picked":["PrismaMod:MiyuCheapChannelWeak+1","PrismaMod:MiyuUncommonDefend"],"picked":"PrismaMod:MiyuUncommonPlate","floor":25.0},{"not_picked":["PrismaMod:MiyuUncommonPlate","PrismaMod:MiyuCommonAOEAttack"],"picked":"PrismaMod:MiyuCarnivalAttack+1","floor":29.0},{"not_picked":["PrismaMod:MiyuUberAttack","PrismaMod:MiyuDefendChannelDefend"],"picked":"PrismaMod:MiyuUncommonStrBuff","floor":31.0},{"not_picked":["PrismaMod:MiyuDefenseAbsorbMinor","PrismaMod:MiyuDefendChannelDefend"],"picked":"PrismaMod:MiyuBride","floor":33.0},{"not_picked":["PrismaMod:MiyuCheapChannelWeak","PrismaMod:MiyuCheapChannelVul"],"picked":"PrismaMod:MiyuUberAttack","floor":35.0},{"not_picked":["PrismaMod:MiyuCheapAttack2","PrismaMod:MiyuEvokeAll"],"picked":"PrismaMod:MiyuOrbIncreasePerm","floor":36.0},{"not_picked":[],"picked":"PrismaMod:MiyuChannelDefendEvoke","floor":37.0},{"not_picked":["PrismaMod:MiyuCommonAOEAttack","PrismaMod:MiyuUncommonPlate+1"],"picked":"PrismaMod:MiyuEvokeCheapAttack+1","floor":39.0},{"not_picked":["PrismaMod:MiyuDefenseRemoval","PrismaMod:MiyuCheapAttack2"],"picked":"PrismaMod:MiyuUncommonDexBuff+1","floor":40.0},{"not_picked":["PrismaMod:MiyuDefenseExplosion","PrismaMod:MiyuCheapChannelWeak"],"picked":"PrismaMod:MiyuAttackChannelAttack","floor":41},{"not_picked":["PrismaMod:MiyuUncommonDefend+1","PrismaMod:MiyuAttackChannelWeak+1"],"picked":"PrismaMod:MiyuEvokeCheapAttack","floor":42},{"not_picked":["PrismaMod:MiyuEvokeCheapAttack","PrismaMod:MiyuCheapChannelWeak+1"],"picked":"PrismaMod:MiyuUncommonStrBuff+1","floor":45},{"not_picked":["PrismaMod:MiyuCheapStrBuff+1","PrismaMod:MiyuCheapDexBuff+1"],"picked":"PrismaMod:MiyuCheapChannelAttack","floor":46},{"not_picked":["PrismaMod:MiyuEvokeAllDefend","PrismaMod:MiyuCheapChannelHeal+1"],"picked":"PrismaMod:MiyuAttackChannelVul","floor":48}],"player_experience":160211,"relics_obtained":[{"floor":9.0,"key":"Bird Faced Urn"},{"floor":13.0,"key":"Mango"},{"floor":23.0,"key":"Pear"},{"floor":26.0,"key":"ZombieArmy"},{"floor":28.0,"key":"Nilry\u0027s Codex"},{"floor":39.0,"key":"FossilizedHelix"},{"floor":40.0,"key":"Bottled Flame"},{"floor":43,"key":"Oddly Smooth Stone"}],"event_choices":[{"cards_removed":["PrismaMod:MiyuCommonDefend"],"damage_healed":0.0,"max_hp_gain":0.0,"max_hp_loss":0.0,"gold_gain":0.0,"event_name":"Golden Wing","player_choice":"Card Removal","floor":4.0,"gold_loss":0.0,"damage_taken":7.0},{"damage_healed":0.0,"max_hp_gain":0.0,"max_hp_loss":0.0,"gold_gain":0.0,"event_name":"Accursed Blacksmith","player_choice":"Forge","floor":8.0,"gold_loss":0.0,"damage_taken":0.0,"cards_upgraded":["PrismaMod:MiyuUncommonStrBuff"]},{"damage_healed":0.0,"max_hp_gain":0.0,"max_hp_loss":0.0,"gold_gain":0.0,"event_name":"Addict","player_choice":"Obtained Relic","floor":20.0,"gold_loss":85.0,"damage_taken":0.0,"relics_obtained":["GodSword4"]},{"damage_healed":0.0,"max_hp_gain":0.0,"max_hp_loss":0.0,"gold_gain":0.0,"event_name":"Cursed Tome","player_choice":"Obtained Book","floor":28.0,"gold_loss":0.0,"damage_taken":16.0},{"damage_healed":0.0,"max_hp_gain":0.0,"max_hp_loss":0.0,"gold_gain":0.0,"event_name":"Mysterious Sphere","player_choice":"Fight","floor":39.0,"gold_loss":0.0,"damage_taken":0.0},{"damage_healed":0,"gold_gain":0,"player_choice":"Gave Potion","damage_taken":0,"relics_obtained":["MealTicket"],"max_hp_gain":0,"max_hp_loss":0,"event_name":"WeMeetAgain","floor":44,"gold_loss":0}],"is_beta":false,"boss_relics":[{"not_picked":["Runic Pyramid","energizedSpire:DeadBattery"],"picked":"energizedSpire:SpiderWeb"},{"not_picked":["Coffee Dripper","energizedSpire:NeverEndingSparkler"],"picked":"RedLine:ReiMu"}],"items_purged_floors":[],"is_endless":false,"potions_floor_spawned":[2,7,10,14,16,19,29,31,33,36,40,41],"ascension_level":0}}