{"host":"pieflzu1toyu3gz6","time":1612757310,"event":{"mods":["BaseMod","BetterRewards","Friendly Minions","HololiveMod","Hubris","Kiyohime¡]²M®V¡^","Koishi","Marisa¡]Ãú«B¡@Å]²z¨F¡^","Minty Spire (QoL Compilation)","Prisma Mod","Remilia¡]Á¢¦Ì²ú?¡^","Shop Mod","StSLib","The Bladedancer","The Bug Knight","The Servant 0.9.4","The Wild Card","Youmu¡]»î¾z§¯?¡^"],"gold_per_floor":[85,85,105,30,30,30,62,62,62,75,106,106,140,153,153,252,252,269,281,281,22,22,38,74,92,92,92,125,125,125,137,137,240,240,270,286,300,300,319,356,356,385,412,431,474,474,524,579,579,593],"floor_reached":51,"language":"ZHS","playtime":2838,"items_purged":[],"score":1223,"play_id":"f6f4648a-4a87-462a-a77f-25ddd7c0d5c8","local_time":"20210208120830","is_ascension_mode":false,"campfire_choices":[{"data":"Hololive_CallMomosuzuNene","floor":6.0,"key":"SMITH"},{"data":"Hololive_StarCraft","floor":8.0,"key":"SMITH"},{"data":"PrismaMod:ChloeEyeOfTheEuryale","floor":15.0,"key":"SMITH"},{"data":"Hololive_CallSpadeEcho","floor":29.0,"key":"SMITH"},{"floor":32.0,"key":"REST"},{"floor":41.0,"key":"REST"},{"data":"Hololive_SoulCatcher","floor":46,"key":"SMITH"},{"floor":49,"key":"REST"}],"circlet_count":0,"master_deck":["Hololive_CallShishiroBotan+1","Hololive_CallNatsuiroMatsuri","Hololive_CallAkaiHaato","Hololive_CallNekomataOkayu","Hololive_CallSpadeEcho+1","Hololive_CallYogiri","Hololive_FlyingPonyTail","Hololive_Strike","Hololive_Strike","Hololive_CallAkiRosenthal","Hololive_CallMomosuzuNene+16","Hololive_StarCraft+1","Hololive_CallOkamiMio","PrismaMod:ChloeCheapAttack","Hololive_CocoNews","Hololive_CallShirakamiFubuki","Hololive_CallMoonaHoshinova","PrismaMod:ChloeEyeOfTheEuryale+1","Hololive_DDD","PrismaMod:ChloeDiscardRecovery","Hololive_OvertimeWork","Necronomicurse","Hololive_CallOzoraSubaru","Hololive_SoulCatcher+1","Hololive_CallSpadeEcho+1","Hololive_CallFriendA","Hololive_CallOmaruPolka+1","Hololive_Trident","Hololive_Breathe+1","Hololive_CallAyundaRisu","Hololive_Recruit","Hololive_OvertimeWork","Hololive_Sequa+1","Hololive_CallUsadaPekora+1","Hololive_CallOkamiMio","Hololive_CallHoshimachiSuisei+1","Hololive_CallHimemoriLuna","Hololive_Teleport+1","Hololive_CallAiraniIofifteen","Hololive_CandyCastle+1","Hololive_Trident","Hololive_CocoNews+1"],"relics":["hubris:ScarierMask","Bag of Preparation","hubris:DisguiseKit","Happy Flower","hubris:Potato","hubris:TerracottaHorce","Necronomicon","Pen Nib","Sundial","White Beast Statue","HollowMod:PaleOreRelic","Philosopher\u0027s Stone","ScarletDevilRocket","Vajra","Lantern","HornCleat","Incense Burner","Boot"],"acts_visited":["Exordium","TheCity","TheBeyond"],"potions_floor_usage":[44,45],"damage_taken":[{"damage":0.0,"enemies":"Cultist","floor":1.0,"turns":3.0},{"damage":0.0,"enemies":"2 Louse","floor":3.0,"turns":2.0},{"damage":0.0,"enemies":"Gremlin Nob","floor":7.0,"turns":4.0},{"damage":0.0,"enemies":"Small Slimes","floor":10.0,"turns":2.0},{"damage":0.0,"enemies":"3 Sentries","floor":11.0,"turns":3.0},{"damage":0.0,"enemies":"Lagavulin","floor":13.0,"turns":4.0},{"damage":0.0,"enemies":"Exordium Wildlife","floor":14.0,"turns":2.0},{"damage":0.0,"enemies":"Hexaghost","floor":16.0,"turns":5.0},{"damage":0.0,"enemies":"3 Byrds","floor":18.0,"turns":2.0},{"damage":0.0,"enemies":"2 Thieves","floor":19.0,"turns":2.0},{"damage":0.0,"enemies":"Centurion and Healer","floor":23.0,"turns":3.0},{"damage":0.0,"enemies":"Gremlin Leader","floor":24.0,"turns":4.0},{"damage":0.0,"enemies":"Snecko","floor":25.0,"turns":3.0},{"damage":0.0,"enemies":"Slavers","floor":28.0,"turns":2.0},{"damage":4.0,"enemies":"Snake Plant","floor":31.0,"turns":3.0},{"damage":0.0,"enemies":"Automaton","floor":33.0,"turns":5.0},{"damage":0.0,"enemies":"Orb Walker","floor":35.0,"turns":2.0},{"damage":17.0,"enemies":"3 Shapes","floor":36.0,"turns":3.0},{"damage":0.0,"enemies":"Writhing Mass","floor":37.0,"turns":4.0},{"damage":0.0,"enemies":"Jaw Worm Horde","floor":39.0,"turns":3.0},{"damage":14.0,"enemies":"Reptomancer","floor":40.0,"turns":5.0},{"damage":0.0,"enemies":"Giant Head","floor":42.0,"turns":5.0},{"damage":0,"enemies":"Spire Growth","floor":44,"turns":4},{"damage":0,"enemies":"Reptomancer","floor":45,"turns":4},{"damage":0,"enemies":"2 Orb Walkers","floor":47,"turns":2},{"damage":0,"enemies":"Giant Head","floor":48,"turns":7},{"damage":0,"enemies":"hubris:GrandSnecko","floor":50,"turns":8}],"seed_played":"-2408083632936181399","potions_obtained":[{"floor":7.0,"key":"Energy Potion"},{"floor":10.0,"key":"AttackPotion"},{"floor":13.0,"key":"Dexterity Potion"},{"floor":23.0,"key":"LiquidBronze"},{"floor":24.0,"key":"LiquidBronze"},{"floor":31.0,"key":"DuplicationPotion"},{"floor":33.0,"key":"PowerPotion"},{"floor":36.0,"key":"Explosive Potion"},{"floor":37.0,"key":"FairyPotion"},{"floor":39.0,"key":"CultistPotion"},{"floor":40.0,"key":"PowerPotion"},{"floor":42.0,"key":"Regen Potion"},{"floor":44,"key":"DistilledChaos"},{"floor":45,"key":"SteroidPotion"}],"is_trial":false,"path_per_floor":["M","?","M","$","?","R","E","R","T","M","E","?","E","M","R","B",null,"M","M","?","$","?","M","E","M","T","?","E","R","?","M","R","B",null,"M","M","M","?","M","E","R","E","T","M","E","R","?","E","R","B",null],"character_chosen":"Hololive_HololiveCharacter","items_purchased":["Hololive_StarCraft","Pen Nib","Hololive_CallOzoraSubaru","Hololive_SoulCatcher"],"campfire_rested":3,"item_purchase_floors":[4,21,21,21],"current_hp_per_floor":[35,35,35,35,28,28,28,28,28,28,28,28,28,28,28,28,33,33,33,17,17,17,17,17,17,17,17,17,17,13,9,21,21,35,35,18,18,18,18,4,16,16,16,25,25,25,25,25,37,37],"gold":593,"neow_bonus":"BOSS_RELIC","is_daily":false,"chose_seed":false,"campfire_upgraded":5,"win_rate":0.0,"timestamp":1612757310,"path_taken":["M","?","?","$","?","R","E","R","T","M","E","?","E","M","R","BOSS","M","M","?","$","?","M","E","?","T","?","E","R","?","M","R","BOSS","M","M","M","?","?","E","R","E","T","M","E","R","?","E","R","BOSS"],"items_purchased_type":["Card","Relic","Card","Card"],"build_version":"2020-12-22","purchased_purges":0,"victory":true,"max_hp_per_floor":[35,35,35,35,35,35,35,35,35,35,35,35,35,35,35,35,35,35,35,35,35,35,35,35,35,35,35,35,35,40,40,40,40,40,40,40,40,40,40,40,40,40,40,40,40,40,40,40,40,40],"card_choices":[{"not_picked":["Hololive_Rebound","Hololive_HuntDinosaur"],"picked":"Hololive_CallAkiRosenthal","floor":1.0},{"not_picked":["Hololive_Drill","Hololive_Psychosis"],"picked":"Hololive_CallMomosuzuNene","floor":3.0},{"not_picked":["Hololive_CallTsunomakiWatame","Hololive_CallShishiroBotan"],"picked":"Hololive_CallOkamiMio","floor":7.0},{"not_picked":["Hololive_Drill","Hololive_CallYuzukiChoco","Hololive_CallMurasakiShion"],"picked":"PrismaMod:ChloeCheapAttack","floor":10.0},{"not_picked":["Hololive_Psychosis","Hololive_ASMR","PrismaMod:ChloeCommonAOEAttack"],"picked":"Hololive_CocoNews","floor":11.0},{"not_picked":["Hololive_OvertimeWork","Hololive_HuntDinosaur","PrismaMod:ChloeMordred"],"picked":"Hololive_CallMoonaHoshinova","floor":13.0},{"not_picked":["Hololive_CallMomosuzuNene","Hololive_Drill","Hololive_SummonFox"],"picked":"PrismaMod:ChloeEyeOfTheEuryale","floor":14.0},{"not_picked":["Hololive_ScarfAndHalo","Hololive_FlareMind","PrismaMod:ChloeDoubleRelicSpeed"],"picked":"Hololive_DDD","floor":16.0},{"not_picked":["Hololive_CocoNews","Hololive_CallCivia","Hololive_StrengthChampion+1"],"picked":"PrismaMod:ChloeDiscardRecovery","floor":18.0},{"not_picked":["Hololive_CallYogiri+1","Hololive_CallAkaiHaato+1","PrismaMod:ChloeExhaustTwo"],"picked":"Hololive_OvertimeWork","floor":19.0},{"not_picked":["Hololive_CocoNews","Hololive_CallMurasakiShion","PrismaMod:ChloeExhaustOne"],"picked":"Hololive_CallFriendA","floor":23.0},{"not_picked":["Hololive_Breathe+1","Hololive_CallCivia","PrismaMod:ChloeCheapAttackTwo"],"picked":"Hololive_CallOmaruPolka+1","floor":24.0},{"not_picked":["Hololive_OvertimeWork","Hololive_HuntDinosaur","PrismaMod:ChloeDiscardRecovery"],"picked":"Hololive_Trident","floor":25.0},{"not_picked":["Hololive_CallOzoraSubaru","Hololive_Psychosis","PrismaMod:ChloeCommonAOEAttack"],"picked":"Hololive_Breathe+1","floor":28.0},{"not_picked":["Hololive_Psychosis+1","Hololive_CallUsadaPekora","PrismaMod:ChloeEyeOfTheEuryale"],"picked":"Hololive_CallAyundaRisu","floor":31.0},{"not_picked":["Hololive_OpenUp","Hololive_WolfAndLamb","PrismaMod:ChloeAnySkillTrace"],"picked":"Hololive_Recruit","floor":33.0},{"not_picked":["Hololive_Drill+1","Hololive_Breathe","PrismaMod:ChloeCheapAttack"],"picked":"Hololive_OvertimeWork","floor":35.0},{"not_picked":["Hololive_RevenueBasedLive","Hololive_CallNatsuiroMatsuri","PrismaMod:ChloeDemonicTutor"],"picked":"Hololive_Sequa+1","floor":36.0},{"not_picked":["Hololive_HuntDinosaur+1","Hololive_Trident","PrismaMod:ChloeCheapDefendTwo"],"picked":"Hololive_CallUsadaPekora+1","floor":37.0},{"not_picked":["Hololive_CallYukihanaLamy","Hololive_CocoNews+1","PrismaMod:ChloeUncommonAOEAttack"],"picked":"Hololive_CallHoshimachiSuisei+1","floor":39.0},{"not_picked":["Hololive_Trident+1","Hololive_CallKiryuuCoco","PrismaMod:ChloeCheapAttack"],"picked":"Hololive_CallHimemoriLuna","floor":40.0},{"not_picked":["Hololive_Breathe+1","Hololive_LuckPotion","PrismaMod:ChloeBetterTracePools"],"picked":"Hololive_Teleport+1","floor":42.0},{"not_picked":["Hololive_OvertimeWork","Hololive_CocoNews+1","PrismaMod:ChloeCheapAttackTwo"],"picked":"Hololive_CallAiraniIofifteen","floor":44},{"not_picked":["Hololive_IdolExercise","Hololive_Sequa+1","PrismaMod:ChloeCheapDefend"],"picked":"Hololive_CandyCastle+1","floor":45},{"not_picked":["Hololive_CocoNews","Hololive_CallAkaiHaato+1","PrismaMod:ChloeRitsuka"],"picked":"Hololive_Trident","floor":47},{"not_picked":["Hololive_CallAkaiHaato","Hololive_RevenueBasedLive+1","PrismaMod:ChloeCommonAOEAttack"],"picked":"Hololive_CocoNews+1","floor":48}],"player_experience":2803,"relics_obtained":[{"floor":7.0,"key":"Bag of Preparation"},{"floor":9.0,"key":"hubris:DisguiseKit"},{"floor":11.0,"key":"Happy Flower"},{"floor":13.0,"key":"hubris:Potato"},{"floor":20.0,"key":"Necronomicon"},{"floor":24.0,"key":"Sundial"},{"floor":26.0,"key":"White Beast Statue"},{"floor":28.0,"key":"HollowMod:PaleOreRelic"},{"floor":40.0,"key":"ScarletDevilRocket"},{"floor":42.0,"key":"Vajra"},{"floor":43.0,"key":"Lantern"},{"floor":45,"key":"HornCleat"},{"floor":47,"key":"Incense Burner"},{"floor":48,"key":"Boot"}],"event_choices":[{"damage_healed":0.0,"max_hp_gain":0.0,"max_hp_loss":0.0,"gold_gain":0.0,"event_name":"Upgrade Shrine","player_choice":"Upgraded","floor":2.0,"gold_loss":0.0,"damage_taken":0.0,"cards_upgraded":["Hololive_CallSpadeEcho"]},{"cards_removed":["Hololive_Defend"],"damage_healed":0.0,"max_hp_gain":0.0,"max_hp_loss":0.0,"gold_gain":0.0,"event_name":"Golden Wing","player_choice":"Card Removal","floor":5.0,"gold_loss":0.0,"damage_taken":7.0},{"damage_healed":0.0,"max_hp_gain":0.0,"max_hp_loss":0.0,"gold_gain":0.0,"event_name":"Cursed Tome","player_choice":"Obtained Book","floor":20.0,"gold_loss":0.0,"damage_taken":16.0},{"damage_healed":0.0,"max_hp_gain":0.0,"max_hp_loss":0.0,"gold_gain":0.0,"cards_transformed":["Hololive_Defend"],"event_name":"Transmorgrifier","player_choice":"Transformed","floor":22.0,"gold_loss":0.0,"damage_taken":0.0,"cards_obtained":["Hololive_CallSpadeEcho"]},{"damage_healed":0.0,"max_hp_gain":0.0,"max_hp_loss":0.0,"gold_gain":0.0,"event_name":"Ghosts","player_choice":"Ignored","floor":27.0,"gold_loss":0.0,"damage_taken":0.0},{"damage_healed":0.0,"max_hp_gain":5.0,"max_hp_loss":0.0,"gold_gain":0.0,"event_name":"Forgotten Altar","player_choice":"Shed Blood","floor":30.0,"gold_loss":0.0,"damage_taken":9.0},{"damage_healed":0.0,"max_hp_gain":0.0,"max_hp_loss":0.0,"gold_gain":0.0,"event_name":"Match and Keep!","player_choice":"1 cards matched","floor":38.0,"gold_loss":0.0,"damage_taken":0.0,"cards_obtained":["Hololive_CallOkamiMio"]},{"damage_healed":0,"gold_gain":0,"player_choice":"Fight","damage_taken":0,"max_hp_gain":0,"max_hp_loss":0,"event_name":"Mysterious Sphere","floor":47,"gold_loss":0}],"is_beta":false,"boss_relics":[{"not_picked":["Tiny House","Coffee Dripper"],"picked":"hubris:TerracottaHorce"},{"not_picked":["hubris:VirtuousBlindfold","hubris:RunicObelisk"],"picked":"Philosopher\u0027s Stone"}],"items_purged_floors":[],"is_endless":false,"potions_floor_spawned":[7,10,13,14,23,24,25,28,31,33,35,36,37,39,40,42,44,45,47,48],"ascension_level":0}}