{"host":"8iaoobhpyvel1t4g","time":1612777258,"event":{"mods":["Aspiration","BaseMod","Beaked The Cultist","Clawfect","Colored Map","Conspire","Energized Spire","Friendly Minions","Glutton Mod","Halation","Highlight Path","Hubris","Infinite Spire","Jedi Mod","Minty Spire (QoL Compilation)","Permanent Neow","Quick Restart","Replay The Spire","Shop Mod","StSLib","SuperFastMode","The Jungle"],"gold_per_floor":[112,131,131,147,147,181,219,252,279,279,321,374,374,374,374,389,389,389,389],"floor_reached":18,"language":"ENG","playtime":894,"items_purged":[],"score":157,"play_id":"fdf89ff0-93bf-4872-a395-ed7c924ecee0","local_time":"20210208044058","is_ascension_mode":false,"campfire_choices":[{"data":"Strike_B","floor":10,"key":"PURGE"},{"data":"infinitespire:Collect","floor":15,"key":"SMITH"},{"data":"Neutralize","floor":17,"key":"SMITH"}],"circlet_count":0,"master_deck":["Glutton:Strike","Glutton:Strike","Glutton:Strike","Glutton:Strike","Glutton:Strike","Glutton:Strike","Glutton:Defend","Glutton:Defend","Glutton:Defend","Shame","Neutralize+1","Glutton:Fast","Replay:Bootleg Shield Generator","infinitespire:Collect+1","Glutton:Demolish","Glutton:ShedFat","Glutton:Loot","Glutton:GuardStance","Glutton:Feast","Glutton:Feed","Glutton:Malignancy"],"relics":["ReplayTheSpireMod:SealedPack","Simple Rune","Nunchaku","Peace Pipe","jedi:arcanewood","halation:Toothbrush"],"acts_visited":["Exordium"],"potions_floor_usage":[8,8,8],"damage_taken":[{"damage":3,"enemies":"Cultist","floor":1,"turns":3},{"damage":9,"enemies":"2 Louse","floor":2,"turns":3},{"damage":3,"enemies":"Small Slimes","floor":4,"turns":2},{"damage":34,"enemies":"Lagavulin","floor":6,"turns":6},{"damage":0,"enemies":"Looter","floor":7,"turns":3},{"damage":3,"enemies":"Gremlin Nob","floor":8,"turns":3},{"damage":13,"enemies":"Large Slime","floor":11,"turns":5},{"damage":33,"enemies":"3 Sentries","floor":12,"turns":7},{"damage":2,"enemies":"3 Louse","floor":16,"turns":4},{"damage":61,"enemies":"Hexaghost","floor":18,"turns":11}],"seed_played":"8344452606533275329","potions_obtained":[{"floor":4,"key":"Explosive Potion"},{"floor":6,"key":"Block Potion"},{"floor":7,"key":"Energy Potion"},{"floor":8,"key":"jedi:wingpotion"}],"is_trial":false,"path_per_floor":["M","M","?","M","?","E","M","E","T","R","M","E","PTL","PTL","R","M","R","B"],"character_chosen":"GLUTTON","items_purchased":[],"campfire_rested":0,"item_purchase_floors":[],"current_hp_per_floor":[117,108,96,93,93,59,59,56,56,56,59,37,37,37,37,44,44,0,0],"gold":389,"neow_bonus":"BOSS_RELIC","is_daily":false,"chose_seed":false,"campfire_upgraded":2,"win_rate":0.0,"timestamp":1612777258,"path_taken":["M","?","?","M","?","E","M","E","T","R","M","E","PTL","PTL","R","M","R","BOSS"],"items_purchased_type":[],"build_version":"2020-12-22","purchased_purges":0,"victory":false,"max_hp_per_floor":[120,120,120,120,120,120,120,120,120,120,124,127,127,127,127,136,136,136,136],"card_choices":[{"not_picked":["Survivor","Eruption"],"picked":"Neutralize","floor":0},{"not_picked":["Glutton:Inversion","Glutton:Retaliation"],"picked":"Glutton:Fast","floor":0},{"not_picked":["Replay:BasicMightCard","Deep Breath"],"picked":"Replay:Bootleg Shield Generator","floor":0},{"not_picked":["infinitespire:Fortify","infinitespire:SealOfDarkness+"],"picked":"infinitespire:Collect","floor":0},{"not_picked":["Glutton:Treat","Glutton:Tumor"],"picked":"Glutton:Demolish","floor":1},{"not_picked":["Glutton:Scab","Glutton:Throb"],"picked":"Glutton:ShedFat","floor":2},{"not_picked":["Glutton:Overreach","Glutton:Slam"],"picked":"Glutton:Loot","floor":4},{"not_picked":["Glutton:Borborygmi","Glutton:Strain"],"picked":"Glutton:GuardStance","floor":6},{"not_picked":["Glutton:Brace","Glutton:Hoard"],"picked":"Glutton:Feast","floor":7},{"not_picked":["Glutton:ShedFat","Glutton:GuardStance"],"picked":"Glutton:Feed","floor":8},{"not_picked":["Glutton:GuardStance","Glutton:KneeJerk","Glutton:Bite"],"picked":"SKIP","floor":11},{"not_picked":["Glutton:Migraine","Glutton:Salivate"],"picked":"Glutton:Malignancy","floor":12},{"not_picked":["Glutton:Borborygmi","Glutton:Feed","Glutton:Hoard"],"picked":"SKIP","floor":16}],"player_experience":318582,"relics_obtained":[{"floor":6,"key":"Nunchaku"},{"floor":8,"key":"Peace Pipe"},{"floor":9,"key":"jedi:arcanewood"},{"floor":12,"key":"halation:Toothbrush"}],"event_choices":[{"damage_healed":0,"gold_gain":0,"player_choice":"Success","damage_taken":12,"relics_obtained":["Simple Rune"],"max_hp_gain":0,"max_hp_loss":0,"event_name":"Scrap Ooze","floor":3,"gold_loss":0},{"cards_removed":["Glutton:Flail"],"damage_healed":0,"gold_gain":0,"player_choice":"Took Card","damage_taken":0,"max_hp_gain":0,"max_hp_loss":0,"event_name":"NoteForYourself","floor":5,"gold_loss":0,"cards_obtained":["Strike_B"]}],"is_beta":false,"boss_relics":[],"items_purged_floors":[],"is_endless":false,"potions_floor_spawned":[4,6,7,8],"killed_by":"Hexaghost","ascension_level":0}}