{"host":"36t3qd3wjvajtu1z","time":1612744560,"event":{"mods":["2.2 Compatiblity","AchievementEnabler","BaseMod","Block Reminder","Colored Powertips","Minty Spire (QoL Compilation)","Permanent Neow","Quick Restart","Random Character Button","Rare Cards Sparkle","Relic Stats","Slay-I","StSLib"],"gold_per_floor":[115,125,125,125,136,169,169,196,220,231,243,278,278,1,1,76,76,87,167,180,199,199,230,230,250,250,250,282,30,30,109,109,186,236,247,247,51,76,86,117,117,143,143,174,174,174,6,38,38,38],"floor_reached":51,"language":"ENG","playtime":3550,"items_purged":["Strike_G","Strike_G","Pain"],"score":1455,"play_id":"9eb79a77-6f57-445a-80a8-87666219a1b4","local_time":"20210207163600","is_ascension_mode":true,"campfire_choices":[{"data":"Cloak And Dagger","floor":7.0,"key":"SMITH"},{"data":"Tools of the Trade","floor":15.0,"key":"SMITH"},{"floor":24,"key":"REST"},{"data":"Demon Form","floor":27,"key":"SMITH"},{"data":"Wraith Form v2","floor":32,"key":"SMITH"},{"floor":41,"key":"REST"},{"data":"Discovery","floor":46,"key":"SMITH"},{"floor":49,"key":"REST"}],"circlet_count":0,"master_deck":["AscendersBane","Strike_G","Defend_G+1","Defend_G","Defend_G","Survivor","Neutralize","Glass Knife+1","Cloak And Dagger+1","Sucker Punch","Tools of the Trade+1","Backflip","Dagger Spray","Underhanded Strike","Outmaneuver","Demon Form+1","Skewer+1","Blade Dance+1","Underhanded Strike+1","FollowUp","Wraith Form v2+1","Burning Pact","Discovery+1","PiercingWail","Burst","Evaluate","Noxious Fumes+1","Protect+1","Force Field+1","Reboot","Prepared+1","Concentrate+1","Sunder"],"relics":["Ring of the Snake","Regal Pillow","Tiny Chest","Anchor","Ancient Tea Set","PrismaticShard","Astrolabe","Singing Bowl","Kunai","Sundial","Mummified Hand","Boot","Frozen Eye","WarpedTongs","HornCleat","Tiny House","The Specimen","Centennial Puzzle","Lantern","Toxic Egg 2","Tingsha","Strawberry"],"acts_visited":["Exordium","TheCity","TheBeyond"],"potions_floor_usage":[23,33,38,42,42,50,50],"damage_taken":[{"damage":0.0,"enemies":"2 Louse","floor":1.0,"turns":3.0},{"damage":0.0,"enemies":"Cultist","floor":2.0,"turns":3.0},{"damage":0.0,"enemies":"Jaw Worm","floor":5.0,"turns":3.0},{"damage":8.0,"enemies":"3 Sentries","floor":6.0,"turns":8.0},{"damage":1.0,"enemies":"Gremlin Nob","floor":8.0,"turns":3.0},{"damage":0.0,"enemies":"Red Slaver","floor":10.0,"turns":2.0},{"damage":0.0,"enemies":"Exordium Thugs","floor":11.0,"turns":3.0},{"damage":10.0,"enemies":"Lagavulin","floor":12.0,"turns":6.0},{"damage":23.0,"enemies":"The Guardian","floor":16.0,"turns":15.0},{"damage":12.0,"enemies":"2 Thieves","floor":18.0,"turns":4.0},{"damage":2.0,"enemies":"Chosen","floor":20.0,"turns":3.0},{"damage":13.0,"enemies":"3 Cultists","floor":21.0,"turns":6.0},{"damage":22,"enemies":"Gremlin Leader","floor":23,"turns":6},{"damage":1,"enemies":"Snecko","floor":25,"turns":4},{"damage":0,"enemies":"Slavers","floor":28,"turns":4},{"damage":23,"enemies":"Collector","floor":33,"turns":7},{"damage":2,"enemies":"3 Shapes","floor":35,"turns":5},{"damage":4,"enemies":"Mind Bloom Boss Battle","floor":38,"turns":7},{"damage":6,"enemies":"Orb Walker","floor":39,"turns":4},{"damage":12,"enemies":"Nemesis","floor":40,"turns":6},{"damage":34,"enemies":"Giant Head","floor":42,"turns":8},{"damage":2,"enemies":"Reptomancer","floor":44,"turns":7},{"damage":0,"enemies":"Nemesis","floor":48,"turns":5},{"damage":26,"enemies":"Awakened One","floor":50,"turns":10}],"seed_played":"6189226134736698351","potions_obtained":[{"floor":10.0,"key":"Weak Potion"},{"floor":11.0,"key":"SneckoOil"},{"floor":18.0,"key":"LiquidBronze"},{"floor":25,"key":"Energy Potion"},{"floor":33,"key":"Swift Potion"},{"floor":34,"key":"SteroidPotion"},{"floor":40,"key":"Weak Potion"},{"floor":44,"key":"DuplicationPotion"}],"is_trial":false,"path_per_floor":["M","M","?","?","M","E","R","E","T","M","M","E","?","$","R","B",null,"M","T","M","M","T","E","R","M","T","R","E","$","?","T","R","B",null,"M","?","$","?","M","E","R","E","T","E","?","R","$","E","R","B",null],"character_chosen":"THE_SILENT","items_purchased":["PrismaticShard","AttackPotion","Frozen Eye","Noxious Fumes","Prepared+1","Concentrate+1","LiquidMemories"],"campfire_rested":3,"item_purchase_floors":[14,14,29,37,47,47,47],"current_hp_per_floor":[59,59,52,52,52,44,44,43,43,43,43,33,29,29,29,6,51,39,39,37,24,24,2,36,35,35,35,35,35,35,35,35,12,58,58,58,58,56,50,38,75,41,41,41,41,41,41,48,84,58],"gold":38,"neow_bonus":"ONE_RANDOM_RARE_CARD","is_daily":false,"chose_seed":false,"campfire_upgraded":5,"win_rate":0.0,"timestamp":1612744560,"path_taken":["M","M","?","?","M","E","R","E","T","M","?","E","?","$","R","BOSS","M","?","M","M","?","E","R","?","T","R","E","?","?","?","R","BOSS","M","?","$","?","M","E","R","E","T","E","?","R","$","E","R","BOSS"],"items_purchased_type":["Relic","Potion","Relic","Card","Card","Card","Potion"],"build_version":"2020-12-22","purchased_purges":3,"victory":true,"max_hp_per_floor":[66,66,66,66,66,66,66,66,66,66,66,66,66,66,66,66,66,66,66,66,66,66,66,66,66,66,66,66,66,66,66,66,66,71,73,73,73,75,75,75,75,75,75,77,77,77,77,84,84,84],"relic_stats":{"Regal Pillow":41,"Singing Bowl":6,"counters":[24,132],"Astrolabe":["Skewer","Blade Dance","Underhanded Strike"],"Tingsha":[63],"Boot":[93],"WarpedTongs":[58],"Centennial Puzzle":[9],"Sundial":[10],"Mummified Hand":[43],"Tiny Chest":2,"Kunai":[50],"obtain_stats":[{"Regal Pillow":6,"Lantern":42,"Tiny House":34,"Singing Bowl":19,"The Specimen":38,"Astrolabe":17,"Tingsha":44,"Ancient Tea Set":12,"PrismaticShard":14,"Boot":28,"WarpedTongs":30,"Frozen Eye":29,"Anchor":9,"Centennial Puzzle":40,"HornCleat":31,"Sundial":23,"Mummified Hand":26,"Strawberry":48,"Tiny Chest":8,"Kunai":22,"Toxic Egg 2":43,"Ring of the Snake":0},{"Regal Pillow":4,"Lantern":21,"Tiny House":16,"Singing Bowl":10,"The Specimen":18,"Astrolabe":9,"Tingsha":22,"Ancient Tea Set":8,"PrismaticShard":8,"Boot":15,"WarpedTongs":15,"Frozen Eye":15,"Anchor":5,"Centennial Puzzle":20,"HornCleat":15,"Sundial":13,"Mummified Hand":14,"Strawberry":23,"Tiny Chest":5,"Kunai":12,"Toxic Egg 2":21,"Ring of the Snake":0},{"Regal Pillow":17,"Lantern":110,"Tiny House":80,"Singing Bowl":50,"The Specimen":92,"Astrolabe":46,"Tingsha":117,"Ancient Tea Set":31,"PrismaticShard":31,"Boot":73,"WarpedTongs":73,"Frozen Eye":73,"Anchor":20,"Centennial Puzzle":102,"HornCleat":73,"Sundial":65,"Mummified Hand":69,"Strawberry":122,"Tiny Chest":20,"Kunai":59,"Toxic Egg 2":110,"Ring of the Snake":0}],"Ring of the Snake":[48]},"card_choices":[{"not_picked":["Outmaneuver","Deadly Poison"],"picked":"Cloak And Dagger","floor":1.0},{"not_picked":["Riddle With Holes","Expertise"],"picked":"Sucker Punch","floor":2.0},{"not_picked":["Dagger Throw","Quick Slash","Acrobatics"],"picked":"SKIP","floor":5.0},{"not_picked":["Cloak And Dagger","Distraction"],"picked":"Tools of the Trade","floor":6.0},{"not_picked":["Dagger Throw","Cloak And Dagger"],"picked":"Backflip","floor":8.0},{"not_picked":["Endless Agony","Backflip"],"picked":"Dagger Spray","floor":10.0},{"not_picked":["Deadly Poison","Poisoned Stab"],"picked":"Underhanded Strike","floor":11.0},{"not_picked":["Masterful Stab","Cloak And Dagger"],"picked":"Outmaneuver","floor":12.0},{"not_picked":["Doppelganger","Seek"],"picked":"Demon Form","floor":16.0},{"not_picked":["Skewer","Barrage+1","Doom and Gloom"],"picked":"SKIP","floor":18.0},{"not_picked":["Clash","Body Slam"],"picked":"FollowUp","floor":20.0},{"not_picked":["PiercingWail","Combust"],"picked":"Wraith Form v2","floor":21.0},{"not_picked":["Bouncing Flask","Prepared"],"picked":"Burning Pact","floor":23},{"not_picked":["Coolheaded","Deep Breath"],"picked":"Discovery","floor":25},{"not_picked":["Masterful Stab","Deflect"],"picked":"PiercingWail","floor":28},{"not_picked":["Master of Strategy","Metamorphosis"],"picked":"Burst","floor":33},{"not_picked":["FlurryOfBlows","Crescendo"],"picked":"Evaluate","floor":34},{"not_picked":["Rebound","Anger","Coolheaded"],"picked":"Singing Bowl","floor":35},{"not_picked":["Capacitor","Blind","Indignation"],"picked":"Singing Bowl","floor":38},{"not_picked":["Clash","CrushJoints"],"picked":"Protect+1","floor":39},{"not_picked":["Consecrate+1","Reckless Charge+1"],"picked":"Force Field+1","floor":40},{"not_picked":["ForeignInfluence","Capacitor"],"picked":"Reboot","floor":42},{"not_picked":["Halt+1","Backflip+1","Stack+1"],"picked":"Singing Bowl","floor":44},{"not_picked":["Reckless Charge+1","Anger"],"picked":"Sunder","floor":48}],"player_experience":410395,"relics_obtained":[{"floor":6.0,"key":"Regal Pillow"},{"floor":8.0,"key":"Tiny Chest"},{"floor":9.0,"key":"Anchor"},{"floor":12.0,"key":"Ancient Tea Set"},{"floor":19.0,"key":"Singing Bowl"},{"floor":22.0,"key":"Kunai"},{"floor":23,"key":"Sundial"},{"floor":26,"key":"Mummified Hand"},{"floor":28,"key":"Boot"},{"floor":31,"key":"HornCleat"},{"floor":38,"key":"The Specimen"},{"floor":40,"key":"Centennial Puzzle"},{"floor":42,"key":"Lantern"},{"floor":43,"key":"Toxic Egg 2"},{"floor":44,"key":"Tingsha"},{"floor":48,"key":"Strawberry"}],"event_choices":[{"cards_removed":["Strike_G"],"damage_healed":0.0,"max_hp_gain":0.0,"max_hp_loss":0.0,"gold_gain":0.0,"event_name":"Golden Wing","player_choice":"Card Removal","floor":3.0,"gold_loss":0.0,"damage_taken":7.0},{"damage_healed":0.0,"max_hp_gain":0.0,"max_hp_loss":0.0,"gold_gain":0.0,"event_name":"Upgrade Shrine","player_choice":"Upgraded","floor":4.0,"gold_loss":0.0,"damage_taken":0.0,"cards_upgraded":["Glass Knife"]},{"damage_healed":0.0,"max_hp_gain":0.0,"max_hp_loss":0.0,"gold_gain":0.0,"event_name":"The Woman in Blue","player_choice":"Bought 0 Potions","floor":13.0,"gold_loss":0.0,"damage_taken":0.0},{"damage_healed":0,"gold_gain":0,"player_choice":"Rummage","damage_taken":0,"relics_obtained":["WarpedTongs"],"max_hp_gain":0,"max_hp_loss":0,"event_name":"Accursed Blacksmith","floor":30,"gold_loss":0,"cards_obtained":["Pain"]},{"damage_healed":0,"gold_gain":0,"player_choice":"Ignored","damage_taken":0,"max_hp_gain":0,"max_hp_loss":0,"event_name":"Tomb of Lord Red Mask","floor":36,"gold_loss":0},{"damage_healed":0,"gold_gain":0,"player_choice":"Fight","damage_taken":0,"max_hp_gain":0,"max_hp_loss":0,"event_name":"MindBloom","floor":38,"gold_loss":0},{"damage_healed":0,"gold_gain":0,"player_choice":"Upgraded","damage_taken":0,"max_hp_gain":0,"max_hp_loss":0,"event_name":"Upgrade Shrine","floor":45,"gold_loss":0,"cards_upgraded":["Noxious Fumes"]}],"is_beta":false,"boss_relics":[{"not_picked":["Ring of the Serpent","Fusion Hammer"],"picked":"Astrolabe"},{"not_picked":["Velvet Choker","Runic Dome"],"picked":"Tiny House"}],"items_purged_floors":[14,29,37],"is_endless":false,"potions_floor_spawned":[10,11,18,25,33,40,44,48],"ascension_level":15}}