{"host":"y7357sx8ps3jkgoj","time":1612770727,"event":{"mods":["BaseMod","Downfall","Friendly Minions","Minty Spire (QoL Compilation)","Permanent Neow","Relic Stats","Reliquary","Shop Mod","Spire Arcade","StSLib","The Alterego","The Animator","The Bladedancer","The Bug Knight","The Exalted","The Forsaken","The Mystic","The Necromancer","The Poker Player","The Runesmith","Uncapped","Unceasing Turn Reminder"],"gold_per_floor":[117,65,65,81,6,26,57,57,86,86,109,109,109,119,144,161,186,186,283,283,268,268,268,284,284,284,313,313,313,313,313,313,108,123,138,237,162,162,258,258,277,293,293,47,57,75,75,102,117,117,117,142,142,169,169,184,184,184,200,200,200,200,200,7,42,42],"floor_reached":67,"language":"ENG","playtime":4004,"items_purged":["animator:Curse_Greed","downfall:Bewildered","Strike_W","Defend_W"],"score":1227,"play_id":"12ec64cf-6151-49bd-8e7a-59b445a04b5f","local_time":"20210208015207","is_ascension_mode":false,"campfire_choices":[{"data":"Summon_Undead","floor":8,"key":"SMITH"},{"data":"Uncharnel","floor":10,"key":"SMITH"},{"data":"Mayhem","floor":12,"key":"SMITH"},{"data":"Siphon_Strength","floor":18,"key":"SMITH"},{"floor":28,"key":"RECALL"},{"data":"Summon_Death_Knight","floor":30,"key":"SMITH"},{"data":"Negative_Energy_Shield","floor":38,"key":"SMITH"},{"floor":47,"key":"REST"},{"floor":55,"key":"REST"},{"floor":57,"key":"REST"},{"floor":60,"key":"REST"},{"floor":63,"key":"REST"}],"circlet_count":0,"master_deck":["Defend_W+1","Defend_W","Defend_W","Negative_Energy_Arrows+1","Bone_Wall+1","Mayhem+1","Uncharnel+1","Bone_Shift+1","Summon_Undead+1","Skeleton_Dragon","Siphon_Strength+1","Siphon_Strength+1","Summon_Death_Knight+1","Summon_Undead_Army+1","Negative_Energy_Shield+1","Grasp_Heart+1","Chill_Blood","Shade_Step","Madness","Madness","Bone_Armory","Negative_Energy_Shield+1","Bones_to_Steel","Thinking Ahead","Chrysalis","Spectral_Walk+1","Bone_Prison","Summon_Lich"],"relics":["Vampire_Amulet","reliquary:Boomerang","Juzu Bracelet","theForsaken:Lifeblossom","Bromod:ArcanePulse","Odd Mushroom","Runic Dome","alterego_mod:SomeoneToFightFor","sneckomod:BabySnecko","reliquary:Buckler","Shuriken","reliquary:Aerogel","Membership Card","Fusion Hammer","Runesmith:AutoHammer","Ancient Tea Set","Bag of Preparation","Orichalcum","reliquary:SilkGlove","Vajra","Whetstone"],"acts_visited":["Exordium","TheCity","TheBeyond","TheEnding"],"potions_floor_usage":[7,19,66,66,66],"damage_taken":[{"damage":2,"enemies":"2 Louse","floor":1,"turns":4},{"damage":3,"enemies":"Cultist","floor":4,"turns":5},{"damage":2,"enemies":"Small Slimes","floor":6,"turns":4},{"damage":10,"enemies":"3 Sentries","floor":7,"turns":7},{"damage":32,"enemies":"Gremlin Nob","floor":9,"turns":4},{"damage":6,"enemies":"Blue Slaver","floor":14,"turns":4},{"damage":17,"enemies":"3 Sentries","floor":15,"turns":7},{"damage":0,"enemies":"Exordium Thugs","floor":16,"turns":4},{"damage":14,"enemies":"The Mushroom Lair","floor":17,"turns":4},{"damage":6,"enemies":"Slime Boss","floor":19,"turns":7},{"damage":9,"enemies":"2 Thieves","floor":21,"turns":4},{"damage":11,"enemies":"3 Byrds","floor":24,"turns":5},{"damage":35,"enemies":"Slavers","floor":27,"turns":5},{"damage":0,"enemies":"Cultist and Chosen","floor":34,"turns":4},{"damage":10,"enemies":"3 Cultists","floor":35,"turns":5},{"damage":19,"enemies":"Champ","floor":39,"turns":7},{"damage":32,"enemies":"3 Shapes","floor":41,"turns":4},{"damage":7,"enemies":"Orb Walker","floor":42,"turns":3},{"damage":15,"enemies":"Spire Growth","floor":45,"turns":4},{"damage":17,"enemies":"3 Darklings","floor":46,"turns":5},{"damage":7,"enemies":"Reptomancer","floor":48,"turns":4},{"damage":0,"enemies":"Transient","floor":49,"turns":5},{"damage":14,"enemies":"Nemesis","floor":54,"turns":7},{"damage":7,"enemies":"4 Shapes","floor":56,"turns":4},{"damage":23,"enemies":"Jaw Worm Horde","floor":59,"turns":4},{"damage":22,"enemies":"Awakened One","floor":61,"turns":10},{"damage":24,"enemies":"Shield and Spear","floor":65,"turns":6},{"damage":67,"enemies":"The Heart","floor":66,"turns":8}],"seed_played":"-446212280313754397","potions_obtained":[{"floor":4,"key":"AttackPotion"},{"floor":6,"key":"bronze:BurnAndBuffPotion"},{"floor":7,"key":"bronze:BurnAndBuffPotion"},{"floor":15,"key":"AttackPotion"},{"floor":21,"key":"LiquidBronze"},{"floor":39,"key":"Energy Potion"},{"floor":56,"key":"DuplicationPotion"}],"is_trial":false,"path_per_floor":["M","$","?","M","$","M","E","R","E","R","T","R","?","M","E","M","?","R","B",null,"M","?","?","M","?","?","E","R","?","R","T","T","$","M","M","?","?","R","B",null,"M","M","?","$","M","M","R","E","M","?","T","T","?","E","R","M","R","?","M","R","B",null,"R","$","E","B",null],"character_chosen":"NECROMANCER","items_purchased":["Bone_Shift","Membership Card","Runesmith:AutoHammer","Ancient Tea Set","Bone_Armory","Summon_Lich","Vajra"],"campfire_rested":5,"item_purchase_floors":[2,33,44,44,44,64,64],"current_hp_per_floor":[75,75,75,74,74,75,71,71,41,41,41,41,26,37,50,75,72,72,75,75,75,75,75,75,75,75,58,58,58,58,58,58,58,75,74,74,74,74,75,75,53,64,55,55,60,55,75,75,75,65,65,65,65,63,75,75,75,75,75,75,70,75,75,75,59,12],"gold":42,"neow_bonus":"RANDOM_COLORLESS_2","is_daily":false,"chose_seed":false,"campfire_upgraded":6,"win_rate":0.0,"timestamp":1612770727,"path_taken":["M","$","?","M","$","M","E","R","E","R","T","R","?","M","E","M","?","R","BOSS","M","?","?","M","?","?","E","R","?","R","T","T","$","M","M","?","?","R","BOSS","M","M","?","$","M","M","R","E","M","?","T","T","?","E","R","M","R","?","M","R","BOSS","R","$","E","BOSS"],"items_purchased_type":["Card","Relic","Relic","Relic","Card","Card","Relic"],"build_version":"2020-12-22","purchased_purges":4,"victory":true,"max_hp_per_floor":[75,75,75,75,75,75,75,75,75,75,75,75,75,75,75,75,75,75,75,75,75,75,75,75,75,75,75,75,75,75,75,75,75,75,75,75,75,75,75,75,75,75,75,75,75,75,75,75,75,75,75,75,75,75,75,75,75,75,75,75,75,75,75,75,75,75],"relic_stats":{"counters":[28,144],"Shuriken":[7],"Juzu Bracelet":3,"Bag of Preparation":[14],"Whetstone":["Negative_Energy_Arrows"],"Orichalcum":[42],"obtain_stats":[{"reliquary:Boomerang":7,"reliquary:SilkGlove":54,"Bromod:ArcanePulse":15,"reliquary:Aerogel":32,"Vajra":64,"theForsaken:Lifeblossom":11,"Juzu Bracelet":9,"Bag of Preparation":48,"Whetstone":65,"Odd Mushroom":17,"alterego_mod:SomeoneToFightFor":22,"Orichalcum":52,"Ancient Tea Set":44,"Runic Dome":20,"sneckomod:BabySnecko":25,"Shuriken":31,"reliquary:Buckler":27,"Vampire_Amulet":0,"Fusion Hammer":40,"Membership Card":33,"Runesmith:AutoHammer":44},{"reliquary:Boomerang":4,"reliquary:SilkGlove":23,"Bromod:ArcanePulse":7,"reliquary:Aerogel":13,"Vajra":26,"theForsaken:Lifeblossom":5,"Juzu Bracelet":5,"Bag of Preparation":21,"Whetstone":27,"Odd Mushroom":9,"alterego_mod:SomeoneToFightFor":11,"Orichalcum":22,"Ancient Tea Set":18,"Runic Dome":10,"sneckomod:BabySnecko":12,"Shuriken":13,"reliquary:Buckler":13,"Vampire_Amulet":0,"Fusion Hammer":16,"Membership Card":13,"Runesmith:AutoHammer":18},{"reliquary:Boomerang":20,"reliquary:SilkGlove":112,"Bromod:ArcanePulse":35,"reliquary:Aerogel":64,"Vajra":130,"theForsaken:Lifeblossom":24,"Juzu Bracelet":24,"Bag of Preparation":100,"Whetstone":136,"Odd Mushroom":43,"alterego_mod:SomeoneToFightFor":54,"Orichalcum":105,"Ancient Tea Set":87,"Runic Dome":50,"sneckomod:BabySnecko":59,"Shuriken":64,"reliquary:Buckler":64,"Vampire_Amulet":0,"Fusion Hammer":80,"Membership Card":64,"Runesmith:AutoHammer":87}]},"card_choices":[{"not_picked":["Secret Weapon","The Bomb"],"picked":"Mayhem","floor":0},{"not_picked":["Acid_Javelin","Blood_Shield"],"picked":"Uncharnel","floor":1},{"not_picked":["Toxic_Smoke_Screen","Death_Coil"],"picked":"Summon_Undead","floor":4},{"not_picked":["Negative_Energy_Sphere","Life_Drain","Bone_Bullets"],"picked":"SKIP","floor":6},{"not_picked":["Bone_Armor","Scare","Bone_Spikes"],"picked":"SKIP","floor":7},{"not_picked":["Deaths_Shadow","Shackles_Of_Pain","Slay_Living"],"picked":"SKIP","floor":9},{"not_picked":["Negative_Energy_Mist","Chill_Blood"],"picked":"Skeleton_Dragon","floor":14},{"not_picked":["Blood_Whip","Death_Coil","Negative_Energy_Javelin"],"picked":"SKIP","floor":15},{"not_picked":["Strike_from_Beyond","Flesh_Made_Foul"],"picked":"Siphon_Strength","floor":16},{"not_picked":["Scare","Negative_Energy_Bomb"],"picked":"Siphon_Strength","floor":17},{"not_picked":["Hellfire","Requiem"],"picked":"Summon_Death_Knight","floor":19},{"not_picked":["Chill_Blood","Negative_Energy_Mist"],"picked":"Summon_Undead_Army+1","floor":21},{"not_picked":["Scare+1","Bone_Bullets+1"],"picked":"Negative_Energy_Shield","floor":24},{"not_picked":["Detonate_Bones","Negative_Energy_Mist+1"],"picked":"Grasp_Heart","floor":27},{"not_picked":["Blood_Is_Power","Violent_Necrosis+1","Consume_Illness"],"picked":"SKIP","floor":34},{"not_picked":["Consume_Illness+1","Bone_Bullets","Bones_to_Steel"],"picked":"SKIP","floor":35},{"not_picked":["Negative_Energy_Javelin","Bones_to_Steel+1"],"picked":"Shade_Step","floor":41},{"not_picked":["Negative_Energy_Shield","Toxic_Smoke_Screen+1","Bone_Bullets+1"],"picked":"SKIP","floor":42},{"not_picked":["Blood_Curse","Bone_Armor","Death_Coil+1"],"picked":"SKIP","floor":45},{"not_picked":["Bone_Shift","Shackles_Of_Pain"],"picked":"Negative_Energy_Shield+1","floor":46},{"not_picked":["Blood_Is_Power+1","Skeleton_Dragon"],"picked":"Bones_to_Steel","floor":48},{"not_picked":["Exploit","Necromantic_Selection","Bone_Spikes"],"picked":"SKIP","floor":49},{"not_picked":["Good Instincts","The Bomb"],"picked":"Thinking Ahead","floor":50},{"not_picked":["PanicButton","Apotheosis"],"picked":"Chrysalis","floor":50},{"not_picked":["Blood_Wake","Life_Drain"],"picked":"Spectral_Walk+1","floor":54},{"not_picked":["Negative_Energy_Javelin","Scare+1"],"picked":"Bone_Prison","floor":56},{"not_picked":["Bones_to_Steel","Shackles_Of_Pain","Plague_Bolt"],"picked":"SKIP","floor":59},{"not_picked":["Flesh_Made_Foul","Chill_Blood+1","Toxic_Smoke_Screen"],"picked":"SKIP","floor":65}],"player_experience":538911,"relics_obtained":[{"floor":7,"key":"reliquary:Boomerang"},{"floor":9,"key":"Juzu Bracelet"},{"floor":11,"key":"theForsaken:Lifeblossom"},{"floor":15,"key":"Bromod:ArcanePulse"},{"floor":17,"key":"Odd Mushroom"},{"floor":27,"key":"reliquary:Buckler"},{"floor":31,"key":"Shuriken"},{"floor":32,"key":"reliquary:Aerogel"},{"floor":48,"key":"Bag of Preparation"},{"floor":52,"key":"Orichalcum"},{"floor":54,"key":"reliquary:SilkGlove"},{"floor":65,"key":"Whetstone"}],"event_choices":[{"damage_healed":0,"gold_gain":0,"player_choice":"0 cards matched","damage_taken":0,"max_hp_gain":0,"max_hp_loss":0,"event_name":"Match and Keep!","floor":3,"gold_loss":0,"cards_obtained":[]},{"damage_healed":0,"gold_gain":0,"player_choice":"Entered Light","damage_taken":15,"max_hp_gain":0,"max_hp_loss":0,"event_name":"Shining Light","floor":13,"gold_loss":0,"cards_upgraded":["Bone_Shift","Defend_W"]},{"damage_healed":0,"gold_gain":0,"player_choice":"Fought Mushrooms","damage_taken":0,"max_hp_gain":0,"max_hp_loss":0,"event_name":"Mushrooms","floor":17,"gold_loss":0},{"damage_healed":0,"gold_gain":0,"player_choice":"Choice 2","damage_taken":0,"relics_obtained":["alterego_mod:SomeoneToFightFor"],"max_hp_gain":0,"max_hp_loss":0,"event_name":"Secret Garden","floor":22,"gold_loss":0},{"damage_healed":0,"gold_gain":0,"player_choice":"Upgraded","damage_taken":0,"max_hp_gain":0,"max_hp_loss":0,"event_name":"Upgrade Shrine","floor":23,"gold_loss":0,"cards_upgraded":["Siphon_Strength"]},{"damage_healed":0,"gold_gain":0,"player_choice":"Bought 0 Potions","damage_taken":0,"max_hp_gain":0,"max_hp_loss":0,"event_name":"The Woman in Blue","floor":26,"gold_loss":0},{"damage_healed":0,"gold_gain":0,"cards_transformed":["Strike_W","Strike_W"],"player_choice":"Became Test Subject","damage_taken":0,"max_hp_gain":0,"max_hp_loss":0,"event_name":"Drug Dealer","floor":29,"gold_loss":0,"cards_obtained":["Chill_Blood","Death_Coil"]},{"damage_healed":0,"gold_gain":99,"player_choice":"Stole From Cult","damage_taken":0,"max_hp_gain":0,"max_hp_loss":0,"event_name":"Nest","floor":36,"gold_loss":0},{"cards_removed":["Strike_W"],"damage_healed":0,"gold_gain":0,"player_choice":"Gave Gold","damage_taken":0,"max_hp_gain":0,"max_hp_loss":0,"event_name":"Beggar","floor":37,"gold_loss":75},{"damage_healed":0,"gold_gain":0,"player_choice":"Embrace Madness","damage_taken":9,"max_hp_gain":0,"max_hp_loss":0,"event_name":"Winding Halls","floor":43,"gold_loss":0,"cards_obtained":["Madness","Madness"]},{"damage_healed":0,"gold_gain":0,"player_choice":"Memory 3","damage_taken":10,"max_hp_gain":0,"max_hp_loss":0,"event_name":"SensoryStone","floor":50,"gold_loss":0},{"cards_removed":["Death_Coil"],"damage_healed":0,"gold_gain":0,"player_choice":"Removed Attack","damage_taken":0,"max_hp_gain":0,"max_hp_loss":0,"event_name":"Falling","floor":58,"gold_loss":0}],"is_beta":false,"boss_relics":[{"not_picked":["Bromod:ArcaneEnergize","Cursed Key"],"picked":"Runic Dome"},{"not_picked":["SlaversCollar","reliquary:RedPaperclip"],"picked":"Fusion Hammer"}],"items_purged_floors":[5,33,44,64],"is_endless":false,"potions_floor_spawned":[4,6,7,15,16,21,27,39,41,48,49,56,59,65],"ascension_level":0}}