{"host":"knk89g45d3vzr5fm","time":1612775937,"event":{"mods":["2.2 Compatiblity","BaseMod","Downfall","Minty Spire (QoL Compilation)","Relic Stats","Reliquary","Replay The Spire","StSLib","The Marked"],"gold_per_floor":[99,118,118,118,134,148,148,148,148,175,188,188,188,204,45,45,62,161,161,161,179,192,204,32,132,132,132,162,182,282,308,108,108,108,108,108,108,108],"floor_reached":36,"language":"FRA","playtime":3020,"items_purged":[],"score":315,"play_id":"82833533-b883-4810-9578-b9c1f3749271","local_time":"20210208101857","is_ascension_mode":true,"campfire_choices":[{"data":"bronze:TinkerersToolbox","floor":8.0,"key":"SMITH"},{"data":"bronze:Strike","floor":20.0,"key":"PURGE"},{"floor":27.0,"key":"REST"},{"floor":32.0,"key":"REST"}],"circlet_count":0,"master_deck":["bronze:Defend","bronze:Defend","bronze:Defend","bronze:Defend","bronze:Goto","bronze:TinkerersToolbox+1","bronze:InfiniteBeams","bronze:Iterate","bronze:CutThrough","bronze:Boost","bronze:RecursiveStrike+1","bronze:Philosophize","bronze:FindAndReplace+1","bronze:ChildClass+1","bronze:Boost","bronze:NullPointer","bronze:Overload","bronze:BronzeOrb+1","bronze:Frontload+1","bronze:DecaBeam"],"relics":["bronze:BronzeCore","Peace Pipe","FossilizedHelix","downfall:ShatteredFragment","Replay:Baseball","Runic Pyramid","Guide Book","Replay:Arrowhead","reliquary:FeatherDuster","Toy Ornithopter","Replay:Rubber Ducky","downfall:HeartBlessingGreen","downfall:HeartBlessingBlue"],"acts_visited":["Exordium","TheCity"],"potions_floor_usage":[],"damage_taken":[{"damage":0.0,"enemies":"Cultist","floor":2.0,"turns":4.0},{"damage":0.0,"enemies":"Small Slimes","floor":5.0,"turns":3.0},{"damage":8.0,"enemies":"2 Louse","floor":6.0,"turns":2.0},{"damage":14.0,"enemies":"Gremlin Nob","floor":10.0,"turns":4.0},{"damage":0.0,"enemies":"Large Slime","floor":11.0,"turns":4.0},{"damage":0.0,"enemies":"2 Fungi Beasts","floor":14.0,"turns":2.0},{"damage":0.0,"enemies":"downfall:FleeingMerchant","floor":15.0,"turns":4.0},{"damage":10.0,"enemies":"Exordium Thugs","floor":17.0,"turns":3.0},{"damage":5.0,"enemies":"IC_STATUS_ARCHETYPE","floor":18.0,"turns":5.0},{"damage":0.0,"enemies":"Chosen","floor":21.0,"turns":3.0},{"damage":25.0,"enemies":"Snake Plant","floor":22.0,"turns":4.0},{"damage":0.0,"enemies":"Centurion and Healer","floor":23.0,"turns":5.0},{"damage":0.0,"enemies":"downfall:FleeingMerchant","floor":24.0,"turns":4.0},{"damage":7.0,"enemies":"Colosseum Nobs","floor":25.0,"turns":4.0},{"damage":11.0,"enemies":"Gremlin Leader","floor":28.0,"turns":7.0},{"damage":0.0,"enemies":"Sentry and Sphere","floor":29.0,"turns":4.0},{"damage":0.0,"enemies":"Sentry and Sphere","floor":30.0,"turns":4.0},{"damage":6.0,"enemies":"Book of Stabbing","floor":31.0,"turns":4.0}],"seed_played":"-4677812731754456787","potions_obtained":[{"floor":2.0,"key":"Explosive Potion"},{"floor":14.0,"key":"SpeedPotion"},{"floor":17.0,"key":"AttackPotion"},{"floor":21.0,"key":"bronze:FreeFunctionsPotion"},{"floor":23.0,"key":"Elixir"}],"is_trial":false,"path_per_floor":["R","M","PTL","PTL","M","M","?","R","T","E","M","?","?","M","$","?","M","B",null,"R","M","M","M","$","?","T","R","E","M","?","E","R","PTL","PTL","PTL","PTL"],"character_chosen":"THE_AUTOMATON","items_purchased":["Replay:Baseball","Guide Book"],"campfire_rested":2,"item_purchase_floors":[15,24],"current_hp_per_floor":[63,63,63,63,63,55,55,55,55,41,41,62,41,41,41,41,31,26,63,63,63,38,38,38,31,31,49,38,38,38,37,68,68,68,68,68,68,68],"gold":108,"neow_bonus":"TRANSFORM_TWO_CARDS","is_daily":false,"chose_seed":false,"campfire_upgraded":1,"win_rate":0.0,"timestamp":1612775937,"path_taken":["R","M","PTL","PTL","M","?","?","R","T","E","M","?","?","M","$","?","M","BOSS","R","M","M","M","$","?","T","R","E","M","?","E","R","PTL","PTL","PTL","PTL"],"items_purchased_type":["Relic","Relic"],"build_version":"2020-12-22","purchased_purges":0,"victory":false,"max_hp_per_floor":[63,63,63,63,63,63,63,63,63,63,63,63,63,63,63,63,63,63,63,63,63,63,63,63,63,63,63,63,63,63,63,73,73,73,73,73,73,73],"relic_stats":{"Peace Pipe":1,"counters":[18,70],"obtain_stats":[{"reliquary:FeatherDuster":25,"bronze:BronzeCore":0,"downfall:ShatteredFragment":13,"Guide Book":24,"downfall:HeartBlessingGreen":32,"Replay:Arrowhead":25,"Replay:Rubber Ducky":31,"Peace Pipe":9,"Replay:Baseball":15,"downfall:HeartBlessingBlue":32,"FossilizedHelix":10,"Toy Ornithopter":28,"Runic Pyramid":19},{"reliquary:FeatherDuster":14,"bronze:BronzeCore":0,"downfall:ShatteredFragment":5,"Guide Book":13,"downfall:HeartBlessingGreen":18,"Replay:Arrowhead":14,"Replay:Rubber Ducky":18,"Peace Pipe":3,"Replay:Baseball":7,"downfall:HeartBlessingBlue":18,"FossilizedHelix":4,"Toy Ornithopter":15,"Runic Pyramid":9},{"reliquary:FeatherDuster":51,"bronze:BronzeCore":0,"downfall:ShatteredFragment":17,"Guide Book":47,"downfall:HeartBlessingGreen":70,"Replay:Arrowhead":51,"Replay:Rubber Ducky":70,"Peace Pipe":9,"Replay:Baseball":23,"downfall:HeartBlessingBlue":70,"FossilizedHelix":13,"Toy Ornithopter":58,"Runic Pyramid":31}],"Toy Ornithopter":5},"card_choices":[{"not_picked":["bronze:Return","bronze:Overheat"],"picked":"bronze:Iterate","floor":2.0},{"not_picked":["bronze:BronzeArmor","bronze:BugBarrage"],"picked":"bronze:CutThrough","floor":5.0},{"not_picked":["bronze:BronzeOrb","bronze:InfiniteBeams"],"picked":"bronze:Boost","floor":6.0},{"not_picked":["bronze:Iterate","bronze:Turbo"],"picked":"bronze:RecursiveStrike","floor":10.0},{"not_picked":["bronze:Invalidate","bronze:Overheat"],"picked":"bronze:Philosophize","floor":11.0},{"not_picked":["bronze:BuggyMess","bronze:DelayedGuard","bronze:ClassDefault"],"picked":"SKIP","floor":14.0},{"not_picked":["bronze:Frontload","bronze:Turbo","bronze:CutThrough"],"picked":"SKIP","floor":15.0},{"not_picked":["bronze:BuggyMess","bronze:Shield","bronze:DelayedGuard"],"picked":"SKIP","floor":17.0},{"not_picked":["bronze:Format","bronze:ThunderWave"],"picked":"bronze:FindAndReplace","floor":18.0},{"not_picked":["bronze:Backtrace","bronze:Invalidate"],"picked":"bronze:ChildClass+1","floor":21.0},{"not_picked":["bronze:ForceShield","bronze:Allocate"],"picked":"bronze:Boost","floor":22.0},{"not_picked":["bronze:Iterate","bronze:ForceShield"],"picked":"bronze:NullPointer","floor":23.0},{"not_picked":["bronze:Deprecate","bronze:Overheat+1"],"picked":"bronze:Overload","floor":24.0},{"not_picked":["bronze:WildBeam+1","bronze:Overheat"],"picked":"bronze:BronzeOrb+1","floor":25.0},{"not_picked":["bronze:WhirlingStrike","bronze:ShipIt"],"picked":"bronze:Frontload+1","floor":28.0},{"not_picked":["bronze:BronzeArmor+1","bronze:Deprecate","bronze:BugBarrage+1"],"picked":"SKIP","floor":29.0},{"not_picked":[],"picked":"bronze:DecaBeam","floor":30.0},{"not_picked":["bronze:Constructor+1","bronze:DarkDash","bronze:Refactor"],"picked":"SKIP","floor":31.0}],"player_experience":2077248,"relics_obtained":[{"floor":9.0,"key":"Peace Pipe"},{"floor":10.0,"key":"FossilizedHelix"},{"floor":25.0,"key":"Replay:Arrowhead"},{"floor":25.0,"key":"reliquary:FeatherDuster"},{"floor":28.0,"key":"Toy Ornithopter"},{"floor":31.0,"key":"Replay:Rubber Ducky"}],"event_choices":[{"damage_healed":21.0,"max_hp_gain":0.0,"max_hp_loss":0.0,"gold_gain":0.0,"event_name":"Big Fish","player_choice":"Banana","floor":12.0,"gold_loss":0.0,"damage_taken":0.0}],"is_beta":false,"boss_relics":[{"not_picked":["Coffee Dripper","Snecko Heart"],"picked":"Runic Pyramid"}],"items_purged_floors":[],"is_endless":false,"potions_floor_spawned":[2,14,17,21,23,28],"ascension_level":1}}