{"host":"udzsrhbqdxqtlypj","time":1612822521,"event":{"mods":["BaseMod","Minty Spire (QoL Compilation)","Relic Stats"],"gold_per_floor":[365,382,382,104,123,123,149,149,149,484,484,503,503,530,530,633,633,649,649,668,678,692,692,726,726,726,736,751,701,264,294,294,394,394,404,420,420,431,479,510,524,558,558,608,635,181,181,215,215,215,215,215,16,47,47],"floor_reached":56,"language":"ENG","playtime":9094,"items_purged":["Strike_R","Strike_R","Writhe","Clash+1"],"score":1922,"play_id":"e35bd6b3-dba8-41eb-a835-b840ac24cb8b","local_time":"20210208161521","is_ascension_mode":true,"campfire_choices":[{"data":"Hemokinesis","floor":6,"key":"SMITH"},{"data":"True Grit","floor":8,"key":"SMITH"},{"data":"Battle Trance","floor":13,"key":"SMITH"},{"data":"Pommel Strike","floor":15,"key":"SMITH"},{"floor":23,"key":"REST"},{"data":"Exhume","floor":25,"key":"SMITH"},{"floor":32,"key":"REST"},{"floor":49,"key":"RECALL"},{"data":"Rupture","floor":52,"key":"SMITH"}],"circlet_count":0,"master_deck":["AscendersBane","Strike_R+1","Strike_R+1","Strike_R+1","Defend_R","Defend_R","Defend_R+1","Defend_R","Bash","Pommel Strike+1","Hemokinesis+1","True Grit+1","Cleave","Shrug It Off","Battle Trance+1","Thunderclap+1","Clash+1","Brutality","Iron Wave+1","Exhume+1","Feed+1","Whirlwind+1","Blood for Blood+1","Rupture+1","Corruption","Fiend Fire+1","Carnage+1","Shockwave+1","Sentinel+1","Inflame+1","Heavy Blade+1","Shrug It Off+1","Headbutt+1","Juggernaut","Combust","Shockwave+1","Dark Embrace","Shrug It Off","Heavy Blade+1","Bloodletting+1"],"relics":["Burning Blood","Lee\u0027s Waffle","Matryoshka","PreservedInsect","Molten Egg 2","Old Coin","Ancient Tea Set","SlaversCollar","MealTicket","Strawberry","Smiling Mask","Incense Burner","HornCleat","Snecko Eye","StoneCalendar","Paper Frog","Juzu Bracelet","CaptainsWheel","Whetstone","Eternal Feather","InkBottle","Blood Vial"],"acts_visited":["Exordium","TheCity","TheBeyond","TheEnding"],"potions_floor_usage":[18,22,22,33,35,39,41,45,50,50,55],"damage_taken":[{"damage":7,"enemies":"Jaw Worm","floor":1,"turns":3},{"damage":0,"enemies":"Small Slimes","floor":2,"turns":3},{"damage":2,"enemies":"2 Louse","floor":5,"turns":2},{"damage":28,"enemies":"Gremlin Nob","floor":7,"turns":4},{"damage":7,"enemies":"3 Sentries","floor":10,"turns":7},{"damage":8,"enemies":"Lots of Slimes","floor":12,"turns":2},{"damage":15,"enemies":"Gremlin Nob","floor":14,"turns":3},{"damage":31,"enemies":"The Guardian","floor":16,"turns":10},{"damage":13,"enemies":"Shell Parasite","floor":18,"turns":6},{"damage":14,"enemies":"3 Byrds","floor":20,"turns":6},{"damage":62,"enemies":"Sentry and Sphere","floor":21,"turns":8},{"damage":26,"enemies":"Snake Plant","floor":22,"turns":4},{"damage":2,"enemies":"Gremlin Leader","floor":24,"turns":3},{"damage":28,"enemies":"Cultist and Chosen","floor":27,"turns":6},{"damage":25,"enemies":"Snecko","floor":28,"turns":4},{"damage":14,"enemies":"Book of Stabbing","floor":31,"turns":3},{"damage":48,"enemies":"Collector","floor":33,"turns":8},{"damage":10,"enemies":"3 Darklings","floor":35,"turns":3},{"damage":13,"enemies":"3 Shapes","floor":36,"turns":8},{"damage":3,"enemies":"3 Darklings","floor":38,"turns":4},{"damage":46,"enemies":"2 Orb Walkers","floor":39,"turns":5},{"damage":6,"enemies":"Reptomancer","floor":40,"turns":4},{"damage":6,"enemies":"Transient","floor":41,"turns":5},{"damage":18,"enemies":"Nemesis","floor":42,"turns":5},{"damage":41,"enemies":"Mind Bloom Boss Battle","floor":44,"turns":5},{"damage":31,"enemies":"Giant Head","floor":45,"turns":7},{"damage":8,"enemies":"Reptomancer","floor":48,"turns":5},{"damage":65,"enemies":"Awakened One","floor":50,"turns":8},{"damage":54,"enemies":"Shield and Spear","floor":54,"turns":6},{"damage":79,"enemies":"The Heart","floor":55,"turns":7}],"seed_played":"870507875558028976","potions_obtained":[{"floor":7,"key":"Strength Potion"},{"floor":10,"key":"BloodPotion"},{"floor":16,"key":"Swift Potion"},{"floor":21,"key":"LiquidBronze"},{"floor":27,"key":"Weak Potion"},{"floor":31,"key":"Energy Potion"},{"floor":33,"key":"BlessingOfTheForge"},{"floor":38,"key":"Dexterity Potion"},{"floor":40,"key":"AttackPotion"},{"floor":42,"key":"Ancient Potion"},{"floor":48,"key":"PowerPotion"}],"is_trial":false,"path_per_floor":["M","M","?","$","M","R","E","R","T","E","?","M","R","E","R","B",null,"M","?","M","M","M","R","E","R","T","M","M","?","$","E","R","B",null,"M","M","?","M","?","E","M","E","T","?","E","$","?","E","R","B",null,"R","$","E","B",null],"character_chosen":"IRONCLAD","items_purchased":["Lee\u0027s Waffle","True Grit","Incense Burner","Rupture","Eternal Feather","LiquidMemories","Combust","Dark Embrace","Shrug It Off","Heavy Blade+1"],"campfire_rested":2,"item_purchase_floors":[4,4,30,30,46,46,46,53,53,53],"current_hp_per_floor":[50,56,40,87,87,87,65,65,65,64,69,67,67,58,58,33,77,70,70,62,14,14,44,48,48,55,41,26,26,41,33,68,30,100,100,101,135,135,95,99,99,87,87,56,35,50,50,52,73,22,125,146,159,119,48],"gold":47,"neow_bonus":"TWO_FIFTY_GOLD","is_daily":false,"chose_seed":false,"campfire_upgraded":6,"win_rate":0.0,"timestamp":1612822521,"path_taken":["M","M","?","$","M","R","E","R","T","E","?","M","R","E","R","BOSS","M","?","M","?","M","R","E","R","T","M","?","?","$","E","R","BOSS","M","M","?","M","?","E","M","E","T","?","E","$","?","E","R","BOSS","R","$","E","BOSS"],"items_purchased_type":["Relic","Card","Relic","Card","Relic","Potion","Card","Card","Card","Card"],"build_version":"2020-12-22","purchased_purges":4,"victory":true,"max_hp_per_floor":[80,80,80,87,87,87,87,87,87,87,92,92,92,92,92,92,92,92,92,92,100,100,100,100,100,107,115,119,119,119,119,119,123,123,127,135,135,135,135,139,139,139,139,143,147,147,147,151,151,159,159,159,159,167,167],"relic_stats":{"Lee\u0027s Waffle":47,"counters":[30,154],"StoneCalendar":[52],"Eternal Feather":42,"PreservedInsect":557,"Juzu Bracelet":0,"Whetstone":["Strike_R","Strike_R"],"Smiling Mask":225,"Burning Blood":173,"Blood Vial":2,"Snecko Eye":[134,155,143,158],"MealTicket":43,"obtain_stats":[{"Lee\u0027s Waffle":4,"StoneCalendar":39,"Eternal Feather":46,"PreservedInsect":9,"Incense Burner":30,"Juzu Bracelet":42,"Whetstone":45,"Ancient Tea Set":14,"Smiling Mask":26,"Burning Blood":0,"Old Coin":10,"Blood Vial":54,"SlaversCollar":17,"CaptainsWheel":44,"Matryoshka":7,"HornCleat":31,"Strawberry":26,"Snecko Eye":34,"Molten Egg 2":9,"MealTicket":24,"InkBottle":48,"Paper Frog":40},{"Lee\u0027s Waffle":2,"StoneCalendar":21,"Eternal Feather":26,"PreservedInsect":4,"Incense Burner":15,"Juzu Bracelet":24,"Whetstone":26,"Ancient Tea Set":7,"Smiling Mask":13,"Burning Blood":0,"Old Coin":5,"Blood Vial":29,"SlaversCollar":8,"CaptainsWheel":25,"Matryoshka":4,"HornCleat":16,"Strawberry":13,"Snecko Eye":17,"Molten Egg 2":4,"MealTicket":13,"InkBottle":27,"Paper Frog":22},{"Lee\u0027s Waffle":6,"StoneCalendar":102,"Eternal Feather":128,"PreservedInsect":12,"Incense Burner":71,"Juzu Bracelet":116,"Whetstone":128,"Ancient Tea Set":24,"Smiling Mask":61,"Burning Blood":0,"Old Coin":19,"Blood Vial":147,"SlaversCollar":34,"CaptainsWheel":121,"Matryoshka":12,"HornCleat":74,"Strawberry":61,"Snecko Eye":82,"Molten Egg 2":12,"MealTicket":61,"InkBottle":133,"Paper Frog":106}],"InkBottle":[10]},"card_choices":[{"not_picked":["True Grit","Twin Strike"],"picked":"Pommel Strike","floor":1},{"not_picked":["Battle Trance","Armaments"],"picked":"Hemokinesis","floor":2},{"not_picked":["Dual Wield","Perfected Strike"],"picked":"Cleave","floor":5},{"not_picked":["Dark Embrace","Carnage"],"picked":"Shrug It Off","floor":7},{"not_picked":["Perfected Strike+1","Clothesline+1"],"picked":"Battle Trance","floor":10},{"not_picked":["Demon Form","Twin Strike+1"],"picked":"Thunderclap+1","floor":12},{"not_picked":["Perfected Strike+1","Sentinel"],"picked":"Clash+1","floor":14},{"not_picked":["Impervious","Offering"],"picked":"Brutality","floor":16},{"not_picked":["Clothesline+1","Heavy Blade+1"],"picked":"Iron Wave+1","floor":18},{"not_picked":["Flex+1","Perfected Strike+1"],"picked":"Feed+1","floor":20},{"not_picked":["Heavy Blade+1","Anger+1","Warcry"],"picked":"SKIP","floor":21},{"not_picked":["Clash+1","Hemokinesis+1"],"picked":"Whirlwind+1","floor":22},{"not_picked":["Flex","Juggernaut"],"picked":"Clash+1","floor":24},{"not_picked":["Clothesline+1","Second Wind"],"picked":"Blood for Blood+1","floor":27},{"not_picked":["Thunderclap+1","Dual Wield+1","Warcry"],"picked":"SKIP","floor":28},{"not_picked":["True Grit","Clash+1"],"picked":"Corruption","floor":31},{"not_picked":["Immolate+1","Demon Form"],"picked":"Fiend Fire+1","floor":33},{"not_picked":["Anger+1","Sword Boomerang+1"],"picked":"Carnage+1","floor":35},{"not_picked":["Sentinel+1","Armaments"],"picked":"Shockwave+1","floor":36},{"not_picked":["Wild Strike+1","Warcry"],"picked":"Sentinel+1","floor":38},{"not_picked":["Bloodletting","Flex+1"],"picked":"Inflame+1","floor":39},{"not_picked":["Anger+1","Power Through+1"],"picked":"Heavy Blade+1","floor":40},{"not_picked":["Cleave+1","Flame Barrier"],"picked":"Shrug It Off+1","floor":41},{"not_picked":["Havoc+1","Twin Strike+1"],"picked":"Headbutt+1","floor":42},{"not_picked":["Entrench","Clash+1"],"picked":"Juggernaut","floor":45},{"not_picked":["Sever Soul+1","Thunderclap+1","Twin Strike+1"],"picked":"SKIP","floor":48},{"not_picked":["Blood for Blood+1","Armaments"],"picked":"Bloodletting+1","floor":54}],"player_experience":2839398,"relics_obtained":[{"floor":7,"key":"Matryoshka"},{"floor":9,"key":"PreservedInsect"},{"floor":9,"key":"Molten Egg 2"},{"floor":10,"key":"Old Coin"},{"floor":14,"key":"Ancient Tea Set"},{"floor":24,"key":"MealTicket"},{"floor":26,"key":"Strawberry"},{"floor":26,"key":"Smiling Mask"},{"floor":31,"key":"HornCleat"},{"floor":39,"key":"StoneCalendar"},{"floor":40,"key":"Paper Frog"},{"floor":42,"key":"Juzu Bracelet"},{"floor":44,"key":"CaptainsWheel"},{"floor":45,"key":"Whetstone"},{"floor":48,"key":"InkBottle"},{"floor":54,"key":"Blood Vial"}],"event_choices":[{"damage_healed":0,"gold_gain":0,"player_choice":"Entered Light","damage_taken":16,"max_hp_gain":0,"max_hp_loss":0,"event_name":"Shining Light","floor":3,"gold_loss":0,"cards_upgraded":["Defend_R","Strike_R"]},{"damage_healed":0,"gold_gain":0,"player_choice":"Donut","damage_taken":0,"max_hp_gain":5,"max_hp_loss":0,"event_name":"Big Fish","floor":11,"gold_loss":0},{"damage_healed":0,"gold_gain":0,"player_choice":"1 cards matched","damage_taken":0,"max_hp_gain":0,"max_hp_loss":0,"event_name":"Match and Keep!","floor":19,"gold_loss":0,"cards_obtained":["Exhume"]},{"damage_healed":0,"gold_gain":0,"player_choice":"Bet on Murderer","damage_taken":0,"max_hp_gain":0,"max_hp_loss":0,"event_name":"The Joust","floor":29,"gold_loss":50},{"damage_healed":34,"gold_gain":0,"player_choice":"Writhe","damage_taken":0,"max_hp_gain":0,"max_hp_loss":0,"event_name":"Winding Halls","floor":37,"gold_loss":0,"cards_obtained":["Writhe"]},{"damage_healed":0,"gold_gain":0,"player_choice":"Fight","damage_taken":0,"max_hp_gain":0,"max_hp_loss":0,"event_name":"Mysterious Sphere","floor":39,"gold_loss":0},{"damage_healed":0,"gold_gain":0,"player_choice":"Fight","damage_taken":0,"max_hp_gain":0,"max_hp_loss":0,"event_name":"MindBloom","floor":44,"gold_loss":0},{"damage_healed":0,"gold_gain":0,"player_choice":"Copied","damage_taken":0,"max_hp_gain":0,"max_hp_loss":0,"event_name":"Duplicator","floor":47,"gold_loss":0,"cards_obtained":["Shockwave"]}],"is_beta":false,"boss_relics":[{"not_picked":["Pandora\u0027s Box","Runic Dome"],"picked":"SlaversCollar"},{"not_picked":["Tiny House","Velvet Choker"],"picked":"Snecko Eye"}],"items_purged_floors":[4,30,46,53],"is_endless":false,"potions_floor_spawned":[7,10,16,21,27,31,33,38,40,42,48],"ascension_level":10}}