{"host":"93x13jgem5w43hjr","time":1612822324,"event":{"mods":["AchievementEnabler","BaseMod","Better Note","Colored Map","Colored Powertips","Downfall","Highlight Path","Minty Spire (QoL Compilation)","Rare Cards Sparkle","StSLib"],"gold_per_floor":[99,112,124,124,124,137,164,339,358,358,358,8,18,52,67,171,221,221,239,264,264,60,85,85,155,182,82,28,53,53,88,98,98,98,98],"floor_reached":33,"language":"ENG","playtime":2109,"items_purged":["Doubt","bronze:Strike"],"score":339,"play_id":"6c8a495c-5322-437b-b8e9-636b732470dd","local_time":"20210208151204","is_ascension_mode":true,"campfire_choices":[{"data":"bronze:Replicate","floor":1,"key":"SMITH"},{"floor":10,"key":"REST"},{"floor":18,"key":"RECALL"},{"data":"bronze:Optimize","floor":27,"key":"SMITH"},{"floor":30,"key":"REST"}],"circlet_count":0,"master_deck":["bronze:Strike+1","bronze:Defend","bronze:Defend","bronze:Replicate+1","bronze:Goto","bronze:Optimize+1","bronze:Philosophize","bronze:ChosenStrike","bronze:Overheat","bronze:FindAndReplace","bronze:Terminator","Violence","bronze:FollowUp","bronze:Constructor","bronze:Format","bronze:FollowUp","Bandage Up","bronze:BronzeOrb+1","expansioncontent:Hexaburn","bronze:ForceShield"],"relics":["bronze:BronzeCore","Tiny Chest","Toy Ornithopter","Bottled Tornado","Tiny House","SsserpentHead","Blood Vial","Bottled Lightning","Potion Belt","downfall:HeartBlessingGreen","Gambling Chip","Happy Flower"],"acts_visited":["Exordium","TheCity"],"potions_floor_usage":[13,14,16,22,22,23,26,33,33],"damage_taken":[{"damage":0,"enemies":"Cultist","floor":2,"turns":2},{"damage":1,"enemies":"Jaw Worm","floor":3,"turns":4},{"damage":0,"enemies":"2 Louse","floor":6,"turns":2},{"damage":17,"enemies":"Large Slime","floor":9,"turns":5},{"damage":0,"enemies":"downfall:FleeingMerchant","floor":12,"turns":4},{"damage":5,"enemies":"3 Louse","floor":13,"turns":3},{"damage":10,"enemies":"3 Sentries","floor":14,"turns":4},{"damage":7,"enemies":"2 Fungi Beasts","floor":15,"turns":3},{"damage":9,"enemies":"WA_ARCHETYPE_RETAIN","floor":16,"turns":3},{"damage":6,"enemies":"Chosen","floor":19,"turns":3},{"damage":0,"enemies":"downfall:FleeingMerchant","floor":22,"turns":4},{"damage":41,"enemies":"Slavers","floor":23,"turns":8},{"damage":0,"enemies":"Spheric Guardian","floor":25,"turns":2},{"damage":12,"enemies":"Book of Stabbing","floor":26,"turns":4},{"damage":9,"enemies":"downfall:FleeingMerchant","floor":28,"turns":4},{"damage":29,"enemies":"Slavers","floor":29,"turns":6},{"damage":21,"enemies":"Book of Stabbing","floor":31,"turns":5},{"damage":0,"enemies":"Snake Plant","floor":32,"turns":2},{"damage":51,"enemies":"DF_ARCHETYPE_CLAW","floor":33,"turns":5}],"seed_played":"-6455373045146300444","potions_obtained":[{"floor":9,"key":"Dexterity Potion"},{"floor":13,"key":"Fruit Juice"},{"floor":14,"key":"Explosive Potion"},{"floor":15,"key":"ColorlessPotion"},{"floor":17,"key":"Energy Potion"},{"floor":19,"key":"champ:CounterPotion"},{"floor":25,"key":"Fire Potion"},{"floor":29,"key":"champ:CounterPotion"},{"floor":32,"key":"Strength Potion"}],"is_trial":false,"path_per_floor":["R","M","M","?","?","M","T","?","M","R","?","$","M","E","M","B",null,"R","M","T","?","$","E","T","M","E","R","$","E","R","E","M","B"],"character_chosen":"THE_AUTOMATON","items_purchased":["bronze:Terminator","Violence","Bandage Up","expansioncontent:Hexaburn"],"campfire_rested":2,"item_purchase_floors":[12,12,22,28],"current_hp_per_floor":[49,49,48,48,48,48,48,48,31,52,49,49,54,49,42,38,80,80,74,74,74,80,43,43,45,44,44,41,18,42,27,29,0,0,0],"gold":98,"neow_bonus":"REMOVE_TWO","is_daily":false,"chose_seed":false,"campfire_upgraded":2,"win_rate":0.0,"timestamp":1612822324,"path_taken":["R","M","M","?","?","M","T","?","M","R","?","?","M","E","M","BOSS","R","M","?","?","$","E","T","?","E","R","?","E","R","E","M","BOSS"],"items_purchased_type":["Card","Card","Card","Card"],"build_version":"2020-12-22","purchased_purges":2,"victory":false,"max_hp_per_floor":[70,70,70,70,70,70,70,70,70,70,70,70,75,75,75,75,80,80,80,80,80,80,80,80,80,80,80,80,80,80,80,80,80,80,80],"card_choices":[{"not_picked":["bronze:CutThrough","bronze:BugBarrage"],"picked":"bronze:Optimize","floor":2},{"not_picked":["bronze:Deprecate","bronze:Shield"],"picked":"bronze:Philosophize","floor":3},{"not_picked":["bronze:CloningBeam","bronze:Turbo"],"picked":"bronze:ChosenStrike","floor":6},{"not_picked":["bronze:OilSpill","bronze:WhirlingStrike"],"picked":"bronze:Overheat","floor":9},{"not_picked":["bronze:WildBeam","bronze:DelayedSlice"],"picked":"bronze:FindAndReplace","floor":12},{"not_picked":["bronze:Optimize","bronze:Branch"],"picked":"bronze:FollowUp","floor":13},{"not_picked":["bronze:AlphaBuild","bronze:DelayedGuard"],"picked":"bronze:Constructor","floor":14},{"not_picked":["bronze:BuggyMess","bronze:Separator","bronze:DelayedGuard"],"picked":"SKIP","floor":15},{"not_picked":["bronze:Verify","bronze:Break"],"picked":"bronze:Format","floor":16},{"not_picked":["bronze:ChildClass","bronze:Turbo"],"picked":"bronze:FollowUp","floor":19},{"not_picked":["bronze:Refactor","bronze:ChildClass+1","bronze:Terminator"],"picked":"SKIP","floor":22},{"not_picked":["bronze:Fortify","bronze:Invalidate+1"],"picked":"bronze:BronzeOrb+1","floor":23},{"not_picked":["bronze:Safeguard","bronze:Overheat","bronze:Constructor"],"picked":"SKIP","floor":25},{"not_picked":["bronze:Deprecate+1","bronze:HyperBeam","bronze:GetLatest+1"],"picked":"SKIP","floor":26},{"not_picked":["bronze:Allocate","bronze:BuggyMess","bronze:WildBeam+1"],"picked":"SKIP","floor":28},{"not_picked":["bronze:BronzeArmor","bronze:Iterate","bronze:Refactor"],"picked":"SKIP","floor":29},{"not_picked":["bronze:Overheat","bronze:Shield"],"picked":"bronze:ForceShield","floor":31},{"not_picked":["bronze:DarkDash","bronze:CleanCode","bronze:Overheat"],"picked":"SKIP","floor":32}],"player_experience":196840,"relics_obtained":[{"floor":7,"key":"Tiny Chest"},{"floor":14,"key":"Bottled Tornado"},{"floor":23,"key":"Blood Vial"},{"floor":24,"key":"Bottled Lightning"},{"floor":26,"key":"Potion Belt"},{"floor":29,"key":"Gambling Chip"},{"floor":31,"key":"Happy Flower"}],"event_choices":[{"cards_removed":["bronze:Defend"],"damage_healed":0,"gold_gain":0,"player_choice":"Card Removal","damage_taken":0,"max_hp_gain":0,"max_hp_loss":0,"event_name":"The Cleric","floor":5,"gold_loss":0},{"damage_healed":0,"gold_gain":0,"player_choice":"Success","damage_taken":3,"relics_obtained":["Toy Ornithopter"],"max_hp_gain":0,"max_hp_loss":0,"event_name":"Scrap Ooze","floor":11,"gold_loss":0},{"damage_healed":0,"gold_gain":0,"player_choice":"Trade","damage_taken":0,"relics_obtained":["SsserpentHead"],"max_hp_gain":0,"max_hp_loss":0,"event_name":"FaceTrader","floor":21,"gold_loss":0}],"is_beta":false,"boss_relics":[{"not_picked":["Astrolabe","Runic Pyramid"],"picked":"Tiny House"}],"items_purged_floors":[12,22],"is_endless":false,"potions_floor_spawned":[9,13,14,15,19,25,29,32],"killed_by":"DF_ARCHETYPE_CLAW","ascension_level":1}}