{"host":"mqhvlr3kpxebko0t","time":1612793965,"event":{"mods":["AchievementEnabler","BaseMod","Colored Map","Colored Powertips","KOR Keyword Fix","Keyboard Shortcuts","Minty Spire (QoL Compilation)","StSLib","SuperFastMode"],"gold_per_floor":[117,3,78,78,24,24,39,39,92,110,143,166,166,190,190,286,286,286,286],"floor_reached":18,"language":"KOR","playtime":197,"items_purged":["Strike_R"],"score":320,"play_id":"88eee1c0-a81e-4fb2-8cd1-9e4d6f79ad10","local_time":"20210208231925","is_ascension_mode":true,"campfire_choices":[{"data":"Uppercut","floor":6,"key":"SMITH"},{"floor":13,"key":"REST"},{"data":"Sword Boomerang","floor":15,"key":"SMITH"}],"circlet_count":0,"master_deck":["AscendersBane","Strike_R","Defend_R","Defend_R","Defend_R","Defend_R","Bash","Flex","Uppercut+1","Shrug It Off","Pommel Strike","Sword Boomerang+1","Demon Form"],"relics":["Burning Blood","NeowsBlessing","Golden Idol","Red Skull","Potion Belt","Empty Cage"],"acts_visited":["Exordium","TheCity"],"potions_floor_usage":[16],"damage_taken":[{"damage":0,"enemies":"Jaw Worm","floor":1,"turns":1},{"damage":0,"enemies":"2 Louse","floor":7,"turns":1},{"damage":0,"enemies":"Small Slimes","floor":10,"turns":1},{"damage":40,"enemies":"Lagavulin","floor":11,"turns":6},{"damage":4,"enemies":"Blue Slaver","floor":12,"turns":2},{"damage":7,"enemies":"3 Louse","floor":14,"turns":4},{"damage":32,"enemies":"The Guardian","floor":16,"turns":11},{"damage":20,"enemies":"3 Byrds","floor":18,"turns":3}],"seed_played":"2381759049971474612","potions_obtained":[{"floor":1,"key":"ElixirPotion"},{"floor":7,"key":"ElixirPotion"},{"floor":10,"key":"SkillPotion"}],"is_trial":false,"path_per_floor":["M","$","?","?","$","R","M","?","T","M","E","M","R","M","R","B",null,"M"],"character_chosen":"IRONCLAD","items_purchased":["Uppercut","Shrug It Off"],"campfire_rested":1,"item_purchase_floors":[2,5],"current_hp_per_floor":[74,74,63,37,37,37,43,43,43,49,15,17,39,38,38,12,59,39,39],"gold":286,"neow_bonus":"THREE_ENEMY_KILL","is_daily":false,"chose_seed":false,"campfire_upgraded":2,"win_rate":0.0,"timestamp":1612793965,"path_taken":["M","$","?","?","?","R","M","?","T","M","E","M","R","M","R","BOSS","M"],"items_purchased_type":["Card","Card"],"build_version":"2020-12-22","purchased_purges":1,"victory":false,"max_hp_per_floor":[75,75,75,75,75,75,75,75,75,75,75,75,75,75,75,75,75,75,75],"card_choices":[{"not_picked":["Clash","Havoc"],"picked":"Flex","floor":1},{"not_picked":["Whirlwind","Pummel"],"picked":"Pommel Strike","floor":7},{"not_picked":["Iron Wave","Hemokinesis","Anger"],"picked":"SKIP","floor":10},{"not_picked":["Clash","Ghostly Armor","Searing Blow"],"picked":"SKIP","floor":11},{"not_picked":["Spot Weakness","Carnage","Dual Wield"],"picked":"SKIP","floor":12},{"not_picked":["Havoc","Armaments"],"picked":"Sword Boomerang","floor":14},{"not_picked":["Brutality","Fiend Fire"],"picked":"Demon Form","floor":16}],"player_experience":697960,"relics_obtained":[{"floor":9,"key":"Red Skull"},{"floor":11,"key":"Potion Belt"}],"event_choices":[{"damage_healed":0,"gold_gain":75,"player_choice":"Gather Gold","damage_taken":11,"max_hp_gain":0,"max_hp_loss":0,"event_name":"World of Goop","floor":3,"gold_loss":0},{"damage_healed":0,"gold_gain":0,"player_choice":"Take Damage","damage_taken":26,"relics_obtained":["Golden Idol"],"max_hp_gain":0,"max_hp_loss":0,"event_name":"Golden Idol","floor":4,"gold_loss":0},{"cards_removed":["Strike_R"],"damage_healed":0,"gold_gain":0,"player_choice":"Forget","damage_taken":0,"max_hp_gain":0,"max_hp_loss":0,"event_name":"Living Wall","floor":8,"gold_loss":0}],"is_beta":false,"boss_relics":[{"not_picked":["Cursed Key","Coffee Dripper"],"picked":"Empty Cage"}],"items_purged_floors":[2],"is_endless":false,"potions_floor_spawned":[1,7,10],"killed_by":"3 Byrds","ascension_level":20}}