{"host":"87fdiiwflhrwsj8a","time":1612819926,"event":{"mods":["Aspiration","BaseMod","Better Match","Better Third Choice","BetterRewards","Colored Map","Conspire","GifTheSpireLib","Infinite Spire","Minty Spire (QoL Compilation)","Quick Restart","Relic Sorter","Replay The Spire","StSLib","Stuff the Spire","The Marked","The Servant 0.9.4"],"gold_per_floor":[112,112,112,112,112,112,138,138,138,153,281,356,370,387,387,490,490,505,517,528,391,420,420,548,548,548,563,563,563,695,614,614,711,711,724,737,581,600,614,750,750,766,838,958,958,958,1074,1074,1074,1074,1074,1074,224,344,344],"floor_reached":56,"language":"ENG","playtime":36907,"items_purged":["Defend_S"],"score":2318,"play_id":"fb8f09cc-a007-4469-9337-3d5d6fb9a5f4","local_time":"20210208163206","is_ascension_mode":true,"campfire_choices":[{"data":"Apotheosis","floor":6,"key":"SMITH"},{"floor":8,"key":"RECALL"},{"floor":15,"key":"REST"},{"floor":23,"key":"REST"},{"floor":32,"key":"REST"},{"floor":46,"key":"REST"},{"floor":49,"key":"REST"},{"floor":52,"key":"REST"}],"circlet_count":0,"master_deck":["Defend_S","Defend_S","Defend_S","KidneyShot","Exchange","Apotheosis+1","SurpressingFire","SurpressingFire","SurpressingFire","Moonlight","BottledTime","BottledTime","Rearm","SurpressingFire","MurderousAura","AbeCurse","Rearm","ReplayTheSpireMod:Private Reserves","BottledTime","SilverBlades","BottledTime","Insight","Bite","Bite","Bite","Bite","Bite","FlawlessForm","Moonlight","SilverMatrix","Injury","Exchange","Deny","ReplayTheSpireMod:Private Reserves","infinitespire:Execution","Luminosity+1","Replace+1","GearUp+1","LightFlow","Thinking Ahead","Contraction+1","Thinking Ahead","Secret Weapon","Master of Strategy","Foresight"],"relics":["Uniform","Chemical X","StuffTheSpire:ForceGauntlet","Kunai","conspire:Dentures","conspire:GlowingRock","StuffTheSpire:BottledEssence","StuffTheSpire:TintedRock","StuffTheSpire:CocoNut","Abe\u0027s Treasure","conspire:DecoderRing","Ring of Searing","Mummified Hand","Shuriken","Replay:Grab Bag","Painkiller Herb","Fusion Hammer","ReplayTheSpireMod:SealedPack","Medical Kit","Replay:Rubber Ducky","Divine Protection","Snack Pack","Akabeko","Sundial","StuffTheSpire:HeavyRock","ReplayTheSpireMod:ShopPack","Quantum Egg","infinitespire:Lucky Rock"],"acts_visited":["Exordium","TheCity","TheBeyond","TheEnding"],"potions_floor_usage":[14,22,24,24,55],"damage_taken":[{"damage":7,"enemies":"Jaw Worm","floor":1,"turns":3},{"damage":0,"enemies":"Lagavulin","floor":7,"turns":6},{"damage":6,"enemies":"2 Louse","floor":10,"turns":3},{"damage":0,"enemies":"Gremlin Nob","floor":11,"turns":4},{"damage":0,"enemies":"Cultist","floor":13,"turns":3},{"damage":0,"enemies":"3 Louse","floor":14,"turns":2},{"damage":0,"enemies":"Fading Forest","floor":16,"turns":11},{"damage":0,"enemies":"Chosen","floor":18,"turns":4},{"damage":16,"enemies":"2 Thieves","floor":19,"turns":4},{"damage":7,"enemies":"Snecko","floor":20,"turns":5},{"damage":27,"enemies":"conspire:MimicChest","floor":22,"turns":6},{"damage":33,"enemies":"Slavers","floor":24,"turns":6},{"damage":0,"enemies":"Cultist and Chosen","floor":27,"turns":4},{"damage":2,"enemies":"conspire:SneckoGhost","floor":30,"turns":4},{"damage":0,"enemies":"Automaton","floor":33,"turns":6},{"damage":9,"enemies":"3 Shapes","floor":35,"turns":3},{"damage":10,"enemies":"3 Darklings","floor":36,"turns":4},{"damage":33,"enemies":"Jaw Worm Horde","floor":38,"turns":5},{"damage":13,"enemies":"Sphere and 2 Shapes","floor":39,"turns":4},{"damage":0,"enemies":"R_Hoarder","floor":40,"turns":3},{"damage":16,"enemies":"Spire Growth","floor":42,"turns":3},{"damage":0,"enemies":"Nemesis","floor":44,"turns":5},{"damage":2,"enemies":"Reptomancer","floor":47,"turns":3},{"damage":23,"enemies":"infinitespire:MassOfShapes","floor":50,"turns":4},{"damage":24,"enemies":"Shield and Spear","floor":54,"turns":7},{"damage":43,"enemies":"The Heart","floor":55,"turns":5}],"seed_played":"-7467270065805193045","potions_obtained":[{"floor":1,"key":"Adrenaline Potion"},{"floor":13,"key":"Swift Potion"},{"floor":16,"key":"SkillPotion"},{"floor":22,"key":"LifebloodPotion"},{"floor":24,"key":"LiquidMemories"},{"floor":27,"key":"SteroidPotion"},{"floor":33,"key":"Cursed Concoction"},{"floor":35,"key":"LifebloodPotion"}],"is_trial":false,"path_per_floor":["M","?","?","$","?","R","E","R","T","M","E","?","M","M","R","B",null,"M","M","M","$","?","R","E","?","T","M","?","?","E","$","R","B",null,"?","?","T","?","?","E","?","?","T","E","?","T","E","T","T","B",null,"T","T","E","B",null],"character_chosen":"THE_SERVANT","items_purchased":["Apotheosis","Chemical X","StuffTheSpire:ForceGauntlet","Kunai","conspire:Dentures","conspire:GlowingRock","SurpressingFire","StuffTheSpire:BottledEssence","SurpressingFire","Moonlight","BottledTime","Rearm","ReplayTheSpireMod:Private Reserves","Moonlight","Medical Kit","StuffTheSpire:HeavyRock","Thinking Ahead","Contraction+1","ReplayTheSpireMod:ShopPack","Quantum Egg"],"campfire_rested":6,"item_purchase_floors":[0,0,0,0,0,0,0,0,0,0,0,21,21,31,37,53,53,53,53,53],"current_hp_per_floor":[11,11,32,32,32,32,32,32,32,26,33,22,22,22,43,43,65,65,49,42,42,15,36,3,3,3,5,5,5,20,20,41,62,70,66,70,70,55,54,63,63,49,49,66,66,68,68,68,68,52,64,68,68,68,29],"gold":344,"neow_bonus":"","is_daily":false,"chose_seed":false,"campfire_upgraded":1,"win_rate":0.0,"timestamp":1612819926,"path_taken":["M","?","?","$","?","R","E","R","T","?","E","?","M","M","R","BOSS","M","M","M","$","?","R","E","?","T","M","?","?","E","?","R","BOSS","?","?","T","?","?","E","?","?","T","E","?","T","E","?","T","BOSS","T","T","E","BOSS"],"items_purchased_type":["Card","Relic","Relic","Relic","Relic","Relic","Card","Relic","Card","Card","Card","Card","Card","Card","Relic","Relic","Card","Card","Relic","Relic"],"build_version":"2020-12-22","purchased_purges":1,"victory":true,"max_hp_per_floor":[65,65,65,65,65,65,65,65,65,65,72,72,72,72,72,72,72,72,72,72,72,72,72,72,72,72,72,72,72,72,72,72,72,72,72,72,72,72,72,72,72,72,72,72,68,68,68,68,68,68,68,68,68,68,68],"card_choices":[{"not_picked":["DoubleEdge","Unruled"],"picked":"BottledTime","floor":1},{"not_picked":["Defy","Read","BestPractice"],"picked":"SKIP","floor":7},{"not_picked":["ShiftingGears","Orbit","Barrier"],"picked":"SKIP","floor":10},{"not_picked":["Snipe","Ricochet"],"picked":"Rearm","floor":11},{"not_picked":["Alleviate","FastForward"],"picked":"SurpressingFire","floor":13},{"not_picked":["Rewind","Spin","Potential"],"picked":"SKIP","floor":14},{"not_picked":["Initiator","Duplication"],"picked":"MurderousAura","floor":16},{"not_picked":["Snipe","Rewind+1","Shuttle"],"picked":"SKIP","floor":18},{"not_picked":["DoubleEdge+1","Revamp","Hightail+1"],"picked":"SKIP","floor":19},{"not_picked":["Potential","Hightail","Defy"],"picked":"SKIP","floor":20},{"not_picked":["Defy+1","Revamp"],"picked":"BottledTime","floor":22},{"not_picked":["Hightail","Defy+1"],"picked":"SilverBlades","floor":24},{"not_picked":["ShiftingGears","InstantArmor"],"picked":"BottledTime","floor":27},{"not_picked":["TimeWarp+1","DoubleEdge"],"picked":"FlawlessForm","floor":30},{"not_picked":["Solidify","ForgedInTime"],"picked":"SilverMatrix","floor":33},{"not_picked":["Bash","Vigilance"],"picked":"Exchange","floor":34},{"not_picked":["Dilation","ForgedInTime"],"picked":"Deny","floor":34},{"not_picked":["Finesse","Jack Of All Trades"],"picked":"ReplayTheSpireMod:Private Reserves","floor":34},{"not_picked":["infinitespire:Starlight","infinitespire:SealOfDarkness+"],"picked":"infinitespire:Execution","floor":34},{"not_picked":["Spin+1","Ricochet+1"],"picked":"Luminosity+1","floor":35},{"not_picked":["RealityMarble+1","ShatteredReality","Comet"],"picked":"SKIP","floor":36},{"not_picked":["MoonPhase","ShatteredReality+1"],"picked":"Replace+1","floor":38},{"not_picked":["Starlight","Shuttle","Collapse+1"],"picked":"SKIP","floor":39},{"not_picked":["Rewind","DancingSilver","ShatteredReality"],"picked":"SKIP","floor":40},{"not_picked":["Collapse+1","Rearm"],"picked":"GearUp+1","floor":42},{"not_picked":["StarChef","GearUp"],"picked":"LightFlow","floor":44},{"not_picked":["ForgedInTime","Gouge","Sabotage+1"],"picked":"SKIP","floor":47},{"not_picked":["Sadistic Nature","Metamorphosis"],"picked":"Thinking Ahead","floor":53},{"not_picked":["Specialist","Trip"],"picked":"Secret Weapon","floor":53},{"not_picked":["Survey Options","conspire:Banana"],"picked":"Master of Strategy","floor":53},{"not_picked":["BottledTime","ShiftingGears+1"],"picked":"Foresight","floor":54}],"player_experience":2603838,"relics_obtained":[{"floor":7,"key":"StuffTheSpire:TintedRock"},{"floor":11,"key":"StuffTheSpire:CocoNut"},{"floor":22,"key":"conspire:DecoderRing"},{"floor":24,"key":"Blood Vial"},{"floor":25,"key":"Ring of Searing"},{"floor":26,"key":"Mummified Hand"},{"floor":30,"key":"Shuriken"},{"floor":40,"key":"Replay:Rubber Ducky"},{"floor":43,"key":"Divine Protection"},{"floor":44,"key":"Snack Pack"},{"floor":47,"key":"Akabeko"},{"floor":48,"key":"Sundial"},{"floor":54,"key":"infinitespire:Lucky Rock"}],"event_choices":[{"damage_healed":21,"gold_gain":0,"player_choice":"Banana","damage_taken":0,"max_hp_gain":0,"max_hp_loss":0,"event_name":"Big Fish","floor":3,"gold_loss":0},{"damage_healed":0,"gold_gain":0,"player_choice":"Bought 0 Potions","damage_taken":0,"max_hp_gain":0,"max_hp_loss":0,"event_name":"The Woman in Blue","floor":5,"gold_loss":0},{"damage_healed":0,"gold_gain":75,"player_choice":"Gold","damage_taken":11,"max_hp_gain":0,"max_hp_loss":0,"event_name":"betterThird:BetterGoop","floor":12,"gold_loss":0},{"damage_healed":0,"gold_gain":0,"player_choice":"Insight","damage_taken":0,"max_hp_gain":0,"max_hp_loss":0,"event_name":"betterThird:BetterWriting","floor":28,"gold_loss":0,"cards_obtained":["Insight"]},{"damage_healed":0,"gold_gain":0,"player_choice":"Became a vampire (Vial)","damage_taken":0,"max_hp_gain":0,"max_hp_loss":0,"event_name":"Vampires","floor":29,"relics_lost":["Blood Vial"],"gold_loss":0,"cards_obtained":["Bite","Bite","Bite","Bite","Bite"]},{"damage_healed":0,"gold_gain":0,"player_choice":"Leave","damage_taken":0,"max_hp_gain":0,"max_hp_loss":0,"event_name":"conspire:Investor","floor":41,"gold_loss":0},{"damage_healed":0,"gold_gain":0,"player_choice":"Max HP","damage_taken":0,"max_hp_gain":0,"max_hp_loss":4,"event_name":"Winding Halls","floor":45,"gold_loss":0}],"is_beta":false,"boss_relics":[{"not_picked":["Snecko Heart","aspiration:SilentSkillbook"],"picked":"Abe\u0027s Treasure"},{"not_picked":["Replay:Bronze Core","Replay:Wanted Poster"],"picked":"Replay:Grab Bag"},{"not_picked":["Philosopher\u0027s Stone","conspire:SeveredTorchhead"],"picked":"Painkiller Herb"},{"not_picked":["Coffee Dripper","ReplayTheSpireMod:DimensionalGlitch"],"picked":"Fusion Hammer"},{"not_picked":["aspiration:RitualDagger","Astrolabe"],"picked":"ReplayTheSpireMod:SealedPack"}],"items_purged_floors":[53],"is_endless":false,"potions_floor_spawned":[1,13,16,22,24,27,33,35,40,42,44],"ascension_level":6}}