{"host":"bp73yv6vym73vckj","time":1612791887,"event":{"mods":["BaseMod","Colored Powertips","Conspire","Downfall","Highlight Path","Hubris","Infinite Spire","Ironclad Rager","Minty Spire (QoL Compilation)","Quick Restart","Replay The Spire","StSLib","The Necromancer"],"gold_per_floor":[359,359,359,378,396,422,422,450,450,468,496,111,111,123,123,228,228,248,264,292,67,81,81,81,91,91,121,149,176,222,234,246,354,366,391,453,188,188,205,205,230,230,230],"floor_reached":42,"language":"ENG","playtime":2467,"items_purged":[],"score":637,"play_id":"6b6d10b9-fc7a-4ded-9d70-9f00b40ae317","local_time":"20210208084447","is_ascension_mode":true,"campfire_choices":[{"data":"Violent_Necrosis","floor":7,"key":"SMITH"},{"floor":15,"key":"REST"},{"floor":23,"key":"REST"},{"floor":32,"key":"REST"},{"floor":40,"key":"REST"}],"circlet_count":0,"master_deck":["Forethought","Strike_W","Strike_W","Strike_W","Strike_W","Defend_W","Defend_W","Defend_W","Defend_W","Negative_Energy_Arrows","Bone_Wall","hexamod:Defend","champ:Defend","Siphon_Strength","Siphon_Strength","Negative_Energy_Arrows","Violent_Necrosis","Flesh_Made_Foul","Violent_Necrosis+1","Siphon_Strength","Uncharnel","Stop_Heart","Bone_Armory","Cloudkill","Sadistic Nature","Panache","Replay:Dark Deal","Bone_Bullets","Grasp_Heart","Necromantic_Selection","Negative_Energy_Sphere","Spectral_Armor","Strike_from_Beyond","Necrotic_Claws+1","Ghostly","Ghostly","Ghostly","Ghostly","Ghostly","Corrupt+1","Bone_Armor","Chill_Blood","Corrupt","Spectral_Walk","Cloudkill","Negative_Energy_Mist+1","Epidemic+1","Replay:Dark Deal","Panacea","Madness","Madness","Bone_Prison+1","Negative_Energy_Mist+1"],"relics":["Vampire_Amulet","Happy Flower","hubris:BundleOfHerbs","Bottled Lightning","Replay:Bottled Steam","infinitespire:Broken Mirror","Replay:Wax Seal","ReplayTheSpireMod:ShopPack","Honey Jar","conspire:Flyswatter","PreservedInsect","Replay:Bottled Flurry","MawBank","infinitespire:WardingShard","Enchiridion","Black Star","Peace Pipe","Pet Ghost","Bird Faced Urn"],"acts_visited":["Exordium","TheCity","TheBeyond"],"potions_floor_usage":[6,39,41],"damage_taken":[{"damage":2,"enemies":"2 Louse","floor":1,"turns":3},{"damage":3,"enemies":"Cultist","floor":4,"turns":4},{"damage":4,"enemies":"Jaw Worm","floor":5,"turns":3},{"damage":21,"enemies":"Gremlin Nob","floor":6,"turns":4},{"damage":19,"enemies":"3 Sentries","floor":8,"turns":9},{"damage":12,"enemies":"2 Fungi Beasts","floor":10,"turns":3},{"damage":13,"enemies":"Gremlin Nob","floor":11,"turns":5},{"damage":8,"enemies":"Gremlin Gang","floor":14,"turns":4},{"damage":22,"enemies":"Slime Boss","floor":16,"turns":8},{"damage":34,"enemies":"2 Thieves","floor":18,"turns":4},{"damage":26,"enemies":"3 Byrds","floor":19,"turns":4},{"damage":1,"enemies":"conspire:MimicChest","floor":20,"turns":5},{"damage":9,"enemies":"Snake Plant","floor":22,"turns":3},{"damage":2,"enemies":"Centurion and Healer","floor":25,"turns":8},{"damage":23,"enemies":"conspire:Head Lice","floor":27,"turns":5},{"damage":1,"enemies":"Snecko","floor":28,"turns":5},{"damage":7,"enemies":"3 Cultists","floor":29,"turns":6},{"damage":3,"enemies":"Gremlin Leader","floor":30,"turns":3},{"damage":35,"enemies":"Champ","floor":33,"turns":7},{"damage":2,"enemies":"Orb Walker","floor":35,"turns":5},{"damage":10,"enemies":"Mind Bloom Boss Battle","floor":36,"turns":7},{"damage":14,"enemies":"3 Darklings","floor":39,"turns":5},{"damage":14,"enemies":"Reptomancer","floor":41,"turns":4},{"damage":40,"enemies":"infinitespire:Three Voidlings","floor":42,"turns":2}],"seed_played":"-5135692565080028751","potions_obtained":[{"floor":1,"key":"FearPotion"},{"floor":10,"key":"LifebloodPotion"},{"floor":13,"key":"Ancient Potion"},{"floor":13,"key":"DuplicationPotion"},{"floor":16,"key":"DistilledChaos"},{"floor":27,"key":"SteroidPotion"},{"floor":29,"key":"hexamod:SoulburnPotion"},{"floor":30,"key":"Fire Potion"},{"floor":33,"key":"Toxic Potion"},{"floor":35,"key":"LiquidBronze"},{"floor":36,"key":"Languid Potion"},{"floor":39,"key":"Venom Potion"}],"is_trial":false,"path_per_floor":["M","?","?","M","M","E","R","E","T","M","E","$","?","M","R","B",null,"M","M","?","$","M","R","?","M","T","E","M","M","E","?","R","B",null,"M","?","$","?","M","R","E","?"],"character_chosen":"NECROMANCER","items_purchased":["Bone_Armory","Cloudkill","Replay:Wax Seal","ReplayTheSpireMod:ShopPack","PreservedInsect","Strike_from_Beyond","Replay:Dark Deal","Panacea"],"campfire_rested":4,"item_purchase_floors":[12,12,12,12,21,21,37,37],"current_hp_per_floor":[75,63,63,62,60,41,41,49,49,41,30,30,30,30,52,38,75,45,25,26,26,19,41,37,37,37,24,25,34,36,20,31,16,37,37,29,29,24,12,23,37,0,0],"gold":230,"neow_bonus":"TWO_FIFTY_GOLD","is_daily":false,"chose_seed":false,"campfire_upgraded":1,"win_rate":0.0,"timestamp":1612791887,"path_taken":["M","?","?","M","?","E","R","E","T","M","E","?","?","?","R","BOSS","M","M","?","$","M","R","?","M","T","E","M","M","E","?","R","BOSS","M","?","$","?","M","R","E","?"],"items_purchased_type":["Card","Card","Relic","Relic","Relic","Card","Card","Card"],"build_version":"2020-12-22","purchased_purges":0,"victory":false,"max_hp_per_floor":[75,75,75,75,75,75,75,75,75,75,75,75,75,75,75,75,75,75,75,75,75,75,75,37,37,37,37,37,37,37,37,37,37,37,37,37,37,37,37,37,37,37,37],"card_choices":[{"not_picked":["Scare","Toxic_Smoke_Screen"],"picked":"Siphon_Strength","floor":1},{"not_picked":["Necromantic_Selection","Negative_Energy_Sphere"],"picked":"Violent_Necrosis","floor":4},{"not_picked":["Negative_Energy_Burst","Blood_Whip"],"picked":"Flesh_Made_Foul","floor":5},{"not_picked":["Acid_Javelin","Negative_Energy_Sphere"],"picked":"Violent_Necrosis","floor":6},{"not_picked":["Toxic_Smoke_Screen","Bone_Prison"],"picked":"Siphon_Strength","floor":8},{"not_picked":["Shade_Step","Toxic_Smoke_Screen"],"picked":"Uncharnel","floor":10},{"not_picked":["Consume_Illness","Negative_Energy_Sphere"],"picked":"Stop_Heart","floor":11},{"not_picked":["HandOfGreed","Panache"],"picked":"Sadistic Nature","floor":12},{"not_picked":["Blind","Discovery"],"picked":"Panache","floor":12},{"not_picked":["hubris:Ssssneak","Panacea"],"picked":"Replay:Dark Deal","floor":12},{"not_picked":["Bone_Spikes","Death_Knell"],"picked":"Bone_Bullets","floor":14},{"not_picked":["Blood_Magic","Hellfire"],"picked":"Grasp_Heart","floor":16},{"not_picked":["Thousand_Bone_Knives","Death_March_Dance","Death_Knell"],"picked":"Necromantic_Selection","floor":18},{"not_picked":["Toxic_Smoke_Screen","Scare","Life_Drain"],"picked":"Negative_Energy_Sphere","floor":19},{"not_picked":["Blood_Whip","Blood_Is_Power","Chill_Blood+1"],"picked":"Spectral_Armor","floor":20},{"not_picked":["Finger_Of_Death","Bone_Armory+1","Toxic_Smoke_Screen+1"],"picked":"Necrotic_Claws+1","floor":22},{"not_picked":["Consume_Illness","Bone_Spikes+1","Negative_Energy_Mist+1"],"picked":"Corrupt+1","floor":25},{"not_picked":["Acid_Javelin","Blood_Whip","Death_Coil"],"picked":"Bone_Armor","floor":27},{"not_picked":["Death_March_Dance","Blood_Whip","Negative_Energy_Javelin+1"],"picked":"Chill_Blood","floor":28},{"not_picked":["Negative_Energy_Javelin","Death_Knell","Grasp_Heart"],"picked":"Corrupt","floor":29},{"not_picked":["Death_March_Dance+1","Bone_Armory+1","Bone_Spikes"],"picked":"Spectral_Walk","floor":30},{"not_picked":["Requiem","Grasp_Heart","Reap_The_Weak"],"picked":"Cloudkill","floor":33},{"not_picked":["Life_Drain","Death_Coil+1","Shackles_Of_Pain+1"],"picked":"Negative_Energy_Mist+1","floor":35},{"not_picked":["Bone_Spikes+1","Negative_Energy_Javelin","Negative_Energy_Shield+1"],"picked":"Epidemic+1","floor":36},{"not_picked":["Bones_to_Steel+1","Bone_Spikes+1","Blood_Curse"],"picked":"Bone_Prison+1","floor":39},{"not_picked":["Thousand_Bone_Knives+1","Blood_Whip","Bone_Shift+1"],"picked":"Negative_Energy_Mist+1","floor":41}],"player_experience":864939,"relics_obtained":[{"floor":6,"key":"hubris:BundleOfHerbs"},{"floor":8,"key":"Bottled Lightning"},{"floor":9,"key":"Replay:Bottled Steam"},{"floor":11,"key":"infinitespire:Broken Mirror"},{"floor":20,"key":"conspire:Flyswatter"},{"floor":26,"key":"Replay:Bottled Flurry"},{"floor":27,"key":"MawBank"},{"floor":30,"key":"infinitespire:WardingShard"},{"floor":31,"key":"Enchiridion"},{"floor":36,"key":"Peace Pipe"},{"floor":41,"key":"Pet Ghost"},{"floor":41,"key":"Bird Faced Urn"}],"event_choices":[{"damage_healed":0,"gold_gain":0,"player_choice":"Success","damage_taken":12,"relics_obtained":["Happy Flower"],"max_hp_gain":0,"max_hp_loss":0,"event_name":"Scrap Ooze","floor":2,"gold_loss":0},{"damage_healed":0,"gold_gain":0,"player_choice":"2 cards matched","damage_taken":0,"max_hp_gain":0,"max_hp_loss":0,"event_name":"Match and Keep!","floor":3,"gold_loss":0,"cards_obtained":["Siphon_Strength","Negative_Energy_Arrows"]},{"damage_healed":0,"gold_gain":0,"player_choice":"Got Potions","damage_taken":0,"max_hp_gain":0,"max_hp_loss":0,"event_name":"Lab","floor":13,"gold_loss":0},{"damage_healed":0,"gold_gain":0,"player_choice":"Became a Ghost","damage_taken":0,"max_hp_gain":0,"max_hp_loss":38,"event_name":"Ghosts","floor":24,"gold_loss":0,"cards_obtained":["Ghostly","Ghostly","Ghostly","Ghostly","Ghostly"]},{"damage_healed":0,"gold_gain":0,"player_choice":"Obtained Book","damage_taken":16,"max_hp_gain":0,"max_hp_loss":0,"event_name":"Cursed Tome","floor":31,"gold_loss":0},{"damage_healed":0,"gold_gain":0,"player_choice":"Fight","damage_taken":0,"max_hp_gain":0,"max_hp_loss":0,"event_name":"MindBloom","floor":36,"gold_loss":0},{"damage_healed":0,"gold_gain":0,"player_choice":"Embrace Madness","damage_taken":5,"max_hp_gain":0,"max_hp_loss":0,"event_name":"Winding Halls","floor":38,"gold_loss":0,"cards_obtained":["Madness","Madness"]}],"is_beta":false,"boss_relics":[{"not_picked":["Kintsugi","Velvet Choker"],"picked":"Honey Jar"},{"not_picked":["ReplayTheSpireMod:DimensionalGlitch","Replay:Drink Me"],"picked":"Black Star"}],"items_purged_floors":[],"is_endless":false,"potions_floor_spawned":[1,10,16,27,29,30,33,35,36,39],"killed_by":"infinitespire:Three Voidlings","ascension_level":1}}