{"host":"rm0ctv8qd8mnbkg1","time":1612784634,"event":{"mods":["BaseMod","BetterRewards","Bossed Relics","Colored Map","DNKmod","Dark Map","Defuse TimeMaze Blight","Downfall","Friendly Minions","Hubris","Infinite Spire","Marisa????????","Minty Spire (QoL Compilation)","MostiFishMod","Permanent Neow","Quarter Circle Forward PUNCH!","RRrroohrrRGHHhhh!!","Rare Cards Sparkle","Relic Sorter","Reliquary","Replay The Spire","RumiaBox-????????","Shade Mod","Shop Mod","Spicy Shops","Spire Arcade","StS++","StSLib","The Poker Player","The Servant 0.9.4","Wandering Minibosses","[IsaacMod]????","??????REMEMod"],"gold_per_floor":[10000,10056,10069,10119,9398,9418,9418,9410,9435,9435,9435,9460,9460,8228,8251,8349,8349,8349,3792,3792,3792,3792,3792,3863,3863,3975,4020,4062,3135,3135,3235,3278,3413,3413,3413,3437,3476,3539,3572,3587,3587,3606,3731,3731,3659,3611,3635,3364,3778,3880,10000,10000,10064,10279,10297,9948,9948,10028,9952,9963,10263,10263,10713,10779,10918,10974,11040,11040,11040],"floor_reached":67,"language":"ENG","playtime":2990,"items_purged":["Writhe","hubris:Gluttony"],"score":1345,"play_id":"8285b4ac-a0f8-4850-975f-bbd24f67bf81","local_time":"20210208114354","is_ascension_mode":false,"campfire_choices":[{"data":"hexamod:Sear","floor":1,"key":"SMITH"},{"data":"hexamod:RainOfEmbers","floor":11,"key":"SMITH"},{"data":"hexamod:Incineration","floor":13,"key":"SMITH"},{"data":"REME_BattleFury","floor":18,"key":"SMITH"},{"data":"OortCloud","floor":30,"key":"SMITH"},{"data":"MostiFishMod:CullingBlade","floor":35,"key":"SMITH"},{"data":"1","floor":44,"key":"LIFT"},{"data":"2","floor":52,"key":"LIFT"},{"data":"3","floor":57,"key":"LIFT"},{"data":"hexamod:PhantomCloak","floor":62,"key":"SMITH"}],"circlet_count":0,"master_deck":["hexamod:Strike","hexamod:Strike","hexamod:Strike","hexamod:Strike","hexamod:Defend","hexamod:Defend","hexamod:Defend","hexamod:Defend","hexamod:Sear+1","hexamod:Float","OortCloud+1","hexamod:RainOfEmbers+1","hexamod:SpectersWail","hexamod:Firestarter","hexamod:RadiantFlame+1","hexamod:Incineration+1","hexamod:FirstSeal","hexamod:FourthSeal","hexamod:RadiantFlame+1","hexamod:SecondSeal","hexamod:ThirdSeal","hexamod:HeatCrush","hexamod:Firestarter+1","hexamod:HeatCrush+1","hexamod:ExtraCrispy","hexamod:SuperheatedStrike+1","hexamod:SpectersWail","REME_BattleFury+1","hexamod:SixthSeal","hexamod:PhantomCloak","hexamod:UnlimitedPower+1","hexamod:TurnItUp+1","hexamod:UnleashSpirits+1","Injury","REME_WheelOfFate+1","Inflame+1","hexamod:EmpoweredFlame+1","Go for the Eyes+1","Thunderclap+1","hexamod:PhantomCloak+1","hexamod:RadiantFlame","hexamod:Toasty+1","Blade Dance+1","MostiFishMod:CullingBlade+1","hexamod:VolcanoVisage+1","hexamod:ExtraCrispy","REME_WheelOfFate+1","hexamod:HeatShield+1","hexamod:HeatShield","hexamod:Rewind","hexamod:PhantomCloak+1","hexamod:Rewind+1","hexamod:GhostOfSpireFuture+1","hexamod:GiftsFromTheDead+1","hexamod:GhostOfSpireFuture+1","hexamod:ChargedBarrage","hexamod:HexaLevel+1","hexamod:ExtraCrispy+1","hexamod:Incineration+1","hexamod:Incineration+1","hexamod:VolcanoVisage+1","hexamod:HexaLevel+1","Guardian:Gem_Cyan","Guardian:VentSteam+1","Guardian:Repulse","hexamod:BurningTouch+1","hexamod:PhantomFireball"],"relics":["HushsDoor","D4","Cracked Core","hubris:GlazedTorus","hubris:Spice","Replay:PocketPolymizer","Thread and Needle","qcfpunch:Fighting_Gloves","CaptainsWheel","MoneyPower","qcfpunch:Lotus_Statue","Mummified Hand","Replay:Towering Pillar of Hats","Peace Pipe","hubris:Zylophone","Unceasing Top","SharpPlug","hubris:Reverence","StSpp:Monolith","reliquary:IridiumChain","GodSword3","MagicDraw4","infinitespire:Eraser","Eternal Feather","REME_ArchaeologicalTools","StrikeDummy","DeathBook","qcfpunch:Wild_Herbs_Ointment","reliquary:RoseTintedGlasses","qcfpunch:Army_Boots","Orichalcum","SSSystem","Omamori","Juzu Bracelet","reliquary:Boomerang","qcfpunch:Red_Headband","BelialBook","Honey Jar","hubris:CrackedHourglass","REME_CardOfGreed","Chemical X","Toolbox","Technique","NineLifeCat","MomsKnife","MyShadow","Succubus","White Beast Statue"],"acts_visited":["Exordium","TheCity","TheBeyond","Exordium"],"potions_floor_usage":[],"damage_taken":[{"damage":0,"enemies":"3 Sentries","floor":2,"turns":4},{"damage":0,"enemies":"Small Slimes","floor":3,"turns":2},{"damage":8,"enemies":"Hiden Room Battle","floor":4,"turns":3},{"damage":0,"enemies":"downfall:FleeingMerchant","floor":5,"turns":4},{"damage":0,"enemies":"Jaw Worm","floor":6,"turns":2},{"damage":0,"enemies":"Cultist","floor":9,"turns":3},{"damage":0,"enemies":"Red Slaver","floor":12,"turns":3},{"damage":0,"enemies":"downfall:FleeingMerchant","floor":14,"turns":4},{"damage":0,"enemies":"Large Slime","floor":15,"turns":2},{"damage":0,"enemies":"WA_ARCHETYPE_RETAIN","floor":16,"turns":2},{"damage":0,"enemies":"Nightmare","floor":26,"turns":1},{"damage":0,"enemies":"Spheric Guardian","floor":27,"turns":1},{"damage":0,"enemies":"3 Byrds","floor":28,"turns":1},{"damage":0,"enemies":"Centurion and Healer","floor":32,"turns":1},{"damage":0,"enemies":"IC_MUSHROOM_ARCHETYPE","floor":33,"turns":1},{"damage":0,"enemies":"3 Shapes","floor":36,"turns":1},{"damage":0,"enemies":"Orb Walker","floor":37,"turns":1},{"damage":0,"enemies":"2 Orb Walkers","floor":38,"turns":1},{"damage":0,"enemies":"Transient","floor":39,"turns":2},{"damage":0,"enemies":"3 Darklings","floor":40,"turns":2},{"damage":0,"enemies":"Sphere and 2 Shapes","floor":42,"turns":1},{"damage":0,"enemies":"R_Hoarder","floor":43,"turns":2},{"damage":0,"enemies":"Jaw Worm Horde","floor":47,"turns":2},{"damage":0,"enemies":"Spire Growth","floor":49,"turns":4},{"damage":0,"enemies":"SI_POISON_ARCHETYPE","floor":50,"turns":2},{"damage":0,"enemies":"Small Slimes","floor":53,"turns":2},{"damage":0,"enemies":"Lagavulin","floor":54,"turns":1},{"damage":0,"enemies":"Jaw Worm","floor":55,"turns":1},{"damage":0,"enemies":"2 Louse","floor":60,"turns":1},{"damage":0,"enemies":"Large Slime","floor":63,"turns":2},{"damage":0,"enemies":"Gremlin Nob","floor":64,"turns":1},{"damage":0,"enemies":"downfall:LadyInBlue","floor":65,"turns":1},{"damage":0,"enemies":"Lots of Slimes","floor":66,"turns":1},{"damage":0,"enemies":"Delirium","floor":67,"turns":2}],"seed_played":"-1072781081358188831","potions_obtained":[{"floor":3,"key":"SteroidPotion"},{"floor":4,"key":"Fire Potion"},{"floor":6,"key":"Energy Potion"},{"floor":9,"key":"DistilledChaos"},{"floor":26,"key":"DuplicationPotion"},{"floor":38,"key":"StSpp:ScatteredWeakPotion"},{"floor":63,"key":"Block Potion"},{"floor":65,"key":"DistilledChaos"},{"floor":65,"key":"Death Potion"},{"floor":65,"key":"LifebloodPotion"},{"floor":65,"key":"EssenceOfSteel"},{"floor":65,"key":"SteroidPotion"},{"floor":66,"key":"Toxic Potion"}],"is_trial":false,"path_per_floor":["R","?","M","?","$","M","T","?","M","?","R","M","R","$","M","B",null,"R","$","?","?","?","?","T","AVR","NM","M","M","$","R","?","M","B",null,"R","M","M","?","M","M","T","M","E","R","$","$","M","$","M","B",null,"R","M","E","M","$","R","T","$","M","?","R","M","E","?","M","B"],"character_chosen":"THE_SPIRIT","items_purchased":["hexamod:RadiantFlame","hexamod:Incineration","hexamod:FirstSeal","hexamod:FourthSeal","hexamod:RadiantFlame","Shuriken","Quantum Egg","hexamod:ExtraCrispy","Sling","hexamod:SuperheatedStrike","hexamod:SpectersWail","BirthdayGift-Icosahedron","REME_BattleFury","Anchor","reliquary:PurpleTingedLeaf","qcfpunch:Fighting_Gloves","hexamod:PhantomCloak","hexamod:UnlimitedPower","hexamod:TurnItUp","hexamod:UnleashSpirits","Singing Bowl","PreservedInsect","Whetstone","hexamod:InflammatoryLetter","Eternal Feather","rorgmod:The Boot","hubris:SphereOfDissonance","ReplayFunnel","reliquary:JackalopeAntler","Juzu Bracelet","Happy Flower","Gremlin Horn","Frozen Eye","reliquary:TuningFork","REME_ArchaeologicalTools","Du-Vu Doll","GodSword5","Habit","Pen Nib","reliquary:Knoch","Gremlin Food","infinitespire:Lychee Nut","MealTicket","ZombieArmy","sneckomod:BlankCard","Vajra","hubris:BundleOfHerbs","Bag of Preparation","Chameleon Ring","Durian","REME_WheelOfFate","StSpp:GiftCard","StrikeDummy","GodSword3","Thread and Needle","qcfpunch:Chain_With_Nametags","hexamod:RadiantFlame","JudasShadow","GuppysCollar","FairyPotion","Guardian:PocketSentry","infinitespire:WardingShard","ReplayTheSpireMod:CursedCoin","hexamod:Incineration+1","FossilizedHelix","hubris:DisguiseKit","MegaBlast","rorgmod:The Boot","Toxic Egg 2","Strange Spoon","Guide Book","SteamSale","Pondfish Scales","Guardian:BottledAnomaly","reliquary:RosewoodLute"],"campfire_rested":0,"item_purchase_floors":[5,5,5,5,5,5,5,14,14,14,14,14,14,14,14,14,17,17,17,17,19,19,19,19,19,19,19,19,19,19,19,19,19,19,19,19,19,19,19,19,19,19,19,19,19,19,19,19,19,19,19,29,29,29,29,29,29,34,34,34,45,46,46,46,48,48,51,56,56,56,56,59,59,59,59],"current_hp_per_floor":[1000,1000,1000,992,992,999,999,999,999,999,999,999,999,1000,1000,1000,985,985,743,727,730,733,736,736,736,745,747,747,747,747,747,749,749,726,726,730,734,738,741,744,744,747,750,750,750,753,756,756,756,759,1000,1000,1003,1006,1009,1009,1009,1009,1009,1012,1012,1012,193,193,193,185,0,0,0],"gold":11040,"neow_bonus":"RANDOM_COMMON_RELIC","is_daily":false,"chose_seed":false,"campfire_upgraded":7,"win_rate":0.0,"timestamp":1612784634,"path_taken":["R","?","M","?","$","?","T","?","?","?","R","M","R","$","M","BOSS","R","$","?","?","?","?","T","AVR","NM","M","M","?","R","?","M","BOSS","R","M","M","?","M","M","T","M","E","R","?","$","M","$","M","BOSS","R","M","?","M","?","R","T","$","M","?","R","M","E","?","M","BOSS"],"items_purchased_type":["Card","Card","Card","Card","Card","Relic","Relic","Card","Relic","Card","Card","Relic","Card","Relic","Relic","Relic","Card","Card","Card","Card","Relic","Relic","Relic","Relic","Relic","Relic","Relic","Relic","Relic","Relic","Relic","Relic","Relic","Relic","Relic","Relic","Relic","Relic","Relic","Relic","Relic","Relic","Relic","Relic","Relic","Relic","Relic","Relic","Relic","Relic","Card","Relic","Relic","Relic","Relic","Relic","Card","Relic","Relic","Potion","Relic","Relic","Relic","Card","Relic","Relic","Relic","Relic","Relic","Relic","Relic","Relic","Relic","Relic","Relic"],"build_version":"2020-12-22","purchased_purges":2,"victory":false,"max_hp_per_floor":[1000,1000,1000,1000,1000,1000,1000,1000,1000,1000,1000,1000,1000,1000,1000,1000,985,985,743,743,743,743,743,743,743,745,747,747,747,747,747,749,749,726,726,730,734,738,741,744,744,747,750,750,750,753,756,756,756,759,1000,1000,1003,1006,1009,1009,1009,1009,1009,1012,1012,1012,193,193,193,185,185,185,185],"card_choices":[{"not_picked":[],"picked":"ChaosCard","floor":0},{"not_picked":["hexamod:DynamicBlow","hexamod:AdvancingGuard"],"picked":"hexamod:RainOfEmbers","floor":2},{"not_picked":["hexamod:GhostShield","hexamod:HauntingEcho"],"picked":"Bomb","floor":3},{"not_picked":["hexamod:SwordOfDarkness","hexamod:Firestarter"],"picked":"hexamod:SpectersWail","floor":4},{"not_picked":["Bomb","hexamod:InspiringFlames"],"picked":"hexamod:Firestarter","floor":5},{"not_picked":["hexamod:ApocalypseNow","hexamod:ThermalTransfer"],"picked":"hexamod:Hexaguard","floor":6},{"not_picked":["hexamod:ShieldOfDarkness","hexamod:SpectralAdrenaline"],"picked":"hexamod:HeatCrush","floor":9},{"not_picked":["hexamod:FastForward","hexamod:Hexaguard"],"picked":"Bomb","floor":12},{"not_picked":["hexamod:NightmareGuise","hexamod:Haunt","hexamod:ThirdSeal"],"picked":"SKIP","floor":12},{"not_picked":["hexamod:NecessarySacrifice","hexamod:BacktrackSmack"],"picked":"hexamod:Firestarter","floor":14},{"not_picked":["hexamod:ShieldOfDarkness","hexamod:RetreatToShadows"],"picked":"hexamod:HeatCrush","floor":14},{"not_picked":["hexamod:NightmareStrike","hexamod:DynamicBlow"],"picked":"Bomb","floor":15},{"not_picked":["hexamod:GhostOfSpirePast","hexamod:GhostShield"],"picked":"Bomb","floor":15},{"not_picked":["hexamod:ApocalypticArmor","hexamod:ApocalypseNow"],"picked":"hexamod:SixthSeal","floor":16},{"not_picked":["Twin Strike+1","hubris:ReadiedAction"],"picked":"Inflame","floor":26},{"not_picked":["hexamod:RainOfEmbers","hexamod:AdvancingGuard+1"],"picked":"hexamod:EmpoweredFlame+1","floor":26},{"not_picked":["hexamod:ShieldOfDarkness","hexamod:GhostflameBarrier+1","hexamod:DynamicBlow+1"],"picked":"Singing Bowl","floor":26},{"not_picked":["Leap","Gash"],"picked":"Go for the Eyes","floor":27},{"not_picked":["hexamod:NightmareStrike","hexamod:SearingWound","hexamod:ThirdSeal"],"picked":"Singing Bowl","floor":27},{"not_picked":["Warcry","Rage"],"picked":"Thunderclap","floor":28},{"not_picked":["hexamod:FourthSeal","hexamod:FlamesFromBeyond+1"],"picked":"hexamod:PhantomCloak+1","floor":28},{"not_picked":["hexamod:RetreatToShadows","hexamod:InspiringFlames","hexamod:FastForward+1"],"picked":"Singing Bowl","floor":32},{"not_picked":["hexamod:Hexaguard+1","hexamod:SpectralAdrenaline+1"],"picked":"hexamod:Toasty","floor":32},{"not_picked":["Sneak Up","hubris:SlightOfHand+1"],"picked":"Blade Dance","floor":32},{"not_picked":["StSpp:IntoTheAbyss","MostiFishMod:DoubleSword"],"picked":"MostiFishMod:CullingBlade","floor":33},{"not_picked":["hexamod:Toasty","hexamod:ForkedFlame"],"picked":"hexamod:VolcanoVisage","floor":33},{"not_picked":["hexamod:PowerFromBeyond+1","hexamod:NightmareStrike+1","hexamod:ThirdSeal"],"picked":"Singing Bowl","floor":36},{"not_picked":["hexamod:Hexaguard","hexamod:DynamicBlow+1","hexamod:HeatShield"],"picked":"Singing Bowl","floor":36},{"not_picked":["hexamod:GhostflameBarrier","hexamod:ShieldOfDarkness","hexamod:GhostOfSpirePast+1"],"picked":"Singing Bowl","floor":37},{"not_picked":["hexamod:SpectralSpark","hexamod:NightmareGuise","hexamod:ShieldOfDarkness"],"picked":"Singing Bowl","floor":37},{"not_picked":["hexamod:BurningTouch","hexamod:ShieldOfDarkness+1","hexamod:NightmareStrike+1"],"picked":"Singing Bowl","floor":38},{"not_picked":["hexamod:Firestarter+1","hexamod:SpectralAdrenaline","hexamod:DynamicBlow"],"picked":"Singing Bowl","floor":38},{"not_picked":["hexamod:BurningTouch+1","hexamod:ApocalypticArmor"],"picked":"hexamod:ExtraCrispy","floor":38},{"not_picked":["hexamod:GhostOfSpireFuture+1","hexamod:InspiringFlames"],"picked":"hexamod:HeatShield+1","floor":39},{"not_picked":["hexamod:SwordOfDarkness+1","hexamod:SkipABeat+1"],"picked":"hexamod:HeatShield","floor":39},{"not_picked":["hexamod:ShieldOfDarkness","hexamod:PowerFromBeyond"],"picked":"hexamod:Rewind","floor":39},{"not_picked":["hexamod:ShieldOfDarkness+1","hexamod:RainOfEmbers+1"],"picked":"hexamod:PhantomCloak","floor":39},{"not_picked":["hexamod:GhostLash+1","hexamod:SkipABeat"],"picked":"hexamod:Rewind+1","floor":39},{"not_picked":["hexamod:NightmareStrike+1","hexamod:FastForward"],"picked":"hexamod:GhostOfSpireFuture+1","floor":39},{"not_picked":["hexamod:Rewind+1","hexamod:GhostLash+1","hexamod:SkipABeat"],"picked":"SKIP","floor":39},{"not_picked":["hexamod:HeatShield+1","hexamod:GhostOfSpireFuture+1","hexamod:InspiringFlames"],"picked":"SKIP","floor":39},{"not_picked":["hexamod:NightmareStrike+1","hexamod:GhostOfSpireFuture+1","hexamod:FastForward"],"picked":"SKIP","floor":39},{"not_picked":["hexamod:SwordOfDarkness+1","hexamod:HeatShield","hexamod:SkipABeat+1"],"picked":"SKIP","floor":39},{"not_picked":["hexamod:PhantomFireball+1","hexamod:HauntingEcho+1","hexamod:ChargedBarrage+1","hexamod:GhostLash+1","hexamod:Firestarter+1"],"picked":"SKIP","floor":39},{"not_picked":["hexamod:GiftsFromTheDead","hexamod:BacktrackSmack+1","hexamod:RainOfEmbers+1","hexamod:FourthSeal","hexamod:FastForward"],"picked":"SKIP","floor":39},{"not_picked":["hexamod:NightmareStrike+1","hexamod:FlamesFromBeyond+1","hexamod:InspiringFlames","hexamod:StepThrough+1","hexamod:SwordOfDarkness+1"],"picked":"SKIP","floor":39},{"not_picked":["hexamod:BacktrackSmack+1","hexamod:RainOfEmbers+1","hexamod:FourthSeal","hexamod:FastForward"],"picked":"hexamod:GiftsFromTheDead","floor":39},{"not_picked":["hexamod:Rewind+1","hexamod:GhostLash+1","hexamod:SkipABeat"],"picked":"SKIP","floor":39},{"not_picked":["hexamod:HeatShield+1","hexamod:GhostOfSpireFuture+1","hexamod:InspiringFlames"],"picked":"SKIP","floor":39},{"not_picked":["hexamod:NightmareStrike+1","hexamod:GhostOfSpireFuture+1","hexamod:FastForward"],"picked":"SKIP","floor":39},{"not_picked":["hexamod:SwordOfDarkness+1","hexamod:HeatShield","hexamod:SkipABeat+1"],"picked":"SKIP","floor":39},{"not_picked":["hexamod:PhantomFireball+1","hexamod:HauntingEcho+1","hexamod:ChargedBarrage+1","hexamod:GhostLash+1","hexamod:Firestarter+1"],"picked":"SKIP","floor":39},{"not_picked":["hexamod:NightmareStrike+1","hexamod:FlamesFromBeyond+1","hexamod:InspiringFlames","hexamod:StepThrough+1","hexamod:SwordOfDarkness+1"],"picked":"SKIP","floor":39},{"not_picked":["hexamod:HeatMetal+1","hexamod:GhostLash+1","hexamod:HauntingEcho+1","hexamod:ShieldOfDarkness+1"],"picked":"hexamod:GhostOfSpireFuture","floor":40},{"not_picked":["hexamod:Firestarter+1","hexamod:SpectralAdrenaline","hexamod:InspiringFlames+1","hexamod:SuperheatedStrike+1"],"picked":"hexamod:ChargedBarrage","floor":40},{"not_picked":["hexamod:FourthSeal","hexamod:SuperheatedStrike+1","hexamod:AdvancingGuard","hexamod:SkipABeat+1"],"picked":"hexamod:HexaLevel","floor":42},{"not_picked":["hexamod:GhostShield+1","hexamod:SuperheatedStrike+1","hexamod:SpectersWail+1","hexamod:Hexaguard+1"],"picked":"hexamod:ExtraCrispy+1","floor":42},{"not_picked":["hexamod:RadiantFlame+1","hexamod:DynamicBlow+1","hexamod:BacktrackSmack+1","hexamod:GhostOfSpirePast+1"],"picked":"hexamod:Incineration+1","floor":43},{"not_picked":["hexamod:FastForward+1","hexamod:EtherealExpedition+1","hexamod:FlamesFromBeyond","hexamod:InspiringFlames"],"picked":"hexamod:VolcanoVisage","floor":47},{"not_picked":["hexamod:PhantomCloak+1","hexamod:HeatMetal+1","hexamod:GhostOfSpireFuture","hexamod:ChargedBarrage+1","hexamod:NightmareGuise"],"picked":"SKIP","floor":47},{"not_picked":["hexamod:SoulSteal+1","hexamod:GhostflameBarrier","hexamod:GhostOfSpireFuture+1","hexamod:NightmareGuise","hexamod:FastForward","Guardian:Reroute"],"picked":"SKIP","floor":49},{"not_picked":["hexamod:PhantomFireball+1","hexamod:ShieldOfDarkness+1","hexamod:AdvancingGuard","hexamod:CatchUp","hexamod:FlamesFromBeyond","Guardian:Gem_Yellow"],"picked":"SKIP","floor":49},{"not_picked":["hexamod:SixthSeal","hexamod:UnlimitedPower","hexamod:UnleashSpirits+1","hexamod:GiftsFromTheDead","Guardian:GatlingBeam"],"picked":"hexamod:HexaLevel","floor":50},{"not_picked":["hexamod:FastForward","hexamod:NightmareStrike+1","hexamod:GhostOfSpireFuture","hexamod:SuperheatedStrike+1","hexamod:BurningTouch"],"picked":"Guardian:Gem_Cyan","floor":53},{"not_picked":["hexamod:HeatCrush+1","hexamod:ShieldOfDarkness","hexamod:FastForward","hexamod:CatchUp","hexamod:ThirdSeal"],"picked":"Guardian:Gem_Green","floor":53},{"not_picked":["hexamod:UnlimitedPower","hexamod:Hexaguard","hexamod:ChargedBarrage","hexamod:SecondSeal","hexamod:SwordOfDarkness+1"],"picked":"Guardian:Gem_Red","floor":54},{"not_picked":["hexamod:StepThrough+1","hexamod:Hexaguard","hexamod:HeatShield","hexamod:GhostOfSpireFuture","hexamod:FastForward"],"picked":"Guardian:VentSteam","floor":55},{"not_picked":["hexamod:Hexaguard","hexamod:GhostOfSpirePast","hexamod:HeatMetal+1","hexamod:PhantomCloak","hexamod:AdvancingGuard","Guardian:FuturePlans"],"picked":"SKIP","floor":55},{"not_picked":["hexamod:NightmareGuise+1","hexamod:HauntingEcho+1","hexamod:StepThrough+1","hexamod:SpectersWail+1","hexamod:BurningTouch+1"],"picked":"Guardian:Repulse","floor":60},{"not_picked":["hexamod:FlamesFromBeyond+1","hexamod:StepThrough+1","hexamod:RecurringNightmare+1","hexamod:SkipABeat+1","Guardian:RevengeProtocol"],"picked":"hexamod:BurningTouch+1","floor":60},{"not_picked":["hexamod:GhostLash","hexamod:AdvancingGuard","hexamod:NightmareGuise"],"picked":"hubris:SpiceAddiction","floor":63},{"not_picked":["hexamod:ThermalTransfer","hexamod:HeatMetal","hexamod:NightmareStrike"],"picked":"hubris:SpiceAddiction","floor":64},{"not_picked":["hexamod:InspiringFlames","hexamod:TimeOfNeed","hexamod:GhostLash"],"picked":"hexamod:PhantomFireball","floor":65},{"not_picked":["hexamod:HeatShield","hubris:SpiceAddiction","hexamod:BurningTouch"],"picked":"hubris:SpiceAddiction","floor":66}],"player_experience":290273,"relics_obtained":[{"floor":4,"key":"Art of War"},{"floor":4,"key":"hubris:BottledRain"},{"floor":7,"key":"infinitespire:Eraser"},{"floor":20,"key":"Enchiridion"},{"floor":24,"key":"qcfpunch:School_Backpack"},{"floor":26,"key":"infinitespire:Midas Blood"},{"floor":38,"key":"D4"},{"floor":41,"key":"Meat on the Bone"},{"floor":43,"key":"reliquary:TatteredRug"},{"floor":49,"key":"wanderingMiniBosses:LockLocket"},{"floor":58,"key":"reliquary:BallBearing"},{"floor":65,"key":"White Beast Statue"}],"event_choices":[{"damage_healed":0,"gold_gain":0,"player_choice":"Fight","damage_taken":0,"max_hp_gain":0,"max_hp_loss":0,"event_name":"HidenRoomEvent","floor":4,"gold_loss":0},{"damage_healed":0,"gold_gain":0,"player_choice":"Fight","damage_taken":0,"max_hp_gain":0,"max_hp_loss":0,"event_name":"Mysterious Sphere","floor":38,"gold_loss":0}],"is_beta":false,"boss_relics":[{"not_picked":["Runic Dome","REME_DuelDisc"],"picked":"rorgmod:Black Star"},{"not_picked":[]},{"not_picked":["SlaversCollar","qcfpunch:Crimson_Sash"],"picked":"MagicMushroom"},{"not_picked":[]},{"not_picked":["NightmareShop","Snecko Eye"],"picked":"Astrolabe"},{"not_picked":[]}],"items_purged_floors":[14,46],"is_endless":true,"potions_floor_spawned":[3,4,12,16,28,32,33,36,38,49,50,55,63,65,66],"killed_by":"Delirium","ascension_level":0}}