{"host":"h9q6eax775d7taki","time":1612813286,"event":{"mods":["Act Like it!","Aspiration","BaseMod","Colored Map","Colored Powertips","Conspire","Energized Spire","GifTheSpireLib","Halation","Hallownest","Hubris","Minty Spire (QoL Compilation)","Replay The Spire","Spikes Relics","StS++","StSLib","Stuff the Spire","The Bug Knight"],"gold_per_floor":[360,360,380,391,7,41,41,51,74,74,104,54,80,92,92,187,187,170,189,89,89,107,140,140,140,140],"floor_reached":25,"language":"ENG","playtime":1346,"items_purged":["Strike_B","Strike_B"],"score":312,"play_id":"b9696477-f939-4e1e-90a4-bc2671a9286b","local_time":"20210208204126","is_ascension_mode":true,"campfire_choices":[{"floor":7.0,"key":"REST"},{"floor":15.0,"key":"REST"},{"data":"Defend_B","floor":24.0,"key":"PURGE"}],"circlet_count":0,"master_deck":["Defend_B","Defend_B","Defend_B","Zap","Dualcast","Cold Snap","Melter","Defragment","Cold Snap","BootSequence","Core Surge","Conserve Battery","Blizzard","Machine Learning"],"relics":["Cracked Core","Peace Pipe","Regal Pillow","Ancient Tea Set","White Beast Statue","Lantern","SacredBark","Vajra"],"acts_visited":[],"potions_floor_usage":[],"damage_taken":[{"damage":1.0,"enemies":"Cultist","floor":1.0,"turns":3.0},{"damage":7.0,"enemies":"Jaw Worm","floor":3.0,"turns":3.0},{"damage":0.0,"enemies":"2 Louse","floor":4.0,"turns":1.0},{"damage":48.0,"enemies":"Gremlin Nob","floor":6.0,"turns":5.0},{"damage":3.0,"enemies":"Large Slime","floor":8.0,"turns":6.0},{"damage":23.0,"enemies":"3 Sentries","floor":13.0,"turns":8.0},{"damage":1.0,"enemies":"3 Louse","floor":14.0,"turns":4.0},{"damage":13.0,"enemies":"The Guardian","floor":16.0,"turns":15.0},{"damage":2.0,"enemies":"2 Thieves","floor":18.0,"turns":4.0},{"damage":1.0,"enemies":"Shell Parasite","floor":19.0,"turns":4.0},{"damage":21.0,"enemies":"Shelled Parasite and Fungi","floor":22.0,"turns":10.0},{"damage":29.0,"enemies":"Slavers","floor":23.0,"turns":6.0},{"damage":0,"enemies":"Gremlin Leader","floor":25,"turns":1}],"seed_played":"-608000327296321779","potions_obtained":[{"floor":1.0,"key":"GamblersBrew"},{"floor":4.0,"key":"Energy Potion"},{"floor":13.0,"key":"Block Potion"},{"floor":14.0,"key":"Fruit Juice"},{"floor":16.0,"key":"Regen Potion"},{"floor":18.0,"key":"FearPotion"},{"floor":19.0,"key":"FocusPotion"},{"floor":22.0,"key":"PotionOfCapacity"},{"floor":23.0,"key":"LiquidMemories"}],"is_trial":false,"path_per_floor":["M","?","M","M","$","E","R","M","T","T","?","?","E","M","R","B",null,"M","M","$","?","M","E","R","E"],"character_chosen":"DEFECT","items_purchased":["Peace Pipe"],"campfire_rested":2,"item_purchase_floors":[5],"current_hp_per_floor":[67,60,53,53,53,5,40,37,37,37,37,37,14,18,54,41,65,63,62,62,62,73,44,44,44,44],"gold":140,"neow_bonus":"TWO_FIFTY_GOLD","is_daily":false,"chose_seed":false,"campfire_upgraded":0,"win_rate":0.0,"timestamp":1612813286,"path_taken":["M","?","M","M","$","E","R","M","T","?","?","?","E","M","R","BOSS","M","M","$","?","M","E","R","E"],"items_purchased_type":["Relic"],"build_version":"2020-12-22","purchased_purges":2,"victory":false,"max_hp_per_floor":[68,68,68,68,68,68,68,68,68,68,68,68,68,73,73,73,73,73,73,73,73,73,73,73,73,73],"card_choices":[{"not_picked":["Reprogram","Undo"],"picked":"Cold Snap","floor":1.0},{"not_picked":["Beam Cell","Go for the Eyes"],"picked":"Melter","floor":3.0},{"not_picked":["Chaos","Steam"],"picked":"Defragment","floor":4.0},{"not_picked":["White Noise","Go for the Eyes"],"picked":"Cold Snap","floor":6.0},{"not_picked":["Gash","Compile Driver","Go for the Eyes"],"picked":"SKIP","floor":8.0},{"not_picked":["Biased Cognition","Leap"],"picked":"BootSequence","floor":13.0},{"not_picked":["Chaos","Steam","Barrage"],"picked":"SKIP","floor":14.0},{"not_picked":["Buffer","Fission"],"picked":"Core Surge","floor":16.0},{"not_picked":["Reprogram","Leap+1"],"picked":"Conserve Battery","floor":18.0},{"not_picked":["Cold Snap+1","Hologram","Auto Shields"],"picked":"SKIP","floor":19.0},{"not_picked":["Tempest","Beam Cell","Aggregate"],"picked":"SKIP","floor":22.0},{"not_picked":["Rip and Tear","BootSequence"],"picked":"Machine Learning","floor":23.0}],"player_experience":506487,"relics_obtained":[{"floor":6.0,"key":"Regal Pillow"},{"floor":9.0,"key":"Ancient Tea Set"},{"floor":10.0,"key":"White Beast Statue"},{"floor":13.0,"key":"Lantern"},{"floor":23.0,"key":"Vajra"}],"event_choices":[{"cards_removed":["Strike_B"],"damage_healed":0.0,"max_hp_gain":0.0,"max_hp_loss":0.0,"gold_gain":0.0,"event_name":"Golden Wing","player_choice":"Card Removal","floor":2.0,"gold_loss":0.0,"damage_taken":7.0},{"damage_healed":0.0,"max_hp_gain":0.0,"max_hp_loss":0.0,"gold_gain":30.0,"event_name":"Dead Adventurer","player_choice":"Searched \u00272\u0027 times","floor":11.0,"gold_loss":0.0,"damage_taken":0.0},{"cards_removed":["Strike_B"],"damage_healed":0.0,"max_hp_gain":0.0,"max_hp_loss":0.0,"gold_gain":0.0,"event_name":"The Cleric","player_choice":"Card Removal","floor":12.0,"gold_loss":50.0,"damage_taken":0.0},{"damage_healed":0.0,"max_hp_gain":0.0,"max_hp_loss":0.0,"gold_gain":0.0,"event_name":"The Library","player_choice":"Read","floor":21.0,"gold_loss":0.0,"damage_taken":0.0,"cards_obtained":["Blizzard"]}],"is_beta":false,"boss_relics":[{"not_picked":["SlaversCollar","Cursed Key"],"picked":"SacredBark"}],"items_purged_floors":[5,20],"is_endless":false,"potions_floor_spawned":[1,4,13,14,16,18,19,22,23],"killed_by":"Gremlin Leader","ascension_level":7}}