{"host":"8lno9xwgef3sjccz","time":1612803847,"event":{"mods":["AchievementEnabler","BaseMod","Minty Spire (QoL Compilation)","Relic Stats"],"gold_per_floor":[118,88,102,114,124,157,167,199,222,249,294,323,352,384,396,508,520,550,3,20,20,39,71,71,71,71],"floor_reached":25,"language":"ENG","playtime":1296,"items_purged":[],"score":288,"play_id":"f76d08b3-6f37-48f0-924a-f84dd5010092","local_time":"20210208120407","is_ascension_mode":true,"campfire_choices":[{"floor":15,"key":"REST"},{"floor":24,"key":"REST"}],"circlet_count":0,"master_deck":["Bash","Rampage","Combust","Carnage","Rupture","Cleave","Rupture","Uppercut","Anger","Limit Break","Carnage","Shrug It Off","Shrug It Off","Body Slam","Immolate","Blood for Blood","Sword Boomerang","Evolve","Entrench","Fire Breathing","Reaper"],"relics":["Burning Blood","Ancient Tea Set","Bronze Scales","MawBank","PreservedInsect","Pandora\u0027s Box","MealTicket","Tiny Chest","Toolbox","Toy Ornithopter"],"acts_visited":["Exordium","TheCity"],"potions_floor_usage":[5,6,8,11,13,13,13,13,13,14,16,20,20,22],"damage_taken":[{"damage":7,"enemies":"Small Slimes","floor":1,"turns":4},{"damage":5,"enemies":"Cultist","floor":3,"turns":4},{"damage":11,"enemies":"2 Louse","floor":4,"turns":3},{"damage":11,"enemies":"Red Slaver","floor":5,"turns":4},{"damage":21,"enemies":"Lagavulin","floor":6,"turns":6},{"damage":8,"enemies":"3 Louse","floor":7,"turns":3},{"damage":30,"enemies":"Gremlin Nob","floor":8,"turns":4},{"damage":8,"enemies":"Exordium Wildlife","floor":10,"turns":3},{"damage":21,"enemies":"3 Sentries","floor":11,"turns":5},{"damage":11,"enemies":"Large Slime","floor":12,"turns":4},{"damage":0,"enemies":"Lots of Slimes","floor":13,"turns":1},{"damage":1,"enemies":"3 Louse","floor":14,"turns":4},{"damage":29,"enemies":"Slime Boss","floor":16,"turns":7},{"damage":23,"enemies":"Chosen","floor":18,"turns":5},{"damage":28,"enemies":"3 Byrds","floor":20,"turns":4},{"damage":42,"enemies":"Sentry and Sphere","floor":22,"turns":5},{"damage":5,"enemies":"Gremlin Leader","floor":23,"turns":6},{"damage":48,"enemies":"Slavers","floor":25,"turns":3}],"seed_played":"-4131477611653673282","potions_obtained":[{"floor":2,"key":"LiquidMemories"},{"floor":2,"key":"SkillPotion"},{"floor":3,"key":"FearPotion"},{"floor":4,"key":"BlessingOfTheForge"},{"floor":6,"key":"Strength Potion"},{"floor":8,"key":"Swift Potion"},{"floor":10,"key":"Swift Potion"},{"floor":11,"key":"EntropicBrew"},{"floor":14,"key":"Ancient Potion"},{"floor":18,"key":"Swift Potion"},{"floor":20,"key":"PowerPotion"}],"is_trial":false,"path_per_floor":["M","?","M","M","M","E","M","E","T","M","E","M","M","M","R","B",null,"M","$","M","?","M","E","R","E"],"character_chosen":"IRONCLAD","items_purchased":["Fire Breathing","MealTicket","Tiny Chest","Toolbox","Regen Potion"],"campfire_rested":2,"item_purchase_floors":[19,19,19,19,19],"current_hp_per_floor":[87,87,88,83,78,63,61,37,37,35,20,15,21,26,52,29,88,71,71,61,53,17,18,44,0,0],"gold":71,"neow_bonus":"TEN_PERCENT_HP_BONUS","is_daily":false,"chose_seed":false,"campfire_upgraded":0,"win_rate":0.0,"timestamp":1612803847,"path_taken":["M","?","M","M","M","E","M","E","T","M","E","M","M","M","R","BOSS","M","$","?","?","?","E","R","E"],"items_purchased_type":["Card","Relic","Relic","Relic","Potion"],"build_version":"2020-12-22","purchased_purges":0,"victory":false,"max_hp_per_floor":[88,88,88,88,88,88,88,88,88,88,88,88,88,88,88,88,88,88,88,88,88,88,88,88,88,88],"relic_stats":{"counters":[18,75],"Bronze Scales":[83],"Pandora\u0027s Box":["Carnage","Shrug It Off","Shrug It Off","Body Slam","Immolate","Blood for Blood","Sword Boomerang","Evolve","Entrench"],"MealTicket":0,"Tiny Chest":0,"PreservedInsect":88,"MawBank":120,"obtain_stats":[{"Bronze Scales":8,"Toolbox":19,"Pandora\u0027s Box":17,"MealTicket":19,"Tiny Chest":19,"PreservedInsect":11,"Ancient Tea Set":6,"MawBank":9,"Burning Blood":0,"Toy Ornithopter":23},{"Bronze Scales":7,"Toolbox":14,"Pandora\u0027s Box":13,"MealTicket":14,"Tiny Chest":14,"PreservedInsect":9,"Ancient Tea Set":5,"MawBank":7,"Burning Blood":0,"Toy Ornithopter":17},{"Bronze Scales":28,"Toolbox":57,"Pandora\u0027s Box":52,"MealTicket":57,"Tiny Chest":57,"PreservedInsect":36,"Ancient Tea Set":21,"MawBank":28,"Burning Blood":0,"Toy Ornithopter":72}],"Burning Blood":102,"Toy Ornithopter":0},"card_choices":[{"not_picked":["Wild Strike","Twin Strike"],"picked":"Rampage","floor":1},{"not_picked":["Wild Strike","Power Through"],"picked":"Combust","floor":3},{"not_picked":["Twin Strike","Ghostly Armor"],"picked":"Carnage","floor":4},{"not_picked":["Warcry","Dropkick"],"picked":"Rupture","floor":5},{"not_picked":["Sword Boomerang","Fiend Fire"],"picked":"Cleave","floor":6},{"not_picked":["Clothesline","Perfected Strike"],"picked":"Rupture","floor":7},{"not_picked":["Intimidate","Body Slam"],"picked":"Uppercut","floor":8},{"not_picked":["Havoc","Wild Strike","Rampage"],"picked":"SKIP","floor":10},{"not_picked":["Armaments","Intimidate"],"picked":"Anger","floor":11},{"not_picked":["Clash","Body Slam","Disarm"],"picked":"SKIP","floor":12},{"not_picked":["Perfected Strike","Iron Wave","Havoc"],"picked":"SKIP","floor":13},{"not_picked":["Uppercut","Shrug It Off","Shockwave"],"picked":"SKIP","floor":14},{"not_picked":["Barricade","Berserk"],"picked":"Limit Break","floor":16},{"not_picked":["Body Slam","Cleave+1","Havoc"],"picked":"SKIP","floor":18},{"not_picked":["Iron Wave","Twin Strike+1","Flex+1"],"picked":"SKIP","floor":20},{"not_picked":["Thunderclap","Havoc","Clash"],"picked":"SKIP","floor":22},{"not_picked":["Infernal Blade","Bloodletting"],"picked":"Reaper","floor":23}],"player_experience":112623,"relics_obtained":[{"floor":6,"key":"Ancient Tea Set"},{"floor":8,"key":"Bronze Scales"},{"floor":9,"key":"MawBank"},{"floor":11,"key":"PreservedInsect"},{"floor":23,"key":"Toy Ornithopter"}],"event_choices":[{"damage_healed":0,"gold_gain":0,"player_choice":"Bought 2 Potions","damage_taken":0,"max_hp_gain":0,"max_hp_loss":0,"event_name":"The Woman in Blue","floor":2,"gold_loss":0},{"damage_healed":0,"gold_gain":0,"player_choice":"Damaged","damage_taken":8,"max_hp_gain":0,"max_hp_loss":0,"event_name":"Wheel of Change","floor":21,"gold_loss":0}],"is_beta":false,"boss_relics":[{"not_picked":["Runic Dome","Runic Pyramid"],"picked":"Pandora\u0027s Box"}],"items_purged_floors":[],"is_endless":false,"potions_floor_spawned":[3,4,6,8,10,11,14,18,20],"killed_by":"Slavers","ascension_level":1}}