{"host":"Lrdox","time":1612822031,"event":{"mods":["BaseMod","Colored Map","Minty Spire (QoL Compilation)","Relic Stats"],"gold_per_floor":[115,65,82,97,110,141,169,169,169,169,201,201,201,227,227,324,324,343,388,388,70,112,137,137,87,87,138,182,182,182,281,281,401,401,443,443,269,314,1313,1367,1367,918,944,1015,551,551,603,603,603,628,628,628,116,149,149],"floor_reached":56,"language":"ENG","playtime":3132,"items_purged":["Strike_P","Defend_P","Strike_P+1","Normality","Normality","Strike_P+1"],"score":1600,"play_id":"88c5dfae-ec47-4086-af5c-8ca1daa299a7","local_time":"20210208230711","is_ascension_mode":true,"campfire_choices":[{"floor":8.0,"key":"REST"},{"data":"MentalFortress","floor":10.0,"key":"SMITH"},{"floor":12.0,"key":"REST"},{"data":"FlurryOfBlows","floor":15.0,"key":"SMITH"},{"floor":24.0,"key":"REST"},{"floor":30,"key":"REST"},{"data":"Eruption","floor":32,"key":"SMITH"},{"floor":41,"key":"RECALL"},{"floor":49,"key":"REST"},{"floor":52,"key":"REST"}],"circlet_count":0,"master_deck":["Strike_P+1","Defend_P+1","Defend_P+1","Eruption+1","Vigilance","FlurryOfBlows+1","MentalFortress+1","Vengeance","Wireheading","JustLucky","WheelKick","Protect","ThirdEye","Wish","FearNoEvil","MentalFortress","Weave","BowlingBash","Halt+1","Ragnarok","FlurryOfBlows","ThirdEye","Vault","Adaptation+1","FearNoEvil","Prostrate","EmptyFist","EmptyFist","LikeWater","Indignation","TalkToTheHand"],"relics":["Black Star","Smiling Mask","Mummified Hand","Odd Mushroom","Bag of Preparation","Shuriken","Bronze Scales","Question Card","Lizard Tail","Runic Pyramid","Orrery","Letter Opener","Blue Candle","Pen Nib","Boot","HornCleat","Fusion Hammer","Potion Belt","Yang","Medical Kit","MealTicket","Incense Burner","Membership Card","Toy Ornithopter","InkBottle","Blood Vial","Art of War","Sundial","Calipers","Lee\u0027s Waffle","Centennial Puzzle","Nunchaku"],"acts_visited":["Exordium","TheCity","TheBeyond","TheEnding"],"potions_floor_usage":[53,54,55,55,55],"damage_taken":[{"damage":3.0,"enemies":"Jaw Worm","floor":1.0,"turns":4.0},{"damage":0.0,"enemies":"2 Louse","floor":3.0,"turns":2.0},{"damage":0.0,"enemies":"Cultist","floor":4.0,"turns":3.0},{"damage":18.0,"enemies":"Exordium Wildlife","floor":5.0,"turns":5.0},{"damage":27.0,"enemies":"3 Sentries","floor":6.0,"turns":5.0},{"damage":0.0,"enemies":"The Mushroom Lair","floor":7.0,"turns":2.0},{"damage":10.0,"enemies":"Gremlin Nob","floor":11.0,"turns":4.0},{"damage":26.0,"enemies":"3 Sentries","floor":14.0,"turns":6.0},{"damage":27.0,"enemies":"The Guardian","floor":16.0,"turns":12.0},{"damage":12.0,"enemies":"3 Byrds","floor":18.0,"turns":4.0},{"damage":7.0,"enemies":"Shell Parasite","floor":19.0,"turns":5.0},{"damage":14.0,"enemies":"Centurion and Healer","floor":22.0,"turns":8.0},{"damage":14.0,"enemies":"Book of Stabbing","floor":23.0,"turns":4.0},{"damage":13.0,"enemies":"Slavers","floor":27.0,"turns":4.0},{"damage":11.0,"enemies":"Snake Plant","floor":28.0,"turns":5.0},{"damage":26,"enemies":"Collector","floor":33,"turns":6},{"damage":0,"enemies":"3 Darklings","floor":35,"turns":4},{"damage":0,"enemies":"Orb Walker","floor":38,"turns":4},{"damage":8,"enemies":"Reptomancer","floor":40,"turns":6},{"damage":1,"enemies":"2 Orb Walkers","floor":44,"turns":4},{"damage":0,"enemies":"Giant Head","floor":47,"turns":5},{"damage":10,"enemies":"Time Eater","floor":50,"turns":8},{"damage":13,"enemies":"Shield and Spear","floor":54,"turns":4},{"damage":13,"enemies":"The Heart","floor":55,"turns":6}],"seed_played":"7489509530558476371","potions_obtained":[{"floor":4.0,"key":"Explosive Potion"},{"floor":5.0,"key":"BlessingOfTheForge"},{"floor":6.0,"key":"Weak Potion"},{"floor":14.0,"key":"EssenceOfSteel"},{"floor":18.0,"key":"Weak Potion"},{"floor":19.0,"key":"Strength Potion"},{"floor":33,"key":"SpeedPotion"},{"floor":38,"key":"Energy Potion"}],"is_trial":false,"path_per_floor":["M","?","M","M","M","E","?","R","T","R","E","R","?","E","R","B",null,"M","M","?","$","M","E","R","$","T","E","M","?","R","?","R","B",null,"M","?","$","M","?","E","R","$","T","?","$","?","E","?","R","B",null,"R","$","E","B",null],"character_chosen":"WATCHER","items_purchased":["MentalFortress","Orrery","FlurryOfBlows","FearNoEvil","Prostrate","Medical Kit","MealTicket","EmptyFist","PowerPotion","Membership Card","Toy Ornithopter","InkBottle","Fruit Juice","LikeWater","Sundial","Calipers","Lee\u0027s Waffle","TalkToTheHand","Ambrosia","DuplicationPotion"],"campfire_rested":6,"item_purchase_floors":[21,21,21,37,37,42,42,42,42,45,45,45,45,45,53,53,53,53,53,53],"current_hp_per_floor":[69,69,69,69,51,24,24,45,45,45,35,56,61,35,35,8,60,48,41,41,41,27,13,36,36,36,23,12,12,35,35,35,9,60,60,60,60,60,60,52,52,52,52,51,66,66,66,66,73,63,71,73,85,72,76],"gold":149,"neow_bonus":"BOSS_RELIC","is_daily":false,"chose_seed":false,"campfire_upgraded":3,"win_rate":0.0,"timestamp":1612822031,"path_taken":["M","?","M","M","M","E","?","R","T","R","E","R","?","E","R","BOSS","M","M","?","$","?","E","R","$","T","E","M","?","R","?","R","BOSS","M","?","$","M","?","E","R","$","T","?","$","?","E","?","R","BOSS","R","$","E","BOSS"],"items_purchased_type":["Card","Relic","Card","Card","Card","Relic","Relic","Card","Potion","Relic","Relic","Relic","Potion","Card","Relic","Relic","Relic","Card","Potion","Potion"],"build_version":"2020-12-18","purchased_purges":6,"victory":true,"max_hp_per_floor":[72,72,72,72,72,72,72,72,72,72,72,72,77,77,77,77,77,77,77,77,77,77,77,77,77,77,77,77,77,77,77,77,77,77,77,73,73,73,73,73,73,73,73,73,73,73,73,73,73,73,73,73,85,85,85],"relic_stats":{"Yang":[106],"Bag of Preparation":[36],"Smiling Mask":338,"Boot":[20],"Blood Vial":2,"Lizard Tail":0,"Centennial Puzzle":[3],"Nunchaku":[2],"Mummified Hand":[77],"Sundial":[0],"MealTicket":15,"InkBottle":[15],"Lee\u0027s Waffle":7,"counters":[24,120],"Blue Candle":[3],"Pen Nib":[20],"Letter Opener":[75],"Question Card":20,"Medical Kit":[4],"Shuriken":[63],"Bronze Scales":[342],"Black Star":8,"Art of War":[1],"obtain_stats":[{"Calipers":53,"Yang":40,"Bag of Preparation":9,"Incense Burner":44,"Smiling Mask":6,"Boot":27,"Blood Vial":47,"Lizard Tail":14,"Centennial Puzzle":54,"Nunchaku":54,"HornCleat":27,"Mummified Hand":6,"Sundial":53,"MealTicket":42,"Fusion Hammer":34,"InkBottle":45,"Runic Pyramid":17,"Potion Belt":40,"Lee\u0027s Waffle":53,"Blue Candle":23,"Pen Nib":26,"Letter Opener":23,"Odd Mushroom":7,"Question Card":14,"Medical Kit":42,"Shuriken":11,"Bronze Scales":11,"Orrery":21,"Black Star":0,"Art of War":47,"Membership Card":45,"PureWater":0,"Toy Ornithopter":45},{"Calipers":22,"Yang":19,"Bag of Preparation":6,"Incense Burner":20,"Smiling Mask":5,"Boot":14,"Blood Vial":21,"Lizard Tail":8,"Centennial Puzzle":23,"Nunchaku":23,"HornCleat":14,"Mummified Hand":5,"Sundial":22,"MealTicket":19,"Fusion Hammer":16,"InkBottle":20,"Runic Pyramid":9,"Potion Belt":19,"Lee\u0027s Waffle":22,"Blue Candle":13,"Pen Nib":13,"Letter Opener":13,"Odd Mushroom":6,"Question Card":8,"Medical Kit":19,"Shuriken":7,"Bronze Scales":7,"Orrery":11,"Black Star":0,"Art of War":21,"Membership Card":20,"PureWater":0,"Toy Ornithopter":20},{"Calipers":110,"Yang":93,"Bag of Preparation":21,"Incense Burner":97,"Smiling Mask":19,"Boot":68,"Blood Vial":102,"Lizard Tail":31,"Centennial Puzzle":114,"Nunchaku":114,"HornCleat":68,"Mummified Hand":19,"Sundial":110,"MealTicket":93,"Fusion Hammer":79,"InkBottle":97,"Runic Pyramid":43,"Potion Belt":93,"Lee\u0027s Waffle":110,"Blue Candle":64,"Pen Nib":64,"Letter Opener":64,"Odd Mushroom":21,"Question Card":31,"Medical Kit":93,"Shuriken":25,"Bronze Scales":25,"Orrery":52,"Black Star":0,"Art of War":102,"Membership Card":97,"PureWater":0,"Toy Ornithopter":97}],"Toy Ornithopter":15},"card_choices":[{"not_picked":["WindmillStrike","JustLucky"],"picked":"FlurryOfBlows","floor":1.0},{"not_picked":["ClearTheMind","Consecrate"],"picked":"MentalFortress","floor":3.0},{"not_picked":["Vengeance","Perseverance","Weave"],"picked":"SKIP","floor":4.0},{"not_picked":["Perseverance","Weave"],"picked":"Vengeance","floor":4.0},{"not_picked":["ClearTheMind","Weave"],"picked":"Wireheading","floor":5.0},{"not_picked":["BowlingBash","Vengeance"],"picked":"JustLucky","floor":6.0},{"not_picked":["Omniscience","FlyingSleeves"],"picked":"WheelKick","floor":7.0},{"not_picked":["WaveOfTheHand","Crescendo"],"picked":"Protect","floor":11.0},{"not_picked":["BowlingBash","WaveOfTheHand"],"picked":"ThirdEye","floor":14.0},{"not_picked":["SpiritShield","Ragnarok","Omniscience"],"picked":"Wish","floor":16.0},{"not_picked":["SashWhip","InnerPeace+1","ThirdEye"],"picked":"CutThroughFate","floor":18.0},{"not_picked":["Fasting2+1","Conclude+1","Evaluate"],"picked":"FearNoEvil","floor":19.0},{"not_picked":["PathToVictory","SashWhip","Collect"],"picked":"Weave","floor":21.0},{"not_picked":["FollowUp","Swivel","WindmillStrike"],"picked":"BowlingBash","floor":21.0},{"not_picked":["Vengeance","DeusExMachina","PathToVictory"],"picked":"Halt+1","floor":21.0},{"not_picked":["CrushJoints","WheelKick","Evaluate"],"picked":"Ragnarok","floor":21.0},{"not_picked":["CutThroughFate","WindmillStrike+1","BattleHymn"],"picked":"ThirdEye","floor":22.0},{"not_picked":["Nirvana","Evaluate","ThirdEye","ConjureBlade"],"picked":"SKIP","floor":23.0},{"not_picked":["Indignation","BattleHymn","MentalFortress","Vengeance+1"],"picked":"SKIP","floor":27.0},{"not_picked":["PathToVictory","Protect","SashWhip+1","CrushJoints+1"],"picked":"SKIP","floor":28},{"not_picked":["Establishment","DevaForm","Devotion"],"picked":"Vault","floor":33},{"not_picked":["ThirdEye","SashWhip","ClearTheMind"],"picked":"Adaptation+1","floor":35},{"not_picked":["Halt+1","Protect+1","Consecrate+1"],"picked":"EmptyFist","floor":38},{"not_picked":["ForeignInfluence+1","Fasting2+1","FollowUp","Study"],"picked":"SKIP","floor":40},{"not_picked":["PathToVictory+1","DevaForm","Prostrate+1"],"picked":"Indignation","floor":47},{"not_picked":["PathToVictory+1","ConjureBlade","DeceiveReality+1","Crescendo+1"],"picked":"SKIP","floor":54}],"player_experience":236427,"relics_obtained":[{"floor":6.0,"key":"Smiling Mask"},{"floor":6.0,"key":"Mummified Hand"},{"floor":7.0,"key":"Odd Mushroom"},{"floor":9.0,"key":"Bag of Preparation"},{"floor":11.0,"key":"Shuriken"},{"floor":11.0,"key":"Bronze Scales"},{"floor":14.0,"key":"Question Card"},{"floor":14.0,"key":"Lizard Tail"},{"floor":23.0,"key":"Letter Opener"},{"floor":23.0,"key":"Blue Candle"},{"floor":26.0,"key":"Pen Nib"},{"floor":27.0,"key":"Boot"},{"floor":27.0,"key":"HornCleat"},{"floor":40,"key":"Potion Belt"},{"floor":40,"key":"Yang"},{"floor":44,"key":"Incense Burner"},{"floor":47,"key":"Blood Vial"},{"floor":47,"key":"Art of War"},{"floor":54,"key":"Centennial Puzzle"},{"floor":54,"key":"Nunchaku"}],"event_choices":[{"cards_removed":["Defend_P"],"damage_healed":0.0,"max_hp_gain":0.0,"max_hp_loss":0.0,"gold_gain":0.0,"event_name":"The Cleric","player_choice":"Card Removal","floor":2.0,"gold_loss":50.0,"damage_taken":0.0},{"damage_healed":0.0,"max_hp_gain":0.0,"max_hp_loss":0.0,"gold_gain":0.0,"event_name":"Mushrooms","player_choice":"Fought Mushrooms","floor":7.0,"gold_loss":0.0,"damage_taken":0.0},{"damage_healed":0.0,"max_hp_gain":5.0,"max_hp_loss":0.0,"gold_gain":0.0,"event_name":"Big Fish","player_choice":"Donut","floor":13.0,"gold_loss":0.0,"damage_taken":0.0},{"damage_healed":0.0,"max_hp_gain":0.0,"max_hp_loss":0.0,"gold_gain":0.0,"event_name":"N\u0027loth","player_choice":"Ignored","floor":20.0,"gold_loss":0.0,"damage_taken":0.0},{"damage_healed":0,"gold_gain":0,"player_choice":"Simplicity","damage_taken":0,"max_hp_gain":0,"max_hp_loss":0,"event_name":"Back to Basics","floor":29,"gold_loss":0,"cards_upgraded":["Strike_P","Strike_P","Strike_P","Defend_P","Defend_P"]},{"damage_healed":0,"gold_gain":99,"player_choice":"Stole From Cult","damage_taken":0,"max_hp_gain":0,"max_hp_loss":0,"event_name":"Nest","floor":31,"gold_loss":0},{"damage_healed":0,"gold_gain":0,"player_choice":"Max HP","damage_taken":0,"max_hp_gain":0,"max_hp_loss":4,"event_name":"Winding Halls","floor":36,"gold_loss":0},{"damage_healed":0,"gold_gain":999,"player_choice":"Gold","damage_taken":0,"max_hp_gain":0,"max_hp_loss":0,"event_name":"MindBloom","floor":39,"gold_loss":0,"cards_obtained":["Normality","Normality"]},{"damage_healed":0,"gold_gain":0,"player_choice":"Fight","damage_taken":0,"max_hp_gain":0,"max_hp_loss":0,"event_name":"Mysterious Sphere","floor":44,"gold_loss":0},{"damage_healed":0,"gold_gain":0,"player_choice":"Ignored","damage_taken":0,"max_hp_gain":0,"max_hp_loss":0,"event_name":"Tomb of Lord Red Mask","floor":46,"gold_loss":0},{"cards_removed":["CutThroughFate"],"damage_healed":0,"gold_gain":0,"player_choice":"Removed Attack","damage_taken":0,"max_hp_gain":0,"max_hp_loss":0,"event_name":"Falling","floor":48,"gold_loss":0}],"is_beta":true,"boss_relics":[{"not_picked":["Sozu","Calling Bell"],"picked":"Runic Pyramid"},{"not_picked":["Astrolabe","Snecko Eye"],"picked":"Fusion Hammer"}],"items_purged_floors":[21,25,37,42,45,53],"is_endless":false,"potions_floor_spawned":[4,5,6,14,18,19,33,38],"ascension_level":5}}