{"host":"ttx8tv95o5vka1nm","time":1612752207,"event":{"mods":["AchievementEnabler","BaseMod","BetterRewards","Colored Map","Evolution","Hermit","Hubris","Infinite Spire","Jorbs\u0027s Wanderer Trilogy","Minty Spire (QoL Compilation)","Relic Filter Mod","Reliquary","Robot Space Explorer","Shop Mod","Spicy Shops","StSLib","The Blue Laboratory","The Bug Knight","The Construct","The Cursed","The Disciple","The Forsaken","The Hierophant","The Necromancer","The Runesmith","TheBandit"],"gold_per_floor":[112,29,42,42,61,61,91,71,71,102,120,148,162,35,35,137,137,118,118,118],"floor_reached":19,"language":"ENG","playtime":2025,"items_purged":[],"score":212,"play_id":"afff0b37-3e72-4bdd-ba54-40b6c7039b2f","local_time":"20210208124327","is_ascension_mode":false,"campfire_choices":[{"data":"SecondHand","floor":6,"key":"SMITH"},{"data":"Analog","floor":15,"key":"SMITH"}],"circlet_count":0,"master_deck":["Strike_Br","Strike_Br","Strike_Br","Strike_Br","Defend_Br","Defend_Br","Defend_Br","Defend_Br","SecondHand+1","PatternShift","SlimeSpray","Parity","PrimeTime","ReapSow","LockedPlans","LockedBlood","Echoward","Analog+1","BackFourSeconds","ExoVibe","OracleForm"],"relics":["Chronometer","Du-Vu Doll","Bag of Preparation","reliquary:JackalopeAntler","reliquary:RoseTintedGlasses","MerchantsRug","reliquary:KinkedSpring"],"acts_visited":["Exordium","TheCity"],"potions_floor_usage":[7,10,12],"damage_taken":[{"damage":0,"enemies":"Small Slimes","floor":1,"turns":4},{"damage":0,"enemies":"2 Louse","floor":3,"turns":3},{"damage":0,"enemies":"Cultist","floor":5,"turns":4},{"damage":0,"enemies":"Gremlin Nob","floor":7,"turns":5},{"damage":6,"enemies":"3 Sentries","floor":10,"turns":6},{"damage":1,"enemies":"Exordium Wildlife","floor":11,"turns":3},{"damage":2,"enemies":"Gremlin Nob","floor":12,"turns":4},{"damage":0,"enemies":"Looter","floor":13,"turns":4},{"damage":8,"enemies":"Slime Boss","floor":16,"turns":11},{"damage":26,"enemies":"2 Thieves","floor":18,"turns":4},{"damage":45,"enemies":"Spheric Guardian","floor":19,"turns":7}],"seed_played":"-3612979459449624331","potions_obtained":[{"floor":3,"key":"SkillPotion"},{"floor":5,"key":"DuplicationPotion"},{"floor":7,"key":"LiquidMemories"},{"floor":8,"key":"Block Potion"},{"floor":10,"key":"SteroidPotion"},{"floor":13,"key":"construct:ShiftPotion"}],"is_trial":false,"path_per_floor":["M","$","M","?","M","R","E","?","T","E","M","E","M","$","R","B",null,"M","M"],"character_chosen":"CHRONO_CLASS","items_purchased":["Parity","MerchantsRug","ExoVibe"],"campfire_rested":0,"item_purchase_floors":[2,14,14],"current_hp_per_floor":[71,71,71,76,76,76,76,76,76,70,71,69,73,73,73,72,76,59,25,25],"gold":118,"neow_bonus":"TEN_PERCENT_HP_BONUS","is_daily":false,"chose_seed":false,"campfire_upgraded":2,"win_rate":0.0,"timestamp":1612752207,"path_taken":["M","$","M","?","M","R","E","?","T","E","?","E","M","$","R","BOSS","M","M"],"items_purchased_type":["Card","Relic","Card"],"build_version":"2020-12-22","purchased_purges":0,"victory":false,"max_hp_per_floor":[71,71,71,76,76,76,76,76,76,76,76,76,76,76,76,76,76,76,76,76],"card_choices":[{"not_picked":["TiringSlam","HandsUpB"],"picked":"SlimeSpray","floor":1},{"not_picked":["LockedTurtyl","Tempo"],"picked":"PrimeTime","floor":3},{"not_picked":["WindUp","LockedScales"],"picked":"ReapSow","floor":5},{"not_picked":["PrimeTime","CrunchTime"],"picked":"LockedPlans","floor":7},{"not_picked":["PrimeTime","LockedMedicine"],"picked":"LockedBlood","floor":10},{"not_picked":["LockedPlans","LockedAnchor"],"picked":"Echoward","floor":11},{"not_picked":["ExoVibe","LockedBlood"],"picked":"Analog","floor":12},{"not_picked":["LockedBlood","Tempo"],"picked":"BackFourSeconds","floor":13},{"not_picked":["LockedAstrolabe","Pendulum"],"picked":"OracleForm","floor":16},{"not_picked":["ExoVibe","ResonantCall","ReapSow"],"picked":"SKIP","floor":18}],"player_experience":819446,"relics_obtained":[{"floor":7,"key":"Du-Vu Doll"},{"floor":9,"key":"Bag of Preparation"},{"floor":10,"key":"reliquary:JackalopeAntler"},{"floor":12,"key":"reliquary:RoseTintedGlasses"}],"event_choices":[{"damage_healed":0,"gold_gain":0,"player_choice":"Donut","damage_taken":0,"max_hp_gain":5,"max_hp_loss":0,"event_name":"Big Fish","floor":4,"gold_loss":0},{"damage_healed":0,"gold_gain":0,"player_choice":"Bought 1 Potion","damage_taken":0,"max_hp_gain":0,"max_hp_loss":0,"event_name":"The Woman in Blue","floor":8,"gold_loss":0}],"is_beta":false,"boss_relics":[{"not_picked":["Cursed Key","theForsaken:PaleLantern"],"picked":"reliquary:KinkedSpring"}],"items_purged_floors":[],"is_endless":false,"potions_floor_spawned":[3,5,7,10,13],"killed_by":"Spheric Guardian","ascension_level":0}}