{"host":"syozzdlzcqop4jia","time":1612822400,"event":{"mods":["BaseMod","Colored Map","Colored Powertips","Minty Spire (QoL Compilation)","Quick Restart"],"gold_per_floor":[119,133,53,53,53,83,83,97,123,135,166,203,227,239,251,263,263],"floor_reached":16,"language":"ENG","playtime":893,"items_purged":[],"score":116,"play_id":"b28279bf-3082-4a8f-a329-a6ce4f512134","local_time":"20210208231320","is_ascension_mode":true,"campfire_choices":[{"floor":7,"key":"REST"},{"floor":10,"key":"REST"},{"floor":15,"key":"REST"}],"circlet_count":0,"master_deck":["Strike_B","Strike_B+1","Strike_B+1","Strike_B","Defend_B","Defend_B","Defend_B","Defend_B","Zap","Dualcast","Thunder Strike","Barrage","Self Repair","Conserve Battery","Conserve Battery"],"relics":["Cracked Core","Bronze Scales","MawBank","Ornamental Fan","Letter Opener"],"acts_visited":["Exordium"],"potions_floor_usage":[],"damage_taken":[{"damage":1,"enemies":"Jaw Worm","floor":1,"turns":4},{"damage":0,"enemies":"Small Slimes","floor":2,"turns":2},{"damage":32,"enemies":"Gremlin Nob","floor":6,"turns":4},{"damage":0,"enemies":"2 Louse","floor":8,"turns":2},{"damage":6,"enemies":"Large Slime","floor":11,"turns":5},{"damage":39,"enemies":"Lagavulin","floor":12,"turns":6},{"damage":17,"enemies":"Exordium Thugs","floor":13,"turns":4},{"damage":27,"enemies":"The Guardian","floor":16,"turns":5}],"seed_played":"6112810907317297247","potions_obtained":[{"floor":6,"key":"Swift Potion"},{"floor":8,"key":"Energy Potion"},{"floor":12,"key":"Energy Potion"}],"is_trial":false,"path_per_floor":["M","M","$","?","?","E","R","M","T","R","M","E","M","T","R","B"],"character_chosen":"DEFECT","items_purchased":["Self Repair"],"campfire_rested":3,"item_purchase_floors":[3],"current_hp_per_floor":[53,53,53,38,38,13,35,42,42,64,65,33,23,23,45,18,18],"gold":263,"neow_bonus":"THREE_RARE_CARDS","is_daily":false,"chose_seed":false,"campfire_upgraded":0,"win_rate":0.0,"timestamp":1612822400,"path_taken":["M","M","$","?","?","E","R","M","T","R","M","E","?","?","R","BOSS"],"items_purchased_type":["Card"],"build_version":"2020-12-22","purchased_purges":0,"victory":false,"max_hp_per_floor":[75,75,75,75,75,75,75,75,75,75,75,75,75,75,75,75,75],"card_choices":[{"not_picked":["Seek","Amplify"],"picked":"Thunder Strike","floor":0},{"not_picked":["Barrage","Skim","Aggregate"],"picked":"SKIP","floor":1},{"not_picked":["Double Energy","Hologram"],"picked":"Barrage","floor":2},{"not_picked":["Chill","Beam Cell","Turbo"],"picked":"SKIP","floor":6},{"not_picked":["Coolheaded","Blizzard","Turbo"],"picked":"SKIP","floor":8},{"not_picked":["Reinforced Body","Force Field","Genetic Algorithm"],"picked":"SKIP","floor":11},{"not_picked":["Rip and Tear","Steam Power"],"picked":"Conserve Battery","floor":12},{"not_picked":["Stack","Steam"],"picked":"Conserve Battery","floor":13}],"player_experience":631234,"relics_obtained":[{"floor":6,"key":"Bronze Scales"},{"floor":9,"key":"MawBank"},{"floor":12,"key":"Ornamental Fan"},{"floor":14,"key":"Letter Opener"}],"event_choices":[{"damage_healed":0,"gold_gain":0,"player_choice":"Entered Light","damage_taken":15,"max_hp_gain":0,"max_hp_loss":0,"event_name":"Shining Light","floor":4,"gold_loss":0,"cards_upgraded":["Strike_B","Strike_B"]},{"damage_healed":0,"gold_gain":0,"player_choice":"Ignored","damage_taken":0,"max_hp_gain":0,"max_hp_loss":0,"event_name":"Golden Wing","floor":5,"gold_loss":0}],"is_beta":false,"boss_relics":[],"items_purged_floors":[],"is_endless":false,"potions_floor_spawned":[6,8,12,13],"killed_by":"The Guardian","ascension_level":1}}