{"host":"5rycm1ajjg5acc5q","time":1612789276,"event":{"mods":["BaseMod","Better Third Choice","Downfall","Highlight Path","Minty Spire (QoL Compilation)","Replay The Spire","StSLib"],"gold_per_floor":[115,127,202,214,214,214,247,260,260,292,305,305,337,28,28,127,127,144,144,69,140,155,180,180,180,180],"floor_reached":25,"language":"ENG","playtime":2544,"items_purged":[],"score":345,"play_id":"00664a7b-ad60-4384-aa5d-ef35fa14632e","local_time":"20210208070116","is_ascension_mode":true,"campfire_choices":[{"data":"Eruption","floor":6,"key":"SMITH"},{"floor":12,"key":"REST"},{"data":"Meditate","floor":15,"key":"SMITH"},{"floor":24,"key":"REST"}],"circlet_count":0,"master_deck":["Strike_P+1","Strike_P","Strike_P","Defend_P","Defend_P","Defend_P","Eruption+1","Vigilance","Replay:Bootleg Shield Generator","CutThroughFate","Meditate+1","FearNoEvil","PathToVictory","WaveOfTheHand","Replay:LoomingThreat+1","Replay:ManipulateFuture","PathToVictory","CutThroughFate+1","Vault+1","Perseverance","Necronomicurse","PathToVictory","LikeWater+1"],"relics":["PureWater","Incense Burner","Frozen Egg 2","Meat on the Bone","Replay:Mystery Machine","Golden Egg","Black Star","Necronomicon","Eternal Feather","Gremlin Food","Bottled Lightning"],"acts_visited":["Exordium","TheCity"],"potions_floor_usage":[7,10,13,23,23],"damage_taken":[{"damage":0,"enemies":"Cultist","floor":1,"turns":2},{"damage":0,"enemies":"Jaw Worm","floor":2,"turns":5},{"damage":9,"enemies":"Small Slimes","floor":4,"turns":2},{"damage":12,"enemies":"Lagavulin","floor":7,"turns":6},{"damage":9,"enemies":"2 Fungi Beasts","floor":8,"turns":3},{"damage":8,"enemies":"3 Sentries","floor":10,"turns":9},{"damage":10,"enemies":"Blue Slaver","floor":11,"turns":3},{"damage":0,"enemies":"Gremlin Nob","floor":13,"turns":3},{"damage":0,"enemies":"Slime Boss","floor":16,"turns":5},{"damage":8,"enemies":"Shell Parasite","floor":18,"turns":3},{"damage":23,"enemies":"3 Byrds","floor":22,"turns":6},{"damage":19,"enemies":"Book of Stabbing","floor":23,"turns":5},{"damage":70,"enemies":"Slavers","floor":25,"turns":6}],"seed_played":"3337972464724011104","potions_obtained":[{"floor":4,"key":"Reflective Coating"},{"floor":7,"key":"SpeedPotion"},{"floor":10,"key":"DistilledChaos"},{"floor":16,"key":"Doom Potion"},{"floor":22,"key":"SpeedPotion"}],"is_trial":false,"path_per_floor":["M","M","?","M","?","R","E","M","T","E","M","R","E","$","R","B",null,"M","?","?","T","M","E","R","E"],"character_chosen":"WATCHER","items_purchased":["Golden Egg","CutThroughFate"],"campfire_rested":2,"item_purchase_floors":[14,14],"current_hp_per_floor":[72,72,61,52,45,45,33,24,24,16,18,39,39,39,39,39,72,64,48,48,48,37,30,63,0,0],"gold":180,"neow_bonus":"RANDOM_COLORLESS","is_daily":false,"chose_seed":false,"campfire_upgraded":2,"win_rate":0.0,"timestamp":1612789276,"path_taken":["M","M","?","M","?","R","E","M","T","E","M","R","E","$","R","BOSS","M","?","?","?","M","E","R","E"],"items_purchased_type":["Relic","Card"],"build_version":"2020-12-22","purchased_purges":0,"victory":false,"max_hp_per_floor":[72,72,72,72,72,72,72,72,72,72,72,72,72,72,72,72,72,72,72,72,72,72,72,72,72,72],"card_choices":[{"not_picked":["ReplayTheSpireMod:Private Reserves","Dark Shackles"],"picked":"Replay:Bootleg Shield Generator","floor":0},{"not_picked":["Halt","Evaluate"],"picked":"CutThroughFate","floor":1},{"not_picked":["Wireheading","JustLucky"],"picked":"Meditate","floor":2},{"not_picked":["Crescendo","FlyingSleeves"],"picked":"FearNoEvil","floor":4},{"not_picked":["Perseverance","Omniscience"],"picked":"PathToVictory","floor":7},{"not_picked":["TalkToTheHand","EmptyFist"],"picked":"WaveOfTheHand","floor":8},{"not_picked":["Scrawl","Consecrate"],"picked":"Replay:LoomingThreat+1","floor":10},{"not_picked":["Evaluate","CutThroughFate"],"picked":"Replay:ManipulateFuture","floor":11},{"not_picked":["Replay:Battleflow","Replay:Anticipation"],"picked":"PathToVictory","floor":13},{"not_picked":["DevaForm+1","Omniscience"],"picked":"Vault","floor":16},{"not_picked":["Replay:Vibes","CrushJoints+1"],"picked":"Perseverance","floor":18},{"not_picked":["JustLucky","Indignation+1"],"picked":"PathToVictory","floor":22},{"not_picked":["FollowUp+1","Replay:DivineShield"],"picked":"LikeWater+1","floor":23}],"player_experience":275832,"relics_obtained":[{"floor":7,"key":"Incense Burner"},{"floor":9,"key":"Frozen Egg 2"},{"floor":10,"key":"Meat on the Bone"},{"floor":13,"key":"Replay:Mystery Machine"},{"floor":19,"key":"Necronomicon"},{"floor":21,"key":"Eternal Feather"},{"floor":23,"key":"Gremlin Food"},{"floor":23,"key":"Bottled Lightning"}],"event_choices":[{"damage_healed":0,"gold_gain":75,"player_choice":"Gold","damage_taken":11,"max_hp_gain":0,"max_hp_loss":0,"event_name":"betterThird:BetterGoop","floor":3,"gold_loss":0},{"cards_removed":["Defend_P"],"damage_healed":0,"gold_gain":0,"player_choice":"Card Removal","damage_taken":7,"max_hp_gain":0,"max_hp_loss":0,"event_name":"Golden Wing","floor":5,"gold_loss":0},{"damage_healed":0,"gold_gain":0,"player_choice":"Obtained Book","damage_taken":16,"max_hp_gain":0,"max_hp_loss":0,"event_name":"Cursed Tome","floor":19,"gold_loss":0},{"cards_removed":["Strike_P"],"damage_healed":0,"gold_gain":0,"player_choice":"Gave Gold","damage_taken":0,"max_hp_gain":0,"max_hp_loss":0,"event_name":"Beggar","floor":20,"gold_loss":75}],"is_beta":false,"boss_relics":[{"not_picked":["Astrolabe","Snecko Eye"],"picked":"Black Star"}],"items_purged_floors":[],"is_endless":false,"potions_floor_spawned":[4,7,10,16,22],"killed_by":"Slavers","ascension_level":2}}