{"host":"b7j598ve05halrwk","time":1612750113,"event":{"mods":["2.2 Compatiblity","BaseMod","Block Reminder","DeckTracker","Minty Spire (QoL Compilation)","Relic Stats","Slay the Relics Exporter","StSLib","ojb\u0027s Better Paths Mod","ojb\u0027s Info Mod"],"gold_per_floor":[112,112,125,143,155,188,200,200,270,301,325,360,390,436,448,539,551,581,518,530,542,3,32,32,50,75,86,29,79,107,127,127,201,201,217,236,236,251,9,40,60,60,60,94,114,125,125,135,135,135,135,135,135,48,83,83],"floor_reached":57,"language":"ENG","playtime":6441,"items_purged":["Defend_B"],"score":2884,"play_id":"6e4a55aa-76c7-48a1-85aa-01951dcd1bd0","local_time":"20210207210833","is_ascension_mode":true,"campfire_choices":[{"floor":8.0,"key":"REST"},{"data":"Defragment","floor":15.0,"key":"SMITH"},{"data":"Barrage","floor":24.0,"key":"SMITH"},{"floor":32.0,"key":"REST"},{"data":"Coolheaded","floor":42.0,"key":"SMITH"},{"data":"Coolheaded","floor":47.0,"key":"SMITH"},{"floor":49,"key":"RECALL"},{"data":"Steam Power","floor":53,"key":"SMITH"}],"circlet_count":0,"master_deck":["AscendersBane","Strike_B","Defend_B","Zap","Dualcast","Streamline","Hello World","Sweeping Beam","Beam Cell","Chill","Steam Power+1","Ball Lightning","Defragment+1","Cold Snap","Auto Shields","Echo Form","Capacitor","Barrage+1","Undo","Genetic Algorithm","Aggregate","Steam","Double Energy","Electrodynamics","Stack+1","Undo+1","Darkness","Self Repair+1","Seek+1","Compile Driver+1","Hologram+1","Doom and Gloom+1","Aggregate","Defragment+1","Chill+1","Coolheaded+1","Biased Cognition+1","Compile Driver","Coolheaded+1","Static Discharge+1","Lockon+1","Compile Driver+1","Conserve Battery+1","Heatsinks+1","Steam Power+1","Loop+1","Seek+1","Fusion+1","Hologram+1","Auto Shields+1","Glacier+1","White Noise+1"],"relics":["Cracked Core","FaceOfCleric","Ice Cream","StrikeDummy","WingedGreaves","Odd Mushroom","Potion Belt","MawBank","MealTicket","Nuclear Battery","Toy Ornithopter","Prayer Wheel","Frozen Egg 2","Inserter","Orrery","Emotion Chip","Toxic Egg 2","Mercury Hourglass","Nunchaku"],"acts_visited":["Exordium","TheCity","TheBeyond","TheEnding"],"potions_floor_usage":[56,56,56],"damage_taken":[{"damage":0.0,"enemies":"Small Slimes","floor":1.0,"turns":2.0},{"damage":1.0,"enemies":"Cultist","floor":3.0,"turns":4.0},{"damage":9.0,"enemies":"Jaw Worm","floor":4.0,"turns":4.0},{"damage":9.0,"enemies":"Exordium Wildlife","floor":5.0,"turns":4.0},{"damage":31.0,"enemies":"Gremlin Nob","floor":6.0,"turns":4.0},{"damage":1.0,"enemies":"Looter","floor":7.0,"turns":2.0},{"damage":2.0,"enemies":"Lagavulin","floor":10.0,"turns":7.0},{"damage":0.0,"enemies":"The Mushroom Lair","floor":11.0,"turns":3.0},{"damage":14.0,"enemies":"3 Sentries","floor":12.0,"turns":5.0},{"damage":8.0,"enemies":"Gremlin Nob","floor":13.0,"turns":3.0},{"damage":4.0,"enemies":"Lagavulin","floor":14.0,"turns":5.0},{"damage":13.0,"enemies":"Slime Boss","floor":16.0,"turns":9.0},{"damage":11.0,"enemies":"2 Thieves","floor":18.0,"turns":4.0},{"damage":40.0,"enemies":"Slavers","floor":23.0,"turns":6.0},{"damage":18.0,"enemies":"Spheric Guardian","floor":25.0,"turns":4.0},{"damage":19.0,"enemies":"Centurion and Healer","floor":27.0,"turns":5.0},{"damage":7.0,"enemies":"Gremlin Leader","floor":30.0,"turns":6.0},{"damage":10.0,"enemies":"Snake Plant","floor":31.0,"turns":5.0},{"damage":10.0,"enemies":"Champ","floor":33.0,"turns":18.0},{"damage":36.0,"enemies":"Orb Walker","floor":35.0,"turns":5.0},{"damage":15.0,"enemies":"3 Darklings","floor":36.0,"turns":8.0},{"damage":11.0,"enemies":"4 Shapes","floor":38.0,"turns":12.0},{"damage":27.0,"enemies":"Reptomancer","floor":40.0,"turns":6.0},{"damage":8.0,"enemies":"Spire Growth","floor":41.0,"turns":5.0},{"damage":6.0,"enemies":"Giant Head","floor":44.0,"turns":6.0},{"damage":11.0,"enemies":"Transient","floor":45.0,"turns":6.0},{"damage":20.0,"enemies":"3 Darklings","floor":46.0,"turns":5.0},{"damage":0,"enemies":"Writhing Mass","floor":48,"turns":4},{"damage":21,"enemies":"Time Eater","floor":50,"turns":18},{"damage":9,"enemies":"Awakened One","floor":51,"turns":14},{"damage":28,"enemies":"Shield and Spear","floor":55,"turns":6},{"damage":64,"enemies":"The Heart","floor":56,"turns":8}],"seed_played":"-5148485557046510137","potions_obtained":[{"floor":6.0,"key":"DistilledChaos"},{"floor":7.0,"key":"Explosive Potion"},{"floor":11.0,"key":"Regen Potion"},{"floor":12.0,"key":"FearPotion"},{"floor":14.0,"key":"SpeedPotion"},{"floor":23.0,"key":"LiquidBronze"},{"floor":25.0,"key":"Strength Potion"},{"floor":35.0,"key":"PowerPotion"},{"floor":36.0,"key":"PotionOfCapacity"},{"floor":44.0,"key":"SteroidPotion"},{"floor":55,"key":"LiquidBronze"}],"is_trial":false,"path_per_floor":["M","?","M","M","M","E","M","R","T","E","?","E","E","E","R","B",null,"M","?","?","?","$","E","R","M","T","M","$","?","E","M","R","B",null,"M","M","?","M","$","E","M","R","T","E","M","M","R","M","R","B","B",null,"R","$","E","B",null],"character_chosen":"DEFECT","items_purchased":["EntropicBrew","Toy Ornithopter","LiquidBronze","Undo","Genetic Algorithm","Dexterity Potion","Orrery","Static Discharge+1","Glacier+1"],"campfire_rested":2,"item_purchase_floors":[22,22,22,22,22,28,39,39,54],"current_hp_per_floor":[64,64,64,56,48,18,18,38,38,37,38,37,30,27,27,15,60,50,50,50,28,43,24,24,12,12,4,19,19,18,14,39,50,78,53,39,39,44,59,53,66,66,66,71,71,72,72,93,93,93,98,98,98,98,91,53],"gold":83,"neow_bonus":"REMOVE_TWO","is_daily":false,"chose_seed":false,"campfire_upgraded":5,"win_rate":0.0,"timestamp":1612750113,"path_taken":["M","?","?","M","M","E","M","R","T","E","?","E","E","E","R","BOSS","M","?","?","?","?","E","R","M","T","M","$","?","E","M","R","BOSS","M","M","?","M","?","E","M","R","T","E","?","M","R","M","R","BOSS","BOSS","R","$","E","BOSS"],"items_purchased_type":["Potion","Relic","Potion","Card","Card","Potion","Relic","Card","Card"],"build_version":"2020-12-22","purchased_purges":1,"victory":true,"max_hp_per_floor":[64,64,65,66,67,68,69,69,69,70,71,72,73,74,74,75,75,76,76,76,81,81,82,82,83,83,84,84,84,85,86,86,87,87,88,89,89,90,90,91,92,92,92,93,94,95,95,96,96,97,98,98,98,98,99,100],"relic_stats":{"Emotion Chip":[68,25,29,4,10],"Nunchaku":[2],"Inserter":[40],"FaceOfCleric":31,"counters":[32,202],"MealTicket":45,"Prayer Wheel":10,"MawBank":108,"obtain_stats":[{"Ice Cream":6,"Potion Belt":12,"Inserter":34,"Odd Mushroom":11,"Frozen Egg 2":30,"MawBank":13,"Nuclear Battery":17,"Mercury Hourglass":44,"Emotion Chip":40,"Nunchaku":55,"FaceOfCleric":2,"Orrery":39,"MealTicket":14,"Prayer Wheel":23,"WingedGreaves":10,"Toxic Egg 2":43,"Cracked Core":0,"StrikeDummy":9,"Toy Ornithopter":22},{"Ice Cream":5,"Potion Belt":9,"Inserter":19,"Odd Mushroom":8,"Frozen Egg 2":17,"MawBank":10,"Nuclear Battery":12,"Mercury Hourglass":25,"Emotion Chip":23,"Nunchaku":31,"FaceOfCleric":1,"Orrery":22,"MealTicket":11,"Prayer Wheel":14,"WingedGreaves":7,"Toxic Egg 2":24,"Cracked Core":0,"StrikeDummy":6,"Toy Ornithopter":13},{"Ice Cream":18,"Potion Belt":35,"Inserter":100,"Odd Mushroom":30,"Frozen Egg 2":77,"MawBank":38,"Nuclear Battery":52,"Mercury Hourglass":142,"Emotion Chip":131,"Nunchaku":194,"FaceOfCleric":2,"Orrery":125,"MealTicket":43,"Prayer Wheel":62,"WingedGreaves":27,"Toxic Egg 2":136,"Cracked Core":0,"StrikeDummy":20,"Toy Ornithopter":56}],"Toy Ornithopter":65,"Mercury Hourglass":[210]},"card_choices":[{"not_picked":["Gash","Rebound"],"picked":"Streamline","floor":1.0},{"not_picked":["Leap","Conserve Battery"],"picked":"Hello World","floor":3.0},{"not_picked":["Consume","Hello World"],"picked":"Sweeping Beam","floor":4.0},{"not_picked":["Compile Driver","Steam"],"picked":"Beam Cell","floor":5.0},{"not_picked":["Go for the Eyes","Creative AI"],"picked":"Chill","floor":6.0},{"not_picked":["Go for the Eyes","Beam Cell"],"picked":"Steam Power","floor":7.0},{"not_picked":["Leap","Recycle"],"picked":"Ball Lightning","floor":10.0},{"not_picked":["Multi-Cast","FTL"],"picked":"Defragment","floor":12.0},{"not_picked":["Hologram","Go for the Eyes"],"picked":"Cold Snap","floor":13.0},{"not_picked":["Coolheaded","Go for the Eyes"],"picked":"Auto Shields","floor":14.0},{"not_picked":["Buffer","Meteor Strike"],"picked":"Echo Form","floor":16.0},{"not_picked":["Gash+1","Sweeping Beam","Go for the Eyes"],"picked":"SKIP","floor":18.0},{"not_picked":["Recycle","Loop"],"picked":"Aggregate","floor":23.0},{"not_picked":["Go for the Eyes","Loop"],"picked":"Steam","floor":25.0},{"not_picked":["Barrage","Gash"],"picked":"Double Energy","floor":25.0},{"not_picked":["Leap","Stack+1"],"picked":"Electrodynamics","floor":27.0},{"not_picked":["Redo+1","Ball Lightning"],"picked":"Stack+1","floor":27.0},{"not_picked":["Ball Lightning","Go for the Eyes"],"picked":"Undo+1","floor":30.0},{"not_picked":["Conserve Battery","Amplify"],"picked":"Darkness","floor":31.0},{"not_picked":["Genetic Algorithm","Coolheaded"],"picked":"Self Repair+1","floor":31.0},{"not_picked":["Amplify","Thunder Strike"],"picked":"Seek","floor":33.0},{"not_picked":["Stack","Redo"],"picked":"Compile Driver+1","floor":35.0},{"not_picked":["Rebound","Melter","Streamline"],"picked":"SKIP","floor":35.0},{"not_picked":["Leap","Go for the Eyes"],"picked":"Hologram+1","floor":36.0},{"not_picked":["White Noise","Hologram"],"picked":"Doom and Gloom+1","floor":36.0},{"not_picked":["Gash","Leap"],"picked":"Aggregate","floor":38.0},{"not_picked":["Double Energy","Compile Driver+1"],"picked":"Defragment+1","floor":38.0},{"not_picked":["Barrage","Redo"],"picked":"Chill+1","floor":39.0},{"not_picked":["Auto Shields","Steam"],"picked":"Coolheaded","floor":39.0},{"not_picked":["Streamline+1","Stack"],"picked":"Biased Cognition+1","floor":39.0},{"not_picked":["Undo+1","Turbo"],"picked":"Compile Driver","floor":39.0},{"not_picked":["Lockon","Hello World+1"],"picked":"Coolheaded","floor":39.0},{"not_picked":["Rip and Tear+1","Redo"],"picked":"Lockon+1","floor":40.0},{"not_picked":["Hello World+1","Cold Snap"],"picked":"Compile Driver+1","floor":41.0},{"not_picked":["Double Energy","Streamline"],"picked":"Conserve Battery+1","floor":41.0},{"not_picked":["Beam Cell","Capacitor+1"],"picked":"Heatsinks+1","floor":44.0},{"not_picked":["Hologram+1","Barrage"],"picked":"Steam Power+1","floor":45.0},{"not_picked":["Gash","Recycle+1"],"picked":"Loop+1","floor":45.0},{"not_picked":["Turbo+1","Chaos+1"],"picked":"Seek+1","floor":46.0},{"not_picked":["Rebound","Sweeping Beam"],"picked":"Fusion+1","floor":46.0},{"not_picked":["Go for the Eyes+1","Beam Cell"],"picked":"Hologram+1","floor":48},{"not_picked":["Beam Cell","Turbo+1"],"picked":"Auto Shields+1","floor":48},{"not_picked":["Sunder","Melter"],"picked":"White Noise+1","floor":55}],"player_experience":1115917,"relics_obtained":[{"floor":6.0,"key":"Ice Cream"},{"floor":9.0,"key":"StrikeDummy"},{"floor":10.0,"key":"WingedGreaves"},{"floor":11.0,"key":"Odd Mushroom"},{"floor":12.0,"key":"Potion Belt"},{"floor":13.0,"key":"MawBank"},{"floor":14.0,"key":"MealTicket"},{"floor":23.0,"key":"Prayer Wheel"},{"floor":30.0,"key":"Frozen Egg 2"},{"floor":40.0,"key":"Emotion Chip"},{"floor":43.0,"key":"Toxic Egg 2"},{"floor":44.0,"key":"Mercury Hourglass"},{"floor":55,"key":"Nunchaku"}],"event_choices":[{"damage_healed":0.0,"max_hp_gain":0.0,"max_hp_loss":0.0,"gold_gain":0.0,"event_name":"FaceTrader","player_choice":"Trade","floor":2.0,"gold_loss":0.0,"damage_taken":0.0,"relics_obtained":["FaceOfCleric"]},{"damage_healed":0.0,"max_hp_gain":0.0,"max_hp_loss":0.0,"gold_gain":0.0,"event_name":"Mushrooms","player_choice":"Fought Mushrooms","floor":11.0,"gold_loss":0.0,"damage_taken":0.0},{"cards_removed":["Defend_B"],"damage_healed":0.0,"max_hp_gain":0.0,"max_hp_loss":0.0,"gold_gain":0.0,"event_name":"Beggar","player_choice":"Gave Gold","floor":19.0,"gold_loss":75.0,"damage_taken":0.0},{"damage_healed":0.0,"max_hp_gain":0.0,"max_hp_loss":0.0,"gold_gain":0.0,"cards_transformed":["Strike_B","Defend_B"],"event_name":"Drug Dealer","player_choice":"Became Test Subject","floor":20.0,"gold_loss":0.0,"damage_taken":0.0,"cards_obtained":["Capacitor","Barrage"]},{"damage_healed":0.0,"max_hp_gain":5.0,"max_hp_loss":0.0,"gold_gain":0.0,"event_name":"Forgotten Altar","player_choice":"Shed Blood","floor":21.0,"gold_loss":0.0,"damage_taken":27.0},{"damage_healed":0.0,"max_hp_gain":0.0,"max_hp_loss":0.0,"gold_gain":50.0,"event_name":"Golden Shrine","player_choice":"Pray","floor":29.0,"gold_loss":0.0,"damage_taken":0.0},{"damage_healed":0.0,"max_hp_gain":0.0,"max_hp_loss":0.0,"gold_gain":0.0,"event_name":"Upgrade Shrine","player_choice":"Upgraded","floor":37.0,"gold_loss":0.0,"damage_taken":0.0,"cards_upgraded":["Seek"]}],"is_beta":false,"boss_relics":[{"not_picked":["SacredBark","Fusion Hammer"],"picked":"Nuclear Battery"},{"not_picked":["Empty Cage","Tiny House"],"picked":"Inserter"}],"items_purged_floors":[22],"is_endless":false,"potions_floor_spawned":[6,7,11,12,14,23,25,35,36,44,55],"ascension_level":20}}