{"host":"zjnmjbs15rdpqnz9","time":1612804940,"event":{"mods":["BaseMod","Downfall","Minty Spire (QoL Compilation)","StSLib"],"gold_per_floor":[99,118,293,50,50,65,89,114,133,133,143,160,160,177,190,295,295,295,311,311,331,47,47,47,75,25,50,63,63,63,63],"floor_reached":29,"language":"ENG","playtime":2747,"items_purged":["Doubt"],"score":245,"play_id":"6ddbbcd8-0610-40c1-b0a5-5d9eb2f7ad9a","local_time":"20210208102220","is_ascension_mode":false,"campfire_choices":[{"data":"hexamod:Float","floor":1,"key":"SMITH"},{"data":"hexamod:ForkedFlame","floor":10,"key":"SMITH"},{"data":"hexamod:ChargedBarrage","floor":13,"key":"SMITH"},{"data":"hexamod:EmpoweredFlame","floor":18,"key":"SMITH"},{"data":"hexamod:FastForward","floor":23,"key":"SMITH"}],"circlet_count":0,"master_deck":["hexamod:Strike","hexamod:Defend+1","hexamod:Defend","hexamod:Defend","hexamod:Defend","hexamod:Sear","hexamod:Float+1","hexamod:HeatCrush","hexamod:RadiantFlame","hexamod:ChargedBarrage+1","hexamod:EmpoweredFlame+1","hexamod:ThirdSeal","hexamod:CatchUp","hexamod:ForkedFlame+1","hexamod:SkipABeat","hexamod:FirstSeal","hexamod:DynamicBlow","hexamod:AdvancingGuard","hexamod:HeatShield+1","hexamod:WildfireWeapon+1","hexamod:SixthSeal","hexamod:TimeWarp+1","hexamod:HeatCrush+1","hexamod:ExtraCrispy+1","hexamod:HeatShield+1","hexamod:FastForward+1","downfall:Bewildered","downfall:Aged","hexamod:FifthSeal","Shame","Doubt","hexamod:FourthSeal"],"relics":["hexamod:SpiritBrand","Centennial Puzzle","Mercury Hourglass","Astrolabe","downfall:ExtraCursedKey","Membership Card","hexamod:InflammatoryLetter","Akabeko","Nunchaku","Anchor"],"acts_visited":["Exordium","TheCity"],"potions_floor_usage":[25,29,29],"damage_taken":[{"damage":1,"enemies":"2 Louse","floor":2,"turns":4},{"damage":0,"enemies":"downfall:FleeingMerchant","floor":4,"turns":4},{"damage":0,"enemies":"Small Slimes","floor":6,"turns":3},{"damage":20,"enemies":"3 Sentries","floor":8,"turns":9},{"damage":0,"enemies":"Cultist","floor":9,"turns":3},{"damage":10,"enemies":"Exordium Thugs","floor":11,"turns":3},{"damage":3,"enemies":"Large Slime","floor":12,"turns":4},{"damage":7,"enemies":"Blue Slaver","floor":14,"turns":3},{"damage":11,"enemies":"Exordium Wildlife","floor":15,"turns":3},{"damage":6,"enemies":"SI_SHIV_ARCHETYPE","floor":16,"turns":6},{"damage":27,"enemies":"Shell Parasite","floor":19,"turns":6},{"damage":3,"enemies":"Snecko","floor":21,"turns":3},{"damage":7,"enemies":"downfall:FleeingMerchant","floor":22,"turns":4},{"damage":7,"enemies":"Slavers","floor":25,"turns":4},{"damage":35,"enemies":"3 Cultists","floor":28,"turns":5},{"damage":49,"enemies":"Book of Stabbing","floor":29,"turns":5}],"seed_played":"-8208835940698115063","potions_obtained":[{"floor":6,"key":"bronze:BurnAndBuffPotion"},{"floor":8,"key":"Energy Potion"},{"floor":12,"key":"hexamod:DoubleChargePotion"},{"floor":28,"key":"SpeedPotion"}],"is_trial":false,"path_per_floor":["R","M","?","$","?","M","T","E","M","R","M","M","R","M","M","B",null,"R","M","?","M","$","R","T","E","?","T","M","E"],"character_chosen":"THE_SPIRIT","items_purchased":["hexamod:ChargedBarrage","hexamod:EmpoweredFlame","Membership Card","hexamod:InflammatoryLetter"],"campfire_rested":0,"item_purchase_floors":[4,4,22,22],"current_hp_per_floor":[77,76,76,76,76,76,76,56,56,56,46,43,43,43,39,33,77,77,50,50,54,54,54,54,54,77,77,49,0,0,0],"gold":63,"neow_bonus":"TEN_PERCENT_HP_BONUS","is_daily":false,"chose_seed":false,"campfire_upgraded":5,"win_rate":0.0,"timestamp":1612804940,"path_taken":["R","M","?","$","?","M","T","E","M","R","M","M","R","?","M","BOSS","R","M","?","M","?","R","T","E","?","?","?","E"],"items_purchased_type":["Card","Card","Relic","Relic"],"build_version":"2020-12-22","purchased_purges":1,"victory":false,"max_hp_per_floor":[77,77,77,77,77,77,77,77,77,77,77,77,77,77,77,77,77,77,77,77,77,77,77,77,77,77,77,77,77,77,77],"card_choices":[{"not_picked":["hexamod:GhostShield","hexamod:RetreatToShadows"],"picked":"hexamod:HeatCrush","floor":2},{"not_picked":["hexamod:Hexaguard","hexamod:HeatMetal"],"picked":"hexamod:RadiantFlame","floor":4},{"not_picked":["hexamod:HeatMetal","hexamod:EmpoweredFlame"],"picked":"hexamod:ThirdSeal","floor":6},{"not_picked":["hexamod:SwordOfDarkness","hexamod:Firestarter"],"picked":"hexamod:CatchUp","floor":8},{"not_picked":["hexamod:CatchUp","hexamod:HeatCrush"],"picked":"hexamod:ForkedFlame","floor":8},{"not_picked":["hexamod:SwordOfDarkness","hexamod:BurningTouch"],"picked":"hexamod:SkipABeat","floor":9},{"not_picked":["hexamod:GhostShield","hexamod:GhostLash","hexamod:Again"],"picked":"SKIP","floor":9},{"not_picked":["hexamod:Again","hexamod:EtherealExpedition","hexamod:HauntingEcho"],"picked":"SKIP","floor":11},{"not_picked":["hexamod:BurningTouch","hexamod:RecurringNightmare"],"picked":"hexamod:FirstSeal","floor":12},{"not_picked":["hexamod:GhostLash","hexamod:ShieldOfDarkness","hexamod:EtherealExpedition"],"picked":"SKIP","floor":12},{"not_picked":["hexamod:NightmareStrike","hexamod:InspiringFlames"],"picked":"hexamod:DynamicBlow","floor":14},{"not_picked":["hexamod:RadiantFlame","hexamod:RecurringNightmare"],"picked":"hexamod:AdvancingGuard","floor":14},{"not_picked":["hexamod:GhostOfSpireFuture","hexamod:HeatMetal"],"picked":"hexamod:HeatShield","floor":15},{"not_picked":["hexamod:AdvancingGuard","hexamod:Incineration"],"picked":"hexamod:WildfireWeapon","floor":15},{"not_picked":["hexamod:UnleashSpirits","hexamod:ForkedFlame"],"picked":"hexamod:SixthSeal","floor":16},{"not_picked":["hexamod:ForkedFlame","hexamod:UnlimitedPower"],"picked":"hexamod:TimeWarp","floor":16},{"not_picked":["hexamod:RainOfEmbers","hexamod:Again+1","hexamod:BurningTouch"],"picked":"SKIP","floor":19},{"not_picked":["hexamod:BacktrackSmack","hexamod:Again","hexamod:GhostLash"],"picked":"SKIP","floor":19},{"not_picked":["hexamod:Firestarter","hexamod:HeatCrush","hexamod:RetreatToShadows"],"picked":"SKIP","floor":21},{"not_picked":["hexamod:InspiringFlames","hexamod:BacktrackSmack"],"picked":"hexamod:FastForward","floor":22},{"not_picked":["hexamod:HeatCrush","hexamod:AdvancingGuard","hexamod:BurningTouch"],"picked":"SKIP","floor":22},{"not_picked":["hexamod:GhostLash","hexamod:Firestarter"],"picked":"hexamod:FifthSeal","floor":25},{"not_picked":["hexamod:ThirdSeal","hexamod:SecondSeal"],"picked":"hexamod:FourthSeal","floor":28},{"not_picked":["hexamod:NightmareStrike","hexamod:CatchUp+1","hexamod:GhostLash"],"picked":"SKIP","floor":28}],"player_experience":883344,"relics_obtained":[{"floor":7,"key":"Centennial Puzzle"},{"floor":8,"key":"Mercury Hourglass"},{"floor":24,"key":"Akabeko"},{"floor":25,"key":"Nunchaku"},{"floor":27,"key":"Anchor"}],"event_choices":[{"damage_healed":0,"gold_gain":0,"player_choice":"Ignored","damage_taken":0,"max_hp_gain":0,"max_hp_loss":0,"event_name":"NoteForYourself","floor":5,"gold_loss":0}],"is_beta":false,"boss_relics":[{"not_picked":["SacredBark","Pandora\u0027s Box"],"picked":"Astrolabe"}],"items_purged_floors":[4],"is_endless":false,"potions_floor_spawned":[6,8,12,14,16,19,28],"killed_by":"Book of Stabbing","ascension_level":0}}