{"host":"vrqilyg3eq27f2tn","time":1612797753,"event":{"mods":["2.2 Compatiblity","Aspiration","BaseMod","Colored Powertips","Downfall","Friendly Minions","Hermit","Minty Spire (QoL Compilation)","Relic Stats","Reliquary","Replay The Spire","StSLib","The Cursed"],"gold_per_floor":[117,136,151,72,72,72,106,106,175,175,194,212,244,273,273,369,369,380,10,10,22,22,33,33,60,110,145,244,254,354,354,354,459,459,475,525,525,537,141,141,161,161,161,194,209,209,225,240,240,240],"floor_reached":51,"language":"ENG","playtime":3211,"items_purged":["hermit:Defend_Hermit","hermit:Strike_Hermit+1"],"score":750,"play_id":"ff4d4620-e942-4e2e-90a6-19a112e6f7ca","local_time":"20210208102233","is_ascension_mode":false,"campfire_choices":[{"data":"hermit:Spite","floor":6,"key":"SMITH"},{"data":"hermit:Covet","floor":8,"key":"SMITH"},{"data":"hermit:FlashPowder","floor":15,"key":"SMITH"},{"data":"hermit:FromBeyond","floor":24,"key":"SMITH"},{"data":"1","floor":32,"key":"LIFT"},{"data":"2","floor":40,"key":"LIFT"},{"data":"3","floor":42,"key":"LIFT"},{"data":"hermit:Gambit","floor":46,"key":"SMITH"},{"floor":49,"key":"REST"}],"circlet_count":0,"master_deck":["hermit:Strike_Hermit+1","hermit:Strike_Hermit+1","hermit:Strike_Hermit+1","hermit:Defend_Hermit+1","hermit:Defend_Hermit+1","hermit:Defend_Hermit+1","hermit:Snapshot+1","hermit:Covet+1","hermit:Spite+1","hermit:LowProfile","hermit:Roulette+1","hermit:EyeOfTheStorm+1","hermit:FromBeyond+1","hermit:Grudge","hermit:FlashPowder+1","hermit:Gambit+1","hermit:Quickdraw+1","hermit:GoldenBullet+1","hermit:Glare","hermit:Spite+1","hermit:ShadowCloak+1","hermit:WideOpen+1"],"relics":["hermit:Momento","NeowsBlessing","Thread and Needle","Pantograph","Unceasing Top","Ancient Tea Set","Sozu","Du-Vu Doll","Ice Cream","reliquary:Aerogel","reliquary:TatteredRug","Girya","Singing Bowl","Blue Candle","hermit:CharredGlove","reliquary:BrokenClock","reliquary:Buckler","Kunai","reliquary:Firecrackers"],"acts_visited":["Exordium","TheCity","TheBeyond"],"potions_floor_usage":[50],"damage_taken":[{"damage":0,"enemies":"Cultist","floor":1,"turns":1},{"damage":0,"enemies":"Small Slimes","floor":2,"turns":1},{"damage":0,"enemies":"2 Louse","floor":3,"turns":1},{"damage":14,"enemies":"Lagavulin","floor":7,"turns":5},{"damage":0,"enemies":"Blue Slaver","floor":11,"turns":3},{"damage":1,"enemies":"Lots of Slimes","floor":12,"turns":4},{"damage":18,"enemies":"Gremlin Nob","floor":14,"turns":4},{"damage":46,"enemies":"Hexaghost","floor":16,"turns":13},{"damage":26,"enemies":"2 Thieves","floor":18,"turns":4},{"damage":0,"enemies":"Shell Parasite","floor":21,"turns":4},{"damage":0,"enemies":"Snecko","floor":23,"turns":3},{"damage":11,"enemies":"Book of Stabbing","floor":25,"turns":5},{"damage":19,"enemies":"Slavers","floor":27,"turns":4},{"damage":0,"enemies":"Chosen and Byrds","floor":29,"turns":4},{"damage":0,"enemies":"Colosseum Slavers","floor":30,"turns":3},{"damage":0,"enemies":"Colosseum Nobs","floor":30,"turns":4},{"damage":13,"enemies":"Collector","floor":33,"turns":7},{"damage":5,"enemies":"3 Shapes","floor":35,"turns":1},{"damage":7,"enemies":"Mind Bloom Boss Battle","floor":36,"turns":6},{"damage":1,"enemies":"3 Darklings","floor":38,"turns":3},{"damage":16,"enemies":"Maw","floor":41,"turns":5},{"damage":0,"enemies":"Nemesis","floor":44,"turns":3},{"damage":24,"enemies":"Transient","floor":45,"turns":5},{"damage":4,"enemies":"4 Shapes","floor":47,"turns":2},{"damage":0,"enemies":"Jaw Worm Horde","floor":48,"turns":2},{"damage":26,"enemies":"Time Eater","floor":50,"turns":7}],"seed_played":"-8073882707271574497","potions_obtained":[{"floor":1,"key":"Slimebound:ThreeZeroPotion"},{"floor":2,"key":"Death Potion"},{"floor":10,"key":"Doom Potion"},{"floor":12,"key":"Block Potion"}],"is_trial":false,"path_per_floor":["M","M","M","$","?","R","E","R","T","?","M","M","?","E","R","B",null,"M","$","?","M","$","M","R","E","T","E","?","M","?","?","R","B",null,"M","?","?","M","$","R","M","R","T","E","M","R","M","M","R","B",null],"character_chosen":"HERMIT","items_purchased":["hermit:EyeOfTheStorm","Du-Vu Doll","reliquary:BrokenClock","reliquary:Buckler"],"campfire_rested":1,"item_purchase_floors":[4,19,39,39],"current_hp_per_floor":[75,75,75,75,75,75,61,61,61,61,61,60,42,24,24,3,75,49,49,49,49,49,49,49,38,38,19,19,19,21,16,16,30,79,76,76,76,75,75,75,61,61,61,63,39,39,37,37,63,62],"gold":240,"neow_bonus":"THREE_ENEMY_KILL","is_daily":false,"chose_seed":false,"campfire_upgraded":5,"win_rate":0.0,"timestamp":1612797753,"path_taken":["M","?","M","$","?","R","E","R","T","?","?","M","?","E","R","BOSS","M","?","?","M","$","M","R","E","T","E","?","?","?","?","R","BOSS","M","?","?","M","$","R","M","R","T","E","M","R","?","M","R","BOSS"],"items_purchased_type":["Card","Relic","Relic","Relic"],"build_version":"2020-12-22","purchased_purges":2,"victory":true,"max_hp_per_floor":[75,75,75,75,75,75,75,75,75,75,75,75,75,75,75,75,75,75,75,75,75,75,75,75,75,75,75,75,75,77,77,77,79,79,81,83,83,83,83,83,85,85,85,87,87,87,89,89,89,89],"relic_stats":{"Sozu":8,"Singing Bowl":14,"counters":[26,104],"Pantograph":80,"Blue Candle":[6],"Kunai":[16],"obtain_stats":[{"Ice Cream":25,"Girya":30,"NeowsBlessing":0,"Singing Bowl":30,"reliquary:Aerogel":26,"Blue Candle":31,"reliquary:Firecrackers":44,"Thread and Needle":7,"reliquary:TatteredRug":27,"Ancient Tea Set":14,"Sozu":17,"Du-Vu Doll":19,"Pantograph":9,"hermit:CharredGlove":36,"reliquary:Buckler":39,"reliquary:BrokenClock":39,"Kunai":43,"hermit:Momento":0,"Unceasing Top":13},{"Ice Cream":12,"Girya":16,"NeowsBlessing":0,"Singing Bowl":16,"reliquary:Aerogel":12,"Blue Candle":16,"reliquary:Firecrackers":22,"Thread and Needle":4,"reliquary:TatteredRug":13,"Ancient Tea Set":7,"Sozu":8,"Du-Vu Doll":9,"Pantograph":4,"hermit:CharredGlove":19,"reliquary:Buckler":20,"reliquary:BrokenClock":20,"Kunai":21,"hermit:Momento":0,"Unceasing Top":6},{"Ice Cream":48,"Girya":63,"NeowsBlessing":0,"Singing Bowl":63,"reliquary:Aerogel":48,"Blue Candle":63,"reliquary:Firecrackers":88,"Thread and Needle":8,"reliquary:TatteredRug":52,"Ancient Tea Set":19,"Sozu":32,"Du-Vu Doll":36,"Pantograph":8,"hermit:CharredGlove":77,"reliquary:Buckler":80,"reliquary:BrokenClock":80,"Kunai":85,"hermit:Momento":0,"Unceasing Top":15}],"Unceasing Top":[75]},"card_choices":[{"not_picked":["hermit:Snipe","hermit:Misfire"],"picked":"hermit:Spite","floor":1},{"not_picked":["hermit:HighCaliber","hermit:ItchyTrigger"],"picked":"hermit:LowProfile","floor":2},{"not_picked":["hermit:BodyArmor","hermit:Vantage"],"picked":"hermit:Roulette","floor":3},{"not_picked":["hermit:Vantage","hermit:Roulette"],"picked":"hermit:FromBeyond","floor":7},{"not_picked":["hermit:HighCaliber","hermit:Showdown","hermit:Combo"],"picked":"SKIP","floor":11},{"not_picked":["hermit:CalledShot","hermit:ItchyTrigger","hermit:DeadMansHand"],"picked":"SKIP","floor":12},{"not_picked":["hermit:Gestalt","hermit:Roulette"],"picked":"hermit:Grudge","floor":13},{"not_picked":["hermit:BodyArmor","hermit:Feint"],"picked":"hermit:FlashPowder","floor":14},{"not_picked":["hermit:FromBeyond","hermit:Roughhouse"],"picked":"hermit:Gambit","floor":16},{"not_picked":["hermit:DeadMansHand","hermit:Headshot","hermit:BodyArmor"],"picked":"SKIP","floor":18},{"not_picked":["hermit:Misfire","hermit:Enervate"],"picked":"hermit:Quickdraw+1","floor":21},{"not_picked":["hermit:Malice","hermit:Brawl+1"],"picked":"hermit:GoldenBullet+1","floor":23},{"not_picked":["hermit:Vantage","hermit:Dive","hermit:SprayPray"],"picked":"SKIP","floor":25},{"not_picked":["hermit:Headshot+1","hermit:Vantage","hermit:Combo+1"],"picked":"SKIP","floor":27},{"not_picked":["hermit:CalledShot","hermit:Desperado+1"],"picked":"hermit:Glare","floor":29},{"not_picked":["hermit:LowProfile","hermit:FinalCanter","hermit:GoldenBullet"],"picked":"Singing Bowl","floor":30},{"not_picked":["hermit:OverwhelmingPower","hermit:Gambit","hermit:Roughhouse"],"picked":"Singing Bowl","floor":33},{"not_picked":["hermit:SprayPray+1","hermit:Snipe+1","hermit:Shortfuse+1"],"picked":"Singing Bowl","floor":35},{"not_picked":["hermit:Cheat","hermit:HighCaliber","hermit:Roulette+1"],"picked":"Singing Bowl","floor":36},{"not_picked":["hermit:ShadowCloak","hermit:Desperado+1"],"picked":"hermit:Spite+1","floor":38},{"not_picked":["hermit:PistolWhip","hermit:TakeCover+1","hermit:Quickdraw"],"picked":"Singing Bowl","floor":41},{"not_picked":["hermit:Manifest+1","hermit:CalledShot+1","hermit:HighNoon"],"picked":"Singing Bowl","floor":44},{"not_picked":["hermit:Desperado","hermit:Misfire"],"picked":"hermit:ShadowCloak+1","floor":45},{"not_picked":["hermit:BodyArmor","hermit:Desperado+1","hermit:Grudge+1"],"picked":"Singing Bowl","floor":47},{"not_picked":["hermit:BodyArmor","hermit:HoleUp+1"],"picked":"hermit:WideOpen+1","floor":48}],"player_experience":347166,"relics_obtained":[{"floor":7,"key":"Thread and Needle"},{"floor":9,"key":"Pantograph"},{"floor":13,"key":"Unceasing Top"},{"floor":14,"key":"Ancient Tea Set"},{"floor":25,"key":"Ice Cream"},{"floor":26,"key":"reliquary:Aerogel"},{"floor":27,"key":"reliquary:TatteredRug"},{"floor":30,"key":"Girya"},{"floor":30,"key":"Singing Bowl"},{"floor":36,"key":"hermit:CharredGlove"},{"floor":43,"key":"Kunai"},{"floor":44,"key":"reliquary:Firecrackers"}],"event_choices":[{"damage_healed":0,"gold_gain":0,"player_choice":"Grow","damage_taken":0,"max_hp_gain":0,"max_hp_loss":0,"event_name":"Living Wall","floor":5,"gold_loss":0,"cards_upgraded":["hermit:EyeOfTheStorm"]},{"damage_healed":0,"gold_gain":0,"player_choice":"Got Potions","damage_taken":0,"max_hp_gain":0,"max_hp_loss":0,"event_name":"Lab","floor":10,"gold_loss":0},{"damage_healed":0,"gold_gain":0,"player_choice":"Simplicity","damage_taken":0,"max_hp_gain":0,"max_hp_loss":0,"event_name":"Back to Basics","floor":20,"gold_loss":0,"cards_upgraded":["hermit:Strike_Hermit","hermit:Strike_Hermit","hermit:Strike_Hermit","hermit:Strike_Hermit","hermit:Defend_Hermit","hermit:Defend_Hermit","hermit:Defend_Hermit"]},{"damage_healed":0,"gold_gain":99,"player_choice":"Stole From Cult","damage_taken":0,"max_hp_gain":0,"max_hp_loss":0,"event_name":"Nest","floor":28,"gold_loss":0},{"damage_healed":0,"gold_gain":0,"player_choice":"Fight","damage_taken":0,"max_hp_gain":0,"max_hp_loss":0,"event_name":"Colosseum","floor":30,"gold_loss":0},{"damage_healed":0,"gold_gain":0,"player_choice":"Fought Nobs","damage_taken":0,"max_hp_gain":0,"max_hp_loss":0,"event_name":"Colosseum","floor":30,"gold_loss":0},{"damage_healed":0,"gold_gain":0,"player_choice":"Fight","damage_taken":0,"max_hp_gain":0,"max_hp_loss":0,"event_name":"MindBloom","floor":36,"gold_loss":0},{"damage_healed":0,"gold_gain":0,"player_choice":"Ignored","damage_taken":0,"max_hp_gain":0,"max_hp_loss":0,"event_name":"SecretPortal","floor":37,"gold_loss":0}],"is_beta":false,"boss_relics":[{"not_picked":["Ectoplasm","Busted Crown"],"picked":"Sozu"},{"not_picked":["ReplayTheSpireMod:DimensionalGlitch","aspiration:RitualDagger","Astrolabe"]}],"items_purged_floors":[19,39],"is_endless":false,"potions_floor_spawned":[1,2,12,14,16,18,25,29,33,36,38,41,45],"ascension_level":0}}