{"host":"gqcohn9v5baj3dmw","time":1612820470,"event":{"mods":["BaseMod","Better Note","Better Sensory Stone","Better Skull","Colored Map","Downfall","Marked Mod","Minty Spire (QoL Compilation)","Rare Cards Sparkle","Relic Stats","StSLib"],"gold_per_floor":[99,374,384,57,73,73,121,140,153,153,153,153,167,167,181,278,278,278,278,292,303,403,413,468,480,495,507,507,519,62,91,104,200,200,200,215,40,60,60,75,75,75,104,104,104,114,114,114,126,126],"floor_reached":51,"language":"ENG","playtime":2806,"items_purged":["Regret","Guardian:Defend_Guardian"],"score":720,"play_id":"d2c4d181-0ffe-48b1-b15a-4c10ae222dd0","local_time":"20210208224110","is_ascension_mode":false,"campfire_choices":[{"data":"Guardian:CurlUp","floor":1.0,"key":"SMITH"},{"data":"Guardian:Incinerate","floor":6.0,"key":"SMITH"},{"data":"Guardian:PrismaticBarrier","floor":10.0,"key":"SMITH"},{"data":"Guardian:StasisStrike","floor":12.0,"key":"SMITH"},{"data":"Guardian:StasisField","floor":18.0,"key":"SMITH"},{"floor":28.0,"key":"REST"},{"data":"Guardian:FloatingOrbs","floor":35.0,"key":"SMITH"},{"data":"Guardian:ExploitGems","floor":42.0,"key":"SMITH"},{"data":"Guardian:SentryBeam","floor":45.0,"key":"SMITH"},{"data":"Guardian:BodySlam","floor":47,"key":"SMITH"}],"circlet_count":0,"master_deck":["Guardian:Strike_Guardian","Guardian:Strike_Guardian","Guardian:Strike_Guardian","Guardian:Strike_Guardian","Guardian:Defend_Guardian","Guardian:Defend_Guardian+1","Guardian:Defend_Guardian+1","Guardian:CurlUp+1","Guardian:TwinSlam+1","Guardian:StasisStrike+1","Guardian:PrismaticBarrier+1","Guardian:SentryBeam+1","Guardian:StasisField+1","Guardian:FloatingOrbs+1","Guardian:TemporalShield+1","Guardian:ExploitGems+1","Guardian:TemporalShield+1","Guardian:GatlingBeam","Guardian:DecasProtection","Guardian:FloatingOrbs","Guardian:BodySlam+1","Guardian:ShieldCharger+1"],"relics":["Guardian:ModeShifter","hexamod:BolsterEngine","Pantograph","Busted Crown","Boot","CaptainsWheel","Bottled Lightning","Black Star","Du-Vu Doll","Nunchaku","War Paint","Toxic Egg 2"],"acts_visited":["Exordium","TheCity","TheBeyond"],"potions_floor_usage":[],"damage_taken":[{"damage":2.0,"enemies":"2 Louse","floor":3.0,"turns":3.0},{"damage":8.0,"enemies":"downfall:FleeingMerchant","floor":4.0,"turns":4.0},{"damage":0.0,"enemies":"Cultist","floor":5.0,"turns":2.0},{"damage":2.0,"enemies":"Small Slimes","floor":8.0,"turns":3.0},{"damage":9.0,"enemies":"Exordium Wildlife","floor":9.0,"turns":4.0},{"damage":0.0,"enemies":"2 Fungi Beasts","floor":13.0,"turns":3.0},{"damage":0.0,"enemies":"Exordium Thugs","floor":14.0,"turns":1.0},{"damage":10.0,"enemies":"Exordium Wildlife","floor":15.0,"turns":4.0},{"damage":47.0,"enemies":"SI_SHIV_ARCHETYPE","floor":16.0,"turns":13.0},{"damage":14.0,"enemies":"Spheric Guardian","floor":20.0,"turns":5.0},{"damage":5.0,"enemies":"Sentry and Sphere","floor":21.0,"turns":4.0},{"damage":0.0,"enemies":"Cultist and Chosen","floor":23.0,"turns":6.0},{"damage":2.0,"enemies":"Centurion and Healer","floor":25.0,"turns":8.0},{"damage":12.0,"enemies":"Snake Plant","floor":26.0,"turns":5.0},{"damage":0.0,"enemies":"Sentry and Sphere","floor":27.0,"turns":5.0},{"damage":1.0,"enemies":"3 Cultists","floor":29.0,"turns":5.0},{"damage":0.0,"enemies":"downfall:FleeingMerchant","floor":30.0,"turns":4.0},{"damage":0.0,"enemies":"Slavers","floor":31.0,"turns":5.0},{"damage":0.0,"enemies":"Shelled Parasite and Fungi","floor":32.0,"turns":6.0},{"damage":36.0,"enemies":"WA_ARCHETYPE_CALM","floor":33.0,"turns":13.0},{"damage":0.0,"enemies":"3 Shapes","floor":36.0,"turns":5.0},{"damage":0.0,"enemies":"downfall:FleeingMerchant","floor":37.0,"turns":4.0},{"damage":4.0,"enemies":"Orb Walker","floor":38.0,"turns":4.0},{"damage":0.0,"enemies":"Sphere and 2 Shapes","floor":40.0,"turns":7.0},{"damage":2.0,"enemies":"Reptomancer","floor":43.0,"turns":7.0},{"damage":1.0,"enemies":"Transient","floor":46.0,"turns":5.0},{"damage":14,"enemies":"3 Darklings","floor":49,"turns":5},{"damage":71,"enemies":"DF_ARCHETYPE_ORBS","floor":50,"turns":17}],"seed_played":"5399243334441284112","potions_obtained":[{"floor":8.0,"key":"SmokeBomb"},{"floor":9.0,"key":"Ancient Potion"},{"floor":15.0,"key":"Fire Potion"},{"floor":16.0,"key":"Slimebound:ThreeZeroPotion"},{"floor":26.0,"key":"Block Potion"},{"floor":29.0,"key":"Fire Potion"},{"floor":32.0,"key":"AttackPotion"},{"floor":33.0,"key":"SkillPotion"},{"floor":36.0,"key":"Guardian:StasisDiscoveryPotion"},{"floor":38.0,"key":"SpeedPotion"},{"floor":40.0,"key":"SpeedPotion"},{"floor":46.0,"key":"SkillPotion"}],"is_trial":false,"path_per_floor":["R","?","M","$","M","R","T","M","M","R","?","R","M","M","M","B",null,"R","?","M","M","?","M","T","M","M","M","R","M","$","E","M","B",null,"R","M","$","M","?","M","T","R","E","T","R","M","R","?","M","B",null],"character_chosen":"GUARDIAN","items_purchased":["Guardian:StasisStrike","Guardian:PrismaticBarrier","Fire Potion","SteroidPotion","CaptainsWheel","Guardian:DecasProtection","Guardian:FloatingOrbs","Guardian:Gem_Green"],"campfire_rested":1,"item_purchase_floors":[4,4,4,30,30,37,37,37],"current_hp_per_floor":[80,80,78,70,70,70,70,68,59,59,56,56,56,56,46,24,80,80,80,66,61,61,61,61,59,47,47,71,70,70,70,70,44,80,80,80,80,76,76,76,76,76,74,74,74,73,73,73,59,9],"gold":126,"neow_bonus":"UPGRADE_CARD","is_daily":false,"chose_seed":false,"campfire_upgraded":9,"win_rate":0.0,"timestamp":1612820470,"path_taken":["R","?","M","?","M","R","T","M","M","R","?","R","M","M","M","BOSS","R","?","M","M","?","M","T","M","M","M","R","M","$","E","M","BOSS","R","M","$","M","?","M","T","R","E","?","R","?","R","?","M","BOSS"],"items_purchased_type":["Card","Card","Potion","Potion","Relic","Card","Card","Card"],"build_version":"2020-12-22","purchased_purges":2,"victory":true,"max_hp_per_floor":[80,80,80,80,80,80,80,80,80,80,80,80,80,80,80,80,80,80,80,80,80,80,80,80,80,80,80,80,80,80,80,80,80,80,80,80,80,80,80,80,80,80,80,80,80,80,80,80,80,80],"relic_stats":{"Nunchaku":[9],"Busted Crown":36,"counters":[28,157],"Pantograph":56,"Black Star":1,"War Paint":["Guardian:Defend_Guardian","Guardian:Defend_Guardian"],"Boot":[178],"obtain_stats":[{"Du-Vu Doll":41,"CaptainsWheel":30,"Nunchaku":43,"Busted Crown":17,"Pantograph":11,"Guardian:ModeShifter":0,"Black Star":34,"Bottled Lightning":31,"hexamod:BolsterEngine":7,"War Paint":43,"Toxic Egg 2":44,"Boot":24},{"Du-Vu Doll":24,"CaptainsWheel":17,"Nunchaku":25,"Busted Crown":9,"Pantograph":5,"Guardian:ModeShifter":0,"Black Star":20,"Bottled Lightning":18,"hexamod:BolsterEngine":3,"War Paint":25,"Toxic Egg 2":25,"Boot":12},{"Du-Vu Doll":123,"CaptainsWheel":79,"Nunchaku":130,"Busted Crown":37,"Pantograph":16,"Guardian:ModeShifter":0,"Black Star":103,"Bottled Lightning":84,"hexamod:BolsterEngine":9,"War Paint":130,"Toxic Egg 2":130,"Boot":52}]},"card_choices":[{"not_picked":["Guardian:Gem_Cyan","Guardian:CrystalBeam"],"picked":"Guardian:Gem_Red","floor":3.0},{"not_picked":["Guardian:WalkerClaw","Guardian:GuardianWhirl","Guardian:TemporalStrike"],"picked":"SKIP","floor":4.0},{"not_picked":["Guardian:ArmoredProtocol","Guardian:PiercingHide"],"picked":"Guardian:Incinerate","floor":5.0},{"not_picked":["Guardian:PolyBeam","Guardian:ChargeCore"],"picked":"Guardian:Gem_Cyan","floor":8.0},{"not_picked":["Guardian:Planning","Guardian:SentryBeam"],"picked":"Guardian:Gem_Green","floor":9.0},{"not_picked":["Guardian:StasisEngine","Guardian:Suspension"],"picked":"Guardian:SentryBeam","floor":13.0},{"not_picked":["Guardian:RollAttack","Guardian:Reroute","Guardian:GuardianWhirl"],"picked":"SKIP","floor":15.0},{"not_picked":["Guardian:StasisStrike","Guardian:ExploitGems"],"picked":"Guardian:StasisField","floor":16.0},{"not_picked":[],"picked":"Guardian:FloatingOrbs","floor":20.0},{"not_picked":[],"picked":"Guardian:Gem_Red","floor":21.0},{"not_picked":[],"picked":"Guardian:TemporalShield+1","floor":23.0},{"not_picked":["Guardian:Preprogram"],"picked":"SKIP","floor":25.0},{"not_picked":[],"picked":"Guardian:Gem_Blue","floor":26.0},{"not_picked":["Guardian:Recover+1"],"picked":"SKIP","floor":27.0},{"not_picked":[],"picked":"Guardian:Gem_Red","floor":29.0},{"not_picked":["Guardian:Gem_Purple"],"picked":"SKIP","floor":30.0},{"not_picked":[],"picked":"Guardian:Gem_Cyan","floor":31.0},{"not_picked":["Guardian:TimeBomb+1"],"picked":"SKIP","floor":32.0},{"not_picked":[],"picked":"Guardian:ExploitGems","floor":33.0},{"not_picked":[],"picked":"Guardian:TemporalShield+1","floor":36.0},{"not_picked":[],"picked":"Guardian:GatlingBeam","floor":37.0},{"not_picked":["Guardian:TemporalShield"],"picked":"SKIP","floor":38.0},{"not_picked":[],"picked":"Guardian:Gem_White","floor":40.0},{"not_picked":["Guardian:TemporalStrike+1"],"picked":"SKIP","floor":43.0},{"not_picked":[],"picked":"Guardian:BodySlam","floor":46.0},{"not_picked":[],"picked":"Guardian:ShieldCharger+1","floor":49}],"player_experience":546968,"relics_obtained":[{"floor":7.0,"key":"hexamod:BolsterEngine"},{"floor":24.0,"key":"Boot"},{"floor":31.0,"key":"Bottled Lightning"},{"floor":41.0,"key":"Du-Vu Doll"},{"floor":43.0,"key":"Nunchaku"},{"floor":43.0,"key":"War Paint"},{"floor":44.0,"key":"Toxic Egg 2"}],"event_choices":[{"damage_healed":0.0,"max_hp_gain":0.0,"max_hp_loss":0.0,"gold_gain":0.0,"event_name":"Scrap Ooze","player_choice":"Success","floor":11.0,"gold_loss":0.0,"damage_taken":3.0,"relics_obtained":["Pantograph"]},{"cards_removed":["Guardian:StasisStrike"],"damage_healed":0.0,"max_hp_gain":0.0,"max_hp_loss":0.0,"gold_gain":0.0,"event_name":"betterNote:BetterNote","player_choice":"Give","floor":19.0,"gold_loss":0.0,"damage_taken":0.0,"cards_obtained":["Defend_P"]},{"cards_removed":["Guardian:Incinerate"],"damage_healed":0,"gold_gain":0,"player_choice":"Removed Attack","damage_taken":0,"max_hp_gain":0,"max_hp_loss":0,"event_name":"Falling","floor":48,"gold_loss":0}],"is_beta":false,"boss_relics":[{"not_picked":["Guardian:StasisSlotReductionRelic","SacredBark"],"picked":"Busted Crown"},{"not_picked":["Philosopher\u0027s Stone","Calling Bell"],"picked":"Black Star"}],"items_purged_floors":[4,30],"is_endless":false,"potions_floor_spawned":[8,9,15,16,20,26,29,32,33,36,38,40,46],"ascension_level":0}}