{"host":"4d3077vv24x7opeb","time":1612762300,"event":{"mods":["100% Spire Juice","2.2 Compatiblity","Act Like it!","BaseMod","Bestiary","Better Altar","Better Match","Better Note","Better Sensory Stone","Better Skull","Better Third Choice","Colored Map","Colored Powertips","Hermit","Highlight Path","Marisa????????","Minty Spire (QoL Compilation)","Relic Stats","Reliquary","Replay The Spire","Robot Space Explorer","StSLib","The Administrix","The Construct","The Gatherer","The Senshi","The Servant 0.9.4","TheFirefly","Wide Potions","everything is the same but u backflip on backflip","slay the spire mod where everything is the same but ironclad has a cowboy hat"],"gold_per_floor":[119,133,133,93,104,104,122,138,138,103,103,121,121,154,154,253,253,271,124,124,136,64,96,96,96,148,165,198,216,226,226,226,331,331,347,347,393,405,164,164,198,130,130,130,162,162,29,43,43,43],"floor_reached":51,"language":"ENG","playtime":6024,"items_purged":[],"score":843,"play_id":"6a496adb-ca23-4d73-9db4-c763133a5383","local_time":"20210207213140","is_ascension_mode":false,"campfire_choices":[{"data":"Defy","floor":6,"key":"SMITH"},{"data":"Exchange","floor":11,"key":"SMITH"},{"data":"SpecialFormula","floor":13,"key":"SMITH"},{"data":"Spin","floor":15,"key":"SMITH"},{"data":"MoonPhase","floor":25,"key":"SMITH"},{"data":"ReplayTheSpireMod:Private Reserves","floor":40,"key":"SMITH"},{"data":"MoonPhase","floor":44,"key":"SMITH"},{"data":"LightFlow","floor":46,"key":"SMITH"}],"circlet_count":0,"master_deck":["Strike_S","Strike_S","Strike_S","Defend_S","Defend_S","Defend_S","Defend_S","KidneyShot","Exchange+1","Defy+1","DoubleEdge","RealityMarble","Potential","FastForward","DualDimension","SpecialFormula+1","Spin+1","TheWorld","CurseOfTheBell","MoonPhase+1","LightFlow+1","MoonPhase+1","GearUp","OortCloud+1","Moondial+1","Defy+1","Unruled","Secret Weapon","ReplayTheSpireMod:Private Reserves+1","Initiator","Unruled+1"],"relics":["Uniform","Quantum Egg","reliquary:BallBearing","Iron Hammer","Replay:Grab Bag","reliquary:KinkedSpring","ReplayTheSpireMod:DimensionalGlitch","Calling Bell","Orichalcum","reliquary:HotPoker","construct:BoolHorns","Omamori","Happy Flower","ReplayTheSpireMod:TigerMarble","Pen Nib","construct:WeddingRing","Replay:Kaleidoscope","reliquary:BoilingFlask","Ornamental Fan","reliquary:PorcupineQuills","Singing Bowl","Pear"],"acts_visited":["Exordium","TheCity","TheBeyond"],"potions_floor_usage":[12,16,16,28,33,35,41,41,50,50,50],"damage_taken":[{"damage":10,"enemies":"Cultist","floor":1,"turns":5},{"damage":4,"enemies":"Jaw Worm","floor":2,"turns":5},{"damage":4,"enemies":"Small Slimes","floor":5,"turns":3},{"damage":8,"enemies":"3 Louse","floor":7,"turns":4},{"damage":7,"enemies":"Large Slime","floor":8,"turns":5},{"damage":10,"enemies":"Lots of Slimes","floor":12,"turns":4},{"damage":0,"enemies":"Replay:BlueRogue","floor":14,"turns":8},{"damage":36,"enemies":"The Guardian","floor":16,"turns":10},{"damage":20,"enemies":"3 Byrds","floor":18,"turns":7},{"damage":0,"enemies":"2 Thieves","floor":21,"turns":4},{"damage":3,"enemies":"Replay:Snechameleon","floor":23,"turns":5},{"damage":0,"enemies":"Cultist and Chosen","floor":27,"turns":8},{"damage":0,"enemies":"Book of Stabbing","floor":28,"turns":3},{"damage":0,"enemies":"Shelled Parasite and Fungi","floor":29,"turns":3},{"damage":0,"enemies":"3 Cultists","floor":30,"turns":5},{"damage":13,"enemies":"Collector","floor":33,"turns":6},{"damage":6,"enemies":"3 Darklings","floor":35,"turns":4},{"damage":12,"enemies":"2 Orb Walkers","floor":37,"turns":3},{"damage":11,"enemies":"3 Shapes","floor":38,"turns":4},{"damage":0,"enemies":"Nemesis","floor":41,"turns":7},{"damage":14,"enemies":"R_Hoarder","floor":45,"turns":3},{"damage":0,"enemies":"Sphere and 2 Shapes","floor":48,"turns":7},{"damage":0,"enemies":"Time Eater","floor":50,"turns":7}],"seed_played":"2547464023028247933","potions_obtained":[{"floor":5,"key":"LiquidBronze"},{"floor":7,"key":"Weak Potion"},{"floor":12,"key":"Weak Potion"},{"floor":14,"key":"Reflective Coating"},{"floor":21,"key":"SkillPotion"},{"floor":27,"key":"ColorlessPotion"},{"floor":30,"key":"Regen Potion"},{"floor":33,"key":"Toxic Potion"},{"floor":38,"key":"Block Potion"},{"floor":45,"key":"SkillPotion"}],"is_trial":false,"path_per_floor":["M","M","?","$","M","R","M","M","T","?","R","M","R","E","R","B",null,"M","$","?","M","$","E","?","R","T","M","E","M","M","?","R_BF","B",null,"M","?","?","M","$","R","E","?","T","R","E","R","$","M","R_BF","B",null],"character_chosen":"THE_SERVANT","items_purchased":["RealityMarble","Omamori","MoonPhase","reliquary:BoilingFlask","CultistPotion","Elixir"],"campfire_rested":0,"item_purchase_floors":[4,19,22,39,47,47],"current_hp_per_floor":[55,51,51,51,47,47,39,32,32,48,48,38,38,46,46,18,65,49,49,49,53,53,54,54,54,54,58,58,62,65,65,65,56,65,59,59,51,44,44,44,63,63,63,63,61,61,61,67,79,79],"gold":43,"neow_bonus":"RANDOM_EVENT","is_daily":false,"chose_seed":false,"campfire_upgraded":8,"win_rate":0.0,"timestamp":1612762300,"path_taken":["M","?","?","$","M","R","?","M","T","?","R","M","R","E","R","BOSS","M","$","?","M","$","E","?","R","T","?","E","?","M","?","R_BF","BOSS","M","?","?","M","?","R","E","?","T","R","E","R","$","?","R_BF","BOSS"],"items_purchased_type":["Card","Relic","Card","Relic","Potion","Potion"],"build_version":"2020-12-22","purchased_purges":0,"victory":true,"max_hp_per_floor":[65,65,65,65,65,65,65,65,65,65,65,65,65,65,65,65,65,65,65,65,65,65,65,65,65,65,65,65,65,65,65,65,65,65,65,65,65,65,65,65,65,65,65,65,77,77,77,79,79,79],"relic_stats":{"Happy Flower":[20],"Singing Bowl":4,"counters":[23,120],"Ornamental Fan":[28],"Pen Nib":[10],"Orichalcum":[102],"obtain_stats":[{"construct:BoolHorns":17,"construct:WeddingRing":34,"Pear":45,"Happy Flower":23,"Singing Bowl":43,"Quantum Egg":0,"Replay:Grab Bag":17,"reliquary:BoilingFlask":39,"Pen Nib":28,"Uniform":0,"Omamori":19,"Replay:Kaleidoscope":37,"Orichalcum":17,"reliquary:KinkedSpring":17,"Calling Bell":17,"reliquary:HotPoker":17,"reliquary:PorcupineQuills":42,"Ornamental Fan":41,"reliquary:BallBearing":9,"Iron Hammer":14,"ReplayTheSpireMod:TigerMarble":26,"ReplayTheSpireMod:DimensionalGlitch":17},{"construct:BoolHorns":8,"construct:WeddingRing":16,"Pear":21,"Happy Flower":11,"Singing Bowl":20,"Quantum Egg":0,"Replay:Grab Bag":8,"reliquary:BoilingFlask":19,"Pen Nib":13,"Uniform":0,"Omamori":9,"Replay:Kaleidoscope":18,"Orichalcum":8,"reliquary:KinkedSpring":8,"Calling Bell":8,"reliquary:HotPoker":8,"reliquary:PorcupineQuills":20,"Ornamental Fan":20,"reliquary:BallBearing":5,"Iron Hammer":7,"ReplayTheSpireMod:TigerMarble":11,"ReplayTheSpireMod:DimensionalGlitch":8},{"construct:BoolHorns":44,"construct:WeddingRing":85,"Pear":106,"Happy Flower":60,"Singing Bowl":103,"Quantum Egg":0,"Replay:Grab Bag":44,"reliquary:BoilingFlask":96,"Pen Nib":71,"Uniform":0,"Omamori":51,"Replay:Kaleidoscope":92,"Orichalcum":44,"reliquary:KinkedSpring":44,"Calling Bell":44,"reliquary:HotPoker":44,"reliquary:PorcupineQuills":103,"Ornamental Fan":103,"reliquary:BallBearing":22,"Iron Hammer":34,"ReplayTheSpireMod:TigerMarble":60,"ReplayTheSpireMod:DimensionalGlitch":44}]},"card_choices":[{"not_picked":["TimeWarp","Luminosity"],"picked":"Defy","floor":1},{"not_picked":["Unruled","FanOfKnives"],"picked":"DoubleEdge","floor":2},{"not_picked":["Revamp","Rewind"],"picked":"Potential","floor":5},{"not_picked":["Ricochet","Rewind"],"picked":"FastForward","floor":7},{"not_picked":["KillingDoll","Gouge"],"picked":"DualDimension","floor":8},{"not_picked":["InstantArmor","Replace"],"picked":"SpecialFormula","floor":12},{"not_picked":["TimeWarp","Alleviate"],"picked":"Spin","floor":14},{"not_picked":["KillingDoll","Deny"],"picked":"TheWorld","floor":16},{"not_picked":["Replace","FastForward"],"picked":"MoonPhase","floor":18},{"not_picked":["DoubleEdge","Defy"],"picked":"LightFlow","floor":21},{"not_picked":["Read","BottledTime"],"picked":"GearUp","floor":23},{"not_picked":["Spin+1","TimeTheft"],"picked":"Moondial+1","floor":27},{"not_picked":["Reset","BottledTime"],"picked":"Defy+1","floor":28},{"not_picked":["Rewind","Deadline","TimeWarp"],"picked":"SKIP","floor":29},{"not_picked":["FastForward+1","Contraction","ShatteredReality"],"picked":"SKIP","floor":30},{"not_picked":["ReplayTheSpireMod:Trickstab","Magnetism"],"picked":"Secret Weapon","floor":32},{"not_picked":["Impatience","Good Instincts"],"picked":"ReplayTheSpireMod:Private Reserves","floor":32},{"not_picked":["FloweringNight","TrueSight"],"picked":"Initiator","floor":33},{"not_picked":["Starlight","ShatteredReality"],"picked":"Unruled","floor":35},{"not_picked":["SilverBlades+1","Defy+1","Ricochet+1"],"picked":"SKIP","floor":38},{"not_picked":["FloweringNight","FanOfKnives+1","Rearm"],"picked":"SKIP","floor":41},{"not_picked":["Potential","ShatteredReality","Reset+1"],"picked":"Singing Bowl","floor":45},{"not_picked":["Unruled","Rearm","Alleviate+1"],"picked":"Singing Bowl","floor":48}],"player_experience":268298,"relics_obtained":[{"floor":9,"key":"reliquary:BallBearing"},{"floor":14,"key":"Iron Hammer"},{"floor":17,"key":"Orichalcum"},{"floor":17,"key":"reliquary:HotPoker"},{"floor":17,"key":"construct:BoolHorns"},{"floor":23,"key":"Happy Flower"},{"floor":26,"key":"ReplayTheSpireMod:TigerMarble"},{"floor":28,"key":"Pen Nib"},{"floor":37,"key":"Replay:Kaleidoscope"},{"floor":41,"key":"Ornamental Fan"},{"floor":43,"key":"Singing Bowl"},{"floor":45,"key":"Pear"}],"event_choices":[{"damage_healed":0,"gold_gain":0,"player_choice":"Box","damage_taken":0,"relics_obtained":["Quantum Egg"],"max_hp_gain":0,"max_hp_loss":0,"event_name":"Big Fish","floor":0,"gold_loss":0,"cards_obtained":["Regret"]},{"cards_removed":["Regret"],"damage_healed":0,"gold_gain":0,"player_choice":"Purged","damage_taken":0,"max_hp_gain":0,"max_hp_loss":0,"event_name":"Purifier","floor":3,"gold_loss":0},{"damage_healed":16,"gold_gain":0,"player_choice":"Healed","damage_taken":0,"max_hp_gain":0,"max_hp_loss":0,"event_name":"The Cleric","floor":10,"gold_loss":35},{"cards_removed":["Strike_S"],"damage_healed":0,"gold_gain":0,"player_choice":"Card Removal","damage_taken":0,"max_hp_gain":0,"max_hp_loss":0,"event_name":"Wheel of Change","floor":20,"gold_loss":0},{"cards_removed":["Defy"],"damage_healed":0,"gold_gain":0,"player_choice":"Take \u0026 Give","damage_taken":0,"max_hp_gain":0,"max_hp_loss":0,"event_name":"betterNote:BetterNote","floor":24,"gold_loss":0,"cards_obtained":["OortCloud"]},{"damage_healed":0,"gold_gain":0,"player_choice":"Read","damage_taken":0,"max_hp_gain":0,"max_hp_loss":0,"event_name":"The Library","floor":31,"gold_loss":0,"cards_obtained":["Unruled"]},{"damage_healed":0,"gold_gain":2,"player_choice":"1","damage_taken":0,"max_hp_gain":0,"max_hp_loss":0,"event_name":"betterStone:BetterStone","floor":32,"gold_loss":0},{"damage_healed":0,"gold_gain":0,"player_choice":"Ignored","damage_taken":0,"max_hp_gain":0,"max_hp_loss":0,"event_name":"OrinTheCat","floor":36,"gold_loss":0},{"damage_healed":0,"gold_gain":0,"player_choice":"Fight","damage_taken":0,"max_hp_gain":0,"max_hp_loss":0,"event_name":"Mysterious Sphere","floor":37,"gold_loss":0},{"damage_healed":0,"gold_gain":0,"player_choice":"Paid Gold","damage_taken":0,"relics_obtained":["reliquary:PorcupineQuills"],"max_hp_gain":0,"max_hp_loss":0,"event_name":"WeMeetAgain","floor":42,"gold_loss":68}],"is_beta":false,"boss_relics":[{"not_picked":["MysterySword","Tiny House"],"picked":"Replay:Grab Bag"},{"not_picked":["Ectoplasm","Cursed Key"],"picked":"reliquary:KinkedSpring"},{"not_picked":["reliquary:Craggleroot","Coffee Dripper"],"picked":"ReplayTheSpireMod:DimensionalGlitch"},{"not_picked":["Pandora\u0027s Box","Ring of Chaos"],"picked":"Calling Bell"},{"not_picked":["StoneMask","Kintsugi"],"picked":"construct:WeddingRing"}],"items_purged_floors":[],"is_endless":false,"potions_floor_spawned":[5,7,12,14,21,27,30,33,38,45,48],"ascension_level":0}}