{"host":"iwsrwe75wjjjfsu5","time":1612783283,"event":{"mods":["BaseMod","Marisa£®ÏF”Í°°ƒß¿Ì…≥£©","Minty Spire (QoL Compilation)","Replay The Spire","Shop Mod","StSLib","SuperFastMode","UnlockEverythingMod"],"gold_per_floor":[119,134,149,149,165,196,196],"floor_reached":6,"language":"ZHS","playtime":285,"items_purged":[],"score":48,"play_id":"e7da5905-716a-48a5-8361-bc26ef42c551","local_time":"20210208192123","is_ascension_mode":false,"campfire_choices":[],"circlet_count":0,"master_deck":["Strike_MRS","Strike_MRS","Strike_MRS","Strike_MRS","Defend_MRS","Defend_MRS","Defend_MRS","Defend_MRS","MasterSpark","UpSweep","ChargeUpSpray","ManaConvection","Singularity","AlicesGift","DoubleSpark"],"relics":["MiniHakkero","Toy Ornithopter"],"acts_visited":[],"potions_floor_usage":[],"damage_taken":[{"damage":0.0,"enemies":"Small Slimes","floor":1.0,"turns":4.0},{"damage":1.0,"enemies":"Cultist","floor":2.0,"turns":3.0},{"damage":6.0,"enemies":"Jaw Worm","floor":3.0,"turns":3.0},{"damage":2.0,"enemies":"2 Fungi Beasts","floor":5.0,"turns":3.0},{"damage":15.0,"enemies":"Gremlin Nob","floor":6.0,"turns":4.0}],"seed_played":"2856106668299410066","potions_obtained":[{"floor":3.0,"key":"GamblersBrew"},{"floor":4.0,"key":"DuplicationPotion"},{"floor":4.0,"key":"LiquidBronze"}],"is_trial":false,"path_per_floor":["M","M","M","?","M","E"],"character_chosen":"MARISA","items_purchased":[],"campfire_rested":0,"item_purchase_floors":[],"current_hp_per_floor":[82,81,75,75,73,58,58],"gold":196,"neow_bonus":"TEN_PERCENT_HP_BONUS","is_daily":false,"chose_seed":false,"campfire_upgraded":0,"win_rate":0.0,"timestamp":1612783283,"path_taken":["M","M","M","?","M","E"],"items_purchased_type":[],"build_version":"2020-12-22","purchased_purges":0,"victory":false,"max_hp_per_floor":[82,82,82,82,82,82,82],"card_choices":[{"not_picked":["GravityBeat","WitchLeyline"],"picked":"ChargeUpSpray","floor":1.0},{"not_picked":["WitchOfGreed","OpenUniverse"],"picked":"ManaConvection","floor":2.0},{"not_picked":["OortCloud","GalacticHalo"],"picked":"Singularity","floor":3.0},{"not_picked":["MilkyWay","ShootingEcho"],"picked":"AlicesGift","floor":5.0},{"not_picked":["ShootingEcho","DragonMeteor"],"picked":"DoubleSpark","floor":6}],"player_experience":25910,"relics_obtained":[{"floor":6,"key":"Toy Ornithopter"}],"event_choices":[{"damage_healed":0.0,"max_hp_gain":0.0,"max_hp_loss":0.0,"gold_gain":0.0,"event_name":"Lab","player_choice":"Got Potions","floor":4.0,"gold_loss":0.0,"damage_taken":0.0}],"is_beta":false,"boss_relics":[],"items_purged_floors":[],"is_endless":false,"potions_floor_spawned":[3],"killed_by":"Gremlin Nob","ascension_level":0}}