{"host":"8d3fefv2347kqkpz","time":1612764927,"event":{"mods":["AchievementEnabler","Act Like it!","BaseMod","Better Vampires","Colored Map","Colored Powertips","Downfall","GifTheSpireLib","Highlight Path","Minty Spire (QoL Compilation)","Quick Restart","Rare Cards Sparkle","Relic Stats","Replay The Spire","Spicy Shops","StSLib","Waifu the Spire"],"gold_per_floor":[99,115,129,147,166,166,166,166,179,89,103,118,118,3,15,15,15,15],"floor_reached":16,"language":"ZHS","playtime":631,"items_purged":["hexamod:Strike","hexamod:Strike"],"score":96,"play_id":"a8f8a939-9ea2-421e-b820-511df2eb6f5f","local_time":"20210208141527","is_ascension_mode":false,"campfire_choices":[{"data":"hexamod:Sear","floor":1,"key":"SMITH"},{"data":"hexamod:Defend","floor":6,"key":"SMITH"},{"floor":13,"key":"REST"}],"circlet_count":0,"master_deck":["hexamod:Strike","hexamod:Strike","hexamod:Defend","hexamod:Defend","hexamod:Defend","hexamod:Defend+1","hexamod:Sear+1","hexamod:Float","hexamod:ThirdSeal","hexamod:SpectersWail","Pot Of Greed","Pot Of Greed","hexamod:ThirdSeal","hexamod:ThirdSeal","hexamod:PhantomFireball","hexamod:ChargedBarrage","hexamod:SoulSteal","hexamod:RainOfEmbers","hexamod:ExtraCrispy"],"relics":["hexamod:SpiritBrand","Grinning Jar"],"acts_visited":["Exordium"],"potions_floor_usage":[],"damage_taken":[{"damage":0,"enemies":"2 Louse","floor":2,"turns":3},{"damage":12,"enemies":"Small Slimes","floor":3,"turns":5},{"damage":8,"enemies":"Jaw Worm","floor":4,"turns":4},{"damage":9,"enemies":"2 Fungi Beasts","floor":5,"turns":4},{"damage":5,"enemies":"Exordium Wildlife","floor":9,"turns":4},{"damage":5,"enemies":"downfall:FleeingMerchant","floor":10,"turns":4},{"damage":18,"enemies":"Lots of Slimes","floor":11,"turns":3},{"damage":5,"enemies":"3 Louse","floor":12,"turns":4},{"damage":10,"enemies":"downfall:FleeingMerchant","floor":14,"turns":4},{"damage":2,"enemies":"Blue Slaver","floor":15,"turns":3},{"damage":26,"enemies":"DF_ARCHETYPE_STREAMLINE","floor":16,"turns":4}],"seed_played":"7376920594848362246","potions_obtained":[{"floor":2,"key":"Adrenaline Potion"},{"floor":9,"key":"AttackPotion"},{"floor":11,"key":"EntropicBrew"}],"is_trial":false,"path_per_floor":["R","M","M","M","M","R","T","?","M","$","M","M","R","$","M","B"],"character_chosen":"THE_SPIRIT","items_purchased":[],"campfire_rested":1,"item_purchase_floors":[],"current_hp_per_floor":[70,70,58,50,41,41,41,41,36,31,13,8,29,19,17,0,0,0],"gold":15,"neow_bonus":"THREE_CARDS","is_daily":false,"chose_seed":false,"campfire_upgraded":2,"win_rate":0.0,"timestamp":1612764927,"path_taken":["R","M","M","M","M","R","T","?","M","$","M","M","R","$","M","BOSS"],"items_purchased_type":[],"build_version":"2020-12-22","purchased_purges":2,"victory":false,"max_hp_per_floor":[70,70,70,70,70,70,70,70,70,70,70,70,70,70,70,70,70,70],"relic_stats":{"counters":[11,42],"obtain_stats":[{"Grinning Jar":7,"hexamod:SpiritBrand":0},{"Grinning Jar":4,"hexamod:SpiritBrand":0},{"Grinning Jar":16,"hexamod:SpiritBrand":0}]},"card_choices":[{"not_picked":["hexamod:GhostLash","hexamod:HeatShield"],"picked":"hexamod:ThirdSeal","floor":2},{"not_picked":["hexamod:ChargedBarrage","hexamod:ThermalTransfer","hexamod:FourthSeal"],"picked":"SKIP","floor":3},{"not_picked":["hexamod:ShieldOfDarkness","hexamod:FastForward","hexamod:HeatMetal"],"picked":"SKIP","floor":3},{"not_picked":["hexamod:EmpoweredFlame","hexamod:AdvancingGuard","hexamod:GhostShield"],"picked":"SKIP","floor":4},{"not_picked":["hexamod:FastForward","hexamod:GhostOfSpireFuture","hexamod:HeatMetal"],"picked":"SKIP","floor":4},{"not_picked":["hexamod:GhostOfSpirePresent","hexamod:NightmareStrike"],"picked":"hexamod:SpectersWail","floor":5},{"not_picked":["hexamod:ThermalTransfer","hexamod:InspiringFlames","hexamod:GhostLash"],"picked":"SKIP","floor":5},{"not_picked":["hexamod:BacktrackSmack","hexamod:SwordOfDarkness"],"picked":"hexamod:ThirdSeal","floor":9},{"not_picked":["hexamod:AdvancingGuard","hexamod:EmpoweredFlame"],"picked":"hexamod:ThirdSeal","floor":9},{"not_picked":["hexamod:GhostShield","hexamod:Incineration"],"picked":"hexamod:PhantomFireball","floor":10},{"not_picked":["hexamod:NightmareStrike","hexamod:GhostflameBarrier","hexamod:InspiringFlames"],"picked":"SKIP","floor":10},{"not_picked":["hexamod:ParanormalForm","hexamod:Again","hexamod:AdvancingGuard"],"picked":"SKIP","floor":10},{"not_picked":["hexamod:InspiringFlames","hexamod:FourthSeal","hexamod:HauntingEcho"],"picked":"SKIP","floor":10},{"not_picked":["hexamod:ThirdSeal","hexamod:ThermalTransfer"],"picked":"hexamod:ChargedBarrage","floor":11},{"not_picked":["hexamod:NightmareGuise","hexamod:AdvancingGuard","hexamod:GhostLash"],"picked":"SKIP","floor":11},{"not_picked":["hexamod:GhostShield","hexamod:CatchUp","hexamod:Firestarter"],"picked":"SKIP","floor":11},{"not_picked":["hexamod:GhostLash","hexamod:Hexaguard"],"picked":"hexamod:SoulSteal","floor":12},{"not_picked":["hexamod:ShieldOfDarkness","hexamod:Firestarter"],"picked":"hexamod:RainOfEmbers","floor":12},{"not_picked":["hexamod:InspiringFlames","hexamod:HeatShield","hexamod:SpectersWail"],"picked":"SKIP","floor":12},{"not_picked":["hexamod:RainOfEmbers","hexamod:GhostOfSpirePast"],"picked":"hexamod:ExtraCrispy","floor":14},{"not_picked":["hexamod:RecurringNightmare","hexamod:GhostOfSpirePresent","hexamod:HauntingEcho"],"picked":"SKIP","floor":14},{"not_picked":["hexamod:NightmareGuise","hexamod:ThermalTransfer","hexamod:PhantomFireball"],"picked":"SKIP","floor":14},{"not_picked":["hexamod:SwordOfDarkness","hexamod:RetreatToShadows","hexamod:Haunt"],"picked":"SKIP","floor":15},{"not_picked":["hexamod:Hexaguard","hexamod:FastForward","hexamod:DynamicBlow"],"picked":"SKIP","floor":15}],"player_experience":310218,"relics_obtained":[{"floor":7,"key":"Grinning Jar"}],"event_choices":[],"is_beta":false,"boss_relics":[],"items_purged_floors":[10,14],"is_endless":false,"potions_floor_spawned":[2,9,11,15],"killed_by":"DF_ARCHETYPE_STREAMLINE","ascension_level":0}}