{"host":"zeqqfkj762i3pba1","time":1612827878,"event":{"mods":["BaseMod","Colored Map","Infinite Spire","Minty Spire (QoL Compilation)","Replay The Spire","StSLib"],"gold_per_floor":[118,163,63,63,81,114,114,148,175,222,240,261,306,327,327,337,337],"floor_reached":16,"language":"ENG","playtime":960,"items_purged":["Strike_R"],"score":189,"play_id":"578adc43-df4e-49ca-97d9-32bfc13e62d7","local_time":"20210208184438","is_ascension_mode":true,"campfire_choices":[{"data":"Searing Blow","floor":7,"key":"SMITH"},{"data":"Searing Blow+1","floor":15,"key":"SMITH"}],"circlet_count":0,"master_deck":["Strike_R","Strike_R","Strike_R","Defend_R","Defend_R","Defend_R","Defend_R","Bash","Searing Blow+2","True Grit","Headbutt","Pommel Strike","True Grit","Iron Wave"],"relics":["Burning Blood","NeowsBlessing","Eternal Feather","Strawberry","Replay:Bandana","Orichalcum","Potion Belt","Gremlin Food"],"acts_visited":["Exordium"],"potions_floor_usage":[10,16,16],"damage_taken":[{"damage":0,"enemies":"2 Louse","floor":1,"turns":1},{"damage":0,"enemies":"Jaw Worm","floor":5,"turns":1},{"damage":0,"enemies":"Lagavulin","floor":6,"turns":1},{"damage":37,"enemies":"3 Sentries","floor":8,"turns":9},{"damage":0,"enemies":"Replay:BlueRogue","floor":10,"turns":5},{"damage":0,"enemies":"Cultist","floor":11,"turns":3},{"damage":4,"enemies":"Looter","floor":12,"turns":2},{"damage":12,"enemies":"Gremlin Nob","floor":13,"turns":4},{"damage":1,"enemies":"3 Louse","floor":14,"turns":4},{"damage":62,"enemies":"Hexaghost","floor":16,"turns":11}],"seed_played":"-7114523931797059334","potions_obtained":[{"floor":1,"key":"Elixir"},{"floor":6,"key":"FearPotion"},{"floor":8,"key":"SkillPotion"}],"is_trial":false,"path_per_floor":["M","?","$","?","M","E","R","E","T","E","M","M","E","M","R","B"],"character_chosen":"IRONCLAD","items_purchased":["True Grit"],"campfire_rested":0,"item_purchase_floors":[3],"current_hp_per_floor":[80,48,48,48,54,67,73,42,42,48,54,56,50,55,61,0,0],"gold":337,"neow_bonus":"THREE_ENEMY_KILL","is_daily":false,"chose_seed":false,"campfire_upgraded":2,"win_rate":0.0,"timestamp":1612827878,"path_taken":["M","?","$","?","M","E","R","E","T","E","?","M","E","M","R","BOSS"],"items_purchased_type":["Card"],"build_version":"2020-12-22","purchased_purges":1,"victory":false,"max_hp_per_floor":[80,80,80,80,80,87,87,87,87,87,87,87,87,87,87,87,87],"card_choices":[{"not_picked":["Wild Strike","Massacre"],"picked":"Searing Blow","floor":1},{"not_picked":["Heavy Blade","Evolve","Replay:Undeath\u0027s Touch"],"picked":"SKIP","floor":5},{"not_picked":["Perfected Strike","ReplayTheSpireMod:Strike From Hell"],"picked":"Headbutt","floor":6},{"not_picked":["Headbutt","Warcry"],"picked":"Pommel Strike","floor":8},{"not_picked":["Berserk","Fiend Fire"],"picked":"True Grit","floor":10},{"not_picked":["ReplayTheSpireMod:Strike From Hell","Rampage"],"picked":"Iron Wave","floor":11},{"not_picked":["Pommel Strike","Replay:Undeath\u0027s Touch","Blood for Blood"],"picked":"SKIP","floor":12},{"not_picked":["Dark Embrace","Fire Breathing","ReplayTheSpireMod:LeadingStrike"],"picked":"SKIP","floor":13},{"not_picked":["Anger","True Grit","Reckless Charge"],"picked":"SKIP","floor":14}],"player_experience":210490,"relics_obtained":[{"floor":2,"key":"Eternal Feather"},{"floor":6,"key":"Strawberry"},{"floor":8,"key":"Replay:Bandana"},{"floor":9,"key":"Orichalcum"},{"floor":10,"key":"Potion Belt"},{"floor":13,"key":"Gremlin Food"}],"event_choices":[{"cards_removed":["Strike_R"],"damage_healed":0,"gold_gain":0,"player_choice":"Purged","damage_taken":0,"max_hp_gain":0,"max_hp_loss":0,"event_name":"Purifier","floor":4,"gold_loss":0}],"is_beta":false,"boss_relics":[],"items_purged_floors":[3],"is_endless":false,"potions_floor_spawned":[1,6,8],"killed_by":"Hexaghost","ascension_level":1}}