{"host":"psytf3wd8ccrk52d","time":1612742882,"event":{"mods":["Astrologer","BaseMod","Better Third Choice","Colored Map","Downfall","Minty Spire (QoL Compilation)","Replay The Spire","Shade Mod","Shop Mod","Spire Arcade","StSLib","The Marked"],"gold_per_floor":[115,115,36,52,0,28,28,40,40,40,40,40,53,73,73,173,173,160,240,2,2,2,2,36,47,47,57,83,83,99,110,110,110,110],"floor_reached":33,"language":"ENG","playtime":1572,"items_purged":[],"score":290,"play_id":"dc345eb7-979d-45db-8d1f-cd9dc89750ff","local_time":"20210208000802","is_ascension_mode":false,"campfire_choices":[{"data":"theMarked:EmpowerWeapon","floor":7,"key":"SMITH"},{"data":"Enlightenment","floor":12,"key":"SMITH"},{"data":"theMarked:MuscleMemory","floor":23,"key":"SMITH"},{"floor":29,"key":"REST"},{"data":"theMarked:GodGivenPower","floor":32,"key":"SMITH"}],"circlet_count":0,"master_deck":["theMarked:Strike","theMarked:Strike","theMarked:Strike+1","theMarked:Strike+1","theMarked:Strike","theMarked:Defend","theMarked:Defend","theMarked:Defend","theMarked:Defend","theMarked:SoldierOfQuellstein","theMarked:ParalyzingBlade","theMarked:MuscleMemory+1","theMarked:GodGivenPower+1","Enlightenment+1","theMarked:EmpowerWeapon+1","theMarked:ChannelForce","White Noise+1","theMarked:Toughness","theMarked:SwordAndMagic+1","theMarked:RogueSparks","theMarked:Improvise"],"relics":["theMarked:ArtifactOfAir","NeowsBlessing","Mummified Hand","Whetstone","Blood Vial","Replay:Bronze Core","Molten Egg 2","MutagenicStrength","PreservedInsect","White Beast Statue","Strawberry"],"acts_visited":["Exordium","TheCity"],"potions_floor_usage":[16,16,24,24,27,31,33,33],"damage_taken":[{"damage":0,"enemies":"Jaw Worm","floor":1,"turns":1},{"damage":0,"enemies":"Cultist","floor":4,"turns":1},{"damage":0,"enemies":"3 Sentries","floor":6,"turns":2},{"damage":3,"enemies":"Small Slimes","floor":8,"turns":3},{"damage":19,"enemies":"Blue Slaver","floor":13,"turns":3},{"damage":11,"enemies":"Lots of Slimes","floor":14,"turns":3},{"damage":11,"enemies":"Fading Forest","floor":16,"turns":11},{"damage":26,"enemies":"2 Thieves","floor":18,"turns":4},{"damage":42,"enemies":"Gremlin Leader","floor":24,"turns":6},{"damage":0,"enemies":"Chosen","floor":25,"turns":4},{"damage":7,"enemies":"Snake Plant","floor":27,"turns":4},{"damage":16,"enemies":"Centurion and Healer","floor":30,"turns":4},{"damage":5,"enemies":"3 Cultists","floor":31,"turns":5},{"damage":50,"enemies":"Automaton","floor":33,"turns":6}],"seed_played":"2797917914340386840","potions_obtained":[{"floor":1,"key":"Reflective Coating"},{"floor":8,"key":"Swift Potion"},{"floor":13,"key":"Dexterity Potion"},{"floor":16,"key":"FearPotion"},{"floor":18,"key":"SkillPotion"},{"floor":25,"key":"Languid Potion"},{"floor":27,"key":"BlessingOfTheForge"},{"floor":30,"key":"SkillPotion"},{"floor":31,"key":"DuplicationPotion"}],"is_trial":false,"path_per_floor":["M","?","$","M","?","E","R","M","T","$","?","R","M","M","R_BF","B",null,"M","?","$","?","?","R","E","M","T","M","T","R","M","M","R_BF","B"],"character_chosen":"THE_DEFAULT","items_purchased":["theMarked:MuscleMemory","Molten Egg 2"],"campfire_rested":1,"item_purchase_floors":[3,20],"current_hp_per_floor":[70,70,70,70,76,76,76,73,73,73,52,52,35,26,19,10,76,50,50,50,50,50,50,10,12,12,7,14,38,24,21,21,0,0],"gold":110,"neow_bonus":"THREE_ENEMY_KILL","is_daily":false,"chose_seed":false,"campfire_upgraded":4,"win_rate":0.0,"timestamp":1612742882,"path_taken":["M","?","?","M","?","E","R","M","T","?","?","R","?","M","R_BF","BOSS","M","?","$","?","?","R","E","M","T","M","?","R","M","M","R_BF","BOSS"],"items_purchased_type":["Card","Relic"],"build_version":"2020-12-22","purchased_purges":0,"victory":false,"max_hp_per_floor":[70,70,70,70,76,76,76,76,76,76,76,76,76,76,76,76,76,76,76,76,76,76,76,76,76,76,76,83,83,83,83,83,83,83],"card_choices":[{"not_picked":["theMarked:Electrify","theMarked:Reabsorb"],"picked":"theMarked:ParalyzingBlade","floor":1},{"not_picked":["theMarked:TwofoldDefense","theMarked:BanishingWave"],"picked":"theMarked:GodGivenPower","floor":4},{"not_picked":["theMarked:WardOff","theMarked:Improvise"],"picked":"theMarked:EmpowerWeapon","floor":6},{"not_picked":["theMarked:Memento","theMarked:HeightenedSenses"],"picked":"theMarked:ChannelForce","floor":8},{"not_picked":["theMarked:WastefulAttack","theMarked:Polarize","theMarked:Electrify"],"picked":"SKIP","floor":13},{"not_picked":["theMarked:Frustration","theMarked:ResourceFulStrike","theMarked:Memento"],"picked":"SKIP","floor":14},{"not_picked":["theMarked:ThrowWeapon","theMarked:Challenge"],"picked":"theMarked:Toughness","floor":16},{"not_picked":["theMarked:HeightenedSenses","theMarked:Seal","theMarked:ChainLightning"],"picked":"SKIP","floor":18},{"not_picked":["theMarked:ChainLightning+1","theMarked:Reabsorb"],"picked":"theMarked:SwordAndMagic+1","floor":24},{"not_picked":["theMarked:Indomitable+1","theMarked:SwordAndMagic+1"],"picked":"theMarked:RogueSparks","floor":25},{"not_picked":["theMarked:TakeCover","theMarked:RepellingDischarge+1"],"picked":"theMarked:Improvise","floor":27},{"not_picked":["theMarked:Parkour+1","theMarked:Improvise","theMarked:EmpowerWeapon"],"picked":"SKIP","floor":30},{"not_picked":["theMarked:WardOff+1","theMarked:Pokerface","theMarked:Memento"],"picked":"SKIP","floor":31}],"player_experience":55126,"relics_obtained":[{"floor":6,"key":"Whetstone"},{"floor":24,"key":"PreservedInsect"},{"floor":26,"key":"White Beast Statue"},{"floor":28,"key":"Strawberry"}],"event_choices":[{"damage_healed":0,"gold_gain":0,"player_choice":"Gave Potion","damage_taken":0,"relics_obtained":["Mummified Hand"],"max_hp_gain":0,"max_hp_loss":0,"event_name":"WeMeetAgain","floor":2,"gold_loss":0},{"damage_healed":0,"gold_gain":0,"player_choice":"RENOUNCE","damage_taken":52,"max_hp_gain":0,"max_hp_loss":0,"event_name":"betterThird:BetterSerpent","floor":5,"gold_loss":52,"cards_obtained":["Enlightenment"]},{"damage_healed":0,"gold_gain":0,"player_choice":"Damaged","damage_taken":7,"max_hp_gain":0,"max_hp_loss":0,"event_name":"Wheel of Change","floor":15,"gold_loss":0},{"damage_healed":0,"gold_gain":0,"player_choice":"Inject Mutagens","damage_taken":0,"relics_obtained":["MutagenicStrength"],"max_hp_gain":0,"max_hp_loss":0,"event_name":"Drug Dealer","floor":22,"gold_loss":0}],"is_beta":false,"boss_relics":[{"not_picked":["Busted Crown","Honey Jar"],"picked":"Replay:Bronze Core"}],"items_purged_floors":[],"is_endless":false,"potions_floor_spawned":[1,8,13,16,18,25,27,30,31],"killed_by":"Automaton","ascension_level":0}}