{"host":"nptej036rrbiurf5","time":1612749782,"event":{"mods":["BaseMod","Colored Map","Colored Powertips","DeckTracker","Minty Spire (QoL Compilation)","StSLib","SuperFastMode"],"gold_per_floor":[114,129,147,166,186,186,214,244,281,293,305,333,70,80,80,156,156,171,184,109,109,109,109,109],"floor_reached":23,"language":"KOR","playtime":665,"items_purged":[],"score":390,"play_id":"e322a217-7b58-4534-80df-9fa3db39bc49","local_time":"20210208110302","is_ascension_mode":true,"campfire_choices":[{"floor":6.0,"key":"REST"},{"floor":11,"key":"REST"},{"data":"Apotheosis","floor":15,"key":"SMITH"}],"circlet_count":0,"master_deck":["AscendersBane","Strike_G","Strike_G","Strike_G","Strike_G","Defend_G","Defend_G","Defend_G","Defend_G","Defend_G","Survivor","Neutralize","Corpse Explosion","Deadly Poison","Well Laid Plans","Acrobatics","Dagger Throw","Concentrate","Backflip","Apotheosis+1","Wraith Form v2","PiercingWail","Catalyst","Bouncing Flask"],"relics":["Ring of the Snake","MawBank","Happy Flower","Coffee Dripper"],"acts_visited":["Exordium","TheCity"],"potions_floor_usage":[7,7,16,16,18,23],"damage_taken":[{"damage":0.0,"enemies":"Cultist","floor":1.0,"turns":4.0},{"damage":5.0,"enemies":"Jaw Worm","floor":2.0,"turns":4.0},{"damage":0.0,"enemies":"2 Louse","floor":3.0,"turns":2.0},{"damage":6.0,"enemies":"Looter","floor":4.0,"turns":4.0},{"damage":26.0,"enemies":"Exordium Thugs","floor":5.0,"turns":5.0},{"damage":23,"enemies":"3 Sentries","floor":7,"turns":5},{"damage":12,"enemies":"Gremlin Gang","floor":8,"turns":2},{"damage":6,"enemies":"Looter","floor":12,"turns":3},{"damage":1,"enemies":"Blue Slaver","floor":14,"turns":5},{"damage":14,"enemies":"The Guardian","floor":16,"turns":10},{"damage":0,"enemies":"3 Byrds","floor":18,"turns":2},{"damage":14,"enemies":"Shell Parasite","floor":19,"turns":5},{"damage":57,"enemies":"Slavers","floor":23,"turns":4}],"seed_played":"-1592261913787114267","potions_obtained":[{"floor":2.0,"key":"Swift Potion"},{"floor":3.0,"key":"Weak Potion"},{"floor":5.0,"key":"Block Potion"},{"floor":8,"key":"CunningPotion"},{"floor":10,"key":"EntropicBrew"}],"is_trial":false,"path_per_floor":["M","M","M","M","M","R","E","M","T","?","R","M","$","M","R","B",null,"M","M","?","?","?","E"],"character_chosen":"THE_SILENT","items_purchased":["Apotheosis","Wraith Form v2"],"campfire_rested":2,"item_purchase_floors":[13,13],"current_hp_per_floor":[59,54,54,48,22,41,18,6,6,6,25,19,19,18,18,4,51,51,37,37,50,50,0,0],"gold":109,"neow_bonus":"ONE_RANDOM_RARE_CARD","is_daily":false,"chose_seed":false,"campfire_upgraded":1,"win_rate":0.0,"timestamp":1612749782,"path_taken":["M","?","M","M","M","R","E","M","T","?","R","M","?","M","R","BOSS","M","M","?","?","?","E"],"items_purchased_type":["Card","Card"],"build_version":"2020-12-22","purchased_purges":0,"victory":false,"max_hp_per_floor":[66,66,66,66,66,66,66,66,66,66,66,66,66,66,66,66,66,66,66,66,66,66,66,66],"card_choices":[{"not_picked":["Outmaneuver","Finisher"],"picked":"Deadly Poison","floor":1.0},{"not_picked":["Blade Dance","Dagger Spray","Eviscerate"],"picked":"SKIP","floor":2.0},{"not_picked":["Sucker Punch","Underhanded Strike"],"picked":"Well Laid Plans","floor":3.0},{"not_picked":["Sucker Punch","Flying Knee"],"picked":"Acrobatics","floor":4.0},{"not_picked":["Cloak And Dagger","Quick Slash"],"picked":"Dagger Throw","floor":5.0},{"not_picked":["Infinite Blades","Dodge and Roll","Unload"],"picked":"SKIP","floor":7},{"not_picked":["Dodge and Roll","Skewer"],"picked":"Concentrate","floor":8},{"not_picked":["Dagger Spray","Acrobatics"],"picked":"Backflip","floor":12},{"not_picked":["Cloak And Dagger","Flying Knee"],"picked":"PiercingWail","floor":14},{"not_picked":["Prepared","Calculated Gamble"],"picked":"Catalyst","floor":18},{"not_picked":["Deadly Poison","Bane"],"picked":"Bouncing Flask","floor":19}],"player_experience":907401,"relics_obtained":[{"floor":7,"key":"MawBank"},{"floor":9,"key":"Happy Flower"}],"event_choices":[{"damage_healed":0,"gold_gain":0,"player_choice":"Got Potions","damage_taken":0,"max_hp_gain":0,"max_hp_loss":0,"event_name":"Lab","floor":10,"gold_loss":0},{"cards_removed":["Strike_G"],"damage_healed":0,"gold_gain":0,"player_choice":"Gave Gold","damage_taken":0,"max_hp_gain":0,"max_hp_loss":0,"event_name":"Beggar","floor":20,"gold_loss":75},{"damage_healed":13,"gold_gain":0,"player_choice":"Heal","damage_taken":0,"max_hp_gain":0,"max_hp_loss":0,"event_name":"The Library","floor":21,"gold_loss":0},{"damage_healed":0,"gold_gain":0,"player_choice":"Ignored","damage_taken":0,"max_hp_gain":0,"max_hp_loss":0,"event_name":"Vampires","floor":22,"gold_loss":0}],"is_beta":false,"boss_relics":[{"not_picked":["Cursed Key","Runic Dome"],"picked":"Coffee Dripper"}],"items_purged_floors":[],"is_endless":false,"potions_floor_spawned":[2,3,5,8],"killed_by":"Slavers","ascension_level":20}}