{"host":"tetq3wi5anb97imq","time":1612811515,"event":{"mods":["BaseMod","Block Reminder","Minty Spire (QoL Compilation)","Quick Restart","StSLib","SuperFastMode"],"gold_per_floor":[117,130,130,26,36,67,67,94,94,120,120,146,146,163,163,240,240,254,283,283,283,301,301,301],"floor_reached":23,"language":"ENG","playtime":539,"items_purged":[],"score":484,"play_id":"b0e0ce12-e12c-4b49-a000-d624fe5495c3","local_time":"20210208171155","is_ascension_mode":true,"campfire_choices":[{"data":"Bane","floor":7.0,"key":"SMITH"},{"data":"Deadly Poison","floor":11.0,"key":"SMITH"},{"data":"Neutralize","floor":15.0,"key":"SMITH"}],"circlet_count":0,"master_deck":["AscendersBane","Strike_G+1","Defend_G+1","Defend_G+1","Defend_G+1","Defend_G+1","Defend_G+1","Survivor","Neutralize+1","Dagger Throw","Dagger Spray","All Out Attack","Poisoned Stab","Deadly Poison","Bane+1","Deadly Poison+1","Burst","Poisoned Stab","Deflect","After Image","Bane+1","Tools of the Trade+1","Bouncing Flask+1","Poisoned Stab","Backflip","Dodge and Roll"],"relics":["Ring of the Snake","Thread and Needle","Ginger","Ice Cream","Paper Crane","Omamori","Astrolabe","Red Mask"],"acts_visited":["Exordium","TheCity"],"potions_floor_usage":[19],"damage_taken":[{"damage":0.0,"enemies":"Small Slimes","floor":1.0,"turns":5.0},{"damage":6.0,"enemies":"Cultist","floor":2.0,"turns":5.0},{"damage":0.0,"enemies":"2 Louse","floor":5.0,"turns":2.0},{"damage":3.0,"enemies":"Gremlin Nob","floor":6.0,"turns":3.0},{"damage":8.0,"enemies":"3 Sentries","floor":8.0,"turns":6.0},{"damage":0.0,"enemies":"Gremlin Nob","floor":10.0,"turns":3.0},{"damage":16.0,"enemies":"Lagavulin","floor":12.0,"turns":6.0},{"damage":2.0,"enemies":"Looter","floor":14.0,"turns":3.0},{"damage":14.0,"enemies":"Slime Boss","floor":16.0,"turns":6.0},{"damage":2.0,"enemies":"Spheric Guardian","floor":18.0,"turns":4.0},{"damage":35,"enemies":"Masked Bandits","floor":19,"turns":4},{"damage":0,"enemies":"Chosen","floor":22,"turns":5},{"damage":45,"enemies":"Gremlin Leader","floor":23,"turns":4}],"seed_played":"7424061769791119375","potions_obtained":[{"floor":5.0,"key":"FearPotion"},{"floor":6.0,"key":"GamblersBrew"},{"floor":10.0,"key":"Explosive Potion"},{"floor":14.0,"key":"SkillPotion"},{"floor":16.0,"key":"Regen Potion"},{"floor":18.0,"key":"GhostInAJar"}],"is_trial":false,"path_per_floor":["M","M","?","$","M","E","R","E","T","E","R","E","?","M","R","B",null,"M","?","?","?","M","E"],"character_chosen":"THE_SILENT","items_purchased":["All Out Attack","Poisoned Stab"],"campfire_rested":0,"item_purchase_floors":[4,4],"current_hp_per_floor":[71,65,65,65,65,62,62,54,54,54,54,38,38,36,36,22,64,74,39,39,39,39,0,0],"gold":301,"neow_bonus":"TWENTY_PERCENT_HP_BONUS","is_daily":false,"chose_seed":false,"campfire_upgraded":3,"win_rate":0.0,"timestamp":1612811515,"path_taken":["M","M","?","$","M","E","R","E","T","E","R","E","?","?","R","BOSS","M","?","?","?","M","E"],"items_purchased_type":["Card","Card"],"build_version":"2020-12-22","purchased_purges":0,"victory":false,"max_hp_per_floor":[78,78,78,78,78,78,78,78,78,78,78,78,78,78,78,78,78,78,78,78,78,78,78,78],"card_choices":[{"not_picked":["Quick Slash","Outmaneuver"],"picked":"Dagger Throw","floor":1.0},{"not_picked":["PiercingWail","Skewer"],"picked":"Dagger Spray","floor":2.0},{"not_picked":["Endless Agony","Setup"],"picked":"Deadly Poison","floor":5.0},{"not_picked":["Acrobatics","Skewer"],"picked":"Bane","floor":6.0},{"not_picked":["Doppelganger","Concentrate"],"picked":"Deadly Poison","floor":8.0},{"not_picked":["Accuracy","Quick Slash"],"picked":"Burst","floor":10.0},{"not_picked":["Bane","Dagger Throw"],"picked":"Poisoned Stab","floor":12.0},{"not_picked":["Sucker Punch","Bane"],"picked":"Deflect","floor":14.0},{"not_picked":["Malaise","Wraith Form v2"],"picked":"After Image","floor":16.0},{"not_picked":["Flechettes","Acrobatics"],"picked":"Poisoned Stab","floor":18.0},{"not_picked":["Riddle With Holes","Underhanded Strike"],"picked":"Backflip","floor":19},{"not_picked":["Poisoned Stab","Choke"],"picked":"Dodge and Roll","floor":22}],"player_experience":1650854,"relics_obtained":[{"floor":6.0,"key":"Thread and Needle"},{"floor":8.0,"key":"Ginger"},{"floor":9.0,"key":"Ice Cream"},{"floor":10.0,"key":"Paper Crane"},{"floor":12.0,"key":"Omamori"},{"floor":19,"key":"Red Mask"}],"event_choices":[{"cards_removed":["Normality"],"damage_healed":0.0,"max_hp_gain":0.0,"max_hp_loss":0.0,"gold_gain":0.0,"event_name":"Living Wall","player_choice":"Forget","floor":3.0,"gold_loss":0.0,"damage_taken":0.0},{"cards_removed":["Strike_G"],"damage_healed":0.0,"max_hp_gain":0.0,"max_hp_loss":0.0,"gold_gain":0.0,"event_name":"Wheel of Change","player_choice":"Card Removal","floor":13.0,"gold_loss":0.0,"damage_taken":0.0},{"damage_healed":0,"gold_gain":0,"player_choice":"Fought Bandits","damage_taken":0,"max_hp_gain":0,"max_hp_loss":0,"event_name":"Masked Bandits","floor":19,"gold_loss":0},{"damage_healed":0,"gold_gain":0,"player_choice":"Ignored","damage_taken":0,"max_hp_gain":0,"max_hp_loss":0,"event_name":"Vampires","floor":20,"gold_loss":0},{"damage_healed":0,"gold_gain":0,"player_choice":"Simplicity","damage_taken":0,"max_hp_gain":0,"max_hp_loss":0,"event_name":"Back to Basics","floor":21,"gold_loss":0,"cards_upgraded":["Strike_G","Defend_G","Defend_G","Defend_G","Defend_G","Defend_G"]}],"is_beta":false,"boss_relics":[{"not_picked":["Coffee Dripper","Fusion Hammer"],"picked":"Astrolabe"}],"items_purged_floors":[],"is_endless":false,"potions_floor_spawned":[5,6,10,14,16,18],"killed_by":"Gremlin Leader","ascension_level":20}}