{"host":"8is2j71l4wmybkoi","time":1612778536,"event":{"mods":["AchievementEnabler","BaseMod","Colored Map","Minty Spire (QoL Compilation)","Rare Cards Sparkle","StSLib","SuperFastMode"],"gold_per_floor":[11,23,23,23,42,42,86,102,102,136,159,173,173,173,173],"floor_reached":14,"language":"KOR","playtime":427,"items_purged":[],"score":179,"play_id":"861d19ea-6f06-4f68-89cb-cec342f7fb54","local_time":"20210208190216","is_ascension_mode":true,"campfire_choices":[{"floor":6.0,"key":"REST"},{"data":"Bash","floor":13,"key":"SMITH"}],"circlet_count":0,"master_deck":["AscendersBane","Strike_R","Strike_R","Strike_R","Strike_R","Strike_R","Defend_R","Defend_R","Defend_R","Defend_R","Bash+1","Feed","Second Wind","Combust","Anger","Pommel Strike","Fire Breathing","Shrug It Off","Feed"],"relics":["Burning Blood","Golden Idol","Smiling Mask","Thread and Needle","Pantograph","Happy Flower"],"acts_visited":["Exordium"],"potions_floor_usage":[12,14],"damage_taken":[{"damage":4.0,"enemies":"Jaw Worm","floor":1.0,"turns":4.0},{"damage":0.0,"enemies":"Small Slimes","floor":2.0,"turns":4.0},{"damage":7.0,"enemies":"2 Louse","floor":5.0,"turns":3.0},{"damage":18.0,"enemies":"Gremlin Nob","floor":7.0,"turns":3.0},{"damage":7,"enemies":"Red Slaver","floor":8,"turns":3},{"damage":20,"enemies":"3 Sentries","floor":10,"turns":4},{"damage":1,"enemies":"3 Louse","floor":11,"turns":3},{"damage":33,"enemies":"Exordium Thugs","floor":12,"turns":5},{"damage":28,"enemies":"Gremlin Nob","floor":14,"turns":4}],"seed_played":"-5767731433999634341","potions_obtained":[{"floor":2.0,"key":"PowerPotion"},{"floor":5.0,"key":"HeartOfIron"},{"floor":11,"key":"GamblersBrew"}],"is_trial":false,"path_per_floor":["M","M","?","?","M","R","E","M","T","E","M","M","R","E"],"character_chosen":"IRONCLAD","items_purchased":[],"campfire_rested":1,"item_purchase_floors":[],"current_hp_per_floor":[73,81,53,35,37,62,50,49,49,35,43,22,22,0,0],"gold":173,"neow_bonus":"THREE_RARE_CARDS","is_daily":false,"chose_seed":false,"campfire_upgraded":1,"win_rate":0.0,"timestamp":1612778536,"path_taken":["M","M","?","?","M","R","E","M","T","E","M","M","R","E"],"items_purchased_type":[],"build_version":"2020-12-22","purchased_purges":0,"victory":false,"max_hp_per_floor":[78,81,81,81,84,84,84,84,84,84,87,93,93,93,93],"card_choices":[{"not_picked":["Fiend Fire","Impervious"],"picked":"Feed","floor":0.0},{"not_picked":["Twin Strike","Spot Weakness"],"picked":"Second Wind","floor":1.0},{"not_picked":["Clash","Shrug It Off"],"picked":"Combust","floor":2.0},{"not_picked":["Iron Wave","Bloodletting"],"picked":"Anger","floor":5.0},{"not_picked":["Dropkick","True Grit"],"picked":"Pommel Strike","floor":7.0},{"not_picked":["Disarm","Shrug It Off"],"picked":"Fire Breathing","floor":8},{"not_picked":["Wild Strike","Cleave"],"picked":"Shrug It Off","floor":10},{"not_picked":["Dropkick","Armaments"],"picked":"Feed","floor":11},{"not_picked":["Anger","Perfected Strike","Combust"],"picked":"SKIP","floor":12}],"player_experience":1064651,"relics_obtained":[{"floor":7.0,"key":"Thread and Needle"},{"floor":9,"key":"Pantograph"},{"floor":10,"key":"Happy Flower"}],"event_choices":[{"damage_healed":0.0,"max_hp_gain":0.0,"max_hp_loss":0.0,"gold_gain":0.0,"event_name":"Golden Idol","player_choice":"Take Damage","floor":3.0,"gold_loss":0.0,"damage_taken":28.0,"relics_obtained":["Golden Idol"]},{"damage_healed":0.0,"max_hp_gain":0.0,"max_hp_loss":0.0,"gold_gain":0.0,"event_name":"Scrap Ooze","player_choice":"Success","floor":4.0,"gold_loss":0.0,"damage_taken":18.0,"relics_obtained":["Smiling Mask"]}],"is_beta":false,"boss_relics":[],"items_purged_floors":[],"is_endless":false,"potions_floor_spawned":[2,5,11],"killed_by":"Gremlin Nob","ascension_level":15}}