{"host":"ihsge0lre3slh6sc","time":1612812771,"event":{"mods":["Act Like it!","Arknights","BaseMod","CapriCore","Highlight Path","Lobotomy","LobotomyExtend","Marisa（F雨　魔理沙）","Minty Spire (QoL Compilation)","MostiFishMod","Quick Restart","Remilia（蕾米莉亚）","Shop Mod","StSLib","TestMod","The Immortal","Waifu the Spire","WarShipGirlsR/战舰少女R mod","Yakumo Yukari mod","Youmu（魂魄妖梦）","[IsaacMod]以撒尖塔","篝火指南"],"gold_per_floor":[131,81,81,43,43,101,149,165,165,190,224,224,257,237,237,364,364,399,465,540,940,586,628,628,689,716,736,573,617,411,485,231,344,344,344,344,344,68,84,111,34,34,34,99,99,153,196,215,53,66],"floor_reached":51,"language":"ZHS","playtime":1935,"items_purged":["AT_purpleEX","AT_purpleEX","AT_purpleEX","Worldmountain_purple","MagicEyes_LaplaceDemon_purple","Human_Monster_Realm_purple","MNeedle_purple"],"score":977,"play_id":"d5b1e3c3-efb2-4431-9dc4-fe191e667c33","local_time":"20210209033251","is_ascension_mode":false,"campfire_choices":[{"data":"Mirror_Drifter_purple","floor":15,"key":"SMITH"},{"data":"RuptureOfTimeAndSpace_purple","floor":24,"key":"SMITH"},{"data":"Know_ledgeAbilityRealm_purple","floor":42,"key":"SMITH"},{"data":"Umbrella_purple","floor":45,"key":"SMITH"}],"circlet_count":0,"master_deck":["Defend_purpleEX","Defend_purpleEX+1","Observe_purple_1","Observe_purple_2","Mirror_Drifter_purple+1","Line_surface_state_purple+1","SfantasyHide_purple+1","WorldDissolvedintheRealm_purple+1","Photoelasticity_Doppler_Effect_purple+1","RuptureOfTimeAndSpace_purple+1","Shallow_ocean_purpleEX+1","Mirror_FormAndEmptin_purple","Shallow_ocean_purpleEX+1","RuptureOfTimeAndSpace_purple","Shallow_ocean_purpleEX+1","ProofOfUnderstanding_purple","Umbrella_purple+1","Know_ledgeAbilityRealm_purple+1","EighthInstrument_OneDividesIntoTwo_purple+1","RuleDissolution_purple+1","Mirror_Drifter_purple+1","Boundary_of_Extermination_purpleEX"],"relics":["Boundary_crack","Memoryfragments_purpleEX","HushsDoor","testmod-TestBox","Membership Card","GnawedLeaf","testmod-ChristmasGift","SynthV:TestCard","testmod-Justice","War Paint","Pear","ChiXiaoBlade","Prayer Wheel","testmod-TheFather","Akabeko","LetterFromLob","testmod-LifeArmor","Anchor","Shuriken","Smiling Mask","HandDrill","Toxic Egg 2","Antimatter_spacedebris","RhineCircuit","BFFS","HornCleat","Bottled Tornado","Whetstone","Dream Catcher","DianDianMeat","Technique"],"acts_visited":["Exordium","TheCity","TheBeyond"],"potions_floor_usage":[6,6,6,8,8,11,11,13,16,16,19,19,19,19,19,25,25,25,25,25,25,29,29,40,40,40,40,40,40,44],"damage_taken":[{"damage":2,"enemies":"2 Louse","floor":1,"turns":2},{"damage":24,"enemies":"Lagavulin","floor":6,"turns":7},{"damage":0,"enemies":"Small Slimes","floor":7,"turns":2},{"damage":0,"enemies":"Jaw Worm","floor":8,"turns":2},{"damage":0,"enemies":"Looter","floor":11,"turns":4},{"damage":13,"enemies":"Gremlin Nob","floor":13,"turns":2},{"damage":0,"enemies":"Hexaghost","floor":16,"turns":8},{"damage":7,"enemies":"Chosen","floor":18,"turns":4},{"damage":25,"enemies":"3 Byrds","floor":19,"turns":9},{"damage":21,"enemies":"Slavers","floor":23,"turns":2},{"damage":8,"enemies":"Book of Stabbing","floor":25,"turns":6},{"damage":0,"enemies":"3 Cultists","floor":27,"turns":1},{"damage":0,"enemies":"Snake Plant","floor":29,"turns":2},{"damage":1,"enemies":"Centurion and Healer","floor":31,"turns":3},{"damage":10,"enemies":"Champ","floor":33,"turns":7},{"damage":0,"enemies":"Orb Walker","floor":39,"turns":1},{"damage":23,"enemies":"Nemesis","floor":40,"turns":3},{"damage":0,"enemies":"Giant Head","floor":44,"turns":3},{"damage":0,"enemies":"Mind Bloom Boss Battle","floor":46,"turns":1},{"damage":0,"enemies":"Reptomancer","floor":47,"turns":2},{"damage":0,"enemies":"3 Darklings","floor":48,"turns":1},{"damage":6,"enemies":"Donu and Deca","floor":50,"turns":5}],"seed_played":"3284416624851037566","potions_obtained":[{"floor":1,"key":"Strength Potion"},{"floor":6,"key":"testmod-EscapePotion"},{"floor":8,"key":"PanachePotion"},{"floor":29,"key":"PowerPotion"},{"floor":44,"key":"DuplicationPotion"}],"is_trial":false,"path_per_floor":["M","?","?","$","?","E","M","M","T","T","M","?","E","?","R","B",null,"M","M","?","?","$","E","R","E","T","M","$","M","R","M","R","B",null,"M","?","?","$","M","E","$","R","T","E","R","?","E","M","R","B",null],"character_chosen":"Youkari","items_purchased":["WorldDissolvedintheRealm_purple","Photoelasticity_Doppler_Effect_purple","Prayer Wheel","testmod-TheFather","Shuriken","RuptureOfTimeAndSpace_purple","Smiling Mask","HandDrill","Toxic Egg 2","Antimatter_spacedebris","BFFS","HornCleat","Umbrella_purple","Know_ledgeAbilityRealm_purple","Technique","Boundary_of_Extermination_purpleEX"],"campfire_rested":0,"item_purchase_floors":[17,17,22,22,28,28,30,30,32,32,38,38,38,41,49,49],"current_hp_per_floor":[69,69,48,48,41,30,32,34,34,34,42,42,41,41,41,53,69,64,50,35,35,35,14,14,34,34,36,36,38,38,40,40,42,69,69,59,59,59,60,41,41,41,41,45,45,46,50,52,54,53],"gold":66,"neow_bonus":"REMOVE_CARD","is_daily":false,"chose_seed":false,"campfire_upgraded":4,"win_rate":0.0,"timestamp":1612812771,"path_taken":["M","?","?","$","?","E","M","M","T","?","?","?","E","?","R","BOSS","M","M","?","?","$","E","R","E","T","M","$","M","R","M","R","BOSS","M","?","?","?","?","E","$","R","T","E","R","?","E","M","R","BOSS"],"items_purchased_type":["Card","Card","Relic","Relic","Relic","Card","Relic","Relic","Relic","Relic","Relic","Relic","Card","Card","Relic","Card"],"build_version":"2020-12-22","purchased_purges":7,"victory":true,"max_hp_per_floor":[70,70,70,70,70,70,70,70,70,70,70,70,80,80,80,80,69,69,69,69,69,69,69,69,69,69,69,69,69,69,69,69,69,69,69,69,66,66,66,66,66,66,66,66,66,66,66,67,69,69],"card_choices":[{"not_picked":[],"picked":"Bomb","floor":0},{"not_picked":["ExistenceContinue_purple","PositiveMatter_Antimatter_Universe_purple"],"picked":"Mirror_Drifter_purple","floor":1},{"not_picked":["Charmbait_purple","StateErode_purple","MonsterNeedle_purple","EighthInstrument_OneDividesIntoTwo_purple"],"picked":"Line_surface_state_purple","floor":6},{"not_picked":["StateDuplicate_purple","ExistenceContinue_purple","EighthInstrument_OneDividesIntoTwo_purple","Bomb","RuptureOfTimeAndSpace_purple"],"picked":"SKIP","floor":7},{"not_picked":["DimensionStaggered_purple","Boundary_DreamRealityDamnation_purple","ContainerChange_purple","Line_surface_state_purple"],"picked":"SfantasyHide_purple","floor":8},{"not_picked":["SfantasyHide_purple","OpenedBox_purple","MeetDecomposer_purple","AdvanceAttack_purple","WatchEChange_purple"],"picked":"SKIP","floor":11},{"not_picked":["MeetDecomposer_purple","Monsters_DoubleDeathButterfly_purple","DimensionStaggered_purple","WangLiang_LineAndCurveDreams_purple"],"picked":"Worldmountain_purple","floor":13},{"not_picked":[],"picked":"MagicEyes_LaplaceDemon_purple","floor":14},{"not_picked":["Price_of_realm_purpleEX","Fancifulhole_purple","ProofOfUnderstanding_purple","Computing_the_future_purpleEX"],"picked":"Human_Monster_Realm_purple","floor":16},{"not_picked":["StateErode_purple","Worldmountain_purple+1","Realm_recovery_purpleEX","SfantasyHide_purple+1","RuleDissolution_purple"],"picked":"SKIP","floor":18},{"not_picked":["MetroBOOM_purple","WeekHit_purple","DimensionStaggered_purple","Charmbait_purple"],"picked":"RuptureOfTimeAndSpace_purple","floor":19},{"not_picked":["Boundary_LightAndDark_purple","Mirror_FourBoundary_purple+1","ExistenceContinue_purple","AdvanceAttack_purple"],"picked":"Shallow_ocean_purpleEX","floor":23},{"not_picked":["Boundary_DynamicStaticEquilibrium_purple","MonsterNeedle_purple","MeetDecomposer_purple","Price_of_realm_purpleEX"],"picked":"Mirror_FormAndEmptin_purple","floor":25},{"not_picked":["ButterflyHabitatTemple_purple","OmniscientAndOmnipotent_Monster_purple","Mirror_FourBoundary_purple","Nest_LightFlightworm_purple+1"],"picked":"Shallow_ocean_purpleEX+1","floor":27},{"not_picked":["ButterflyHabitatTemple_purple","WeekHit_purple+1","Worldmountain_purple","SfantasyHide_purple"],"picked":"MNeedle_purple","floor":27},{"not_picked":["SfantasyHide_purple","Mirror_FormAndEmptin_purple","Boundary_DreamRealityDamnation_purple","PurpleNeedle_purple","Boundary_LightAndDark_purple+1"],"picked":"SKIP","floor":29},{"not_picked":["OpenedBox_purple+1","PositiveMatter_Antimatter_Universe_purple","Boundary_DreamRealityDamnation_purple+1","CommonSense_AntiCommonSense_purple+1","Charmbait_purple"],"picked":"SKIP","floor":29},{"not_picked":["MetroBOOM_purple","Realm_recovery_purpleEX","ExistenceContinue_purple+1","WorldDissolvedintheRealm_purple+1"],"picked":"Shallow_ocean_purpleEX+1","floor":31},{"not_picked":["MonsterNeedle_purple+1","Mirror_FormAndEmptin_purple","RuleDissolution_purple+1","Boundary_ObjectiveBoundary_purple","OpenedBox_purple"],"picked":"SKIP","floor":31},{"not_picked":["ContainerChange_purple","WangLiang_OokamiKakushi_purple","GluttonyofRealm_purpleEX","Human_Monster_Realm_purple+1"],"picked":"ProofOfUnderstanding_purple","floor":33},{"not_picked":["AdvanceAttack_purple","RuleDissolution_purple+1","Shallow_ocean_purpleEX+1","SharpContractionReality_purple","Bait_Toxicbait_purple+1"],"picked":"SKIP","floor":39},{"not_picked":["Realm_recovery_purpleEX+1","Worldmountain_purple","GluttonyofRealm_purpleEX","ExistenceContinue_purple","DimensionStaggered_purple+1"],"picked":"SKIP","floor":39},{"not_picked":["Line_surface_state_purple+1","Charmbait_purple","RuleDissolution_purple+1","Realm_recovery_purpleEX+1","Boundary_LightAndDark_purple+1"],"picked":"SKIP","floor":40},{"not_picked":["Boundary_DynamicStaticEquilibrium_purple+1","Umbrella_purple+1","DimensionStaggered_purple+1","ExistenceContinue_purple+1"],"picked":"EighthInstrument_OneDividesIntoTwo_purple+1","floor":44},{"not_picked":["ExistenceContinue_purple+1","Monsters_DoubleDeathButterfly_purple","StateDuplicate_purple+1","Line_surface_state_purple+1"],"picked":"RuleDissolution_purple+1","floor":46},{"not_picked":["Boundary_LightAndDark_purple+1","WingOfChimera_purple+1","RuptureOfTimeAndSpace_purple+1","WatchEChange_purple+1","MonsterNeedle_purple+1"],"picked":"SKIP","floor":47},{"not_picked":["SfantasyHide_purple+1","Umbrella_purple+1","Mirror_FormAndEmptin_purple+1","Photoelasticity_Doppler_Effect_purple"],"picked":"Mirror_Drifter_purple+1","floor":48},{"not_picked":["MeetDecomposer_purple+1","DarkRealmRedLine_purple+1","Umbrella_purple+1","D_absorption_purple+1","Mirror_WaveAndshot_purple+1"],"picked":"SKIP","floor":48}],"player_experience":829052,"relics_obtained":[{"floor":1,"key":"SynthV:TestCard"},{"floor":6,"key":"testmod-Justice"},{"floor":10,"key":"War Paint"},{"floor":13,"key":"Pear"},{"floor":23,"key":"Akabeko"},{"floor":23,"key":"LetterFromLob"},{"floor":25,"key":"testmod-LifeArmor"},{"floor":26,"key":"Anchor"},{"floor":40,"key":"Bottled Tornado"},{"floor":43,"key":"Whetstone"},{"floor":44,"key":"Dream Catcher"},{"floor":46,"key":"DianDianMeat"}],"event_choices":[{"cards_removed":["Defend_purpleEX"],"damage_healed":0,"gold_gain":0,"player_choice":"Card Removal","damage_taken":0,"max_hp_gain":0,"max_hp_loss":0,"event_name":"The Cleric","floor":2,"gold_loss":50},{"cards_removed":["Defend_purpleEX"],"damage_healed":0,"gold_gain":0,"player_choice":"Card Removal","damage_taken":7,"max_hp_gain":0,"max_hp_loss":0,"event_name":"Golden Wing","floor":5,"gold_loss":0},{"damage_healed":0,"gold_gain":400,"player_choice":"Sell","damage_taken":0,"max_hp_gain":0,"max_hp_loss":0,"event_name":"恩洛斯的盘子","floor":21,"relics_lost":["DaveBox"],"gold_loss":0},{"damage_healed":0,"gold_gain":0,"player_choice":"Memory 3","damage_taken":10,"max_hp_gain":0,"max_hp_loss":0,"event_name":"SensoryStone","floor":36,"gold_loss":0},{"damage_healed":0,"gold_gain":0,"player_choice":"Max HP","damage_taken":0,"max_hp_gain":0,"max_hp_loss":3,"event_name":"Winding Halls","floor":37,"gold_loss":0},{"damage_healed":0,"gold_gain":0,"player_choice":"Fight","damage_taken":0,"max_hp_gain":0,"max_hp_loss":0,"event_name":"MindBloom","floor":46,"gold_loss":0}],"is_beta":false,"boss_relics":[{"not_picked":["RhineFirstAidKit","Pandora\u0027s Box"],"picked":"ChiXiaoBlade"},{"not_picked":[]},{"not_picked":["testmod-IncinerationGenerator","testmod-CardMagician"],"picked":"RhineCircuit"},{"not_picked":[]}],"items_purged_floors":[4,17,22,30,32,38,49],"is_endless":false,"potions_floor_spawned":[1,6,8,16,18,27,29,33,39,40,44,48],"ascension_level":0}}