{"host":"TheHustler","time":1612807560,"event":{"mods":["BaseMod","Block Reminder","Colored Map","Colored Powertips","Minty Spire (QoL Compilation)","Quick Restart","StSLib","SuperFastMode","Unceasing Turn Reminder"],"gold_per_floor":[109,14,14,31,43,43,68,86,86,104,130,141,141,175,175,175,175],"floor_reached":16,"language":"ENG","playtime":282,"items_purged":[],"score":112,"play_id":"00c86fc3-dbe8-46a9-a961-17439f1906c5","local_time":"20210208190600","is_ascension_mode":false,"campfire_choices":[{"data":"Beam Cell","floor":6,"key":"SMITH"},{"floor":13,"key":"REST"},{"floor":15,"key":"REST"}],"circlet_count":0,"master_deck":["Strike_B","Strike_B","Strike_B","Strike_B","Defend_B","Defend_B","Defend_B","Defend_B","Zap+1","Dualcast","Static Discharge","Good Instincts","Beam Cell+1","Core Surge","White Noise","Rip and Tear","Go for the Eyes","Cold Snap","Glacier"],"relics":["Cracked Core","NeowsBlessing","Smiling Mask","Kunai","Odd Mushroom","Pocketwatch"],"acts_visited":["Exordium"],"potions_floor_usage":[16],"damage_taken":[{"damage":0,"enemies":"Jaw Worm","floor":1,"turns":1},{"damage":0,"enemies":"Cultist","floor":4,"turns":1},{"damage":0,"enemies":"Small Slimes","floor":5,"turns":1},{"damage":20,"enemies":"3 Sentries","floor":7,"turns":5},{"damage":11,"enemies":"Exordium Wildlife","floor":8,"turns":4},{"damage":9,"enemies":"3 Louse","floor":10,"turns":3},{"damage":11,"enemies":"The Mushroom Lair","floor":11,"turns":4},{"damage":10,"enemies":"2 Fungi Beasts","floor":12,"turns":4},{"damage":20,"enemies":"Gremlin Nob","floor":14,"turns":4},{"damage":40,"enemies":"Slime Boss","floor":16,"turns":6}],"seed_played":"-6298980711083601390","potions_obtained":[{"floor":1,"key":"SkillPotion"},{"floor":5,"key":"EssenceOfDarkness"},{"floor":7,"key":"AttackPotion"}],"is_trial":false,"path_per_floor":["M","$","?","M","M","R","E","M","T","M","?","M","R","E","R","B"],"character_chosen":"DEFECT","items_purchased":["Good Instincts"],"campfire_rested":2,"item_purchase_floors":[2],"current_hp_per_floor":[75,75,75,75,75,75,55,44,44,35,24,14,36,16,38,0,0],"gold":175,"neow_bonus":"THREE_ENEMY_KILL","is_daily":false,"chose_seed":false,"campfire_upgraded":1,"win_rate":0.0,"timestamp":1612807560,"path_taken":["M","$","?","M","M","R","E","M","T","?","?","M","R","E","R","BOSS"],"items_purchased_type":["Card"],"build_version":"2020-12-18","purchased_purges":0,"victory":false,"max_hp_per_floor":[75,75,75,75,75,75,75,75,75,75,75,75,75,75,75,75,75],"card_choices":[{"not_picked":["Rebound","Sweeping Beam"],"picked":"Static Discharge","floor":1},{"not_picked":["Go for the Eyes","Redo"],"picked":"Beam Cell","floor":4},{"not_picked":["Undo","Beam Cell"],"picked":"Core Surge","floor":5},{"not_picked":["Hologram","Steam Power"],"picked":"White Noise","floor":7},{"not_picked":["Recycle","Hologram"],"picked":"Rip and Tear","floor":8},{"not_picked":["Streamline","Compile Driver","Scrape"],"picked":"SKIP","floor":10},{"not_picked":["Sweeping Beam","Ball Lightning"],"picked":"Go for the Eyes","floor":11},{"not_picked":["Go for the Eyes","Tempest"],"picked":"Cold Snap","floor":12},{"not_picked":["Self Repair","Barrage"],"picked":"Glacier","floor":14}],"player_experience":668085,"relics_obtained":[{"floor":7,"key":"Smiling Mask"},{"floor":9,"key":"Kunai"},{"floor":11,"key":"Odd Mushroom"},{"floor":14,"key":"Pocketwatch"}],"event_choices":[{"damage_healed":0,"gold_gain":0,"player_choice":"Upgraded","damage_taken":0,"max_hp_gain":0,"max_hp_loss":0,"event_name":"Upgrade Shrine","floor":3,"gold_loss":0,"cards_upgraded":["Zap"]},{"damage_healed":0,"gold_gain":0,"player_choice":"Fought Mushrooms","damage_taken":0,"max_hp_gain":0,"max_hp_loss":0,"event_name":"Mushrooms","floor":11,"gold_loss":0}],"is_beta":true,"boss_relics":[],"items_purged_floors":[],"is_endless":false,"potions_floor_spawned":[1,5,7,10,12,14],"killed_by":"Slime Boss","ascension_level":0}}