{"host":"92ge7uk92o4z80va","time":1612753428,"event":{"mods":["AchievementEnabler","Act Like it!","Aspiration","BaseMod","Beaked The Cultist","Better Third Choice","BetterRewards","Conspire","Curses Come First","Evolution","Hermit","Hubris","Infinite Spire","Koishi","Lobotomy","LobotomyExtend","Marisa????????","Minty Spire (QoL Compilation)","Quick Restart","Replay The Spire","Robot Space Explorer","Spire Arcade","StSLib","The Blue Laboratory","The Bug Knight","The Runesmith","The Saiyan"],"gold_per_floor":[97,116,116,131,8,8,39,39,39,50,8,8,42,58,58,162,162,162,77,77,95,20,20,20],"floor_reached":23,"language":"ENG","playtime":996,"items_purged":["Overencumbered"],"score":247,"play_id":"ca5c931e-af8a-4bc4-bb0a-9df121549a64","local_time":"20210207220348","is_ascension_mode":false,"campfire_choices":[{"data":"Saiyan:UltraInstinct","floor":6,"key":"SMITH"},{"data":"Saiyan:ReverberatingForce","floor":8,"key":"SMITH"},{"floor":15,"key":"REST"}],"circlet_count":0,"master_deck":["Saiyan:SAIYA_Strike","Saiyan:SAIYA_Strike","Saiyan:SAIYA_Strike","Saiyan:SAIYA_Strike","Saiyan:SAIYA_Defend","Saiyan:SAIYA_Defend","Saiyan:SAIYA_Defend","Saiyan:SAIYA_Defend","Saiyan:EnergyBlast","Saiyan:KaioKen","Saiyan:RuthlessBlow","Saiyan:TurtleShell","Saiyan:Fly","Saiyan:ExpandingShockwave+1","Saiyan:RemoveWeights","Saiyan:FingerParry","Saiyan:UltraInstinct+1","Saiyan:MeteorDash","Saiyan:ReverberatingForce+1","Saiyan:SpiritSword","Saiyan:Medicine","Saiyan:CCCapsule+1","hubris:Fate","Saiyan:SuperSaiyanForm","Saiyan:Teleport","Pot Of Greed","Pot Of Greed","Pot Of Greed","Saiyan:Makankosappo"],"relics":["SaiyanSoul","SaiyanHeart","EVO:Axolotl","infinitespire:Lychee Nut","Unceasing Top","LetterFromLob","Blue Doll","conspire:TopHat","Replay:Baseball","aspiration:BeakedSkillbook","Replay:Arrowhead","Potion Belt","Grinning Jar"],"acts_visited":["Exordium","TheCity"],"potions_floor_usage":[13,13,23,23],"damage_taken":[{"damage":3,"enemies":"Small Slimes","floor":1,"turns":3},{"damage":4,"enemies":"Jaw Worm","floor":2,"turns":3},{"damage":0,"enemies":"2 Louse","floor":4,"turns":2},{"damage":16,"enemies":"Gremlin Nob","floor":7,"turns":5},{"damage":10,"enemies":"Looter","floor":10,"turns":2},{"damage":18,"enemies":"3 Sentries","floor":13,"turns":5},{"damage":0,"enemies":"Blue Slaver","floor":14,"turns":2},{"damage":0,"enemies":"Slime Boss","floor":16,"turns":3},{"damage":49,"enemies":"Shell Parasite","floor":21,"turns":12},{"damage":26,"enemies":"Slavers","floor":23,"turns":5}],"seed_played":"823123508299080601","potions_obtained":[{"floor":4,"key":"Dexterity Potion"},{"floor":7,"key":"blueLaboratory:LouseDecoction"},{"floor":10,"key":"blueLaboratory:StoneskinPotion"},{"floor":14,"key":"CultistPotion"}],"is_trial":false,"path_per_floor":["M","M","?","M","$","R","E","R","T","M","$","?","E","M","R","B",null,"M","?","T","M","?","E"],"character_chosen":"SAIYAJIN","items_purchased":["Saiyan:TurtleShell","Saiyan:Fly","Saiyan:ExpandingShockwave+1","Saiyan:MeteorDash","Saiyan:ReverberatingForce","Saiyan:CCCapsule+1"],"campfire_rested":1,"item_purchase_floors":[0,0,0,5,5,11],"current_hp_per_floor":[36,37,37,41,41,41,34,34,34,27,27,15,12,17,32,41,51,51,51,51,16,16,0,0],"gold":20,"neow_bonus":"","is_daily":false,"chose_seed":false,"campfire_upgraded":2,"win_rate":0.0,"timestamp":1612753428,"path_taken":["M","M","?","M","$","R","E","R","T","M","$","?","E","M","R","BOSS","M","?","?","M","?","E"],"items_purchased_type":["Card","Card","Card","Card","Card","Card"],"build_version":"2020-12-22","purchased_purges":1,"victory":false,"max_hp_per_floor":[46,46,46,47,47,47,50,50,50,50,50,50,51,51,51,51,51,51,51,51,52,52,56,56],"card_choices":[{"not_picked":["Saiyan:BigBangAttack","Saiyan:KameHameHa"],"picked":"Saiyan:RemoveWeights","floor":1},{"not_picked":["Saiyan:PressOn","Saiyan:Taunt"],"picked":"Saiyan:FingerParry","floor":2},{"not_picked":["Saiyan:Pacing","Saiyan:PlotArmor"],"picked":"Saiyan:UltraInstinct","floor":4},{"not_picked":["Saiyan:KameHameHa","Saiyan:BackAttack"],"picked":"Saiyan:SpiritSword","floor":7},{"not_picked":["Saiyan:ThirstForFight","Saiyan:SpiritSword"],"picked":"Saiyan:Medicine","floor":10},{"not_picked":["infinitespire:FinalStrike","infinitespire:Gouge"],"picked":"hubris:Fate","floor":12},{"not_picked":["Saiyan:SaiyanHubris","Saiyan:MeteorDash"],"picked":"Saiyan:SuperSaiyanForm","floor":13},{"not_picked":["Saiyan:Momentum","Saiyan:ExpandingShockwave"],"picked":"Saiyan:Teleport","floor":14},{"not_picked":["Saiyan:MajinSeal","Saiyan:TransfigurationBeam"],"picked":"Saiyan:SenzuBean","floor":16},{"not_picked":["Saiyan:TurtleShell","beaked:Brace+1","Saiyan:PowerUp"],"picked":"Saiyan:Makankosappo","floor":21}],"player_experience":50488,"relics_obtained":[{"floor":1,"key":"LetterFromLob"},{"floor":7,"key":"Blue Doll"},{"floor":9,"key":"conspire:TopHat"},{"floor":13,"key":"Replay:Baseball"},{"floor":20,"key":"Potion Belt"},{"floor":21,"key":"Grinning Jar"}],"event_choices":[{"damage_healed":0,"gold_gain":0,"player_choice":"Obtained Relic","damage_taken":0,"relics_obtained":["Replay:Arrowhead"],"max_hp_gain":0,"max_hp_loss":0,"event_name":"Addict","floor":19,"gold_loss":85},{"cards_removed":["Saiyan:SenzuBean"],"damage_healed":0,"gold_gain":0,"player_choice":"Gave Gold","damage_taken":0,"max_hp_gain":0,"max_hp_loss":0,"event_name":"Beggar","floor":22,"gold_loss":75}],"is_beta":false,"boss_relics":[{"not_picked":["Snecko Eye","Replay:Grab Bag"],"picked":"aspiration:BeakedSkillbook"}],"items_purged_floors":[0],"is_endless":false,"potions_floor_spawned":[4,7,10,14],"killed_by":"Slavers","ascension_level":0}}