{"host":"tkinv8gv6hgcc58b","time":1612762669,"event":{"mods":["AchievementEnabler","BaseMod","BetterRewards","Colored Map","Downfall","Googly Eyes","Hermit","Minty Spire (QoL Compilation)","Rare Cards Sparkle","Relic Filter","StSLib","The Cursed","The Disciple"],"gold_per_floor":[0,17,30,47,147,147,147,192,227,227,240,569,569,588,602,602,618,723,723,723,735,751,766,766,766,766,790,807,807,825,725,344,344,85,100,205,205,205,219,237,122,122,122,122,148,5,55,55,55,55,83,100,119,119],"floor_reached":55,"language":"ENG","playtime":5548,"items_purged":["downfall:Malfunctioning","Decay"],"score":750,"play_id":"96599404-b4ca-4f84-b1da-fe8b6d7cdb95","local_time":"20210208003749","is_ascension_mode":true,"campfire_choices":[{"data":"Mayhem","floor":1.0,"key":"SMITH"},{"floor":10.0,"key":"REST"},{"data":"champ:StrikeOfGenius","floor":20.0,"key":"SMITH"},{"floor":25.0,"key":"REST"},{"floor":29.0,"key":"RECALL"},{"floor":31.0,"key":"REST"},{"data":"champ:EnchantCrown","floor":33.0,"key":"SMITH"},{"data":"champ:StrikeOfGenius","floor":38.0,"key":"SMITH"},{"data":"champ:StanceDance","floor":43.0,"key":"SMITH"},{"data":"champ:DancingMaster","floor":49.0,"key":"SMITH"}],"circlet_count":0,"master_deck":["champ:Strike+1","champ:Strike+1","champ:Strike","champ:Defend+1","champ:Defend","champ:Defend","champ:Execute+1","champ:Taunt+1","Mayhem+1","champ:Haymaker","champ:EnGarde+1","champ:GladiatorStyle","champ:FaceSlap","champ:FlashCut","champ:ViciousMockery","champ:FocusedBerserking","champ:StrikeOfGenius+1","champ:CalledShot+1","champ:Lariat+1","champ:RapidStrikes+1","champ:SkillfulDodge+1","champ:IronFortress+1","champ:ShieldSlam+1","champ:FocusedDefense","champ:StanceDance+1","champ:EnchantCrown+1","champ:StrikeOfGenius+1","champ:StrikeOfGenius+1","champ:ShieldSigil+1","champ:CalledShot+1","champ:DancingMaster+1","champ:IronFortress+1","champ:ArenaPreparation+1","champ:DancingMaster"],"relics":["champ:ChampionCrown","Guardian:GemstoneGun","Incense Burner","champ:GladiatorsBookOfMartialProwess","Old Coin","Astrolabe","Bottled Lightning","Nunchaku","downfall:HeartBlessingRed","DollysMirror","Guardian:BottledAnomaly","champ:PowerArmor","Lee\u0027s Waffle","Whetstone","hexamod:BolsterEngine","Pantograph","Gambling Chip","FossilizedHelix","Peace Pipe","Slimebound:PreparedRelic"],"acts_visited":["Exordium","TheCity","TheBeyond"],"potions_floor_usage":[54,54,54],"damage_taken":[{"damage":27.0,"enemies":"Small Slimes","floor":2.0,"turns":5.0},{"damage":20.0,"enemies":"2 Louse","floor":3.0,"turns":3.0},{"damage":29.0,"enemies":"Jaw Worm","floor":4.0,"turns":3.0},{"damage":49.0,"enemies":"Gremlin Nob","floor":9.0,"turns":6.0},{"damage":40.0,"enemies":"Gremlin Gang","floor":11.0,"turns":5.0},{"damage":42.0,"enemies":"Lagavulin","floor":12.0,"turns":6.0},{"damage":5.0,"enemies":"Exordium Wildlife","floor":14.0,"turns":3.0},{"damage":7.0,"enemies":"Gremlin Gang","floor":15.0,"turns":4.0},{"damage":30.0,"enemies":"3 Louse","floor":17.0,"turns":3.0},{"damage":40.0,"enemies":"DF_ARCHETYPE_STREAMLINE","floor":18.0,"turns":10.0},{"damage":32.0,"enemies":"3 Byrds","floor":21.0,"turns":5.0},{"damage":43.0,"enemies":"Sentry and Sphere","floor":22.0,"turns":7.0},{"damage":19.0,"enemies":"Snake Plant","floor":23.0,"turns":4.0},{"damage":30.0,"enemies":"Cultist and Chosen","floor":28.0,"turns":3.0},{"damage":26.0,"enemies":"Centurion and Healer","floor":30.0,"turns":8.0},{"damage":6.0,"enemies":"downfall:FleeingMerchant","floor":32.0,"turns":4.0},{"damage":25.0,"enemies":"downfall:FleeingMerchant","floor":34.0,"turns":4.0},{"damage":0.0,"enemies":"Snecko","floor":35.0,"turns":4.0},{"damage":15.0,"enemies":"SI_MIRROR_ARCHETYPE","floor":36.0,"turns":7.0},{"damage":36.0,"enemies":"3 Darklings","floor":39.0,"turns":6.0},{"damage":11.0,"enemies":"3 Shapes","floor":40.0,"turns":3.0},{"damage":16.0,"enemies":"downfall:FleeingMerchant","floor":41.0,"turns":4.0},{"damage":29.0,"enemies":"downfall:FleeingMerchant","floor":47.0,"turns":5.0},{"damage":10.0,"enemies":"Giant Head","floor":51.0,"turns":6.0},{"damage":15.0,"enemies":"Spire Growth","floor":52.0,"turns":3.0},{"damage":17.0,"enemies":"4 Shapes","floor":53.0,"turns":4.0},{"damage":62,"enemies":"WA_ARCHETYPE_DIVINITY","floor":54,"turns":12}],"seed_played":"6503729553613563612","potions_obtained":[{"floor":12.0,"key":"AttackPotion"},{"floor":17.0,"key":"champ:CounterPotion"},{"floor":18.0,"key":"Energy Potion"},{"floor":22.0,"key":"Strength Potion"},{"floor":47.0,"key":"Fruit Juice"},{"floor":51.0,"key":"Regen Potion"}],"is_trial":false,"path_per_floor":["R","M","M","M","?","?","T","T","E","R","M","E","?","M","M","?","M","B",null,"R","M","M","M","?","R","T","T","M","R","M","R","$","R","$","M","B",null,"R","M","M","$","?","R","T","T","$","?","?","R","?","E","M","M","B",null],"character_chosen":"THE_CHAMP","items_purchased":["champ:EnchantCrown","DollysMirror","Guardian:BottledAnomaly","Lee\u0027s Waffle","Whetstone","hexamod:BolsterEngine","champ:DancingMaster"],"campfire_rested":3,"item_purchase_floors":[32,32,34,41,41,41,46],"current_hp_per_floor":[90,78,73,59,59,59,59,59,30,57,47,45,45,45,43,43,23,28,90,90,83,50,31,31,58,58,58,58,58,47,74,68,68,68,68,78,90,90,64,63,97,97,97,97,97,97,88,88,88,88,95,95,88,55],"gold":119,"neow_bonus":"RANDOM_COLORLESS_2","is_daily":false,"chose_seed":false,"campfire_upgraded":6,"win_rate":0.0,"timestamp":1612762669,"path_taken":["R","M","M","M","?","?","T","T","E","R","M","E","?","?","?","?","M","BOSS","R","M","M","M","?","R","T","T","?","R","M","R","$","R","$","M","BOSS","R","M","M","$","?","R","T","T","$","?","?","R","?","E","M","M","BOSS"],"items_purchased_type":["Card","Relic","Relic","Relic","Relic","Relic","Card"],"build_version":"2020-12-22","purchased_purges":2,"victory":true,"max_hp_per_floor":[90,90,90,90,90,90,90,90,90,90,90,90,90,90,90,90,90,90,90,90,90,90,90,90,90,90,90,90,90,90,90,90,90,90,90,90,90,90,90,90,97,97,97,97,97,97,97,97,97,97,102,102,102,102],"card_choices":[{"not_picked":["Sadistic Nature","Panache"],"picked":"Mayhem","floor":0.0},{"not_picked":["champ:CrownThrow","champ:TornadoPunch"],"picked":"champ:BerserkersShout","floor":2.0},{"not_picked":["champ:Circumvent","champ:AdrenalArmor"],"picked":"champ:Haymaker","floor":3.0},{"not_picked":["champ:FanOfKnives","champ:AdrenalArmor"],"picked":"champ:Backstep","floor":4.0},{"not_picked":["champ:FalseCounter","champ:BladeFlurry"],"picked":"champ:EnGarde","floor":9.0},{"not_picked":["champ:FalseCounter","champ:Haymaker"],"picked":"champ:GladiatorStyle","floor":11.0},{"not_picked":["champ:Shatter","champ:GutPunch"],"picked":"champ:FaceSlap","floor":12.0},{"not_picked":["champ:SwordThrow","champ:EnragedBash"],"picked":"champ:FlashCut","floor":14.0},{"not_picked":["champ:FalseCounter","champ:ShieldSigil"],"picked":"champ:ViciousMockery","floor":15.0},{"not_picked":["champ:DefensiveShout","champ:FanOfKnives"],"picked":"champ:FocusedBerserking","floor":17.0},{"not_picked":["champ:MurderStrike","champ:TripleStrike"],"picked":"champ:StrikeOfGenius","floor":18.0},{"not_picked":["champ:CrownThrow","champ:GutPunch"],"picked":"champ:SkillfulDodge+1","floor":21.0},{"not_picked":["champ:Encircle","champ:FlashCut","champ:RecklessLeap"],"picked":"SKIP","floor":22.0},{"not_picked":["champ:EndlessRage","champ:Backstep"],"picked":"champ:IronFortress+1","floor":23.0},{"not_picked":["champ:EnGarde","champ:PreemptiveStrike"],"picked":"champ:ShieldSlam+1","floor":28.0},{"not_picked":["champ:CalledShot","champ:Parry"],"picked":"champ:FocusedDefense","floor":30.0},{"not_picked":["champ:Encircle","champ:AdrenalArmor+1"],"picked":"champ:StanceDance","floor":32.0},{"not_picked":["champ:CrownThrow","champ:Endure+1","champ:AdrenalArmor"],"picked":"SKIP","floor":34.0},{"not_picked":["champ:RisingSlash","champ:StanceDance","champ:EnGarde"],"picked":"SKIP","floor":35.0},{"not_picked":["champ:EnchantSword","champ:EnchantShield"],"picked":"champ:StrikeOfGenius","floor":36.0},{"not_picked":["champ:CrownThrow+1","champ:Parry","champ:Backstep+1"],"picked":"SKIP","floor":39.0},{"not_picked":["champ:AdrenalArmor","champ:ShieldSlam+1"],"picked":"champ:ShieldSigil+1","floor":40.0},{"not_picked":["champ:FlashCut+1","champ:EnGarde"],"picked":"champ:CalledShot+1","floor":41.0},{"not_picked":["champ:BringItOn","champ:ArenaPreparation+1"],"picked":"champ:IronFortress+1","floor":47.0},{"not_picked":["champ:GutPunch","champ:DeathBlow+1"],"picked":"champ:ArenaPreparation+1","floor":51.0},{"not_picked":["champ:Shatter","champ:CrownThrow"],"picked":"champ:DancingMaster","floor":52.0},{"not_picked":["champ:DeathBlow","champ:PreciseThrust","champ:ShieldSigil"],"picked":"SKIP","floor":53.0}],"player_experience":1121717,"relics_obtained":[{"floor":7.0,"key":"Guardian:GemstoneGun"},{"floor":8.0,"key":"Incense Burner"},{"floor":9.0,"key":"champ:GladiatorsBookOfMartialProwess"},{"floor":12.0,"key":"Old Coin"},{"floor":26.0,"key":"Bottled Lightning"},{"floor":27.0,"key":"Nunchaku"},{"floor":42.0,"key":"Pantograph"},{"floor":44.0,"key":"Gambling Chip"},{"floor":45.0,"key":"FossilizedHelix"},{"floor":47.0,"key":"Peace Pipe"},{"floor":51.0,"key":"Slimebound:PreparedRelic"}],"event_choices":[{"damage_healed":0.0,"max_hp_gain":0.0,"max_hp_loss":0.0,"gold_gain":0.0,"event_name":"Living Wall","player_choice":"Grow","floor":6.0,"gold_loss":0.0,"damage_taken":0.0,"cards_upgraded":["champ:Taunt"]},{"damage_healed":0.0,"max_hp_gain":0.0,"max_hp_loss":0.0,"gold_gain":0.0,"event_name":"Wheel of Change","player_choice":"Cursed","floor":24.0,"gold_loss":0.0,"damage_taken":0.0,"cards_obtained":["Decay"]},{"cards_removed":["champ:Backstep"],"damage_healed":0.0,"max_hp_gain":0.0,"max_hp_loss":0.0,"gold_gain":0.0,"event_name":"Falling","player_choice":"Removed Skill","floor":50.0,"gold_loss":0.0,"damage_taken":0.0}],"is_beta":false,"boss_relics":[{"not_picked":["SacredBark","Runic Pyramid"],"picked":"Astrolabe"},{"not_picked":["Coffee Dripper","bronze:MakeshiftBattery"],"picked":"champ:PowerArmor"}],"items_purged_floors":[32,34],"is_endless":false,"potions_floor_spawned":[12,17,18,22,23,35,36,47,51],"ascension_level":2}}