{"host":"xc18ixkpjvqrt8st","time":1612751162,"event":{"mods":["Act Like it!","BaseMod","Better Match","Better Third Choice","Conspire","Downfall","Hallownest","Hermit","Hubris","Infinite Spire","Minty Spire (QoL Compilation)","Reliquary","Replay The Spire","Robot Space Explorer","Shop Mod","Spicy Shops","Spire Arcade","StSLib","The Animator","The Edgeheg","The Jungle","The Marked","The Sage"],"gold_per_floor":[115,137,204,3,26,55,55,105,105,105,105,140,186,220,232,373,385,425,488,400,5,72,72,33,33,59,86,103,103,103,123,123,288,288,331,431,500,583,583,583],"floor_reached":39,"language":"ENG","playtime":2006,"items_purged":[],"score":656,"play_id":"31d1ea9c-1e12-4fbe-8d9d-d74b9857ad46","local_time":"20210207202602","is_ascension_mode":true,"campfire_choices":[{"floor":7,"key":"RECALL"},{"floor":10,"key":"REST"},{"floor":15,"key":"REST"},{"floor":23,"key":"REST"},{"floor":29,"key":"REST"},{"floor":32,"key":"REST"}],"circlet_count":0,"master_deck":["animator:Strike_NoGameNoLife","animator:Defend_NoGameNoLife","animator:Strike","animator:Strike","animator:Strike","animator:Defend","animator:Defend","animator:Defend","animator:DolaSchwi","animator:DolaCouronne","animator:KyokoSakura","animator:Alexander","animator:Chris","animator:Patchouli","animator:IrohaTamaki","animator:Caster","animator:IrohaTamaki","animator:WinryRockbell","Injury","animator:Konayuki","animator:EmiyaShirou","animator:ChlammyZell","animator:HigakiRinne","animator:Archer","animator:Lancer","conspire:SpireCoStock","conspire:SpireCoStock","animator:IzunaHatsuse","animator:YachiyoNanami","infinitespire:SevenWalls","animator:DolaSchwi+1","animator:FielNirvalen","animator:YunYun","animator:Envy","animator:Biyorigo","hubris:Wrath","Neutralize","animator:Boros","animator:Urushihara","hubris:Fate","animator:NagisaMomoe+1","animator:DolaCouronne+1","animator:MaesHughes"],"relics":["animator:LivingPicture","animator:TheMissingPiece","NeowsBlessing","reliquary:Boomerang","Replay:Rubber Ducky","animator:BattleDrones","Paper Frog","Golden Idol","MawBank","hubris:ScarierMask","infinitespire:ShieldingShard","HandDrill","reliquary:FerryPass","infinitespire:EvilPickle","ReplayTheSpireMod:SealedPack"],"acts_visited":["Exordium","TheCity","TheBeyond"],"potions_floor_usage":[6,8,12,16,16,19,19,22,22,33,39,39],"damage_taken":[{"damage":0,"enemies":"Small Slimes","floor":1,"turns":1},{"damage":0,"enemies":"Jaw Worm","floor":2,"turns":1},{"damage":0,"enemies":"2 Louse","floor":5,"turns":1},{"damage":9,"enemies":"3 Sentries","floor":6,"turns":6},{"damage":15,"enemies":"Lagavulin","floor":8,"turns":6},{"damage":15,"enemies":"Gremlin Nob","floor":12,"turns":5},{"damage":15,"enemies":"2 Fungi Beasts","floor":13,"turns":6},{"damage":12,"enemies":"Looter","floor":14,"turns":3},{"damage":36,"enemies":"Fading Forest","floor":16,"turns":11},{"damage":19,"enemies":"Spheric Guardian","floor":18,"turns":5},{"damage":12,"enemies":"Chosen","floor":19,"turns":6},{"damage":15,"enemies":"conspire:MimicChest","floor":22,"turns":6},{"damage":39,"enemies":"Snecko","floor":27,"turns":8},{"damage":0,"enemies":"Centurion and Healer","floor":28,"turns":3},{"damage":0,"enemies":"Sentry and Sphere","floor":31,"turns":2},{"damage":42,"enemies":"Pondfish","floor":33,"turns":14},{"damage":0,"enemies":"3 Shapes","floor":35,"turns":5},{"damage":9,"enemies":"Orb Walker","floor":37,"turns":4},{"damage":73,"enemies":"Writhing Mass","floor":38,"turns":7},{"damage":10,"enemies":"Transient","floor":39,"turns":1}],"seed_played":"-2419781713538314573","potions_obtained":[{"floor":1,"key":"Fire Potion"},{"floor":3,"key":"LifebloodPotion"},{"floor":6,"key":"SteroidPotion"},{"floor":13,"key":"bronze:BurnAndBuffPotion"},{"floor":14,"key":"sneckomod:MuddlingPotion"},{"floor":16,"key":"sneckomod:MuddlingPotion"},{"floor":18,"key":"EntropicBrew"},{"floor":27,"key":"Milkshake"},{"floor":33,"key":"Regen Potion"},{"floor":37,"key":"ColorlessPotion"},{"floor":38,"key":"PowerPotion"}],"is_trial":false,"path_per_floor":["M","M","?","$","M","E","R","E","T","R","?","E","M","M","R","B",null,"M","M","?","$","?","R","$","AVR","T","M","M","R","?","M","R","B",null,"M","?","M","M","M"],"character_chosen":"THE_ANIMATOR","items_purchased":["animator:Patchouli","animator:IrohaTamaki","infinitespire:ShieldingShard","HandDrill","animator:YachiyoNanami"],"campfire_rested":5,"item_purchase_floors":[4,4,21,21,24],"current_hp_per_floor":[66,66,66,66,67,58,58,43,43,63,63,48,33,22,42,25,68,50,38,38,38,23,43,43,43,43,8,13,34,34,35,56,14,71,71,71,64,1,0,0],"gold":583,"neow_bonus":"THREE_ENEMY_KILL","is_daily":false,"chose_seed":false,"campfire_upgraded":0,"win_rate":0.0,"timestamp":1612751162,"path_taken":["M","M","?","$","M","E","R","E","T","R","?","E","M","M","R","BOSS","M","M","?","$","?","R","?","AVR","T","M","M","R","?","?","R","BOSS","M","?","?","M","M"],"items_purchased_type":["Card","Card","Relic","Relic","Card"],"build_version":"2020-12-22","purchased_purges":0,"victory":false,"max_hp_per_floor":[66,66,66,66,67,67,67,67,67,67,67,67,67,68,68,68,68,69,69,69,69,69,69,69,69,69,69,70,70,70,71,71,71,71,71,71,71,71,71,71],"card_choices":[{"not_picked":["animator:Genos","animator:Darkness"],"picked":"animator:KyokoSakura","floor":1},{"not_picked":["animator:Verdia","animator:Emonzaemon"],"picked":"animator:Alexander","floor":2},{"not_picked":["animator:Tet","animator:Azekura"],"picked":"animator:Chris","floor":3},{"not_picked":["animator:DolaRiku","animator:SilverFang"],"picked":"animator:Jibril","floor":3},{"not_picked":["animator:MamiTomoe","animator:Darkness"],"picked":"animator:Caster","floor":5},{"not_picked":["animator:KyokoSakura","animator:OrikoMikuni"],"picked":"animator:IrohaTamaki","floor":6},{"not_picked":["animator:YuiTsuruno","animator:Scar"],"picked":"animator:WinryRockbell","floor":8},{"not_picked":["animator:MumenRider","animator:Tatsumaki"],"picked":"animator:Konayuki","floor":12},{"not_picked":["animator:Mitsurugi","animator:Melzalgald"],"picked":"animator:EmiyaShirou","floor":13},{"not_picked":["animator:Jibril","animator:DolaRiku"],"picked":"animator:ChlammyZell","floor":14},{"not_picked":["animator:Saitama","animator:Wiz"],"picked":"animator:HigakiRinne","floor":16},{"not_picked":["animator:Jibril","animator:SilverFang"],"picked":"animator:Archer","floor":18},{"not_picked":["animator:Emonzaemon","animator:Togame"],"picked":"animator:Lancer","floor":19},{"not_picked":["animator:MaesHughes","animator:Rider"],"picked":"animator:IzunaHatsuse","floor":22},{"not_picked":["animator:Scar","animator:ZankiKiguchi"],"picked":"animator:DolaSchwi+1","floor":27},{"not_picked":["animator:Tet","animator:DolaStephanie"],"picked":"animator:FielNirvalen","floor":28},{"not_picked":["animator:Berserker+1","animator:Tatsumaki"],"picked":"animator:Envy","floor":31},{"not_picked":["animator:MadokaKaname","animator:Father"],"picked":"animator:Biyorigo","floor":33},{"not_picked":["hexamod:Float","Dualcast"],"picked":"Neutralize","floor":34},{"not_picked":["animator:HomuraAkemi","animator:Greed"],"picked":"animator:Boros","floor":34},{"not_picked":["animator:MisakiNakahara","animator:Shimakaze"],"picked":"animator:Urushihara","floor":34},{"not_picked":["ReplayTheSpireMod:Black Plague","infinitespire:FinalStrike"],"picked":"hubris:Fate","floor":34},{"not_picked":["animator:Darkness","animator:YachiyoNanami+1"],"picked":"animator:NagisaMomoe+1","floor":35},{"not_picked":["animator:KyokoSakura","animator:Melzalgald"],"picked":"animator:DolaCouronne+1","floor":37},{"not_picked":["animator:Scar","animator:RoyMustang"],"picked":"animator:MaesHughes","floor":38}],"player_experience":711833,"relics_obtained":[{"floor":3,"key":"reliquary:Boomerang"},{"floor":6,"key":"Replay:Rubber Ducky"},{"floor":8,"key":"animator:BattleDrones"},{"floor":9,"key":"Paper Frog"},{"floor":12,"key":"MawBank"},{"floor":22,"key":"reliquary:FerryPass"}],"event_choices":[{"damage_healed":0,"gold_gain":0,"player_choice":"Take Wound","damage_taken":0,"relics_obtained":["Golden Idol"],"max_hp_gain":0,"max_hp_loss":0,"event_name":"Golden Idol","floor":11,"gold_loss":0,"cards_obtained":["Injury"]},{"damage_healed":0,"gold_gain":0,"player_choice":"Invest 2","damage_taken":0,"max_hp_gain":0,"max_hp_loss":0,"event_name":"conspire:Investor","floor":20,"gold_loss":0},{"damage_healed":0,"gold_gain":0,"cards_transformed":["animator:Jibril"],"player_choice":"Transformed","damage_taken":0,"max_hp_gain":0,"max_hp_loss":0,"event_name":"Transmorgrifier","floor":30,"gold_loss":0,"cards_obtained":["animator:YunYun"]},{"damage_healed":0,"gold_gain":100,"player_choice":"Pray","damage_taken":0,"max_hp_gain":0,"max_hp_loss":0,"event_name":"Golden Shrine","floor":36,"gold_loss":0}],"is_beta":false,"boss_relics":[{"not_picked":["reliquary:Craggleroot","Velvet Choker"],"picked":"hubris:ScarierMask"},{"not_picked":["Kintsugi","Runic Dome"],"picked":"ReplayTheSpireMod:SealedPack"}],"items_purged_floors":[],"is_endless":false,"potions_floor_spawned":[1,6,13,14,16,18,27,33,37,38],"killed_by":"Transient","ascension_level":2}}