{"host":"4cz9gr89nglr7k8k","time":1612803768,"event":{"mods":["BaseMod","Minty Spire (QoL Compilation)","Relic Stats","Slay-I"],"gold_per_floor":[11,11,11,11,11,11,25,41,41,41,57,72,72,103,103,194,194,219,34,34,0,0,0],"floor_reached":22,"language":"DEU","playtime":469,"items_purged":[],"score":364,"play_id":"74bb0071-0686-4dd1-b7a7-ccf8cd63cd5d","local_time":"20210208180248","is_ascension_mode":true,"campfire_choices":[{"floor":6,"key":"REST"},{"floor":10,"key":"REST"},{"data":"Demon Form","floor":13,"key":"SMITH"},{"floor":15,"key":"REST"}],"circlet_count":0,"master_deck":["AscendersBane","Strike_R","Strike_R","Defend_R","Defend_R","Bash","Carnage","Demon Form+1","Perfected Strike","Fire Breathing","Heavy Blade","Uppercut","Metallicize","Impervious","Feed","Pommel Strike+1","Juggernaut+1","Double Tap+1","Dropkick","Flex"],"relics":["Burning Blood","Golden Idol","Letter Opener","Singing Bowl","Astrolabe","Bronze Scales"],"acts_visited":["Exordium","TheCity"],"potions_floor_usage":[14,14,16,16],"damage_taken":[{"damage":7,"enemies":"Jaw Worm","floor":1,"turns":3},{"damage":15,"enemies":"Small Slimes","floor":7,"turns":3},{"damage":1,"enemies":"Cultist","floor":8,"turns":3},{"damage":7,"enemies":"3 Louse","floor":11,"turns":4},{"damage":5,"enemies":"2 Fungi Beasts","floor":12,"turns":4},{"damage":29,"enemies":"Lagavulin","floor":14,"turns":6},{"damage":49,"enemies":"Slime Boss","floor":16,"turns":7},{"damage":41,"enemies":"Shell Parasite","floor":18,"turns":6},{"damage":41,"enemies":"2 Thieves","floor":22,"turns":3}],"seed_played":"-4689134308262313661","potions_obtained":[{"floor":5,"key":"EntropicBrew"},{"floor":5,"key":"Block Potion"}],"is_trial":false,"path_per_floor":["M","?","$","?","?","R","M","M","T","R","M","M","R","E","R","B",null,"M","$","?","?","M"],"character_chosen":"IRONCLAD","items_purchased":["Bronze Scales","Flex"],"campfire_rested":3,"item_purchase_floors":[19,19],"current_hp_per_floor":[67,41,41,46,46,70,61,66,66,80,79,80,80,57,80,37,69,34,34,34,34,0,0],"gold":0,"neow_bonus":"TRANSFORM_TWO_CARDS","is_daily":false,"chose_seed":false,"campfire_upgraded":1,"win_rate":0.0,"timestamp":1612803768,"path_taken":["M","?","$","?","?","R","M","?","T","R","M","M","R","E","R","BOSS","M","$","?","?","M"],"items_purchased_type":["Relic","Card"],"build_version":"2020-12-22","purchased_purges":0,"victory":false,"max_hp_per_floor":[75,75,75,80,80,80,80,80,80,80,80,80,80,80,80,80,80,80,80,80,80,80,80],"relic_stats":{"Singing Bowl":0,"counters":[9,39],"Golden Idol":41,"Astrolabe":["Pommel Strike","Juggernaut","Double Tap"],"Bronze Scales":[9],"Letter Opener":[0],"obtain_stats":[{"Singing Bowl":14,"Golden Idol":2,"Astrolabe":17,"Bronze Scales":19,"Letter Opener":9,"Burning Blood":0},{"Singing Bowl":6,"Golden Idol":1,"Astrolabe":7,"Bronze Scales":8,"Letter Opener":3,"Burning Blood":0},{"Singing Bowl":23,"Golden Idol":3,"Astrolabe":30,"Bronze Scales":36,"Letter Opener":9,"Burning Blood":0}],"Burning Blood":48},"card_choices":[{"not_picked":["Havoc","Thunderclap"],"picked":"Perfected Strike","floor":1},{"not_picked":["Headbutt","Havoc"],"picked":"Fire Breathing","floor":7},{"not_picked":["True Grit","Pommel Strike"],"picked":"Heavy Blade","floor":8},{"not_picked":["Iron Wave","Battle Trance"],"picked":"Uppercut","floor":11},{"not_picked":["Dual Wield","Anger"],"picked":"Metallicize","floor":12},{"not_picked":["Iron Wave","Body Slam"],"picked":"Impervious","floor":14},{"not_picked":["Impervious","Demon Form"],"picked":"Feed","floor":16},{"not_picked":["Havoc","Heavy Blade"],"picked":"Dropkick","floor":18}],"player_experience":1544549,"relics_obtained":[{"floor":9,"key":"Letter Opener"},{"floor":14,"key":"Singing Bowl"}],"event_choices":[{"damage_healed":0,"gold_gain":0,"player_choice":"Take Damage","damage_taken":26,"relics_obtained":["Golden Idol"],"max_hp_gain":0,"max_hp_loss":0,"event_name":"Golden Idol","floor":2,"gold_loss":0},{"damage_healed":0,"gold_gain":0,"player_choice":"Donut","damage_taken":0,"max_hp_gain":5,"max_hp_loss":0,"event_name":"Big Fish","floor":4,"gold_loss":0},{"damage_healed":0,"gold_gain":0,"player_choice":"Got Potions","damage_taken":0,"max_hp_gain":0,"max_hp_loss":0,"event_name":"Lab","floor":5,"gold_loss":0},{"damage_healed":0,"gold_gain":0,"player_choice":"Ignored","damage_taken":0,"max_hp_gain":0,"max_hp_loss":0,"event_name":"Cursed Tome","floor":20,"gold_loss":0},{"damage_healed":0,"gold_gain":0,"player_choice":"Paid Fearfully","damage_taken":0,"max_hp_gain":0,"max_hp_loss":0,"event_name":"Masked Bandits","floor":21,"gold_loss":34}],"is_beta":false,"boss_relics":[{"not_picked":["Tiny House","Coffee Dripper"],"picked":"Astrolabe"}],"items_purged_floors":[],"is_endless":false,"potions_floor_spawned":[7,8,14],"killed_by":"2 Thieves","ascension_level":20}}