{"host":"cbu6enf2xtq4r7r3","time":1612784297,"event":{"mods":["2.2 Compatiblity","AlwaysNeverKeys","BaseMod","Better Match","Better Note","Better Sensory Stone","Better Skull","Better Third Choice","Colored Map","Colored Powertips","Defuse TimeMaze Blight","Emptier Cage","Minty Spire (QoL Compilation)","Permanent Neow","Quick Restart","Random Character Button","Relic Sorter","Reorder Act Four","Shop Mod","StSLib"],"gold_per_floor":[118,118,138,152,152,152,178,178,202,229,248,248,277,289,289,384,384,397,307,327,327,341,341,341,359,413,453,465,509,521,143,143,241,241,258,158,171,183,199,199,227,527,527,6,56,67,67,78,78,78],"floor_reached":51,"language":"ENG","playtime":2695,"items_purged":["Strike_B","Sweeping Beam","Normality"],"score":1339,"play_id":"08bebdc6-9cec-45c3-9da6-ce25fd4430d6","local_time":"20210208123817","is_ascension_mode":true,"campfire_choices":[{"data":"Zap","floor":6,"key":"SMITH"},{"data":"Conserve Battery","floor":8,"key":"SMITH"},{"data":"Creative AI","floor":15,"key":"SMITH"},{"data":"Self Repair","floor":23,"key":"SMITH"},{"data":"Leap","floor":28,"key":"SMITH"},{"data":"Chill","floor":30,"key":"SMITH"},{"data":"Coolheaded","floor":32,"key":"SMITH"},{"floor":40,"key":"DIG"},{"floor":42,"key":"DIG"},{"floor":47,"key":"DIG"},{"floor":49,"key":"DIG"}],"circlet_count":0,"master_deck":["Defend_B","Defend_B","Defend_B","Defend_B","Zap+1","Dualcast","Ball Lightning+1","Cold Snap","Conserve Battery+1","Coolheaded+1","Self Repair+1","Creative AI+1","Echo Form","Leap+1","Leap+1","Chill+1","Reinforced Body","BootSequence","Biased Cognition","Conserve Battery+1","Leap+1","Core Surge","Core Surge","Coolheaded+1","Fission+1","Skim+1","Reboot+1","Leap+1"],"relics":["Cracked Core","Cursed Key","Centennial Puzzle","Happy Flower","Shovel","Philosopher\u0027s Stone","Gremlin Horn","Blue Candle","Mercury Hourglass","Thread and Needle","MerchantsRug","Toxic Egg 2","DollysMirror","Incense Burner","Vajra","Bottled Tornado"],"acts_visited":["Exordium","TheCity","TheBeyond"],"potions_floor_usage":[7,7,22,27,41,50,50,50],"damage_taken":[{"damage":2,"enemies":"2 Louse","floor":1,"turns":2},{"damage":1,"enemies":"Jaw Worm","floor":3,"turns":3},{"damage":0,"enemies":"Small Slimes","floor":4,"turns":2},{"damage":8,"enemies":"3 Sentries","floor":7,"turns":5},{"damage":11,"enemies":"Gremlin Nob","floor":10,"turns":4},{"damage":0,"enemies":"2 Fungi Beasts","floor":11,"turns":2},{"damage":1,"enemies":"Lagavulin","floor":13,"turns":6},{"damage":1,"enemies":"Blue Slaver","floor":14,"turns":3},{"damage":0,"enemies":"Slime Boss","floor":16,"turns":7},{"damage":0,"enemies":"Chosen","floor":18,"turns":4},{"damage":16,"enemies":"Shell Parasite","floor":20,"turns":5},{"damage":3,"enemies":"Snecko","floor":22,"turns":6},{"damage":10,"enemies":"3 Cultists","floor":25,"turns":4},{"damage":59,"enemies":"Slavers","floor":27,"turns":7},{"damage":15,"enemies":"Book of Stabbing","floor":29,"turns":9},{"damage":0,"enemies":"Champ","floor":33,"turns":12},{"damage":0,"enemies":"Orb Walker","floor":35,"turns":5},{"damage":0,"enemies":"3 Shapes","floor":37,"turns":5},{"damage":0,"enemies":"3 Darklings","floor":38,"turns":5},{"damage":13,"enemies":"Sphere and 2 Shapes","floor":39,"turns":7},{"damage":26,"enemies":"Nemesis","floor":41,"turns":11},{"damage":0,"enemies":"Mind Bloom Boss Battle","floor":45,"turns":6},{"damage":0,"enemies":"Writhing Mass","floor":46,"turns":5},{"damage":14,"enemies":"3 Darklings","floor":48,"turns":5},{"damage":0,"enemies":"Awakened One","floor":50,"turns":10}],"seed_played":"823391829256490973","potions_obtained":[{"floor":3,"key":"Block Potion"},{"floor":4,"key":"EssenceOfDarkness"},{"floor":13,"key":"Regen Potion"},{"floor":16,"key":"PotionOfCapacity"},{"floor":22,"key":"Regen Potion"},{"floor":25,"key":"Block Potion"},{"floor":39,"key":"ColorlessPotion"},{"floor":41,"key":"Regen Potion"}],"is_trial":false,"path_per_floor":["M","?","M","M","?","R","E","R","T","E","M","?","E","M","R","B",null,"M","?","M","?","M","R","T","M","T","E","R","E","R","$","R","B",null,"M","$","M","M","M","R","E","R","T","$","?","M","R","M","R","B",null],"character_chosen":"DEFECT","items_purchased":["Thread and Needle","MerchantsRug","Core Surge","DollysMirror","Coolheaded+1","Fission+1"],"campfire_rested":0,"item_purchase_floors":[31,31,44,44,44,44],"current_hp_per_floor":[66,71,70,70,63,63,55,55,55,44,44,44,43,49,49,56,74,80,80,78,78,80,80,80,80,80,41,41,46,46,46,46,66,77,80,80,80,80,67,67,51,51,51,51,61,71,71,67,67,67],"gold":78,"neow_bonus":"RANDOM_COMMON_RELIC","is_daily":false,"chose_seed":false,"campfire_upgraded":7,"win_rate":0.0,"timestamp":1612784297,"path_taken":["M","?","M","M","?","R","E","R","T","E","M","?","E","M","R","BOSS","M","?","M","?","M","R","?","M","T","E","R","E","R","$","R","BOSS","M","$","M","?","M","R","E","R","T","$","?","M","R","M","R","BOSS"],"items_purchased_type":["Relic","Relic","Card","Relic","Card","Card"],"build_version":"2020-12-22","purchased_purges":3,"victory":true,"max_hp_per_floor":[75,80,80,80,80,80,80,80,80,80,80,80,80,80,80,80,80,80,80,80,80,80,80,80,80,80,80,80,80,80,80,80,80,80,80,80,80,80,80,80,80,80,80,80,80,80,80,80,80,80],"card_choices":[{"not_picked":["Sweeping Beam","Melter"],"picked":"Ball Lightning","floor":1},{"not_picked":["Recycle","Darkness"],"picked":"Cold Snap","floor":3},{"not_picked":["Buffer","Heatsinks"],"picked":"Sweeping Beam","floor":4},{"not_picked":["Compile Driver","Turbo"],"picked":"Conserve Battery","floor":7},{"not_picked":["Barrage","Reinforced Body"],"picked":"Coolheaded","floor":10},{"not_picked":["Sunder","Go for the Eyes","Redo"],"picked":"SKIP","floor":11},{"not_picked":["Turbo","Steam"],"picked":"Self Repair","floor":13},{"not_picked":["Capacitor","Lockon"],"picked":"Creative AI","floor":14},{"not_picked":["All For One","Machine Learning"],"picked":"Echo Form","floor":16},{"not_picked":["Go for the Eyes","Genetic Algorithm"],"picked":"Leap+1","floor":18},{"not_picked":["Barrage","Go for the Eyes"],"picked":"Leap","floor":20},{"not_picked":["Streamline","Static Discharge+1","Barrage"],"picked":"SKIP","floor":22},{"not_picked":["Redo","Turbo"],"picked":"Chill","floor":25},{"not_picked":["Compile Driver","Turbo"],"picked":"Reinforced Body","floor":27},{"not_picked":["Lockon+1","Cold Snap"],"picked":"BootSequence","floor":29},{"not_picked":["Hyperbeam","Multi-Cast"],"picked":"Biased Cognition","floor":33},{"not_picked":["Ball Lightning","Scrape","Cold Snap+1"],"picked":"SKIP","floor":35},{"not_picked":["Cold Snap+1","Double Energy+1"],"picked":"Conserve Battery+1","floor":37},{"not_picked":["Tempest+1","Go for the Eyes"],"picked":"Leap+1","floor":38},{"not_picked":["Hologram","Turbo","Streamline+1"],"picked":"SKIP","floor":39},{"not_picked":["Steam+1","Turbo","Streamline"],"picked":"SKIP","floor":41},{"not_picked":["BootSequence+1","Sweeping Beam"],"picked":"Skim+1","floor":45},{"not_picked":["Leap+1","Stack+1"],"picked":"Reboot+1","floor":46},{"not_picked":["Skim+1","Beam Cell+1"],"picked":"Leap+1","floor":48}],"player_experience":131499,"relics_obtained":[{"floor":7,"key":"Centennial Puzzle"},{"floor":9,"key":"Happy Flower"},{"floor":10,"key":"Shovel"},{"floor":13,"key":"Bottled Lightning"},{"floor":24,"key":"Gremlin Horn"},{"floor":26,"key":"MawBank"},{"floor":27,"key":"Blue Candle"},{"floor":29,"key":"Mercury Hourglass"},{"floor":40,"key":"Ornamental Fan"},{"floor":41,"key":"Regal Pillow"},{"floor":42,"key":"Old Coin"},{"floor":43,"key":"Toxic Egg 2"},{"floor":45,"key":"Incense Burner"},{"floor":47,"key":"Vajra"},{"floor":49,"key":"Bottled Tornado"}],"event_choices":[{"damage_healed":0,"gold_gain":0,"player_choice":"Donut","damage_taken":0,"max_hp_gain":5,"max_hp_loss":0,"event_name":"Big Fish","floor":2,"gold_loss":0},{"cards_removed":["Strike_B"],"damage_healed":0,"gold_gain":0,"player_choice":"Card Removal","damage_taken":7,"max_hp_gain":0,"max_hp_loss":0,"event_name":"Golden Wing","floor":5,"gold_loss":0},{"cards_removed":["Strike_B"],"damage_healed":0,"gold_gain":0,"player_choice":"Forget","damage_taken":0,"max_hp_gain":0,"max_hp_loss":0,"event_name":"Living Wall","floor":12,"gold_loss":0},{"cards_removed":["Strike_B"],"damage_healed":0,"gold_gain":0,"player_choice":"Upgrade and Remove","damage_taken":0,"max_hp_gain":0,"max_hp_loss":0,"event_name":"Designer","floor":19,"gold_loss":90,"cards_upgraded":["Ball Lightning"]},{"cards_removed":["Self Repair"],"damage_healed":0,"gold_gain":0,"player_choice":"Give","damage_taken":0,"max_hp_gain":0,"max_hp_loss":0,"event_name":"betterNote:BetterNote","floor":21,"gold_loss":0,"cards_obtained":["None"]},{"damage_healed":0,"gold_gain":0,"player_choice":"Fight","damage_taken":0,"max_hp_gain":0,"max_hp_loss":0,"event_name":"MindBloom","floor":45,"gold_loss":0}],"is_beta":false,"boss_relics":[{"not_picked":["Empty Cage","Runic Dome"],"picked":"Philosopher\u0027s Stone"},{"not_picked":["Astrolabe","Pandora\u0027s Box"],"picked":"Cursed Key"}],"items_purged_floors":[31,36,44],"is_endless":false,"potions_floor_spawned":[3,4,13,16,22,25,39,41,45],"ascension_level":8}}