{"host":"s8k5cflc37iwptcn","time":1612826699,"event":{"mods":["BaseMod","Minty Spire (QoL Compilation)","Relic Stats"],"gold_per_floor":[115,115,65,65,65,106,126,162,232,263,263,282,320,320,320,443,443,456,300,323,344,344,388,407,442,465,465,501,520,520,538,538,666,666,679,679,93,113,136,185,185,204,229,274,619,666,703,740,752,764,776,788,56,95,95],"floor_reached":56,"language":"ENG","playtime":3594,"items_purged":["Spot Weakness","Headbutt"],"score":1561,"play_id":"3f1c3c56-ba02-491b-aa0b-2617968d9d0f","local_time":"20210209002459","is_ascension_mode":true,"campfire_choices":[{"data":"Armaments","floor":11.0,"key":"SMITH"},{"floor":15.0,"key":"REST"},{"floor":30.0,"key":"REST"},{"floor":32.0,"key":"RECALL"},{"floor":41.0,"key":"REST"},{"floor":49.0,"key":"REST"},{"floor":52.0,"key":"REST"}],"circlet_count":0,"master_deck":["Strike_R","Strike_R","Strike_R","Strike_R","Strike_R","Defend_R","Defend_R","Defend_R","Perfected Strike","Armaments+1","Pommel Strike","Brutality","Double Tap","Rage+1","Metallicize","Rupture+1","Shrug It Off+1","Twin Strike+1","Metallicize","Reaper","Ghostly Armor","Disarm+1","Headbutt+1","Rampage+1","Rupture","Metallicize+1"],"relics":["Burning Blood","NeowsBlessing","MealTicket","Ancient Tea Set","Bottled Lightning","Orichalcum","Thread and Needle","Fusion Hammer","OrangePellets","Strawberry","Oddly Smooth Stone","PreservedInsect","Nunchaku","Busted Crown","Vajra","HandDrill","Centennial Puzzle","CeramicFish","MawBank","Paper Frog","Magic Flower","Strange Spoon","Happy Flower","Boot","Lantern"],"acts_visited":["Exordium","TheCity","TheBeyond","TheEnding"],"potions_floor_usage":[55,55,55],"damage_taken":[{"damage":0.0,"enemies":"2 Louse","floor":1.0,"turns":1.0},{"damage":0.0,"enemies":"Gremlin Nob","floor":6.0,"turns":1.0},{"damage":0.0,"enemies":"Small Slimes","floor":7.0,"turns":1.0},{"damage":30.0,"enemies":"Lagavulin","floor":8.0,"turns":5.0},{"damage":32.0,"enemies":"3 Sentries","floor":10.0,"turns":7.0},{"damage":0.0,"enemies":"Cultist","floor":12.0,"turns":2.0},{"damage":17.0,"enemies":"Lagavulin","floor":13.0,"turns":8.0},{"damage":14.0,"enemies":"The Guardian","floor":16.0,"turns":10.0},{"damage":1.0,"enemies":"Spheric Guardian","floor":18.0,"turns":3.0},{"damage":22.0,"enemies":"3 Byrds","floor":20.0,"turns":6.0},{"damage":13.0,"enemies":"Snake Plant","floor":21.0,"turns":3.0},{"damage":5.0,"enemies":"Book of Stabbing","floor":23.0,"turns":3.0},{"damage":12.0,"enemies":"Chosen and Byrds","floor":24.0,"turns":5.0},{"damage":40.0,"enemies":"Gremlin Leader","floor":25.0,"turns":8.0},{"damage":8.0,"enemies":"Slavers","floor":28.0,"turns":6.0},{"damage":5.0,"enemies":"Centurion and Healer","floor":29.0,"turns":7.0},{"damage":8.0,"enemies":"Shelled Parasite and Fungi","floor":31.0,"turns":5.0},{"damage":32.0,"enemies":"Automaton","floor":33.0,"turns":9.0},{"damage":16.0,"enemies":"3 Shapes","floor":35.0,"turns":3.0},{"damage":24.0,"enemies":"3 Darklings","floor":38.0,"turns":6.0},{"damage":44.0,"enemies":"Maw","floor":39.0,"turns":9.0},{"damage":22.0,"enemies":"Nemesis","floor":40.0,"turns":7.0},{"damage":15.0,"enemies":"4 Shapes","floor":42.0,"turns":5.0},{"damage":32.0,"enemies":"Reptomancer","floor":44.0,"turns":7.0},{"damage":3.0,"enemies":"Nemesis","floor":46.0,"turns":5.0},{"damage":43.0,"enemies":"Transient","floor":47.0,"turns":5.0},{"damage":55.0,"enemies":"Reptomancer","floor":48.0,"turns":7.0},{"damage":29.0,"enemies":"Donu and Deca","floor":50.0,"turns":9.0},{"damage":33.0,"enemies":"Shield and Spear","floor":54.0,"turns":7.0},{"damage":123,"enemies":"The Heart","floor":55,"turns":8}],"seed_played":"6803777303440855635","potions_obtained":[{"floor":1.0,"key":"LiquidMemories"},{"floor":12.0,"key":"Dexterity Potion"},{"floor":13.0,"key":"Fruit Juice"},{"floor":16.0,"key":"Energy Potion"},{"floor":20.0,"key":"Fire Potion"},{"floor":31.0,"key":"EntropicBrew"},{"floor":33.0,"key":"Explosive Potion"},{"floor":35.0,"key":"HeartOfIron"},{"floor":40.0,"key":"Block Potion"},{"floor":46.0,"key":"Weak Potion"},{"floor":47.0,"key":"LiquidBronze"},{"floor":48.0,"key":"DistilledChaos"}],"is_trial":false,"path_per_floor":["M","$","?","?","?","E","M","E","T","E","R","M","E","?","R","B",null,"M","$","M","M","?","E","M","E","T","?","E","M","R","M","R","B",null,"M","?","$","M","M","E","R","M","T","E","?","E","M","E","R","B",null,"R","$","E","B",null],"character_chosen":"IRONCLAD","items_purchased":["OrangePellets","Vajra","HandDrill","Centennial Puzzle","Ghostly Armor","CultistPotion","DistilledChaos","Strange Spoon","Rupture","Happy Flower","Boot"],"campfire_rested":5,"item_purchase_floors":[19,37,37,37,37,53,53,53,53,53,53],"current_hp_per_floor":[80,80,80,73,53,59,65,41,41,15,15,21,10,15,40,37,90,90,90,74,67,67,75,69,35,35,35,33,34,63,61,61,35,97,97,92,92,82,56,40,67,72,72,64,64,68,37,8,35,15,92,92,92,91,19],"gold":95,"neow_bonus":"THREE_ENEMY_KILL","is_daily":false,"chose_seed":false,"campfire_upgraded":1,"win_rate":0.0,"timestamp":1612826699,"path_taken":["M","$","?","?","?","E","M","E","T","E","R","M","E","?","R","BOSS","M","$","M","M","?","E","M","E","T","?","E","?","R","M","R","BOSS","M","?","$","M","M","E","R","M","T","E","?","E","M","E","R","BOSS","R","$","E","BOSS"],"items_purchased_type":["Relic","Relic","Relic","Relic","Card","Potion","Potion","Relic","Card","Relic","Relic"],"build_version":"2020-12-22","purchased_purges":2,"victory":true,"max_hp_per_floor":[80,80,80,80,80,80,80,80,80,80,80,80,80,85,85,90,90,90,90,90,90,90,97,97,97,97,97,97,97,97,97,97,97,97,97,92,92,92,92,92,92,92,92,92,92,92,92,92,92,92,92,92,92,92,92],"relic_stats":{"Happy Flower":[5],"counters":[30,168],"CeramicFish":45,"Magic Flower":[30],"PreservedInsect":320,"Orichalcum":[192],"MawBank":108,"Boot":[4],"Burning Blood":172,"OrangePellets":[7],"Strange Spoon":[4],"Nunchaku":[23],"Centennial Puzzle":[33],"Busted Crown":20,"MealTicket":0,"HandDrill":[10],"obtain_stats":[{"Lantern":54,"CeramicFish":40,"Vajra":37,"Magic Flower":48,"Ancient Tea Set":8,"Boot":53,"Burning Blood":0,"Nunchaku":28,"Centennial Puzzle":37,"Strawberry":23,"MealTicket":6,"Fusion Hammer":17,"HandDrill":37,"Paper Frog":46,"NeowsBlessing":0,"Happy Flower":53,"Golden Idol":5,"Oddly Smooth Stone":25,"Thread and Needle":13,"PreservedInsect":26,"Orichalcum":10,"MawBank":44,"OrangePellets":19,"Strange Spoon":53,"Busted Crown":34,"Bottled Lightning":9},{"Lantern":29,"CeramicFish":22,"Vajra":19,"Magic Flower":27,"Ancient Tea Set":4,"Boot":28,"Burning Blood":0,"Nunchaku":15,"Centennial Puzzle":19,"Strawberry":12,"MealTicket":2,"Fusion Hammer":8,"HandDrill":19,"Paper Frog":25,"NeowsBlessing":0,"Happy Flower":28,"Golden Idol":1,"Oddly Smooth Stone":14,"Thread and Needle":7,"PreservedInsect":14,"Orichalcum":5,"MawBank":24,"OrangePellets":9,"Strange Spoon":28,"Busted Crown":18,"Bottled Lightning":4},{"Lantern":160,"CeramicFish":115,"Vajra":93,"Magic Flower":144,"Ancient Tea Set":8,"Boot":153,"Burning Blood":0,"Nunchaku":69,"Centennial Puzzle":93,"Strawberry":50,"MealTicket":2,"Fusion Hammer":35,"HandDrill":93,"Paper Frog":132,"NeowsBlessing":0,"Happy Flower":153,"Golden Idol":1,"Oddly Smooth Stone":63,"Thread and Needle":25,"PreservedInsect":63,"Orichalcum":15,"MawBank":127,"OrangePellets":38,"Strange Spoon":153,"Busted Crown":90,"Bottled Lightning":8}]},"card_choices":[{"not_picked":["Power Through","Iron Wave"],"picked":"Perfected Strike","floor":1.0},{"not_picked":["Havoc","Blood for Blood"],"picked":"Headbutt","floor":6.0},{"not_picked":["Power Through","Dropkick"],"picked":"Armaments","floor":7.0},{"not_picked":["Clothesline","Fiend Fire"],"picked":"Spot Weakness","floor":8.0},{"not_picked":["Anger","Flex"],"picked":"Pommel Strike","floor":10.0},{"not_picked":["Sever Soul","Flex","Iron Wave"],"picked":"SKIP","floor":12.0},{"not_picked":["Seeing Red","Sentinel"],"picked":"Brutality","floor":13.0},{"not_picked":["Exhume","Immolate"],"picked":"Double Tap","floor":16.0},{"not_picked":["Rage","Thunderclap+1","Anger"],"picked":"SKIP","floor":18.0},{"not_picked":["Cleave","True Grit"],"picked":"Rage+1","floor":20.0},{"not_picked":["Spot Weakness","Body Slam"],"picked":"Metallicize","floor":21.0},{"not_picked":["Carnage","Flex","Clothesline"],"picked":"SKIP","floor":23.0},{"not_picked":["Combust","Flex","Searing Blow"],"picked":"SKIP","floor":24.0},{"not_picked":["Thunderclap","True Grit"],"picked":"Rupture+1","floor":25.0},{"not_picked":["Rupture","Juggernaut"],"picked":"Shrug It Off+1","floor":28.0},{"not_picked":["Armaments+1","Flame Barrier"],"picked":"Twin Strike+1","floor":29.0},{"not_picked":["Infernal Blade+1","Evolve"],"picked":"Metallicize","floor":31.0},{"not_picked":["Exhume","Fiend Fire"],"picked":"Reaper","floor":33.0},{"not_picked":["Sever Soul+1"],"picked":"SKIP","floor":35.0},{"not_picked":["Carnage+1"],"picked":"SKIP","floor":38.0},{"not_picked":["Heavy Blade"],"picked":"SKIP","floor":39.0},{"not_picked":[],"picked":"Disarm+1","floor":40.0},{"not_picked":["Whirlwind"],"picked":"SKIP","floor":42.0},{"not_picked":[],"picked":"Headbutt+1","floor":44.0},{"not_picked":["Pummel"],"picked":"SKIP","floor":46.0},{"not_picked":[],"picked":"Rampage+1","floor":47.0},{"not_picked":["Clash+1"],"picked":"SKIP","floor":48.0},{"not_picked":[],"picked":"Metallicize+1","floor":54.0}],"player_experience":139786,"relics_obtained":[{"floor":6.0,"key":"MealTicket"},{"floor":8.0,"key":"Ancient Tea Set"},{"floor":9.0,"key":"Bottled Lightning"},{"floor":10.0,"key":"Orichalcum"},{"floor":13.0,"key":"Thread and Needle"},{"floor":23.0,"key":"Strawberry"},{"floor":25.0,"key":"Oddly Smooth Stone"},{"floor":26.0,"key":"PreservedInsect"},{"floor":28.0,"key":"Nunchaku"},{"floor":40.0,"key":"CeramicFish"},{"floor":44.0,"key":"MawBank"},{"floor":46.0,"key":"Paper Frog"},{"floor":48.0,"key":"Magic Flower"},{"floor":54.0,"key":"Lantern"}],"event_choices":[{"cards_removed":["Bash"],"damage_healed":0.0,"max_hp_gain":0.0,"max_hp_loss":0.0,"gold_gain":0.0,"event_name":"The Cleric","player_choice":"Card Removal","floor":3.0,"gold_loss":50.0,"damage_taken":0.0},{"cards_removed":["Defend_R"],"damage_healed":0.0,"max_hp_gain":0.0,"max_hp_loss":0.0,"gold_gain":0.0,"event_name":"Golden Wing","player_choice":"Card Removal","floor":4.0,"gold_loss":0.0,"damage_taken":7.0},{"damage_healed":0.0,"max_hp_gain":0.0,"max_hp_loss":0.0,"gold_gain":0.0,"event_name":"Golden Idol","player_choice":"Take Damage","floor":5.0,"gold_loss":0.0,"damage_taken":20.0,"relics_obtained":["Golden Idol"]},{"damage_healed":0.0,"max_hp_gain":5.0,"max_hp_loss":0.0,"gold_gain":0.0,"event_name":"Big Fish","player_choice":"Donut","floor":14.0,"gold_loss":0.0,"damage_taken":0.0},{"damage_healed":0.0,"max_hp_gain":0.0,"max_hp_loss":0.0,"gold_gain":0.0,"event_name":"Vampires","player_choice":"Ignored","floor":22.0,"gold_loss":0.0,"damage_taken":0.0},{"damage_healed":0.0,"max_hp_gain":0.0,"max_hp_loss":0.0,"gold_gain":0.0,"event_name":"N\u0027loth","player_choice":"Ignored","floor":27.0,"gold_loss":0.0,"damage_taken":0.0},{"damage_healed":0.0,"max_hp_gain":0.0,"max_hp_loss":5.0,"gold_gain":0.0,"event_name":"Winding Halls","player_choice":"Max HP","floor":36.0,"gold_loss":0.0,"damage_taken":0.0},{"damage_healed":0.0,"max_hp_gain":0.0,"max_hp_loss":0.0,"gold_gain":333.0,"event_name":"The Moai Head","player_choice":"Gave Idol","floor":45.0,"relics_lost":["Golden Idol"],"gold_loss":0.0,"damage_taken":0.0}],"is_beta":false,"boss_relics":[{"not_picked":["Sozu","Runic Cube"],"picked":"Fusion Hammer"},{"not_picked":["Empty Cage","Runic Pyramid"],"picked":"Busted Crown"}],"items_purged_floors":[37,53],"is_endless":false,"potions_floor_spawned":[1,12,13,16,20,21,31,33,35,40,46,47,48],"ascension_level":3}}