{"host":"tzyzz5n7hg2ni9q2","time":1612748925,"event":{"mods":["BaseMod","Minty Spire (QoL Compilation)","Quick Restart"],"gold_per_floor":[218,236,36,36,49,49,87,98,121,121,145,145,162,174,174,174,174],"floor_reached":16,"language":"ENG","playtime":559,"items_purged":[],"score":135,"play_id":"c7a2aaeb-699a-49e0-b880-0a8bb765adc9","local_time":"20210208024845","is_ascension_mode":true,"campfire_choices":[{"data":"Cloak And Dagger","floor":6.0,"key":"SMITH"},{"floor":10.0,"key":"REST"},{"data":"Cloak And Dagger","floor":12.0,"key":"SMITH"},{"data":"Neutralize","floor":15.0,"key":"SMITH"}],"circlet_count":0,"master_deck":["Strike_G","Strike_G","Strike_G","Strike_G","Strike_G","Defend_G","Defend_G","Defend_G","Defend_G","Defend_G","Survivor","Neutralize+1","Accuracy+1","Cloak And Dagger+1","Quick Slash","Cloak And Dagger+1"],"relics":["Ring of the Snake","Boot","CeramicFish","Art of War"],"acts_visited":["Exordium"],"potions_floor_usage":[],"damage_taken":[{"damage":0.0,"enemies":"Cultist","floor":1.0,"turns":3.0},{"damage":1.0,"enemies":"Small Slimes","floor":2.0,"turns":5.0},{"damage":0.0,"enemies":"2 Louse","floor":5.0,"turns":4.0},{"damage":24.0,"enemies":"Lagavulin","floor":7.0,"turns":9.0},{"damage":3.0,"enemies":"Looter","floor":8.0,"turns":3.0},{"damage":14.0,"enemies":"Gremlin Gang","floor":11.0,"turns":5.0},{"damage":7.0,"enemies":"Exordium Thugs","floor":13.0,"turns":4.0},{"damage":2.0,"enemies":"Lots of Slimes","floor":14.0,"turns":4.0},{"damage":0,"enemies":"The Guardian","floor":16,"turns":1}],"seed_played":"6762739073601294077","potions_obtained":[{"floor":2.0,"key":"Dexterity Potion"},{"floor":7.0,"key":"Poison Potion"}],"is_trial":false,"path_per_floor":["M","M","$","?","M","R","E","M","T","R","M","R","M","M","R","B"],"character_chosen":"THE_SILENT","items_purchased":["Cloak And Dagger","Boot"],"campfire_rested":1,"item_purchase_floors":[3,3],"current_hp_per_floor":[63,62,62,62,62,62,38,35,35,56,42,42,35,33,33,33,33],"gold":174,"neow_bonus":"HUNDRED_GOLD","is_daily":false,"chose_seed":false,"campfire_upgraded":3,"win_rate":0.0,"timestamp":1612748925,"path_taken":["M","M","$","?","M","R","E","?","T","R","M","R","M","M","R","BOSS"],"items_purchased_type":["Card","Relic"],"build_version":"2020-12-22","purchased_purges":0,"victory":false,"max_hp_per_floor":[70,70,70,70,70,70,70,70,70,70,70,70,70,70,70,70,70],"card_choices":[{"not_picked":["Prepared","Expertise","Sucker Punch"],"picked":"SKIP","floor":1.0},{"not_picked":["Acrobatics","All Out Attack"],"picked":"Accuracy","floor":2.0},{"not_picked":["Slice","Tactician","Bane"],"picked":"SKIP","floor":5.0},{"not_picked":["Calculated Gamble","Predator"],"picked":"Quick Slash","floor":7.0},{"not_picked":["Acrobatics","Venomology","Deadly Poison"],"picked":"SKIP","floor":8.0},{"not_picked":["Dagger Throw","Blur"],"picked":"Cloak And Dagger","floor":11.0},{"not_picked":["Quick Slash","Caltrops","Underhanded Strike"],"picked":"SKIP","floor":13.0},{"not_picked":["PiercingWail","Acrobatics","Caltrops"],"picked":"SKIP","floor":14.0}],"player_experience":309740,"relics_obtained":[{"floor":7.0,"key":"CeramicFish"},{"floor":9.0,"key":"Art of War"}],"event_choices":[{"damage_healed":0.0,"max_hp_gain":0.0,"max_hp_loss":0.0,"gold_gain":0.0,"event_name":"Upgrade Shrine","player_choice":"Upgraded","floor":4.0,"gold_loss":0.0,"damage_taken":0.0,"cards_upgraded":["Accuracy"]}],"is_beta":false,"boss_relics":[],"items_purged_floors":[],"is_endless":false,"potions_floor_spawned":[2,7],"killed_by":"The Guardian","ascension_level":6}}