{"host":"85rg8sallz0lemh6","time":1612769169,"event":{"mods":["BaseMod","Bestiary","Colored Powertips","Highlight Path","Minty Spire (QoL Compilation)","Quick Restart"],"gold_per_floor":[111,3,3,13,13,46,46,80,151,151,151,183,198,208,208,308,308,308,308,308],"floor_reached":19,"language":"ENG","playtime":1869,"items_purged":[],"score":231,"play_id":"ad601804-abf1-481c-9b11-82d683ee2520","local_time":"20210208012609","is_ascension_mode":true,"campfire_choices":[{"data":"Dualcast","floor":7.0,"key":"SMITH"},{"data":"Zap","floor":10.0,"key":"SMITH"},{"data":"Loop","floor":15.0,"key":"SMITH"}],"circlet_count":0,"master_deck":["Strike_B","Strike_B","Strike_B","Strike_B","Defend_B","Defend_B","Defend_B","Defend_B","Zap+1","Dualcast+1","Capacitor","Melter","Conserve Battery","Echo Form","Sweeping Beam","Loop+1","Hyperbeam","Cold Snap+1"],"relics":["Cracked Core","NeowsBlessing","Dream Catcher","Strawberry","Unceasing Top","Letter Opener","Darkstone Periapt","Ectoplasm"],"acts_visited":["Exordium","TheCity"],"potions_floor_usage":[],"damage_taken":[{"damage":0.0,"enemies":"Jaw Worm","floor":1.0,"turns":1.0},{"damage":0.0,"enemies":"2 Louse","floor":4.0,"turns":1.0},{"damage":0.0,"enemies":"3 Sentries","floor":6.0,"turns":1.0},{"damage":27.0,"enemies":"Gremlin Nob","floor":8.0,"turns":4.0},{"damage":17.0,"enemies":"3 Sentries","floor":12.0,"turns":7.0},{"damage":4.0,"enemies":"Small Slimes","floor":13.0,"turns":2.0},{"damage":4.0,"enemies":"Blue Slaver","floor":14.0,"turns":3.0},{"damage":25.0,"enemies":"Slime Boss","floor":16.0,"turns":10.0},{"damage":22.0,"enemies":"Chosen","floor":18.0,"turns":5.0},{"damage":0,"enemies":"2 Thieves","floor":19,"turns":1}],"seed_played":"-6557455102131393311","potions_obtained":[{"floor":1.0,"key":"Swift Potion"},{"floor":4.0,"key":"Block Potion"},{"floor":6.0,"key":"BlessingOfTheForge"},{"floor":18.0,"key":"PotionOfCapacity"}],"is_trial":false,"path_per_floor":["M","$","?","M","?","E","R","E","T","R","?","E","M","M","R","B",null,"M","M"],"character_chosen":"DEFECT","items_purchased":["Capacitor","Melter"],"campfire_rested":0,"item_purchase_floors":[2,2],"current_hp_per_floor":[75,75,80,80,73,80,80,53,53,53,53,36,32,28,28,3,87,65,65,65],"gold":308,"neow_bonus":"THREE_ENEMY_KILL","is_daily":false,"chose_seed":false,"campfire_upgraded":3,"win_rate":0.0,"timestamp":1612769169,"path_taken":["M","$","?","M","?","E","R","E","T","R","?","E","M","M","R","BOSS","BOSS","M","M"],"items_purchased_type":["Card","Card"],"build_version":"2020-12-22","purchased_purges":0,"victory":false,"max_hp_per_floor":[75,75,80,80,80,87,87,87,87,87,87,87,87,87,87,87,87,87,87,87],"card_choices":[{"not_picked":["FTL","Stack","Coolheaded"],"picked":"SKIP","floor":1.0},{"not_picked":["Chaos","Double Energy"],"picked":"Conserve Battery","floor":4.0},{"not_picked":["Reprogram","Barrage"],"picked":"Echo Form","floor":6.0},{"not_picked":["Hologram","Scrape","Blizzard"],"picked":"SKIP","floor":8.0},{"not_picked":["Turbo","White Noise"],"picked":"Sweeping Beam","floor":12.0},{"not_picked":["Conserve Battery","Multi-Cast"],"picked":"Loop","floor":13.0},{"not_picked":["Turbo","Redo","Barrage"],"picked":"SKIP","floor":14.0},{"not_picked":["Core Surge","Fission"],"picked":"Hyperbeam","floor":16.0},{"not_picked":["Beam Cell","Undo"],"picked":"Cold Snap+1","floor":18.0}],"player_experience":80603,"relics_obtained":[{"floor":6.0,"key":"Strawberry"},{"floor":8.0,"key":"Unceasing Top"},{"floor":9.0,"key":"Letter Opener"},{"floor":12.0,"key":"Darkstone Periapt"}],"event_choices":[{"damage_healed":0.0,"max_hp_gain":5.0,"max_hp_loss":0.0,"gold_gain":0.0,"event_name":"Big Fish","player_choice":"Donut","floor":3.0,"gold_loss":0.0,"damage_taken":0.0},{"damage_healed":0.0,"max_hp_gain":0.0,"max_hp_loss":0.0,"gold_gain":0.0,"event_name":"Scrap Ooze","player_choice":"Success","floor":5.0,"gold_loss":0.0,"damage_taken":7.0,"relics_obtained":["Dream Catcher"]},{"damage_healed":0.0,"max_hp_gain":0.0,"max_hp_loss":0.0,"gold_gain":0.0,"event_name":"Liars Game","player_choice":"Ignored","floor":11.0,"gold_loss":0.0,"damage_taken":0.0}],"is_beta":false,"boss_relics":[{"not_picked":["Tiny House","Inserter"],"picked":"Ectoplasm"}],"items_purged_floors":[],"is_endless":false,"potions_floor_spawned":[1,4,6,12,14,18],"killed_by":"2 Thieves","ascension_level":2}}