{"host":"a4s27ghlnr83kbqz","time":1612785734,"event":{"mods":["AchievementEnabler","BaseMod","Colored Map","Minty Spire (QoL Compilation)","Permanent Neow","SuperFastMode"],"gold_per_floor":[112,124,69,79,99,127,139,139,139,173,173,183,154,182,182,182,182],"floor_reached":16,"language":"KOR","playtime":396,"items_purged":[],"score":248,"play_id":"d7ff12b6-aa52-4970-8f83-dfc86e60dcd4","local_time":"20210208210214","is_ascension_mode":true,"campfire_choices":[{"floor":8,"key":"REST"},{"floor":11,"key":"REST"},{"floor":15,"key":"REST"}],"circlet_count":0,"master_deck":["AscendersBane","Strike_R","Strike_R","Strike_R","Strike_R","Strike_R","Defend_R","Defend_R","Defend_R","Defend_R","Bash","Fire Breathing","Wild Strike","Uppercut","Evolve","Shrug It Off"],"relics":["Burning Blood","The Courier","Unceasing Top","Matryoshka","Pocketwatch"],"acts_visited":["Exordium"],"potions_floor_usage":[10,16,16],"damage_taken":[{"damage":7,"enemies":"Cultist","floor":1,"turns":4},{"damage":8,"enemies":"2 Louse","floor":2,"turns":3},{"damage":10,"enemies":"Small Slimes","floor":4,"turns":3},{"damage":12,"enemies":"Blue Slaver","floor":5,"turns":4},{"damage":20,"enemies":"3 Sentries","floor":6,"turns":4},{"damage":14,"enemies":"Lots of Slimes","floor":7,"turns":4},{"damage":15,"enemies":"Lagavulin","floor":10,"turns":8},{"damage":12,"enemies":"2 Fungi Beasts","floor":12,"turns":4},{"damage":9,"enemies":"Exordium Thugs","floor":13,"turns":4},{"damage":58,"enemies":"Gremlin Nob","floor":14,"turns":6},{"damage":37,"enemies":"Hexaghost","floor":16,"turns":9}],"seed_played":"8354769194461147369","potions_obtained":[{"floor":5,"key":"Energy Potion"},{"floor":7,"key":"Dexterity Potion"},{"floor":12,"key":"EssenceOfSteel"}],"is_trial":false,"path_per_floor":["M","M","$","M","M","E","M","R","T","E","R","M","M","E","R","B"],"character_chosen":"IRONCLAD","items_purchased":["PowerPotion"],"campfire_rested":3,"item_purchase_floors":[3],"current_hp_per_floor":[63,61,61,57,51,37,29,55,55,46,72,66,63,11,37,0,0],"gold":182,"neow_bonus":"TWENTY_PERCENT_HP_BONUS","is_daily":false,"chose_seed":false,"campfire_upgraded":0,"win_rate":0.0,"timestamp":1612785734,"path_taken":["M","M","?","M","M","E","M","R","T","E","R","M","M","E","R","BOSS"],"items_purchased_type":["Potion"],"build_version":"2020-12-22","purchased_purges":0,"victory":false,"max_hp_per_floor":[89,89,89,89,89,89,89,89,89,89,89,89,89,89,89,89,89],"card_choices":[{"not_picked":["Anger","Infernal Blade"],"picked":"Fire Breathing","floor":1},{"not_picked":["Shockwave","Thunderclap"],"picked":"Wild Strike","floor":2},{"not_picked":["Pommel Strike","Twin Strike"],"picked":"Uppercut","floor":4},{"not_picked":["Wild Strike","Seeing Red"],"picked":"Evolve","floor":5},{"not_picked":["Flex","Ghostly Armor"],"picked":"Shrug It Off","floor":6},{"not_picked":["Limit Break","Sword Boomerang","Evolve"],"picked":"SKIP","floor":7},{"not_picked":["Perfected Strike","Metallicize","True Grit"],"picked":"SKIP","floor":10},{"not_picked":["Rupture","Infernal Blade","Flex"],"picked":"SKIP","floor":12},{"not_picked":["Metallicize","Body Slam","Uppercut"],"picked":"SKIP","floor":13},{"not_picked":["Twin Strike","Combust","Exhume"],"picked":"SKIP","floor":14}],"player_experience":1122708,"relics_obtained":[{"floor":6,"key":"The Courier"},{"floor":9,"key":"Unceasing Top"},{"floor":10,"key":"Matryoshka"},{"floor":14,"key":"Pocketwatch"}],"event_choices":[],"is_beta":false,"boss_relics":[],"items_purged_floors":[],"is_endless":false,"potions_floor_spawned":[5,7,12,14],"killed_by":"Hexaghost","ascension_level":20}}