{"host":"dn2xyj3kd3d9cfyb","time":1612771961,"event":{"mods":["BaseMod","Conspire","Hero for Fun","Hubris","Marisa£®ÏF”Í°°ƒß¿Ì…≥£©","Minty Spire (QoL Compilation)","Remilia£®¿Ÿ√◊¿Ú—«£©","Replay The Spire","Shop Mod","StSLib","The Animator","The Construct","The Cursed","The Mystic","Youmu£®ªÍ∆«—˝√Œ£©","Yuri Mod","Yuyuko"],"gold_per_floor":[114,132,132,145,162,162,179,179,179,179,210,210,228,228,228,329,379,394,394,71,85,85,115,214,248,248,248,248],"floor_reached":27,"language":"ZHS","playtime":1156,"items_purged":[],"score":359,"play_id":"267e3a94-7446-410c-b182-863e1952fdbd","local_time":"20210208161241","is_ascension_mode":true,"campfire_choices":[{"data":"construct:Boost+1","floor":6.0,"key":"SMITH"},{"data":"construct:DefenseMode","floor":8.0,"key":"SMITH"},{"data":"construct:Boost+1","floor":12.0,"key":"SMITH"},{"floor":15.0,"key":"RECALL"}],"circlet_count":0,"master_deck":["construct:Strike_Gold+1","construct:Strike_Gold","construct:Strike_Gold","construct:Strike_Gold","construct:Strike_Gold","construct:Defend_Gold","construct:Defend_Gold","construct:Defend_Gold","construct:Defend_Gold","construct:Defend_Gold","construct:AttackMode","construct:DefenseMode+2","Secret Weapon","construct:Boost+2","construct:Autoturret+1","construct:ShieldBurst+1","construct:Boost+2","construct:ForceCore+1","construct:ShieldBurst+1","construct:QuickAttack+1","construct:Forcefield+1","Secret Technique+1","construct:Rollout+1","Amnesia","construct:SpinDrive+1","construct:PhosphorStorm+1"],"relics":["construct:Cogwheel","Molten Egg 2","Toxic Egg 2","Frozen Egg 2","construct:ClockworkPhoenix","Incense Burner","hubris:Potato","hubris:TenFootPole","Replay:Grab Bag","SlaversCollar","Philosopher\u0027s Stone","Tiny House","hubris:EmptyBottle","Ring of Misfortune","Ring of Panic","hubris:MedicalManual","Pen Nib","hubris:Teleporter"],"acts_visited":["Exordium","TheCity"],"potions_floor_usage":[23,23,25],"damage_taken":[{"damage":13.0,"enemies":"2 Louse","floor":1.0,"turns":4.0},{"damage":0.0,"enemies":"Small Slimes","floor":2.0,"turns":3.0},{"damage":14.0,"enemies":"Jaw Worm","floor":4.0,"turns":4.0},{"damage":10.0,"enemies":"Red Slaver","floor":5.0,"turns":5.0},{"damage":0.0,"enemies":"Looter","floor":7.0,"turns":2.0},{"damage":3.0,"enemies":"Gremlin Nob","floor":11.0,"turns":4.0},{"damage":0.0,"enemies":"Large Slime","floor":13.0,"turns":1.0},{"damage":0.0,"enemies":"Fading Forest","floor":16.0,"turns":11.0},{"damage":12.0,"enemies":"3 Byrds","floor":18.0,"turns":2.0},{"damage":14.0,"enemies":"Chosen","floor":21.0,"turns":7.0},{"damage":19,"enemies":"Book of Stabbing","floor":23,"turns":8},{"damage":40,"enemies":"Slavers","floor":25,"turns":3},{"damage":11,"enemies":"Book of Stabbing","floor":27,"turns":3}],"seed_played":"-1278835232702341905","potions_obtained":[{"floor":2.0,"key":"SteroidPotion"},{"floor":4.0,"key":"ColorlessPotion"},{"floor":7.0,"key":"BlessingOfTheForge"},{"floor":13.0,"key":"construct:ShiftPotion"},{"floor":17.0,"key":"Energy Potion"}],"is_trial":false,"path_per_floor":["M","M","?","M","M","R","M","R","T","?","E","R","M","T","R","B",null,"M","?","$","M","?","E","?","E","T","E"],"character_chosen":"THE_CONSTRUCT_MOD","items_purchased":["hubris:EmptyBottle","Secret Technique+1"],"campfire_rested":0,"item_purchase_floors":[20,20],"current_hp_per_floor":[48,48,48,34,24,24,24,24,24,24,21,21,21,21,21,21,90,78,78,78,64,64,45,45,5,5,0,0],"gold":248,"neow_bonus":"RANDOM_COLORLESS_2","is_daily":false,"chose_seed":false,"campfire_upgraded":3,"win_rate":0.0,"timestamp":1612771961,"path_taken":["M","M","?","M","M","R","M","R","T","?","E","R","M","?","R","BOSS","M","?","$","M","?","E","?","E","T","E"],"items_purchased_type":["Relic","Card"],"build_version":"2020-12-22","purchased_purges":0,"victory":false,"max_hp_per_floor":[85,85,85,85,85,85,85,85,85,85,85,85,85,85,85,85,90,90,90,90,90,90,90,90,90,90,90,90],"card_choices":[{"not_picked":["Transmutation","HandOfGreed"],"picked":"Secret Weapon","floor":0.0},{"not_picked":["construct:Isolate+1","construct:Rollout+1"],"picked":"construct:Boost+1","floor":1.0},{"not_picked":["construct:Anticipate+1","construct:Antimatter+1"],"picked":"construct:Autoturret+1","floor":2.0},{"not_picked":["construct:Antimatter+1","construct:ShiftStrike+1","construct:Analyze+1"],"picked":"SKIP","floor":4.0},{"not_picked":["construct:HeavyBolt+1","construct:Dampening+1"],"picked":"construct:ShieldBurst+1","floor":5.0},{"not_picked":["construct:Failsafe+1","construct:SweepLaser+1","construct:HeavyBolt+1"],"picked":"SKIP","floor":7.0},{"not_picked":["construct:Anticipate+1","construct:Accumulate+1"],"picked":"construct:Boost+1","floor":11.0},{"not_picked":["construct:Anticipate+1","construct:Hazardproof+1"],"picked":"construct:ForceCore+1","floor":13.0},{"not_picked":["construct:HammerDown+1","construct:Afterburners+1"],"picked":"construct:ShieldBurst+1","floor":16.0},{"not_picked":["construct:SweepLaser+1","construct:OmegaCannon+1"],"picked":"construct:QuickAttack+1","floor":17.0},{"not_picked":["construct:HeavyBolt+1","construct:ReactiveShield+1"],"picked":"construct:Forcefield+1","floor":18.0},{"not_picked":["construct:FocusedBeam+1","construct:Backfire+1"],"picked":"construct:Rollout+1","floor":21.0},{"not_picked":["construct:SuppressiveFire+1","construct:ClusterMines+1"],"picked":"construct:SpinDrive+1","floor":23},{"not_picked":["construct:Versatility+1","construct:ModeShift+1"],"picked":"construct:PhosphorStorm+1","floor":25}],"player_experience":641174,"relics_obtained":[{"floor":9.0,"key":"Incense Burner"},{"floor":11.0,"key":"hubris:Potato"},{"floor":14.0,"key":"hubris:TenFootPole"},{"floor":22.0,"key":"Ring of Misfortune"},{"floor":22.0,"key":"Ring of Panic"},{"floor":23,"key":"hubris:MedicalManual"},{"floor":25,"key":"Pen Nib"},{"floor":26,"key":"hubris:Teleporter"}],"event_choices":[{"damage_healed":0.0,"max_hp_gain":0.0,"max_hp_loss":0.0,"gold_gain":0.0,"event_name":"Liars Game","player_choice":"Ignored","floor":3.0,"gold_loss":0.0,"damage_taken":0.0},{"damage_healed":0.0,"max_hp_gain":0.0,"max_hp_loss":0.0,"gold_gain":0.0,"event_name":"Ghosts","player_choice":"Ignored","floor":19.0,"gold_loss":0.0,"damage_taken":0.0},{"damage_healed":0,"gold_gain":99,"player_choice":"Stole From Cult","damage_taken":0,"max_hp_gain":0,"max_hp_loss":0,"event_name":"Nest","floor":24,"gold_loss":0}],"is_beta":false,"boss_relics":[{"not_picked":["Abe\u0027s Treasure","Busted Crown"],"picked":"Replay:Grab Bag"},{"not_picked":["ChewingGum","Fusion Hammer"],"picked":"SlaversCollar"},{"not_picked":["Velvet Choker","Sozu"],"picked":"Philosopher\u0027s Stone"},{"not_picked":["Astrolabe","Kintsugi"],"picked":"Tiny House"}],"items_purged_floors":[],"is_endless":false,"potions_floor_spawned":[2,4,7,13],"killed_by":"Book of Stabbing","ascension_level":2}}