{"host":"xj1vcaj0kpg926bu","time":1612765921,"event":{"mods":["2.2 Compatiblity","Act Like it!","BaseMod","Duelist Mod","Friendly Minions","Hallownest","Minty Spire (QoL Compilation)","StSLib","The Animator"],"gold_per_floor":[264,289,289,214,59,104,29,45,115,141,141,141,156,176,176,295,295,319,29,29,45,45,85,103,126,153,196,651,667,667,70,70,183,183,196,214,233,233,133,133,150,150,150,0,53,70,70,90,90,95],"floor_reached":51,"language":"ZHS","playtime":2567,"items_purged":["animator:Strike","animator:Defend"],"score":981,"play_id":"f67cc4e8-bd79-4049-86f2-d61bd40cc0be","local_time":"20210208143201","is_ascension_mode":true,"campfire_choices":[{"data":"animator:Elesis","floor":12.0,"key":"SMITH"},{"floor":15.0,"key":"REST"},{"data":"animator:Hibiki","floor":30.0,"key":"SMITH"},{"data":"1","floor":32.0,"key":"LIFT"},{"data":"2","floor":40,"key":"LIFT"},{"floor":42,"key":"REST"},{"data":"3","floor":47,"key":"LIFT"},{"floor":49,"key":"REST"}],"circlet_count":0,"master_deck":["animator:Defend_Kancolle","animator:Defend","animator:Shimakaze","animator:Elesis+2","Hallownest:skillGreenpathMap","animator:Elsword","animator:Eve","animator:IzunaHatsuse","animator:Rimuru","animator:Hibiki+1","animator:Shinoa","animator:Emonzaemon","animator:Sora"],"relics":["animator:LivingPicture","animator:TheMissingPiece","NeowsBlessing","Medical Kit","Bag of Marbles","animator:Hoodie","CloakClasp","Mark of Pain","Potion Belt","MealTicket","Girya","Ice Cream","Empty Cage","Mummified Hand","Gremlin Horn","Hallownest:StagBellRelic1","Nunchaku"],"acts_visited":["Exordium","Hallownest:Greenpath","Hallownest:CityofTears"],"potions_floor_usage":[50,50],"damage_taken":[{"damage":0.0,"enemies":"Hallownest:2_Baldur","floor":1.0,"turns":1.0},{"damage":0.0,"enemies":"Hallownest:2_Tiktiks_and_1_Crawlid","floor":2.0,"turns":2.0},{"damage":0.0,"enemies":"Hallownest:monsterMarmu","floor":3.0,"turns":1.0},{"damage":37.0,"enemies":"Hallownest:eliteCrystalGuardian","floor":6.0,"turns":7.0},{"damage":3.0,"enemies":"Hallownest:monsterHuskGuard","floor":8.0,"turns":2.0},{"damage":3.0,"enemies":"Hallownest:eliteMossKnight","floor":10.0,"turns":3.0},{"damage":2.0,"enemies":"Hallownest:monsterFoolEater","floor":13.0,"turns":2.0},{"damage":2.0,"enemies":"Hallownest:Wandering_and_Horned","floor":14.0,"turns":3.0},{"damage":2.0,"enemies":"Hallownest:BossBrokenVessel","floor":16.0,"turns":5.0},{"damage":2.0,"enemies":"Hallownest:Guard_and_Sentry","floor":18.0,"turns":4.0},{"damage":11.0,"enemies":"Hallownest:2_Mistakes","floor":21.0,"turns":4.0},{"damage":2.0,"enemies":"Hallownest:eliteSoulWarrior","floor":23.0,"turns":4.0},{"damage":2.0,"enemies":"Hallownest:Master_and_Novice","floor":24.0,"turns":3.0},{"damage":2.0,"enemies":"Hallownest:monsterShrumalOgre","floor":25.0,"turns":4.0},{"damage":25.0,"enemies":"Hallownest:eliteWatcherKnight","floor":27.0,"turns":9.0},{"damage":2.0,"enemies":"Hallownest:monsterMisterMushroom","floor":29.0,"turns":4.0},{"damage":21.0,"enemies":"Hallownest:BossGrimm","floor":33.0,"turns":7.0},{"damage":20.0,"enemies":"Hallownest:3_Siblings","floor":35.0,"turns":5.0},{"damage":5.0,"enemies":"Hallownest:Shield_Heavy","floor":36.0,"turns":5.0},{"damage":8.0,"enemies":"Hallownest:2_Wing_and_1_Kings","floor":37.0,"turns":6.0},{"damage":19,"enemies":"Hallownest:Slobbering_and_Violent","floor":41,"turns":5},{"damage":2,"enemies":"Hallownest:2_Great","floor":46,"turns":4},{"damage":3,"enemies":"Hallownest:2_Wandering_and_1_Horned","floor":48,"turns":4},{"damage":11,"enemies":"Hallownest:BossGreyPrinceZote","floor":50,"turns":4}],"seed_played":"-437464670266150265","potions_obtained":[{"floor":1.0,"key":"EssenceOfSteel"},{"floor":2.0,"key":"FairyPotion"},{"floor":10.0,"key":"DistilledChaos"},{"floor":13.0,"key":"PowerPotion"},{"floor":21.0,"key":"Strength Potion"},{"floor":23.0,"key":"Fruit Juice"},{"floor":29.0,"key":"Block Potion"},{"floor":33.0,"key":"FearPotion"},{"floor":35.0,"key":"SmokeBomb"},{"floor":41,"key":"AttackPotion"},{"floor":48,"key":"Energy Potion"}],"is_trial":false,"path_per_floor":["M","M","?","?","$","E","$","M","T","E","?","R","M","M","R","B",null,"M","$","?","M","?","E","M","M","T","E","?","M","R","$","R","B",null,"M","M","M","?","?","R","M","R","T","?","T","M","R","M","R","B",null],"character_chosen":"THE_ANIMATOR","items_purchased":["Medical Kit","animator:Hibiki","Girya","Ice Cream"],"campfire_rested":3,"item_purchase_floors":[5,19,31,31],"current_hp_per_floor":[66,66,66,66,66,29,29,26,26,23,13,13,19,17,36,34,66,64,64,64,53,53,56,54,52,52,27,27,25,25,40,40,19,71,51,46,38,38,38,38,19,40,40,40,40,38,38,35,56,45],"gold":95,"neow_bonus":"THREE_ENEMY_KILL","is_daily":false,"chose_seed":false,"campfire_upgraded":2,"win_rate":0.0,"timestamp":1612765921,"path_taken":["M","?","?","?","$","E","?","?","T","E","?","R","?","M","R","BOSS","M","$","?","M","?","E","M","M","T","E","?","M","R","$","R","BOSS","M","M","?","?","?","R","?","R","T","?","?","M","R","M","R","BOSS"],"items_purchased_type":["Relic","Card","Relic","Relic"],"build_version":"2020-12-22","purchased_purges":2,"victory":true,"max_hp_per_floor":[66,66,66,66,66,66,66,66,66,66,66,66,66,66,66,66,66,66,66,66,66,66,71,71,71,71,71,71,71,71,71,71,71,71,71,71,71,71,71,71,71,71,71,71,71,71,71,71,71,71],"card_choices":[{"not_picked":["animator:Benimaru","animator:ZankiKiguchi","animator:Genos"],"picked":"SKIP","floor":1.0},{"not_picked":["animator:Souei","animator:Priestess"],"picked":"animator:Elesis","floor":2.0},{"not_picked":["animator:Kaijin","animator:Chris"],"picked":"animator:Elsword","floor":6.0},{"not_picked":["animator:Rena","animator:Ara"],"picked":"animator:Eve","floor":8.0},{"not_picked":["animator:Priestess","animator:ChlammyZell"],"picked":"animator:IzunaHatsuse","floor":10.0},{"not_picked":["animator:Ciel","animator:Vanir","animator:Laby"],"picked":"SKIP","floor":13.0},{"not_picked":["animator:Ciel","animator:Vanir","animator:Laby"],"picked":"SKIP","floor":13.0},{"not_picked":["animator:Nanami","animator:FeridBathory","animator:HighElfArcher"],"picked":"SKIP","floor":14.0},{"not_picked":["animator:Hans","animator:Shiro"],"picked":"animator:Rimuru","floor":16.0},{"not_picked":["animator:Mikaela","animator:Ciel+1"],"picked":"animator:Shinoa","floor":21.0},{"not_picked":["animator:Laby+1","animator:SilverFang","animator:Hitei"],"picked":"SKIP","floor":23.0},{"not_picked":["animator:IzunaHatsuse","animator:GuildGirl+1","animator:Darkness"],"picked":"SKIP","floor":24.0},{"not_picked":["animator:Aisha+1","animator:Witch","animator:Shigure"],"picked":"SKIP","floor":27.0},{"not_picked":["animator:Genos+1","animator:ChlammyZell"],"picked":"animator:Emonzaemon","floor":29.0},{"not_picked":["animator:Guren","animator:Hans"],"picked":"animator:Sora","floor":33.0},{"not_picked":["animator:Add+1","animator:Mitsurugi","animator:CowGirl"],"picked":"SKIP","floor":35.0},{"not_picked":["animator:Konayuki+1","animator:Spearman+1","animator:Vanir+1"],"picked":"SKIP","floor":37.0},{"not_picked":["animator:Vesta","animator:Yoichi","animator:Hitei+1"],"picked":"SKIP","floor":41},{"not_picked":["animator:Verdia+1","animator:LizardPriest","animator:Tatsumaki"],"picked":"SKIP","floor":46}],"player_experience":689014,"relics_obtained":[{"floor":6.0,"key":"Bag of Marbles"},{"floor":9.0,"key":"animator:Hoodie"},{"floor":10.0,"key":"CloakClasp"},{"floor":23.0,"key":"Potion Belt"},{"floor":27.0,"key":"MealTicket"},{"floor":43,"key":"Gremlin Horn"},{"floor":45,"key":"Nunchaku"}],"event_choices":[],"is_beta":false,"boss_relics":[{"not_picked":["Calling Bell","animator:CursedBlade"],"picked":"Mark of Pain"},{"not_picked":["Tiny House","Sozu"],"picked":"Empty Cage"}],"items_purged_floors":[7,19],"is_endless":false,"potions_floor_spawned":[1,2,10,13,21,23,29,33,35,41,48],"ascension_level":1}}