{"host":"f6w7z8zvb0mi4wy9","time":1612808096,"event":{"mods":["BaseMod","Colored Map","Minty Spire (QoL Compilation)","READ ME - Guardian Mod","StSLib","SuperFastMode","The Jungle"],"gold_per_floor":[117,292,319,6,26,55,55,385,410,439,439,473,473,128,128,226,226,241,5,105,105,4,34,34,69,69,17,32,61,61,92,92,196,196,212,228,149,168,168,200,211,211,211,177,177,187,212,223,223,223,223,223,6,34,34,34],"floor_reached":55,"language":"KOR","playtime":1898,"items_purged":["Doubt"],"score":968,"play_id":"3addbc1a-ea1c-4588-b421-779882e33582","local_time":"20210209031456","is_ascension_mode":true,"campfire_choices":[{"floor":11.0,"key":"REST"},{"data":"Dualcast","floor":13.0,"key":"SMITH"},{"data":"Hologram","floor":15.0,"key":"SMITH"},{"data":"Deep Breath","floor":24.0,"key":"SMITH"},{"floor":30.0,"key":"DIG"},{"floor":32.0,"key":"RECALL"},{"floor":42.0,"key":"DIG"},{"floor":45.0,"key":"DIG"},{"floor":49.0,"key":"DIG"},{"data":"Seek","floor":52.0,"key":"SMITH"}],"circlet_count":0,"master_deck":["Strike_B","Defend_B+1","Defend_B+1","Defend_B","Defend_B","Zap+1","Dualcast+1","Hologram+1","Beam Cell+1","Ball Lightning+1","Skim","Steam","Swift Strike+1","Machine Learning","Sweeping Beam+1","Deep Breath+1","Gash+1","Go for the Eyes+1","Self Repair+1","Streamline+1","FTL+1","Gash+1","Seek+1","Steam","Go for the Eyes+1","FTL+1","Reboot","Go for the Eyes+1","FTL+1","Hologram+1","Beam Cell+1","Beam Cell+1"],"relics":["Cracked Core","Molten Egg 2","Incense Burner","Old Coin","Omamori","Potion Belt","Juzu Bracelet","Kunai","Empty Cage","TheAbacus","Lantern","Bottled Flame","Shovel","Bird Faced Urn","Vajra","Bag of Marbles","Coffee Dripper","Oddly Smooth Stone","Du-Vu Doll","Orichalcum","Ice Cream","Ancient Tea Set","StrikeDummy","Bag of Preparation","Turnip"],"acts_visited":["Exordium","TheCity","TheBeyond","TheEnding"],"potions_floor_usage":[55,55,55,55,55],"damage_taken":[{"damage":6.0,"enemies":"Jaw Worm","floor":1.0,"turns":3.0},{"damage":0.0,"enemies":"Cultist","floor":5.0,"turns":3.0},{"damage":31.0,"enemies":"3 Sentries","floor":6.0,"turns":8.0},{"damage":4.0,"enemies":"Lagavulin","floor":8.0,"turns":6.0},{"damage":7.0,"enemies":"3 Sentries","floor":10.0,"turns":6.0},{"damage":2.0,"enemies":"Lagavulin","floor":12.0,"turns":6.0},{"damage":13.0,"enemies":"Hexaghost","floor":16.0,"turns":7.0},{"damage":15.0,"enemies":"2 Thieves","floor":18.0,"turns":4.0},{"damage":7.0,"enemies":"Slavers","floor":23.0,"turns":5.0},{"damage":0.0,"enemies":"Book of Stabbing","floor":25.0,"turns":4.0},{"damage":13.0,"enemies":"Shell Parasite","floor":28.0,"turns":3.0},{"damage":3.0,"enemies":"Gremlin Leader","floor":29.0,"turns":6.0},{"damage":2.0,"enemies":"Slavers","floor":31.0,"turns":4.0},{"damage":31.0,"enemies":"Collector","floor":33.0,"turns":8.0},{"damage":0.0,"enemies":"3 Shapes","floor":35.0,"turns":3.0},{"damage":0.0,"enemies":"Orb Walker","floor":36.0,"turns":3.0},{"damage":1.0,"enemies":"4 Shapes","floor":38.0,"turns":5.0},{"damage":0.0,"enemies":"Reptomancer","floor":40.0,"turns":6.0},{"damage":0.0,"enemies":"Writhing Mass","floor":41.0,"turns":5.0},{"damage":3.0,"enemies":"Maw","floor":46.0,"turns":5.0},{"damage":2.0,"enemies":"Giant Head","floor":47.0,"turns":6.0},{"damage":0.0,"enemies":"3 Darklings","floor":48.0,"turns":5.0},{"damage":20.0,"enemies":"Donu and Deca","floor":50.0,"turns":8.0},{"damage":0,"enemies":"Shield and Spear","floor":54,"turns":5},{"damage":82,"enemies":"The Heart","floor":55,"turns":8}],"seed_played":"-6446953742713048823","potions_obtained":[{"floor":1.0,"key":"Energy Potion"},{"floor":10.0,"key":"DistilledChaos"},{"floor":12.0,"key":"Swift Potion"},{"floor":23.0,"key":"GamblersBrew"},{"floor":29.0,"key":"GamblersBrew"},{"floor":35.0,"key":"Fire Potion"},{"floor":36.0,"key":"Explosive Potion"},{"floor":38.0,"key":"SpeedPotion"},{"floor":47.0,"key":"GamblersBrew"},{"floor":48.0,"key":"Block Potion"},{"floor":54,"key":"Swift Potion"}],"is_trial":false,"path_per_floor":["M","?","T","$","M","E","?","E","T","E","R","E","R","$","R","B",null,"M","$","?","?","$","E","R","E","T","$","M","E","R","E","R","B",null,"M","M","$","M","?","E","M","R","T","$","R","M","E","M","R","B",null,"R","$","E","B"],"character_chosen":"DEFECT","items_purchased":["Molten Egg 2","Swift Strike+1","Kunai","Deep Breath","TheAbacus","Gash+1","Go for the Eyes+1","Explosive Potion","FTL+1","FTL+1","Bag of Preparation","DuplicationPotion"],"campfire_rested":1,"item_purchase_floors":[4,14,14,19,19,22,22,27,37,44,53,53],"current_hp_per_floor":[69,69,69,69,69,38,23,19,19,12,34,32,32,32,32,19,75,60,60,60,60,60,53,53,63,63,63,60,67,67,75,75,56,75,75,75,75,75,75,75,75,75,75,75,75,75,75,75,75,67,75,75,75,75,0,0],"gold":34,"neow_bonus":"UPGRADE_CARD","is_daily":false,"chose_seed":false,"campfire_upgraded":4,"win_rate":0.0,"timestamp":1612808096,"path_taken":["M","?","?","$","?","E","?","E","T","E","R","E","R","?","R","BOSS","M","$","?","?","?","E","R","E","T","$","M","E","R","E","R","BOSS","M","M","$","M","?","E","M","R","T","$","R","M","E","M","R","BOSS","R","$","E","BOSS"],"items_purchased_type":["Relic","Card","Relic","Card","Relic","Card","Card","Potion","Card","Card","Relic","Potion"],"build_version":"2020-12-22","purchased_purges":1,"victory":false,"max_hp_per_floor":[75,75,75,75,75,75,75,75,75,75,75,75,75,75,75,75,75,75,75,75,75,75,75,75,75,75,75,75,75,75,75,75,75,75,75,75,75,75,75,75,75,75,75,75,75,75,75,75,75,75,75,75,75,75,75,75],"card_choices":[{"not_picked":["Heatsinks","Steam Power"],"picked":"Hologram","floor":1.0},{"not_picked":["Hello World","Undo"],"picked":"Beam Cell+1","floor":5.0},{"not_picked":["Compile Driver+1","Blizzard+1"],"picked":"Ball Lightning+1","floor":6.0},{"not_picked":["Amplify","Stack"],"picked":"Skim","floor":8.0},{"not_picked":["Compile Driver+1","Redo","Leap"],"picked":"SKIP","floor":10.0},{"not_picked":["Barrage+1","Skim"],"picked":"Steam","floor":12.0},{"not_picked":["Biased Cognition","Multi-Cast"],"picked":"Machine Learning","floor":16.0},{"not_picked":["Recycle+1","Consume"],"picked":"Sweeping Beam+1","floor":18.0},{"not_picked":["Rebound+1","Chaos"],"picked":"Self Repair+1","floor":23.0},{"not_picked":["Redo+1","Electrodynamics"],"picked":"Streamline+1","floor":25.0},{"not_picked":["Undo","Rebound+1"],"picked":"FTL+1","floor":28.0},{"not_picked":["Loop","Redo"],"picked":"Gash+1","floor":29.0},{"not_picked":["Multi-Cast","Rebound+1","Ball Lightning+1"],"picked":"SKIP","floor":31.0},{"not_picked":["Multi-Cast","Buffer"],"picked":"Seek","floor":33.0},{"not_picked":["Self Repair","Blizzard+1"],"picked":"Steam","floor":35.0},{"not_picked":["Rip and Tear+1","Turbo"],"picked":"Go for the Eyes+1","floor":36.0},{"not_picked":["Consume+1","Leap+1","Compile Driver+1"],"picked":"SKIP","floor":38.0},{"not_picked":["Streamline+1","Force Field"],"picked":"Reboot","floor":40.0},{"not_picked":["Undo+1","Conserve Battery+1"],"picked":"Go for the Eyes+1","floor":41.0},{"not_picked":["Genetic Algorithm","Glacier+1","Consume"],"picked":"SKIP","floor":46.0},{"not_picked":["Force Field","Fusion+1"],"picked":"Hologram+1","floor":47.0},{"not_picked":["Double Energy","BootSequence"],"picked":"Beam Cell+1","floor":48.0},{"not_picked":["Doom and Gloom+1","Compile Driver+1"],"picked":"Beam Cell+1","floor":54}],"player_experience":916131,"relics_obtained":[{"floor":6.0,"key":"Incense Burner"},{"floor":8.0,"key":"Old Coin"},{"floor":9.0,"key":"Omamori"},{"floor":10.0,"key":"Potion Belt"},{"floor":12.0,"key":"Juzu Bracelet"},{"floor":23.0,"key":"Lantern"},{"floor":25.0,"key":"Bottled Flame"},{"floor":26.0,"key":"Shovel"},{"floor":29.0,"key":"Bird Faced Urn"},{"floor":30.0,"key":"Vajra"},{"floor":31.0,"key":"Bag of Marbles"},{"floor":40.0,"key":"Oddly Smooth Stone"},{"floor":42.0,"key":"Du-Vu Doll"},{"floor":43.0,"key":"Orichalcum"},{"floor":45.0,"key":"Ice Cream"},{"floor":47.0,"key":"Ancient Tea Set"},{"floor":49.0,"key":"StrikeDummy"},{"floor":54,"key":"Turnip"}],"event_choices":[{"damage_healed":0.0,"max_hp_gain":0.0,"max_hp_loss":0.0,"gold_gain":175.0,"event_name":"Liars Game","player_choice":"AGREE","floor":2.0,"gold_loss":0.0,"damage_taken":0.0,"cards_obtained":["Doubt"]},{"damage_healed":0.0,"max_hp_gain":0.0,"max_hp_loss":0.0,"gold_gain":0.0,"event_name":"Shining Light","player_choice":"Entered Light","floor":7.0,"gold_loss":0.0,"damage_taken":15.0,"cards_upgraded":["Defend_B","Defend_B"]},{"damage_healed":0.0,"max_hp_gain":0.0,"max_hp_loss":0.0,"gold_gain":100.0,"event_name":"Golden Shrine","player_choice":"Pray","floor":20.0,"gold_loss":0.0,"damage_taken":0.0},{"cards_removed":["Strike_B"],"damage_healed":0.0,"max_hp_gain":0.0,"max_hp_loss":0.0,"gold_gain":0.0,"event_name":"Purifier","player_choice":"Purged","floor":21.0,"gold_loss":0.0,"damage_taken":0.0},{"damage_healed":0.0,"max_hp_gain":0.0,"max_hp_loss":0.0,"gold_gain":0.0,"event_name":"Tomb of Lord Red Mask","player_choice":"Ignored","floor":39.0,"gold_loss":0.0,"damage_taken":0.0}],"is_beta":false,"boss_relics":[{"not_picked":["Pandora\u0027s Box","Velvet Choker"],"picked":"Empty Cage"},{"not_picked":["Snecko Eye","Cursed Key"],"picked":"Coffee Dripper"}],"items_purged_floors":[4],"is_endless":false,"potions_floor_spawned":[1,10,12,23,29,35,36,38,47,48,54],"killed_by":"The Heart","ascension_level":1}}