{"host":"fff5e1uasnm04x18","time":1612819843,"event":{"mods":["BaseMod","Highlight Path","Minty Spire (QoL Compilation)","StSLib"],"gold_per_floor":[112,125,125,50,50,50,68,98,122,122,135,154,179,27,27,132,132,147,161,161,161,161,161],"floor_reached":22,"language":"ENG","playtime":1017,"items_purged":["Strike_B"],"score":213,"play_id":"b5591b10-f8b2-42d6-9fa9-d02bd1269e9b","local_time":"20210208163043","is_ascension_mode":true,"campfire_choices":[{"data":"Scrape","floor":6,"key":"SMITH"},{"floor":10,"key":"REST"},{"floor":15,"key":"REST"}],"circlet_count":0,"master_deck":["Strike_B+1","Strike_B+1","Strike_B","Defend_B","Defend_B","Defend_B","Defend_B","Zap","Dualcast","Scrape+1","Self Repair","Reprogram","Gash","Machine Learning","Necronomicurse","Writhe"],"relics":["Cracked Core","Akabeko","Toy Ornithopter","Regal Pillow","PreservedInsect","SacredBark","Necronomicon","Centennial Puzzle"],"acts_visited":["Exordium","TheCity"],"potions_floor_usage":[8,8,12,19,22],"damage_taken":[{"damage":0,"enemies":"Small Slimes","floor":1,"turns":2},{"damage":0,"enemies":"Cultist","floor":2,"turns":4},{"damage":9,"enemies":"2 Louse","floor":7,"turns":2},{"damage":21,"enemies":"Lagavulin","floor":8,"turns":5},{"damage":3,"enemies":"Blue Slaver","floor":11,"turns":4},{"damage":18,"enemies":"Gremlin Gang","floor":12,"turns":4},{"damage":39,"enemies":"3 Sentries","floor":13,"turns":9},{"damage":28,"enemies":"The Guardian","floor":16,"turns":12},{"damage":67,"enemies":"3 Byrds","floor":18,"turns":7},{"damage":7,"enemies":"Chosen","floor":19,"turns":4},{"damage":53,"enemies":"3 Cultists","floor":22,"turns":4}],"seed_played":"8966760039534293405","potions_obtained":[{"floor":2,"key":"Energy Potion"},{"floor":3,"key":"PowerPotion"},{"floor":3,"key":"Strength Potion"},{"floor":3,"key":"Weak Potion"},{"floor":13,"key":"Regen Potion"},{"floor":16,"key":"FocusPotion"},{"floor":18,"key":"SkillPotion"},{"floor":19,"key":"Energy Potion"}],"is_trial":false,"path_per_floor":["M","M","?","$","?","R","M","E","T","R","M","M","E","$","R","B",null,"M","M","?","?","M"],"character_chosen":"DEFECT","items_purchased":["PreservedInsect"],"campfire_rested":2,"item_purchase_floors":[14],"current_hp_per_floor":[82,82,82,82,66,66,57,36,36,60,64,51,19,19,58,37,82,22,54,38,38,0,0],"gold":161,"neow_bonus":"TEN_PERCENT_HP_BONUS","is_daily":false,"chose_seed":false,"campfire_upgraded":1,"win_rate":0.0,"timestamp":1612819843,"path_taken":["M","M","?","?","?","R","M","E","T","R","M","M","E","?","R","BOSS","M","?","?","?","?"],"items_purchased_type":["Relic"],"build_version":"2020-12-22","purchased_purges":1,"victory":false,"max_hp_per_floor":[82,82,82,82,82,82,82,82,82,82,82,82,82,82,82,82,82,82,82,82,82,82,82],"card_choices":[{"not_picked":["Rebound","Darkness"],"picked":"Scrape","floor":1},{"not_picked":["White Noise","Aggregate","Redo"],"picked":"SKIP","floor":2},{"not_picked":["Turbo","Streamline","Ball Lightning"],"picked":"SKIP","floor":7},{"not_picked":["Redo","Streamline"],"picked":"Self Repair","floor":8},{"not_picked":["Storm","Undo"],"picked":"Reprogram","floor":11},{"not_picked":["Sweeping Beam","Conserve Battery","Streamline"],"picked":"SKIP","floor":12},{"not_picked":["Biased Cognition","Compile Driver"],"picked":"Gash","floor":13},{"not_picked":["Biased Cognition","Electrodynamics"],"picked":"Machine Learning","floor":16},{"not_picked":["Streamline","Conserve Battery","Cold Snap"],"picked":"SKIP","floor":18},{"not_picked":["Stack+1","Leap","Ball Lightning"],"picked":"SKIP","floor":19}],"player_experience":516246,"relics_obtained":[{"floor":8,"key":"Akabeko"},{"floor":9,"key":"Toy Ornithopter"},{"floor":13,"key":"Regal Pillow"},{"floor":20,"key":"Necronomicon"}],"event_choices":[{"damage_healed":0,"gold_gain":0,"player_choice":"Got Potions","damage_taken":0,"max_hp_gain":0,"max_hp_loss":0,"event_name":"Lab","floor":3,"gold_loss":0},{"damage_healed":0,"gold_gain":0,"player_choice":"Entered Light","damage_taken":16,"max_hp_gain":0,"max_hp_loss":0,"event_name":"Shining Light","floor":5,"gold_loss":0,"cards_upgraded":["Strike_B","Strike_B"]},{"damage_healed":0,"gold_gain":0,"player_choice":"Obtained Book","damage_taken":16,"max_hp_gain":0,"max_hp_loss":0,"event_name":"Cursed Tome","floor":20,"gold_loss":0},{"damage_healed":0,"gold_gain":0,"player_choice":"Opened","damage_taken":0,"relics_obtained":["Centennial Puzzle"],"max_hp_gain":0,"max_hp_loss":0,"event_name":"The Mausoleum","floor":21,"gold_loss":0,"cards_obtained":["Writhe"]}],"is_beta":false,"boss_relics":[{"not_picked":["Ectoplasm","Tiny House"],"picked":"SacredBark"}],"items_purged_floors":[4],"is_endless":false,"potions_floor_spawned":[2,7,13,16,18,19],"killed_by":"3 Cultists","ascension_level":2}}