{"host":"n9gusi1v40na1f9y","time":1612819789,"event":{"mods":["AchievementEnabler","BaseMod","Colored Map","Colored Powertips","Downfall","Highlight Path","Minty Spire (QoL Compilation)","Rare Cards Sparkle","StSLib","The Bug Knight"],"gold_per_floor":[114,114,124,142,96,124,124,143,167,167,194,206,216,243,243,340,340,355,372,372,372,372,372],"floor_reached":22,"language":"ENG","playtime":1964,"items_purged":[],"score":254,"play_id":"d34f6b41-54f4-478e-b850-f6629082d0aa","local_time":"20210208212949","is_ascension_mode":true,"campfire_choices":[{"floor":7,"key":"REST"},{"data":"Berserk","floor":15,"key":"SMITH"}],"circlet_count":0,"master_deck":["Strike_R","Strike_R","Strike_R","Strike_R","Strike_R","Defend_R","Defend_R","Defend_R","Defend_R","Bash","Cleave","Searing Blow","Clothesline","Sentinel","Perfected Strike+1","Burning Pact","Berserk+1","Wild Strike","Impervious","Body Slam","J.A.X."],"relics":["Black Blood","NeowsBlessing","HollowMod:PaleOreRelic","Ancient Tea Set","Strawberry","Mercury Hourglass","Happy Flower"],"acts_visited":["Exordium","TheCity"],"potions_floor_usage":[],"damage_taken":[{"damage":0,"enemies":"2 Louse","floor":1,"turns":1},{"damage":0,"enemies":"Small Slimes","floor":3,"turns":1},{"damage":0,"enemies":"Cultist","floor":4,"turns":1},{"damage":38,"enemies":"3 Sentries","floor":6,"turns":7},{"damage":8,"enemies":"Exordium Wildlife","floor":8,"turns":3},{"damage":21,"enemies":"Gremlin Nob","floor":11,"turns":4},{"damage":0,"enemies":"3 Louse","floor":12,"turns":2},{"damage":1,"enemies":"Exordium Thugs","floor":13,"turns":3},{"damage":0,"enemies":"HollowMod:MossKnight","floor":14,"turns":4},{"damage":9,"enemies":"Slime Boss","floor":16,"turns":5},{"damage":11,"enemies":"Chosen","floor":18,"turns":4},{"damage":27,"enemies":"Chosen and Byrds","floor":19,"turns":6},{"damage":58,"enemies":"Sentry and Sphere","floor":22,"turns":5}],"seed_played":"7344058168498054735","potions_obtained":[{"floor":3,"key":"Weak Potion"},{"floor":4,"key":"Ancient Potion"},{"floor":8,"key":"Dexterity Potion"}],"is_trial":false,"path_per_floor":["M","?","M","M","?","E","R","M","T","?","E","M","M","E","R","B",null,"M","M","?","?","M"],"character_chosen":"IRONCLAD","items_purchased":[],"campfire_rested":1,"item_purchase_floors":[],"current_hp_per_floor":[80,62,68,74,74,42,66,64,71,71,56,62,67,73,73,70,87,87,72,72,55,0,0],"gold":372,"neow_bonus":"THREE_ENEMY_KILL","is_daily":false,"chose_seed":false,"campfire_upgraded":1,"win_rate":0.0,"timestamp":1612819789,"path_taken":["M","?","M","M","?","E","R","M","T","?","E","?","M","E","R","BOSS","M","M","?","?","M"],"items_purchased_type":[],"build_version":"2020-12-22","purchased_purges":0,"victory":false,"max_hp_per_floor":[80,80,80,80,80,80,80,80,87,87,87,87,87,87,87,87,87,87,87,87,92,92,92],"card_choices":[{"not_picked":["Armaments","Rampage"],"picked":"Cleave","floor":1},{"not_picked":["Body Slam","Ghostly Armor"],"picked":"Searing Blow","floor":3},{"not_picked":["Flex","Shrug It Off"],"picked":"Clothesline","floor":4},{"not_picked":["Hemokinesis","Rupture"],"picked":"Sentinel","floor":6},{"not_picked":["Headbutt","Sword Boomerang"],"picked":"Perfected Strike","floor":8},{"not_picked":["Bloodletting","Iron Wave"],"picked":"Burning Pact","floor":11},{"not_picked":["Searing Blow","Wild Strike","Cleave"],"picked":"SKIP","floor":12},{"not_picked":["Twin Strike","Havoc"],"picked":"Berserk","floor":13},{"not_picked":["Fire Breathing","Intimidate"],"picked":"Wild Strike","floor":14},{"not_picked":["Exhume","Fiend Fire"],"picked":"Impervious","floor":16},{"not_picked":["Burning Pact","Iron Wave","Metallicize"],"picked":"SKIP","floor":18},{"not_picked":["Metallicize","Feel No Pain+1"],"picked":"Body Slam","floor":19}],"player_experience":61072,"relics_obtained":[{"floor":6,"key":"Ancient Tea Set"},{"floor":9,"key":"Strawberry"},{"floor":11,"key":"Mercury Hourglass"},{"floor":14,"key":"Happy Flower"}],"event_choices":[{"damage_healed":0,"gold_gain":0,"player_choice":"Success","damage_taken":18,"relics_obtained":["HollowMod:PaleOreRelic"],"max_hp_gain":0,"max_hp_loss":0,"event_name":"Scrap Ooze","floor":2,"gold_loss":0},{"damage_healed":0,"gold_gain":0,"player_choice":"Left Gold","damage_taken":0,"max_hp_gain":0,"max_hp_loss":0,"event_name":"World of Goop","floor":5,"gold_loss":46},{"damage_healed":0,"gold_gain":0,"player_choice":"Upgraded","damage_taken":0,"max_hp_gain":0,"max_hp_loss":0,"event_name":"Upgrade Shrine","floor":10,"gold_loss":0,"cards_upgraded":["Perfected Strike"]},{"damage_healed":0,"gold_gain":0,"player_choice":"Obtain J.A.X.","damage_taken":0,"max_hp_gain":0,"max_hp_loss":0,"event_name":"Drug Dealer","floor":20,"gold_loss":0,"cards_obtained":["J.A.X."]},{"damage_healed":0,"gold_gain":0,"player_choice":"Shed Blood","damage_taken":22,"max_hp_gain":5,"max_hp_loss":0,"event_name":"Forgotten Altar","floor":21,"gold_loss":0}],"is_beta":false,"boss_relics":[{"not_picked":["Ectoplasm","Runic Dome"],"picked":"Black Blood"}],"items_purged_floors":[],"is_endless":false,"potions_floor_spawned":[3,4,8,12,13,18],"killed_by":"Sentry and Sphere","ascension_level":2}}