{"host":"i0m6ffz3lpe3z1ky","time":1612811695,"event":{"mods":["Aspiration","BaseMod","Bestiary","BetterRewards","Colored Map","Conspire","Energized Spire","Highlight Path","Hubris","Ironclad Rager","Minty Spire (QoL Compilation)","Quick Restart","Reliquary","Shop Mod","Spicy Shops","StSLib","Thieving Mod"],"gold_per_floor":[112,112,132,150,178,178,203,203,229,239,256,287,287,301,301,377,377,394,405,416,46,46,75,88,88,88,88,88,102,132,132,132,203,203,215,235,67,67,87,119,119,137,164,179,214,114,114,114,114,114,114,114,114,114,140,140,140],"floor_reached":56,"language":"KOR","playtime":1911,"items_purged":["Madness+1","Normality"],"score":2564,"play_id":"7f3b53d5-ca38-4986-8e77-cb1cb19170f9","local_time":"20210209041455","is_ascension_mode":true,"campfire_choices":[{"data":"Demon Form","floor":6,"key":"SMITH"},{"floor":8,"key":"RECALL"},{"data":"Metallicize","floor":15,"key":"SMITH"},{"data":"Body Slam","floor":25,"key":"SMITH"},{"data":"Barricade","floor":28,"key":"SMITH"},{"floor":32,"key":"REST"},{"data":"Heavy Blade","floor":41,"key":"SMITH"},{"data":"Inflame","floor":47,"key":"SMITH"},{"floor":49,"key":"REST"},{"data":"Bash","floor":53,"key":"SMITH"}],"circlet_count":0,"master_deck":["AscendersBane","Madness+1","Strike_R","Strike_R","Strike_R","Strike_R","Defend_R","Defend_R","Defend_R","Defend_R","Bash+1","Demon Form+1","Inflame+1","Metallicize+1","Barricade+1","Body Slam+1","Heavy Blade+1","Heavy Blade+1","Double Tap+1","Pummel","Perfected Strike","Metallicize+1"],"relics":["Burning Blood","conspire:TreasureMap","reliquary:Stiletto","reliquary:RosewoodLute","Vajra","Red Skull","reliquary:MedicineBall","Brimstone","aspiration:Nostalgia","PureWater","hubris:TenFootPole","Medical Kit","hubris:EmptyBottle","Mummified Hand","Sling","Lee\u0027s Waffle","hubris:ChampionShield","Lantern","ClockworkSouvenir","Strawberry","Orichalcum","hubris:ToyBattleship","Thread and Needle","energizedSpire:OgreHead","Centennial Puzzle","Gremlin Horn","aspiration:RitualStick","Toxic Egg 2","reliquary:Firecrackers","hubris:Icosahedron","reliquary:RoseTintedGlasses","aspiration:SeaSaltIceCream","aspiration:HummingbirdHeart","aspiration:ChemicalBlood","reliquary:Knoch","Anchor","reliquary:IridiumChain"],"acts_visited":["Exordium","TheCity","TheBeyond","TheEnding"],"potions_floor_usage":[5,5,19,19,19,19,19,19,19,19,19,20,50,50,56,56,56,56],"damage_taken":[{"damage":0,"enemies":"Cultist","floor":1,"turns":1},{"damage":3,"enemies":"Jaw Worm","floor":3,"turns":2},{"damage":0,"enemies":"2 Louse","floor":4,"turns":2},{"damage":0,"enemies":"conspire:MimicChest","floor":5,"turns":2},{"damage":27,"enemies":"3 Sentries","floor":7,"turns":5},{"damage":2,"enemies":"Looter","floor":10,"turns":2},{"damage":13,"enemies":"Blue Slaver","floor":11,"turns":3},{"damage":14,"enemies":"Lagavulin","floor":12,"turns":5},{"damage":0,"enemies":"Exordium Wildlife","floor":14,"turns":2},{"damage":34,"enemies":"The Guardian","floor":16,"turns":5},{"damage":0,"enemies":"Spheric Guardian","floor":18,"turns":3},{"damage":21,"enemies":"3 Byrds","floor":19,"turns":2},{"damage":4,"enemies":"Sentry and Sphere","floor":20,"turns":3},{"damage":8,"enemies":"Book of Stabbing","floor":23,"turns":3},{"damage":26,"enemies":"Centurion and Healer","floor":24,"turns":4},{"damage":13,"enemies":"Snake Plant","floor":29,"turns":2},{"damage":27,"enemies":"Slavers","floor":30,"turns":2},{"damage":0,"enemies":"Collector","floor":33,"turns":4},{"damage":2,"enemies":"Orb Walker","floor":35,"turns":2},{"damage":53,"enemies":"3 Darklings","floor":36,"turns":4},{"damage":1,"enemies":"Spire Growth","floor":39,"turns":3},{"damage":3,"enemies":"Nemesis","floor":40,"turns":3},{"damage":2,"enemies":"Jaw Worm Horde","floor":42,"turns":2},{"damage":2,"enemies":"Transient","floor":44,"turns":6},{"damage":27,"enemies":"Giant Head","floor":45,"turns":5},{"damage":18,"enemies":"Donu and Deca","floor":50,"turns":4},{"damage":7,"enemies":"hubris:GrandSnecko","floor":51,"turns":4},{"damage":11,"enemies":"Shield and Spear","floor":55,"turns":3},{"damage":134,"enemies":"The Heart","floor":56,"turns":6}],"seed_played":"931655596968700988","potions_obtained":[{"floor":1,"key":"ColorlessPotion"},{"floor":3,"key":"EntropicBrew"},{"floor":11,"key":"SpeedPotion"},{"floor":19,"key":"FairyPotion"},{"floor":33,"key":"Strength Potion"},{"floor":45,"key":"DistilledChaos"},{"floor":50,"key":"SpeedPotion"},{"floor":55,"key":"LiquidMemories"},{"floor":56,"key":"Dexterity Potion"},{"floor":56,"key":"Fire Potion"},{"floor":56,"key":"SteroidPotion"}],"is_trial":false,"path_per_floor":["M","$","M","M","?","R","E","R","T","M","M","E","T","M","R","B",null,"M","M","M","$","?","E","M","R","T","?","R","M","E","?","R","B",null,"M","M","$","?","M","E","R","M","T","M","E","$","R","?","R","B","B",null,"R","$","E","B"],"character_chosen":"IRONCLAD","items_purchased":["conspire:TreasureMap","reliquary:Stiletto","reliquary:RosewoodLute","Vajra","Red Skull","reliquary:MedicineBall","Brimstone","aspiration:Nostalgia","hubris:TenFootPole","Medical Kit","hubris:EmptyBottle","Mummified Hand","Sling","Lee\u0027s Waffle","hubris:ChampionShield","Lantern","Centennial Puzzle","Gremlin Horn","aspiration:SeaSaltIceCream","Perfected Strike"],"campfire_rested":2,"item_purchase_floors":[0,0,0,0,0,0,0,0,0,0,0,0,0,0,0,0,21,21,37,37],"current_hp_per_floor":[82,82,82,82,89,89,68,68,68,72,65,57,57,63,63,35,76,82,67,69,69,58,56,36,36,36,36,36,29,8,8,34,40,77,81,34,34,34,39,42,42,46,46,50,29,29,29,29,55,43,42,77,77,77,72,0,0],"gold":140,"neow_bonus":"","is_daily":false,"chose_seed":false,"campfire_upgraded":7,"win_rate":0.0,"timestamp":1612811695,"path_taken":["M","$","M","M","?","R","E","R","T","?","M","E","?","M","R","BOSS","M","M","M","$","?","E","M","R","T","?","R","M","E","?","R","BOSS","M","M","$","?","M","E","R","M","T","M","E","$","R","?","R","BOSS","BOSS","R","$","E","BOSS"],"items_purchased_type":["Relic","Relic","Relic","Relic","Relic","Relic","Relic","Relic","Relic","Relic","Relic","Relic","Relic","Relic","Relic","Relic","Relic","Relic","Relic","Card"],"build_version":"2020-12-22","purchased_purges":2,"victory":false,"max_hp_per_floor":[82,82,82,82,89,89,89,89,89,89,89,89,89,89,89,89,89,89,89,89,89,89,89,89,89,89,89,89,89,89,89,89,89,89,89,89,89,89,89,89,89,89,89,89,89,89,89,89,89,89,89,89,89,89,89,89,89],"card_choices":[{"not_picked":["hubris:ReadiedAction","Twin Strike","Pommel Strike"],"picked":"SKIP","floor":1},{"not_picked":["True Grit","Wild Strike"],"picked":"Demon Form","floor":3},{"not_picked":["hubris:CleavingFinish","hubris:ReadiedAction","Twin Strike"],"picked":"SKIP","floor":4},{"not_picked":["Thunderclap","Perfected Strike"],"picked":"Inflame","floor":7},{"not_picked":["hubris:ReadiedAction","True Grit","conspire:Charge"],"picked":"SKIP","floor":10},{"not_picked":["Iron Wave","Perfected Strike","Headbutt"],"picked":"SKIP","floor":11},{"not_picked":["Second Wind","Ghostly Armor"],"picked":"Metallicize","floor":12},{"not_picked":["Rage","Wild Strike","Armaments"],"picked":"SKIP","floor":14},{"not_picked":["Reaper","Immolate"],"picked":"Barricade","floor":16},{"not_picked":["Uppercut","Blood for Blood","Havoc"],"picked":"SKIP","floor":18},{"not_picked":["Whirlwind","Anger","Twin Strike"],"picked":"SKIP","floor":19},{"not_picked":["Spot Weakness","Havoc"],"picked":"Body Slam","floor":20},{"not_picked":["Anger","Pommel Strike","True Grit+1"],"picked":"SKIP","floor":23},{"not_picked":["conspire:Charge","Berserk","Pummel"],"picked":"SKIP","floor":24},{"not_picked":["Warcry+1","Second Wind+1"],"picked":"Heavy Blade","floor":29},{"not_picked":["Exhume+1","Wild Strike+1"],"picked":"Heavy Blade+1","floor":30},{"not_picked":["Demon Form","Juggernaut"],"picked":"Double Tap+1","floor":33},{"not_picked":["hubris:SharpeningStone+1","Armaments+1","Rupture"],"picked":"SKIP","floor":35},{"not_picked":["Pommel Strike","Sever Soul"],"picked":"Pummel","floor":36},{"not_picked":["Perfected Strike+1","Bloodletting+1"],"picked":"Metallicize+1","floor":39},{"not_picked":["Havoc+1","Clash","Sever Soul"],"picked":"SKIP","floor":40},{"not_picked":["Iron Wave+1","Pommel Strike+1","Havoc+1"],"picked":"SKIP","floor":42},{"not_picked":["True Grit+1","Heavy Blade","Feed"],"picked":"SKIP","floor":44},{"not_picked":["Pummel","Shrug It Off+1","Sword Boomerang+1"],"picked":"SKIP","floor":45},{"not_picked":["Juggernaut","Perfected Strike","Havoc+1"],"picked":"SKIP","floor":55}],"player_experience":541917,"relics_obtained":[{"floor":5,"key":"Strawberry"},{"floor":7,"key":"Orichalcum"},{"floor":12,"key":"hubris:ToyBattleship"},{"floor":13,"key":"Thread and Needle"},{"floor":23,"key":"Toxic Egg 2"},{"floor":26,"key":"reliquary:Firecrackers"},{"floor":30,"key":"reliquary:RoseTintedGlasses"},{"floor":40,"key":"aspiration:ChemicalBlood"},{"floor":43,"key":"reliquary:Knoch"},{"floor":45,"key":"Anchor"},{"floor":55,"key":"reliquary:IridiumChain"}],"event_choices":[{"damage_healed":0,"gold_gain":0,"player_choice":"Ignored","damage_taken":0,"max_hp_gain":0,"max_hp_loss":0,"event_name":"The Mausoleum","floor":31,"gold_loss":0},{"damage_healed":0,"gold_gain":0,"player_choice":"Ignored","damage_taken":0,"max_hp_gain":0,"max_hp_loss":0,"event_name":"The Moai Head","floor":38,"gold_loss":0},{"cards_removed":["Strike_R"],"damage_healed":0,"gold_gain":0,"player_choice":"Removed Attack","damage_taken":0,"max_hp_gain":0,"max_hp_loss":0,"event_name":"Falling","floor":48,"gold_loss":0}],"is_beta":false,"boss_relics":[{"not_picked":["hubris:BlackHole","hubris:VirtuousBlindfold"],"picked":"energizedSpire:OgreHead"},{"not_picked":["energizedSpire:SpiderWeb","aspiration:RitualDagger","aspiration:RunicSpoon"]}],"items_purged_floors":[0,46],"is_endless":false,"potions_floor_spawned":[1,3,11,12,14,16,18,19,33,42,45],"killed_by":"The Heart","ascension_level":20}}