{"host":"yuoancq4cku3x8wq","time":1612792106,"event":{"mods":["AchievementEnabler","BaseMod","Minty Spire (QoL Compilation)","Quick Restart","StSLib","SuperFastMode"],"gold_per_floor":[118,136,37,37,3,3,3,3,3,3,14,14,43,59,59,157,157,171,183,183,198,198,198,218,243,316,316,296,296,308,208,208,310,310,324,374,389,403,121,121,121,121,196,196,46,46,57,68,68,68,68,68,17,49,49],"floor_reached":56,"language":"ZHS","playtime":1207,"items_purged":["Strike_R","Strike_R","Bash","Defend_R"],"score":1359,"play_id":"946aceb6-a863-4527-98bc-0c13e66ad16b","local_time":"20210208214826","is_ascension_mode":true,"campfire_choices":[{"data":"Searing Blow+1","floor":6.0,"key":"SMITH"},{"data":"Searing Blow+2","floor":8.0,"key":"SMITH"},{"data":"Searing Blow+3","floor":10.0,"key":"SMITH"},{"data":"Searing Blow+4","floor":15.0,"key":"SMITH"},{"data":"Searing Blow+5","floor":23.0,"key":"SMITH"},{"data":"Searing Blow+6","floor":27.0,"key":"SMITH"},{"data":"Searing Blow+7","floor":29.0,"key":"SMITH"},{"data":"Feel No Pain","floor":32.0,"key":"SMITH"},{"data":"Second Wind","floor":40.0,"key":"SMITH"},{"data":"Power Through","floor":42.0,"key":"SMITH"},{"floor":44.0,"key":"RECALL"},{"data":"Searing Blow+8","floor":46.0,"key":"SMITH"},{"data":"Searing Blow+9","floor":49,"key":"SMITH"},{"data":"Barricade","floor":52,"key":"SMITH"}],"circlet_count":0,"master_deck":["Defend_R","Defend_R","Searing Blow+10","Havoc","Feel No Pain+1","Power Through+1","Offering","Exhume","Sentinel+1","Second Wind+1","Offering","Barricade+1","Shockwave+1","Dual Wield+1","Berserk+1","Dark Embrace+1"],"relics":["Burning Blood","NeowsBlessing","Question Card","Vajra","Coffee Dripper","Juzu Bracelet","Frozen Egg 2","Astrolabe","Magic Flower","PrismaticShard","Self Forming Clay"],"acts_visited":["Exordium","TheCity","TheBeyond","TheEnding"],"potions_floor_usage":[55,55,55],"damage_taken":[{"damage":0.0,"enemies":"2 Louse","floor":1.0,"turns":1.0},{"damage":0.0,"enemies":"Cultist","floor":2.0,"turns":1.0},{"damage":0.0,"enemies":"Jaw Worm","floor":11.0,"turns":1.0},{"damage":13.0,"enemies":"Lagavulin","floor":13.0,"turns":5.0},{"damage":6.0,"enemies":"2 Fungi Beasts","floor":14.0,"turns":2.0},{"damage":35.0,"enemies":"The Guardian","floor":16.0,"turns":6.0},{"damage":9.0,"enemies":"2 Thieves","floor":18.0,"turns":4.0},{"damage":8.0,"enemies":"Shell Parasite","floor":19.0,"turns":4.0},{"damage":11.0,"enemies":"Snecko","floor":21.0,"turns":3.0},{"damage":6.0,"enemies":"Centurion and Healer","floor":24.0,"turns":3.0},{"damage":12.0,"enemies":"Book of Stabbing","floor":25.0,"turns":3.0},{"damage":6.0,"enemies":"Shelled Parasite and Fungi","floor":30.0,"turns":3.0},{"damage":43.0,"enemies":"Collector","floor":33.0,"turns":5.0},{"damage":6.0,"enemies":"Orb Walker","floor":35.0,"turns":2.0},{"damage":6.0,"enemies":"Mind Bloom Boss Battle","floor":36.0,"turns":5.0},{"damage":6.0,"enemies":"3 Shapes","floor":37.0,"turns":6.0},{"damage":6.0,"enemies":"3 Darklings","floor":38.0,"turns":2.0},{"damage":12,"enemies":"4 Shapes","floor":47,"turns":5},{"damage":6,"enemies":"Sphere and 2 Shapes","floor":48,"turns":3},{"damage":12,"enemies":"Donu and Deca","floor":50,"turns":7},{"damage":18,"enemies":"Shield and Spear","floor":54,"turns":2},{"damage":18,"enemies":"The Heart","floor":55,"turns":5}],"seed_played":"-1609103789168638778","potions_obtained":[{"floor":1.0,"key":"Explosive Potion"},{"floor":13.0,"key":"SmokeBomb"},{"floor":19.0,"key":"SkillPotion"},{"floor":24.0,"key":"SkillPotion"},{"floor":35.0,"key":"Weak Potion"},{"floor":48,"key":"PowerPotion"},{"floor":54,"key":"DistilledChaos"}],"is_trial":false,"path_per_floor":["M","M","$","?","$","R","?","R","T","R","M","?","E","M","R","B",null,"M","M","?","M","?","R","M","E","T","R","?","R","M","$","R","B",null,"M","?","M","M","$","R","?","R","T","R","$","R","M","M","R","B",null,"R","$","E","B",null],"character_chosen":"IRONCLAD","items_purchased":["Havoc","Feel No Pain","PrismaticShard","PowerPotion"],"campfire_rested":0,"item_purchase_floors":[3,5,39,53],"current_hp_per_floor":[80,80,80,80,80,80,73,73,73,73,79,84,77,77,77,48,85,82,80,80,75,75,75,75,69,69,69,69,69,69,69,69,32,85,85,85,85,85,85,85,81,81,81,81,81,81,78,81,81,78,81,81,81,72,63],"gold":49,"neow_bonus":"THREE_ENEMY_KILL","is_daily":false,"chose_seed":false,"campfire_upgraded":13,"win_rate":0.0,"timestamp":1612792106,"path_taken":["M","M","$","?","?","R","?","R","T","R","M","?","E","M","R","BOSS","M","M","?","M","?","R","?","E","T","R","?","R","M","?","R","BOSS","M","?","M","M","$","R","?","R","T","R","?","R","M","M","R","BOSS","R","$","E","BOSS"],"items_purchased_type":["Card","Card","Relic","Potion"],"build_version":"2020-12-22","purchased_purges":4,"victory":true,"max_hp_per_floor":[80,80,80,80,80,80,80,80,80,80,80,85,85,85,85,85,85,85,85,85,85,85,85,85,85,85,85,85,85,85,85,85,85,85,85,85,85,85,85,85,81,81,81,81,81,81,81,81,81,81,81,81,81,81,81],"card_choices":[{"not_picked":["Flame Barrier","Iron Wave","Wild Strike"],"picked":"SKIP","floor":1.0},{"not_picked":["Twin Strike","Metallicize"],"picked":"Searing Blow","floor":2.0},{"not_picked":["Wild Strike","Dual Wield","Flex"],"picked":"Power Through","floor":11.0},{"not_picked":["Pommel Strike","True Grit","Demon Form"],"picked":"Offering","floor":13.0},{"not_picked":["Headbutt","Combust","Flex","Cleave"],"picked":"SKIP","floor":14.0},{"not_picked":["Demon Form","Immolate","Reaper"],"picked":"Exhume","floor":16.0},{"not_picked":["Iron Wave","Wild Strike+1","Thunderclap+1"],"picked":"Sentinel+1","floor":18.0},{"not_picked":["Hemokinesis+1","True Grit","Thunderclap","Rampage"],"picked":"SKIP","floor":19.0},{"not_picked":["Thunderclap","Body Slam","Hemokinesis","Wild Strike"],"picked":"SKIP","floor":21.0},{"not_picked":["Sword Boomerang","Headbutt","Clash","Clothesline"],"picked":"SKIP","floor":24.0},{"not_picked":["Disarm","Warcry","Sever Soul"],"picked":"Barricade","floor":25.0},{"not_picked":["Iron Wave","Perfected Strike","Sword Boomerang","Heavy Blade+1"],"picked":"SKIP","floor":30.0},{"not_picked":["Pummel","Clash+1","Heavy Blade+1","Wild Strike+1"],"picked":"SKIP","floor":35.0},{"not_picked":["Cleave+1","Inflame+1","Clothesline+1","Clash"],"picked":"SKIP","floor":37.0},{"not_picked":["Battle Trance","Disarm","Evolve+1"],"picked":"Dark Embrace+1","floor":38.0},{"not_picked":["Conserve Battery+1","Scrape+1","Perfected Strike+1","Evaluate"],"picked":"SKIP","floor":47},{"not_picked":["Dodge and Roll+1","Stack+1","Indignation","Heavy Blade"],"picked":"SKIP","floor":48},{"not_picked":["Electrodynamics+1","Static Discharge+1","Thunderclap+1","Impatience"],"picked":"SKIP","floor":54}],"player_experience":243688,"relics_obtained":[{"floor":9.0,"key":"Question Card"},{"floor":13.0,"key":"Vajra"},{"floor":25.0,"key":"Juzu Bracelet"},{"floor":26.0,"key":"Frozen Egg 2"},{"floor":36.0,"key":"Magic Flower"},{"floor":54,"key":"Self Forming Clay"}],"event_choices":[{"damage_healed":0.0,"max_hp_gain":0.0,"max_hp_loss":0.0,"gold_gain":0.0,"event_name":"Accursed Blacksmith","player_choice":"Forge","floor":4.0,"gold_loss":0.0,"damage_taken":0.0,"cards_upgraded":["Searing Blow"]},{"cards_removed":["Strike_R"],"damage_healed":0.0,"max_hp_gain":0.0,"max_hp_loss":0.0,"gold_gain":0.0,"event_name":"Golden Wing","player_choice":"Card Removal","floor":7.0,"gold_loss":0.0,"damage_taken":7.0},{"damage_healed":0.0,"max_hp_gain":5.0,"max_hp_loss":0.0,"gold_gain":0.0,"event_name":"Big Fish","player_choice":"Donut","floor":12.0,"gold_loss":0.0,"damage_taken":0.0},{"damage_healed":0.0,"max_hp_gain":0.0,"max_hp_loss":0.0,"gold_gain":0.0,"event_name":"The Library","player_choice":"Read","floor":20.0,"gold_loss":0.0,"damage_taken":0.0,"cards_obtained":["Second Wind"]},{"damage_healed":0.0,"max_hp_gain":0.0,"max_hp_loss":0.0,"gold_gain":0.0,"event_name":"Duplicator","player_choice":"Copied","floor":22.0,"gold_loss":0.0,"damage_taken":0.0,"cards_obtained":["Offering"]},{"damage_healed":0.0,"max_hp_gain":0.0,"max_hp_loss":0.0,"gold_gain":0.0,"event_name":"The Woman in Blue","player_choice":"Bought 1 Potion","floor":28.0,"gold_loss":0.0,"damage_taken":0.0},{"damage_healed":0.0,"max_hp_gain":0.0,"max_hp_loss":0.0,"gold_gain":0.0,"event_name":"MindBloom","player_choice":"Fight","floor":36.0,"gold_loss":0.0,"damage_taken":0.0},{"damage_healed":0.0,"max_hp_gain":0.0,"max_hp_loss":4.0,"gold_gain":0.0,"event_name":"Winding Halls","player_choice":"Max HP","floor":41.0,"gold_loss":0.0,"damage_taken":0.0}],"is_beta":false,"boss_relics":[{"not_picked":["Snecko Eye","Runic Cube"],"picked":"Coffee Dripper"},{"not_picked":["Philosopher\u0027s Stone","SlaversCollar"],"picked":"Astrolabe"}],"items_purged_floors":[3,31,39,45],"is_endless":false,"potions_floor_spawned":[1,13,19,21,24,35,37,38,48,54],"ascension_level":2}}