{"host":"rq7gz685gkaokql0","time":1612748927,"event":{"mods":["BaseMod","Hubris","Infinite Spire","Minty Spire (QoL Compilation)","Replay The Spire","StSLib"],"gold_per_floor":[109,128,145,6,6,26,52,52,52,79,103,103,115,131,131,205,205,219,219,234,47,57,89,104,133,133,133,133,159,159,159,159,236,336,354,367,367,1,27,57,57,92,163,194,194,214,214,232,232,232,232],"floor_reached":50,"language":"ENG","playtime":2009,"items_purged":[],"score":1367,"play_id":"fd3fc0ad-e5b8-4eeb-a354-9198a3d13614","local_time":"20210207154847","is_ascension_mode":true,"campfire_choices":[{"floor":8.0,"key":"DIG"},{"floor":12.0,"key":"DIG"},{"floor":15.0,"key":"REST"},{"floor":28,"key":"REST"},{"floor":32,"key":"DIG"},{"floor":45,"key":"REST"},{"floor":45,"key":"DIG"},{"floor":49,"key":"REST"},{"floor":49,"key":"DIG"}],"circlet_count":0,"master_deck":["AscendersBane","Strike_G","Strike_G","Strike_G","Strike_G","Strike_G","Defend_G","Defend_G","Defend_G","Defend_G","Defend_G","Survivor","Neutralize","Cloak And Dagger","Bane","ReplayTheSpireMod:Speed Training","hubris:EnhanceAbility+1","Apotheosis+1","hubris:EnhanceAbility+1","Distraction","Glass Knife","Poisoned Stab","Infinite Blades","A Thousand Cuts","ReplayTheSpireMod:From All Sides","Toxin Wave","Deadly Poison+1","ReplayUltimateDefense+1","Crippling Poison","Slice","Backstab+1","hubris:SlightOfHand","Flying Knee","Venomology","Bouncing Flask","Dodge and Roll","Dagger Spray","Cloak And Dagger+1","hubris:Counter","Dagger Spray+1","infinitespire:DeathsTouch","Dash"],"relics":["Ring of the Snake","NeowsBlessing","Shovel","ReplayTheSpireMod:ShopPack","hubris:TenFootPole","hubris:SphereOfDissonance","Chameleon Ring","Replay:Bottled Eggs","Garlic","Replay:Baseball","infinitespire:EmpoweringShard","Snecko Heart","Replay:Kaleidoscope","Ancient Tea Set","Toy Ornithopter","MutagenicStrength","Replay:WaspNest","infinitespire:Lychee Nut","Replay:Wanted Poster","Quantum Egg","Mango","Regal Pillow","infinitespire:Magic Flask","Bird Faced Urn","Singing Bowl","Basket Of Snakes","infinitespire:Satchel","Guide Book","Pen Nib"],"acts_visited":["Exordium","TheCity","TheBeyond"],"potions_floor_usage":[25,42,42,42,44,50,50],"damage_taken":[{"damage":0.0,"enemies":"Small Slimes","floor":1.0,"turns":1.0},{"damage":0.0,"enemies":"Jaw Worm","floor":3.0,"turns":1.0},{"damage":0.0,"enemies":"Cultist","floor":6.0,"turns":1.0},{"damage":20.0,"enemies":"3 Sentries","floor":7.0,"turns":10.0},{"damage":0.0,"enemies":"Gremlin Nob","floor":10.0,"turns":3.0},{"damage":10.0,"enemies":"Exordium Thugs","floor":13.0,"turns":3.0},{"damage":0.0,"enemies":"Blue Slaver","floor":14.0,"turns":3.0},{"damage":18.0,"enemies":"Slime Boss","floor":16.0,"turns":5.0},{"damage":0.0,"enemies":"Chosen","floor":18.0,"turns":2.0},{"damage":2.0,"enemies":"Shell Parasite","floor":20.0,"turns":3.0},{"damage":4.0,"enemies":"Snake Plant","floor":22.0,"turns":2.0},{"damage":9.0,"enemies":"Nightmare","floor":23.0,"turns":5.0},{"damage":0.0,"enemies":"Snecko","floor":24.0,"turns":4.0},{"damage":15,"enemies":"Book of Stabbing","floor":25,"turns":4},{"damage":0,"enemies":"Replay:Snechameleon","floor":29,"turns":4},{"damage":19,"enemies":"Collector","floor":33,"turns":7},{"damage":25,"enemies":"3 Shapes","floor":35,"turns":5},{"damage":0,"enemies":"Orb Walker","floor":36,"turns":1},{"damage":33,"enemies":"Reptomancer","floor":40,"turns":4},{"damage":19,"enemies":"Nemesis","floor":42,"turns":6},{"damage":41,"enemies":"Reptomancer","floor":44,"turns":6},{"damage":43,"enemies":"Maw","floor":46,"turns":6},{"damage":17,"enemies":"Jaw Worm Horde","floor":48,"turns":2},{"damage":85,"enemies":"LordOfAnnihilation","floor":50,"turns":7}],"seed_played":"-170169420459738203","potions_obtained":[{"floor":3.0,"key":"Fire Potion"},{"floor":13.0,"key":"Energy Potion"},{"floor":16.0,"key":"SkillPotion"},{"floor":20.0,"key":"BlessingOfTheForge"},{"floor":24.0,"key":"Toxic Potion"},{"floor":31,"key":"Elixir"},{"floor":40,"key":"AttackPotion"},{"floor":42,"key":"Regen Potion"},{"floor":46,"key":"SpeedPotion"}],"is_trial":false,"path_per_floor":["M","?","M","$","?","M","E","R","T","E","T","R","M","M","R","B",null,"M","?","M","$","M","NM","M","E","T","?","R","E","$","?","R","B",null,"M","M","?","$","T","E","?","E","T","E","R","M","AVR","M","R","B"],"character_chosen":"THE_SILENT","items_purchased":["ReplayTheSpireMod:ShopPack","ReplayUltimateDefense","Mango","Dagger Spray"],"campfire_rested":4,"item_purchase_floors":[4,21,38,38],"current_hp_per_floor":[59,59,59,59,59,59,39,39,39,39,39,39,29,29,48,30,57,57,57,55,55,51,42,42,27,27,27,46,46,46,46,46,31,45,26,26,26,40,40,13,13,15,15,30,64,36,36,24,58,0,0],"gold":232,"neow_bonus":"THREE_ENEMY_KILL","is_daily":false,"chose_seed":false,"campfire_upgraded":0,"win_rate":0.0,"timestamp":1612748927,"path_taken":["M","?","M","$","?","?","E","R","T","E","?","R","M","M","R","BOSS","M","?","M","$","M","NM","M","E","T","?","R","E","$","?","R","BOSS","M","?","?","$","?","E","?","E","T","E","R","?","AVR","M","R","BOSS"],"items_purchased_type":["Relic","Card","Relic","Card"],"build_version":"2020-12-22","purchased_purges":0,"victory":false,"max_hp_per_floor":[66,66,66,66,66,66,66,66,66,66,66,66,66,66,66,66,66,66,66,66,66,66,66,66,66,66,66,66,66,66,66,49,49,49,49,49,49,63,63,63,63,63,63,65,65,65,65,65,65,65,65],"card_choices":[{"not_picked":["Bane","Acrobatics"],"picked":"Cloak And Dagger","floor":1.0},{"not_picked":["Outmaneuver","Cloak And Dagger"],"picked":"Bane","floor":2.0},{"not_picked":["Caltrops","Cloak And Dagger"],"picked":"ReplayTheSpireMod:Speed Training","floor":3.0},{"not_picked":["Chrysalis","Secret Weapon"],"picked":"hubris:EnhanceAbility","floor":4.0},{"not_picked":["ReplayUltimateDefense","Survey Options"],"picked":"Apotheosis","floor":4.0},{"not_picked":["ReplayTheSpireMod:Trickstab","Jack Of All Trades"],"picked":"hubris:EnhanceAbility","floor":4.0},{"not_picked":["Acrobatics","Quick Slash"],"picked":"Distraction","floor":6.0},{"not_picked":["Flying Knee","Deadly Poison"],"picked":"Glass Knife","floor":7.0},{"not_picked":["hubris:SlightOfHand","Prepared"],"picked":"Poisoned Stab","floor":10.0},{"not_picked":["Slice","Deadly Poison"],"picked":"Infinite Blades","floor":13.0},{"not_picked":["Deflect","Dash"],"picked":"A Thousand Cuts","floor":14.0},{"not_picked":["Malaise","Tools of the Trade"],"picked":"ReplayTheSpireMod:From All Sides","floor":16.0},{"not_picked":["Slice","All Out Attack"],"picked":"Toxin Wave","floor":18.0},{"not_picked":["hubris:SlightOfHand","Poisoned Stab"],"picked":"Deadly Poison+1","floor":20.0},{"not_picked":["Infinite Blades","Bane"],"picked":"Crippling Poison","floor":22.0},{"not_picked":["Hidden Blade+1","Calculated Gamble"],"picked":"Slice","floor":23.0},{"not_picked":["Dash","Slice+1"],"picked":"Backstab+1","floor":24.0},{"not_picked":["Distraction","Riddle With Holes"],"picked":"hubris:SlightOfHand","floor":25},{"not_picked":["Deflect","Blade Dance"],"picked":"Flying Knee","floor":29},{"not_picked":["Tools of the Trade","Burst"],"picked":"Venomology","floor":33},{"not_picked":["Backflip","Tactician"],"picked":"Bouncing Flask","floor":35},{"not_picked":["Quick Slash","Tactician"],"picked":"Dodge and Roll","floor":36},{"not_picked":["Slice","Quick Slash"],"picked":"Cloak And Dagger+1","floor":40},{"not_picked":["Concentrate+1","ReplayTheSpireMod:Shiv Toss+1"],"picked":"hubris:Counter","floor":42},{"not_picked":["Doppelganger","Heel Hook","hubris:SlightOfHand"],"picked":"Singing Bowl","floor":44},{"not_picked":["Blade Dance","Setup"],"picked":"Dagger Spray+1","floor":46},{"not_picked":["hubris:Counter","Slice"],"picked":"Dash","floor":48}],"player_experience":1268401,"relics_obtained":[{"floor":2.0,"key":"Shovel"},{"floor":5.0,"key":"hubris:TenFootPole"},{"floor":7.0,"key":"hubris:SphereOfDissonance"},{"floor":8.0,"key":"Chameleon Ring"},{"floor":9.0,"key":"Replay:Bottled Eggs"},{"floor":10.0,"key":"Garlic"},{"floor":11.0,"key":"Replay:Baseball"},{"floor":12.0,"key":"infinitespire:EmpoweringShard"},{"floor":23.0,"key":"Replay:Kaleidoscope"},{"floor":25,"key":"Ancient Tea Set"},{"floor":26,"key":"Toy Ornithopter"},{"floor":29,"key":"Replay:WaspNest"},{"floor":32,"key":"infinitespire:Lychee Nut"},{"floor":39,"key":"Regal Pillow"},{"floor":40,"key":"infinitespire:Magic Flask"},{"floor":42,"key":"Bird Faced Urn"},{"floor":43,"key":"Singing Bowl"},{"floor":44,"key":"Basket Of Snakes"},{"floor":45,"key":"infinitespire:Satchel"},{"floor":49,"key":"Pen Nib"}],"event_choices":[{"damage_healed":0.0,"max_hp_gain":0.0,"max_hp_loss":0.0,"gold_gain":0.0,"event_name":"Wheel of Change","player_choice":"Relic","floor":5.0,"gold_loss":0.0,"damage_taken":0.0},{"damage_healed":0,"gold_gain":0,"player_choice":"Inject Mutagens","damage_taken":0,"relics_obtained":["MutagenicStrength"],"max_hp_gain":0,"max_hp_loss":0,"event_name":"Drug Dealer","floor":27,"gold_loss":0},{"damage_healed":0,"gold_gain":0,"player_choice":"Got Potions","damage_taken":0,"max_hp_gain":0,"max_hp_loss":0,"event_name":"Lab","floor":31,"gold_loss":0},{"damage_healed":0,"gold_gain":0,"player_choice":"Gave Potion","damage_taken":0,"relics_obtained":["Quantum Egg"],"max_hp_gain":0,"max_hp_loss":0,"event_name":"WeMeetAgain","floor":37,"gold_loss":0},{"damage_healed":0,"gold_gain":0,"player_choice":"Upgraded","damage_taken":0,"max_hp_gain":0,"max_hp_loss":0,"event_name":"Upgrade Shrine","floor":41,"gold_loss":0,"cards_upgraded":["ReplayUltimateDefense"]}],"is_beta":false,"boss_relics":[{"not_picked":["Snecko Eye","hubris:RunicObelisk"],"picked":"Snecko Heart"},{"not_picked":["Runic Dome","Cursed Key"],"picked":"Replay:Wanted Poster"}],"items_purged_floors":[],"is_endless":true,"potions_floor_spawned":[3,13,16,20,24,40,42,46],"killed_by":"LordOfAnnihilation","ascension_level":20}}