{"host":"rzpi613efy9j52u4","time":1612815545,"event":{"mods":["Aspiration","BaseMod","BetterRewards","Colored Powertips","Custom Start","Dio Mod","Downfall","Googly Eyes","Hubris","Infinite Spire","Jorbs\u0027s Wanderer Trilogy","Minty Spire (QoL Compilation)","Rare Cards Sparkle","Reliquary","Shop Mod","StSLib","The Cursed","The Disciple","The Hierophant","The Necromancer","The Poker Player","Waifu the Spire"],"gold_per_floor":[110,126,126,201,201,201,244,244,270,312,312,312,321,74,74,202,202,221,230,239,239,35,88,138,138,184,199,208,257,257,391,391,520,520,539,539,563,194,266,308,57,115,115,115,115,115,157,182,182,311,311,325,344,356,183,183,229,266,296,296,296,308,308,308,30,30,132,132,142,142,142,142,142,162,196,196,220,225,225,41,78,90,90,207,207,230,256,256,256,261,298,17,49,127,127,127,127,144,144,144,236,236,252,252,132,182,191,191,249,249,249,249,299,299,349,369,369,490,490,490,490],"floor_reached":120,"language":"ENG","playtime":10012,"items_purged":["Regret","Shame"],"score":3012,"play_id":"7e550929-c004-48e3-9e3f-5e830a76c870","local_time":"20210208151904","daily_mods":["Vintage","Time Dilation","Flight","downfall:Lament"],"is_ascension_mode":false,"campfire_choices":[{"data":"Summon_Undead_Army","floor":6.0,"key":"SMITH"},{"data":"Uncharnel","floor":12.0,"key":"SMITH"},{"data":"Life_Tap","floor":15.0,"key":"SMITH"},{"data":"Summon_Death_Knight","floor":25.0,"key":"SMITH"},{"data":"Summon_Vampire_Lady","floor":30.0,"key":"SMITH"},{"data":"Summon_Lich","floor":32.0,"key":"SMITH"},{"data":"1","floor":44.0,"key":"LIFT"},{"data":"2","floor":46.0,"key":"LIFT"},{"data":"3","floor":49.0,"key":"LIFT"},{"data":"Shade_Step","floor":61.0,"key":"SMITH"},{"data":"Shade_Step","floor":64,"key":"SMITH"},{"data":"Strike_from_Beyond","floor":66,"key":"SMITH"},{"data":"Finger_Of_Death","floor":76,"key":"SMITH"},{"data":"Finger_Of_Death","floor":83,"key":"SMITH"},{"data":"Strike_W","floor":100,"key":"SMITH"},{"data":"hubris:InfiniteBlow+1","floor":108,"key":"SMITH"},{"data":"hubris:InfiniteBlow+2","floor":110,"key":"SMITH"},{"data":"hubris:InfiniteBlow+3","floor":112,"key":"SMITH"},{"data":"hubris:InfiniteBlow+4","floor":114,"key":"SMITH"},{"data":"hubris:InfiniteBlow+5","floor":117,"key":"SMITH"}],"circlet_count":0,"master_deck":["Strike_from_Beyond+1","Finger_Of_Death+1","Finger_Of_Death+1","Skeleton_Dragon+1","Summon_Vampire_Lady+1","Summon_Death_Knight+1","Summon_Undead_Army+1","Summon_Lich+1","Summon_Undead+1","Shade_Step+1","Shade_Step+1","Shade_Step+1","Life_Tap+1","Uncharnel+1","Defend_W","Defend_W+1","Defend_W","Defend_W+1","Defend_W","Defend_W+1","Strike_W","Strike_W+1","Strike_W","Strike_W+1","Strike_W+1","Negative_Energy_Mist+1","Life_Tap+1","Bone_Bullets+1","Summon_Death_Knight+1","infinitespire:FutureSight+1","Bone_Bullets+1","Spectral_Armor+1","Corrupt+1","hubris:Fate+1","Bone_Bullets+1","Summon_Vampire_Lady+1","Summon_Undead_Army+1","Shade_Step+1","Violent_Necrosis+1","Toxic_Smoke_Screen+1","Negative_Energy_Sphere+1","Bone_Armory+1","Death_Knell+1","infinitespire:Starlight+1","Finger_Of_Death+1","Cloudkill+1","Thousand_Bone_Knives+1","Life_Drain+1","Bone_Prison+1","Summon_Undead+1","Blood_Curse+1","Blood_Magic+1","Chill_Blood+1","Uncharnel+1","Summon_Undead_Army+1","Uncharnel+1","Summon_Vampire_Lady+1","Spectral_Walk+1","Bone_Prison+1","Summon_Vampire_Lady+1","hubris:InfiniteBlow+6","Hellfire+1","infinitespire:FutureSight+1","Grasp_Heart+1"],"relics":["Vampire_Amulet","NeowsBlessing","Anchor","infinitespire:Beetle Shell","Bird Faced Urn","Black Star","Blood Vial","reliquary:BrokenClock","Burning Blood","CaptainsWheel","Charon\u0027s Ashes","Chemical X","Coffee Dripper","reliquary:Firecrackers","FossilizedHelix","Frozen Egg 2","aspiration:FrozenJewel","Gremlin Horn","Happy Flower","aspiration:HatOfInfinitePower","HornCleat","Magic Flower","infinitespire:Lychee Nut","Molten Egg 2","Toxic Egg 2","TungstenRod","Prayer Wheel","SlaversCollar","hubris:SlimyHat","Sozu","hubris:TerracottaHorce","reliquary:QuartzCube","InkBottle","Golden Idol","infinitespire:CheckeredPen","aspiration:ArtOfWarUpgrade","reliquary:TatteredRug","Whetstone","CeramicFish","hubris:FunFungus","Lantern","Black Star","Shuriken","Membership Card","aspiration:DSix","FossilizedHelix","Strawberry","Omamori","reliquary:TuningFork","Sling","Meat on the Bone","reliquary:TridentHead","Peace Pipe","reliquary:Buckler","expansioncontent:StudyCardRelic","Mercury Hourglass","Bottled Flame","Slimebound:StickyStick","bronze:DonusWashers","hubris:Zylophone","infinitespire:Joker Card","aspiration:ChemicalBlood","StoneCalendar","Guardian:BottledAnomaly","Girya","Ginger","Boot","reliquary:RoseTintedGlasses","Letter Opener","hubris:ToyBattleship","infinitespire:Satchel","aspiration:RitualDagger","NeowsBlessing","Dead Branch","MawBank","Mango","reliquary:ExpiredCoupon","Lee\u0027s Waffle","CultistMask","Regal Pillow","Guardian:PocketSentry","The Courier","Tiny Chest","infinitespire:FocusingShard","reliquary:SharkskinSheath","Bag of Marbles","reliquary:NewFriend","hubris:CuriousFeather","HandDrill","hubris:SphereOfDissonance","reliquary:KinkedSpring","WarpedTongs","reliquary:HotPoker","Enchiridion","infinitespire:WardingShard","Singing Bowl","PreservedInsect","reliquary:Stiletto","sneckomod:BlankCard","hubris:Metronome","Matryoshka","hubris:ScarierMask","Centennial Puzzle","aspiration:Nostalgia","sneckomod:SneckoSoul","reliquary:Knoch","reliquary:RosewoodLute","hubris:Reverence","War Paint","infinitespire:BottledMercury","bronze:MakeshiftBattery","Juzu Bracelet","aspiration:ArtOfWarUpgrade","reliquary:FerryPass","hubris:Icosahedron","StrikeDummy","reliquary:FeatherDuster","hubris:Spice","bronze:DecasWashers","hubris:TenFootPole","aspiration:TomeofQuesting","Philosopher\u0027s Stone","NeowsBlessing","SsserpentHead","aspiration:SneckoTail","hubris:MedicalManual","Sundial","Unceasing Top","hubris:MobiusCoin","hubris:EvacipatedBox","hubris:FruitBowl","Blue Candle","Calling Bell","aspiration:VileToxins"],"acts_visited":["Exordium","TheCity","TheBeyond","Exordium","TheCity","TheBeyond","Exordium","TheCity"],"potions_floor_usage":[],"damage_taken":[{"damage":0.0,"enemies":"Small Slimes","floor":1.0,"turns":1.0},{"damage":0.0,"enemies":"2 Louse","floor":2.0,"turns":1.0},{"damage":0.0,"enemies":"3 Sentries","floor":7.0,"turns":3.0},{"damage":0.0,"enemies":"Gremlin Nob","floor":10.0,"turns":2.0},{"damage":4.0,"enemies":"Hexaghost","floor":16.0,"turns":5.0},{"damage":0.0,"enemies":"3 Byrds","floor":18.0,"turns":3.0},{"damage":0.0,"enemies":"Gremlin Leader","floor":23.0,"turns":4.0},{"damage":0.0,"enemies":"Slavers","floor":24.0,"turns":3.0},{"damage":0.0,"enemies":"Spheric Guardian","floor":27.0,"turns":2.0},{"damage":0.0,"enemies":"Nightmare","floor":29.0,"turns":4.0},{"damage":0.0,"enemies":"Colosseum Slavers","floor":31.0,"turns":2.0},{"damage":0.0,"enemies":"Colosseum Nobs","floor":31.0,"turns":2.0},{"damage":0.0,"enemies":"Collector","floor":33.0,"turns":2.0},{"damage":0.0,"enemies":"3 Darklings","floor":35.0,"turns":4.0},{"damage":0.0,"enemies":"Orb Walker","floor":37.0,"turns":3.0},{"damage":10.0,"enemies":"Mind Bloom Boss Battle","floor":39.0,"turns":3.0},{"damage":0.0,"enemies":"Reptomancer","floor":40.0,"turns":2.0},{"damage":0.0,"enemies":"Nightmare","floor":42.0,"turns":4.0},{"damage":0.0,"enemies":"Nemesis","floor":47.0,"turns":2.0},{"damage":0.0,"enemies":"Spire Growth","floor":48.0,"turns":2.0},{"damage":0.0,"enemies":"hubris:GrandSnecko","floor":50.0,"turns":3.0},{"damage":0.0,"enemies":"Small Slimes","floor":52.0,"turns":1.0},{"damage":0.0,"enemies":"2 Louse","floor":53.0,"turns":1.0},{"damage":0.0,"enemies":"Lagavulin","floor":57.0,"turns":1.0},{"damage":0.0,"enemies":"Gremlin Nob","floor":58.0,"turns":2.0},{"damage":0.0,"enemies":"Nightmare","floor":59.0,"turns":2.0},{"damage":0.0,"enemies":"Jaw Worm","floor":62.0,"turns":1.0},{"damage":2,"enemies":"Hexaghost","floor":67,"turns":2},{"damage":0,"enemies":"Spheric Guardian","floor":69,"turns":2},{"damage":2,"enemies":"Slavers","floor":74,"turns":3},{"damage":0,"enemies":"Nightmare","floor":75,"turns":2},{"damage":10,"enemies":"Slavers","floor":78,"turns":3},{"damage":0,"enemies":"Gremlin Leader","floor":81,"turns":1},{"damage":0,"enemies":"2 Thieves","floor":82,"turns":1},{"damage":0,"enemies":"Collector","floor":84,"turns":2},{"damage":0,"enemies":"3 Shapes","floor":86,"turns":1},{"damage":0,"enemies":"Orb Walker","floor":90,"turns":2},{"damage":0,"enemies":"Reptomancer","floor":91,"turns":1},{"damage":0,"enemies":"Nemesis","floor":93,"turns":1},{"damage":0,"enemies":"Nightmare_Alpha","floor":98,"turns":2},{"damage":13,"enemies":"infinitespire:MassOfShapes","floor":101,"turns":2},{"damage":0,"enemies":"2 Louse","floor":103,"turns":1},{"damage":0,"enemies":"Nightmare","floor":109,"turns":1},{"damage":0,"enemies":"Cultist","floor":116,"turns":1},{"damage":0,"enemies":"The Guardian","floor":118,"turns":2},{"damage":0,"enemies":"Spheric Guardian","floor":120,"turns":1}],"seed_played":"-4097575867299388892","potions_obtained":[],"is_trial":true,"path_per_floor":["M","M","?","?","?","R","E","R","T","E","R","R","?","$","R","B",null,"M","?","?","?","$","E","E","R","T","M","AVR","NM","R","?","R","B",null,"M","?","M","$","?","E","$","NM","T","R","?","R","E","M","R","B",null,"M","M","?","$","?","E","E","NM","T","R","M","?","R","$","R","B",null,"M","?","T","?","?","E","NM","R","T","E","AVR","$","E","M","R","B",null,"M","T","?","?","M","E","$","E","T","?","R","R","NM","T","R","B",null,"M","?","$","?","AVR","R","NM","R","T","R","$","R","T","M","R","B",null,"M"],"character_chosen":"NECROMANCER","items_purchased":["Lantern","Bone_Bullets+1","Membership Card","Slimebound:StickyStick","bronze:DonusWashers","Summon_Undead_Army+1","Shade_Step+1","Violent_Necrosis+1","hubris:Zylophone","Guardian:BottledAnomaly","Bone_Armory+1","Girya","reliquary:ExpiredCoupon","Lee\u0027s Waffle","Thousand_Bone_Knives+1","Life_Drain+1","hubris:CuriousFeather","HandDrill","hubris:SphereOfDissonance","aspiration:Nostalgia","reliquary:Knoch","reliquary:RosewoodLute","Summon_Undead_Army+1","bronze:DecasWashers","hubris:Spice","hubris:TenFootPole","aspiration:SneckoTail","hubris:EvacipatedBox","hubris:FruitBowl"],"campfire_rested":0,"item_purchase_floors":[14,14,22,38,38,38,38,38,38,41,41,41,55,55,55,55,65,65,65,80,80,80,80,92,92,92,105,113,113],"current_hp_per_floor":[56,56,56,46,33,33,56,56,56,56,56,56,56,56,56,56,56,56,43,43,43,43,56,63,63,63,63,63,63,63,63,63,63,63,63,63,63,63,63,63,63,63,63,63,63,63,63,63,63,63,63,63,63,63,84,84,84,84,84,84,84,84,84,84,84,84,84,84,84,84,84,72,72,84,88,88,88,90,90,90,90,90,90,90,90,90,90,90,90,90,98,106,90,74,74,74,74,68,60,60,60,60,52,52,52,52,52,52,52,52,52,52,14,14,17,32,32,40,40,16,16],"gold":490,"neow_bonus":"","is_daily":false,"chose_seed":false,"campfire_upgraded":17,"win_rate":0.0,"timestamp":1612815544,"path_taken":["M","M","?","?","?","R","E","R","T","E","R","R","?","?","R","BOSS","M","?","?","?","$","E","E","R","T","?","AVR","NM","R","?","R","BOSS","M","?","?","$","?","E","$","NM","T","R","?","R","E","?","R","BOSS","M","?","?","$","?","E","E","NM","T","R","?","?","R","$","R","BOSS","M","?","?","?","?","E","NM","R","T","E","AVR","$","E","?","R","BOSS","M","?","?","?","M","E","$","E","T","?","R","R","NM","?","R","BOSS","M","?","$","?","AVR","R","NM","R","T","R","?","R","?","M","R","BOSS","M"],"items_purchased_type":["Relic","Card","Relic","Relic","Relic","Card","Card","Card","Relic","Relic","Card","Relic","Relic","Relic","Card","Card","Relic","Relic","Relic","Relic","Relic","Relic","Card","Relic","Relic","Relic","Relic","Relic","Relic"],"build_version":"2020-12-13","purchased_purges":2,"victory":false,"max_hp_per_floor":[56,56,56,56,56,56,56,56,56,56,56,56,56,56,56,56,56,56,56,56,56,56,56,63,63,63,63,63,63,63,63,63,63,63,63,63,63,63,63,63,63,63,63,63,63,63,63,63,63,63,63,63,63,77,84,84,84,84,84,84,84,84,84,84,84,84,84,84,84,84,84,84,84,84,88,88,88,90,90,90,90,90,90,90,90,90,90,90,90,90,98,106,90,74,74,74,74,68,60,60,60,60,52,52,52,52,52,52,52,52,52,52,52,52,40,40,40,40,40,16,16],"card_choices":[{"not_picked":["Death_Knell+1","Bone_Bullets+1"],"picked":"Negative_Energy_Mist+1","floor":7.0},{"not_picked":["Shackles_Of_Pain+1","Plague_Bolt+1"],"picked":"Life_Tap+1","floor":10.0},{"not_picked":["Requiem+1","Cloudkill+1"],"picked":"Summon_Death_Knight+1","floor":16.0},{"not_picked":["infinitespire:Execution","infinitespire:Menacing"],"picked":"infinitespire:FutureSight","floor":19.0},{"not_picked":["Requiem+1","Death_March_Dance+1"],"picked":"Bone_Bullets+1","floor":23.0},{"not_picked":["Thousand_Bone_Knives+1","Death_March_Dance+1"],"picked":"Spectral_Armor+1","floor":24.0},{"not_picked":["Bone_Bullets+1","Slay_Living+1"],"picked":"Corrupt+1","floor":29.0},{"not_picked":["infinitespire:SealOfDarkness+","infinitespire:FinalStrike"],"picked":"hubris:Fate","floor":29.0},{"not_picked":["Negative_Energy_Sphere+1","Strike_from_Beyond+1"],"picked":"Bone_Bullets+1","floor":31.0},{"not_picked":["Negative_Energy_Bomb+1","Hellfire+1"],"picked":"Summon_Vampire_Lady+1","floor":33.0},{"not_picked":["Corrupt+1","Negative_Energy_Javelin+1"],"picked":"Toxic_Smoke_Screen+1","floor":39.0},{"not_picked":["Bones_to_Steel+1","Shackles_Of_Pain+1"],"picked":"Negative_Energy_Sphere+1","floor":40.0},{"not_picked":["Finger_Of_Death+1","Negative_Energy_Bomb+1"],"picked":"Death_Knell+1","floor":42.0},{"not_picked":["infinitespire:SevenWalls","infinitespire:Fortify"],"picked":"infinitespire:Starlight","floor":42.0},{"not_picked":["Blood_Is_Power+1","Acid_Javelin+1"],"picked":"Finger_Of_Death+1","floor":47.0},{"not_picked":["Negative_Energy_Bomb+1","Skeleton_Dragon+1"],"picked":"Cloudkill+1","floor":50.0},{"not_picked":["Deaths_Shadow+1","Spectral_Armor+1"],"picked":"Bone_Prison+1","floor":57.0},{"not_picked":["Bones_to_Steel+1","Bone_Prison+1"],"picked":"Summon_Undead+1","floor":58.0},{"not_picked":["Toxic_Smoke_Screen+1","Bone_Spikes+1"],"picked":"Blood_Curse+1","floor":59.0},{"not_picked":["Blood_Wake+1","Skeleton_Dragon+1"],"picked":"Blood_Magic+1","floor":67},{"not_picked":["Blood_Curse+1","Bone_Bullets+1"],"picked":"Chill_Blood+1","floor":74},{"not_picked":["Shackles_Of_Pain+1","Death_March_Dance+1","Plague_Bolt+1"],"picked":"Singing Bowl","floor":75},{"not_picked":["infinitespire:Fortify","infinitespire:DeathsTouch","infinitespire:FinalStrike"],"picked":"Singing Bowl","floor":75},{"not_picked":["Detonate_Bones+1","Exploit+1"],"picked":"Uncharnel+1","floor":78},{"not_picked":["infinitespire:TheBestDefense","hubris:Rewind","infinitespire:SealOfDarkness+"],"picked":"Singing Bowl","floor":78},{"not_picked":["Negative_Energy_Sphere+1","Bone_Armor+1"],"picked":"Uncharnel+1","floor":81},{"not_picked":["Blood_Magic+1","Skeleton_Dragon+1"],"picked":"Summon_Vampire_Lady+1","floor":84},{"not_picked":["Shade_Step+1","Bone_Shift+1"],"picked":"Spectral_Walk+1","floor":91},{"not_picked":["Bone_Spikes+1","Vampiric_Strike+1"],"picked":"Bone_Prison+1","floor":93},{"not_picked":["Blood_Is_Power+1","Plague_Bolt+1"],"picked":"hubris:SpiceAddiction","floor":98},{"not_picked":["infinitespire:SevenWalls","infinitespire:TheBestDefense","infinitespire:Punishment"],"picked":"Singing Bowl","floor":98},{"not_picked":["Blood_Wake+1","hubris:SpiceAddiction"],"picked":"Summon_Vampire_Lady+1","floor":101},{"not_picked":["Necrotic_Claws+1","Blood_Curse+1"],"picked":"Hellfire+1","floor":109},{"not_picked":["infinitespire:SealOfDarkness+","infinitespire:Punishment"],"picked":"infinitespire:FutureSight","floor":109},{"not_picked":["Summon_Vampire_Lady+1","Negative_Energy_Bomb+1"],"picked":"Grasp_Heart+1","floor":118}],"player_experience":107736,"relics_obtained":[{"floor":1.0,"key":"reliquary:QuartzCube"},{"floor":2.0,"key":"InkBottle"},{"floor":7.0,"key":"infinitespire:CheckeredPen"},{"floor":7.0,"key":"Art of War"},{"floor":9.0,"key":"reliquary:TatteredRug"},{"floor":10.0,"key":"Whetstone"},{"floor":10.0,"key":"CeramicFish"},{"floor":18.0,"key":"Shuriken"},{"floor":23.0,"key":"aspiration:DSix"},{"floor":24.0,"key":"reliquary:SculptingSteel"},{"floor":24.0,"key":"Strawberry"},{"floor":26.0,"key":"Omamori"},{"floor":27.0,"key":"reliquary:TuningFork"},{"floor":29.0,"key":"Meat on the Bone"},{"floor":29.0,"key":"reliquary:TridentHead"},{"floor":31.0,"key":"Peace Pipe"},{"floor":31.0,"key":"reliquary:Buckler"},{"floor":35.0,"key":"Mercury Hourglass"},{"floor":37.0,"key":"Bottled Flame"},{"floor":39.0,"key":"infinitespire:Joker Card"},{"floor":40.0,"key":"aspiration:ChemicalBlood"},{"floor":40.0,"key":"StoneCalendar"},{"floor":42.0,"key":"Ginger"},{"floor":42.0,"key":"Boot"},{"floor":43.0,"key":"reliquary:RoseTintedGlasses"},{"floor":47.0,"key":"Letter Opener"},{"floor":47.0,"key":"hubris:ToyBattleship"},{"floor":48.0,"key":"infinitespire:Satchel"},{"floor":52.0,"key":"Dead Branch"},{"floor":53.0,"key":"MawBank"},{"floor":57.0,"key":"Regal Pillow"},{"floor":57.0,"key":"Guardian:PocketSentry"},{"floor":58.0,"key":"The Courier"},{"floor":58.0,"key":"Tiny Chest"},{"floor":59.0,"key":"infinitespire:FocusingShard"},{"floor":59.0,"key":"reliquary:SharkskinSheath"},{"floor":60.0,"key":"Bag of Marbles"},{"floor":62.0,"key":"reliquary:NewFriend"},{"floor":71,"key":"reliquary:HotPoker"},{"floor":72,"key":"Enchiridion"},{"floor":74,"key":"infinitespire:WardingShard"},{"floor":74,"key":"Singing Bowl"},{"floor":75,"key":"PreservedInsect"},{"floor":75,"key":"reliquary:Stiletto"},{"floor":77,"key":"sneckomod:BlankCard"},{"floor":78,"key":"hubris:Metronome"},{"floor":78,"key":"Matryoshka"},{"floor":81,"key":"hubris:Reverence"},{"floor":81,"key":"War Paint"},{"floor":82,"key":"infinitespire:BottledMercury"},{"floor":86,"key":"Juzu Bracelet"},{"floor":87,"key":"Art of War"},{"floor":87,"key":"reliquary:FerryPass"},{"floor":90,"key":"StrikeDummy"},{"floor":91,"key":"reliquary:FeatherDuster"},{"floor":91,"key":"hubris:Spice"},{"floor":93,"key":"hubris:Spice"},{"floor":93,"key":"hubris:Spice"},{"floor":94,"key":"hubris:Spice"},{"floor":94,"key":"hubris:Spice"},{"floor":98,"key":"aspiration:TomeofQuesting"},{"floor":98,"key":"hubris:Spice"},{"floor":99,"key":"hubris:Spice"},{"floor":103,"key":"hubris:Spice"},{"floor":109,"key":"Sundial"},{"floor":109,"key":"Unceasing Top"},{"floor":111,"key":"hubris:MobiusCoin"},{"floor":115,"key":"hubris:Spice"},{"floor":116,"key":"Blue Candle"},{"floor":120,"key":"aspiration:VileToxins"},{"floor":120,"key":"hubris:Spice"},{"floor":120,"key":"hubris:Spice"}],"event_choices":[{"damage_healed":0.0,"max_hp_gain":0.0,"max_hp_loss":0.0,"gold_gain":0.0,"event_name":"Living Wall","player_choice":"Grow","floor":3.0,"gold_loss":0.0,"damage_taken":0.0,"cards_upgraded":["Summon_Undead"]},{"damage_healed":0.0,"max_hp_gain":0.0,"max_hp_loss":0.0,"gold_gain":75.0,"event_name":"World of Goop","player_choice":"Gather Gold","floor":4.0,"gold_loss":0.0,"damage_taken":11.0},{"damage_healed":0.0,"max_hp_gain":0.0,"max_hp_loss":0.0,"gold_gain":0.0,"event_name":"Golden Idol","player_choice":"Take Damage","floor":5.0,"gold_loss":0.0,"damage_taken":14.0,"relics_obtained":["Golden Idol"]},{"damage_healed":0.0,"max_hp_gain":0.0,"max_hp_loss":0.0,"gold_gain":0.0,"event_name":"Big Fish","player_choice":"Box","floor":13.0,"gold_loss":0.0,"damage_taken":0.0,"relics_obtained":["hubris:FunFungus"],"cards_obtained":["Regret"]},{"damage_healed":0.0,"max_hp_gain":0.0,"max_hp_loss":0.0,"gold_gain":0.0,"event_name":"The Woman in Blue","player_choice":"Bought 0 Potions","floor":21.0,"gold_loss":0.0,"damage_taken":0.0},{"damage_healed":0.0,"max_hp_gain":0.0,"max_hp_loss":0.0,"gold_gain":0.0,"event_name":"Colosseum","player_choice":"Fight","floor":31.0,"gold_loss":0.0,"damage_taken":0.0},{"damage_healed":0.0,"max_hp_gain":0.0,"max_hp_loss":0.0,"gold_gain":0.0,"event_name":"Colosseum","player_choice":"Fought Nobs","floor":31.0,"gold_loss":0.0,"damage_taken":0.0},{"damage_healed":0.0,"max_hp_gain":0.0,"max_hp_loss":0.0,"gold_gain":0.0,"event_name":"Upgrade Shrine","player_choice":"Upgraded","floor":36.0,"gold_loss":0.0,"damage_taken":0.0,"cards_upgraded":["Skeleton_Dragon"]},{"damage_healed":0.0,"max_hp_gain":0.0,"max_hp_loss":0.0,"gold_gain":0.0,"event_name":"MindBloom","player_choice":"Fight","floor":39.0,"gold_loss":0.0,"damage_taken":0.0},{"damage_healed":0.0,"max_hp_gain":0.0,"max_hp_loss":0.0,"gold_gain":0.0,"event_name":"NoteForYourself","player_choice":"Ignored","floor":45.0,"gold_loss":0.0,"damage_taken":0.0},{"damage_healed":0.0,"max_hp_gain":0.0,"max_hp_loss":0.0,"gold_gain":0.0,"event_name":"Scrap Ooze","player_choice":"Success","floor":54.0,"gold_loss":0.0,"damage_taken":18.0,"relics_obtained":["Mango"]},{"damage_healed":0.0,"max_hp_gain":0.0,"max_hp_loss":0.0,"gold_gain":0.0,"event_name":"FaceTrader","player_choice":"Trade","floor":56.0,"gold_loss":0.0,"damage_taken":0.0,"relics_obtained":["CultistMask"]},{"damage_healed":0,"gold_gain":0,"player_choice":"Ignored","damage_taken":0,"max_hp_gain":0,"max_hp_loss":0,"event_name":"Shining Light","floor":63,"gold_loss":0},{"damage_healed":0,"gold_gain":0,"player_choice":"Rummage","damage_taken":0,"relics_obtained":["WarpedTongs"],"max_hp_gain":0,"max_hp_loss":0,"event_name":"Accursed Blacksmith","floor":70,"gold_loss":0,"cards_obtained":["Pain"]},{"damage_healed":0,"gold_gain":0,"player_choice":"Obtained Book","damage_taken":16,"max_hp_gain":0,"max_hp_loss":0,"event_name":"Cursed Tome","floor":72,"gold_loss":0},{"cards_removed":["Strike_W"],"damage_healed":0,"gold_gain":0,"player_choice":"Card Removal","damage_taken":0,"max_hp_gain":0,"max_hp_loss":0,"event_name":"Wheel of Change","floor":73,"gold_loss":0},{"damage_healed":0,"gold_gain":0,"player_choice":"Ignored","damage_taken":0,"max_hp_gain":0,"max_hp_loss":0,"event_name":"Tomb of Lord Red Mask","floor":95,"gold_loss":0},{"damage_healed":0,"gold_gain":0,"player_choice":"Trade","damage_taken":0,"relics_obtained":["SsserpentHead"],"max_hp_gain":0,"max_hp_loss":0,"event_name":"FaceTrader","floor":104,"gold_loss":0},{"cards_removed":["hubris:Rewind"],"damage_healed":5,"gold_gain":0,"player_choice":"Offered Special","damage_taken":0,"max_hp_gain":0,"max_hp_loss":0,"event_name":"Bonfire Elementals","floor":106,"gold_loss":0}],"is_beta":false,"boss_relics":[{"not_picked":["hubris:BlackHole","aspiration:WatcherSkillbook"],"picked":"Black Star"},{"not_picked":["Tiny House","Fusion Hammer"],"picked":"expansioncontent:StudyCardRelic"},{"not_picked":["reliquary:KinkedSpring","SlaversCollar"],"picked":"aspiration:RitualDagger"},{"not_picked":["Astrolabe","Tiny House"],"picked":"reliquary:KinkedSpring"},{"not_picked":["sneckomod:SneckoTalon","hubris:BlackHole"],"picked":"bronze:MakeshiftBattery"},{"not_picked":["hubris:Spice","hubris:Spice"],"picked":"Philosopher\u0027s Stone"},{"not_picked":["hubris:Spice","hubris:Spice","hubris:Spice"],"picked":"Calling Bell"}],"items_purged_floors":[14,22],"is_endless":true,"potions_floor_spawned":[2,10,16,18,27,29,35,40,47,50,53,59,75,78,82,93,98,116],"killed_by":"Spheric Guardian","ascension_level":0}}