{"host":"pgm1p3lvdjflie30","time":1612759919,"event":{"mods":["AchievementEnabler","Alarm Clock","Aspiration","BaseMod","Challenge The Spire","Colored Map","Colored Powertips","Dark Map","Energized Spire","Hermit","HornydragonMod","Minty Spire (QoL Compilation)","Quarter Circle Forward PUNCH!","Quick Restart","Relic Stats","Robot Space Explorer","Spicy Shops","StSLib","The Blackbeard","The IronCluck","Waifu the Spire","【功能Mod】混沌之?修复?丁","篝火指南"],"gold_per_floor":[82,82,257,271,101,101,121,121,200,200,200,218,218,218,218,218,218],"floor_reached":16,"language":"ZHS","playtime":619,"items_purged":["Doubt"],"score":88,"play_id":"204f105f-8199-4e7d-8bef-ddd988618de1","local_time":"20210208125159","is_ascension_mode":false,"campfire_choices":[{"data":"Mind Blast","floor":6,"key":"SMITH"},{"data":"Trip","floor":11,"key":"SMITH"},{"data":"PowerGlove","floor":13,"key":"SMITH"},{"data":"AlcoholBarrier","floor":15,"key":"SMITH"}],"circlet_count":0,"master_deck":["Strike_HD","Strike_HD","Strike_HD","Strike_HD","DrunkenFist","Defend_HD","Defend_HD","Defend_HD","Defend_HD","AlcoholBarrier+1","BreakDrink","Trip+1","Conch","Fbi+1","Mind Blast+1","BloodyMary","PowerGlove+1"],"relics":["WineBottle"],"acts_visited":["Exordium"],"potions_floor_usage":[16,16],"damage_taken":[{"damage":1,"enemies":"Jaw Worm","floor":1,"turns":3},{"damage":14,"enemies":"2 Louse","floor":4,"turns":4},{"damage":2,"enemies":"Small Slimes","floor":7,"turns":3},{"damage":9,"enemies":"2 Fungi Beasts","floor":12,"turns":2},{"damage":75,"enemies":"Hexaghost","floor":16,"turns":9}],"seed_played":"5756593660433052349","potions_obtained":[{"floor":1,"key":"SteroidPotion"},{"floor":12,"key":"Strength Potion"}],"is_trial":false,"path_per_floor":["M","?","?","M","$","R","M","?","T","?","R","M","R","?","R","B"],"character_chosen":"HORNYDRAGON","items_purchased":["Mind Blast"],"campfire_rested":0,"item_purchase_floors":[5],"current_hp_per_floor":[86,86,86,72,72,72,70,70,70,75,75,70,70,70,70,0,0],"gold":218,"neow_bonus":"RANDOM_COLORLESS","is_daily":false,"chose_seed":false,"campfire_upgraded":4,"win_rate":0.0,"timestamp":1612759919,"path_taken":["M","?","?","M","$","R","M","?","T","?","R","M","R","?","R","BOSS"],"items_purchased_type":["Card"],"build_version":"2020-12-22","purchased_purges":1,"victory":false,"max_hp_per_floor":[87,87,87,87,87,87,87,87,87,92,92,92,92,92,92,92,92],"relic_stats":{"counters":[5,21],"obtain_stats":[{"WineBottle":0},{"WineBottle":0},{"WineBottle":0}]},"card_choices":[{"not_picked":["Finesse","Blind"],"picked":"Trip","floor":0},{"not_picked":["Yeast","HeadDefend"],"picked":"Conch","floor":1},{"not_picked":["AlcoholAttack","BreakDrink"],"picked":"Fbi","floor":4},{"not_picked":["Guppy","Margarita"],"picked":"BloodyMary","floor":7},{"not_picked":["Pigeon","HeadDefend"],"picked":"PowerGlove","floor":12}],"player_experience":360453,"relics_obtained":[],"event_choices":[{"damage_healed":0,"gold_gain":0,"player_choice":"Leave","damage_taken":0,"max_hp_gain":0,"max_hp_loss":0,"event_name":"The Cleric","floor":2,"gold_loss":0},{"damage_healed":0,"gold_gain":175,"player_choice":"AGREE","damage_taken":0,"max_hp_gain":0,"max_hp_loss":0,"event_name":"Liars Game","floor":3,"gold_loss":0,"cards_obtained":["Doubt"]},{"damage_healed":0,"gold_gain":0,"player_choice":"Grow","damage_taken":0,"max_hp_gain":0,"max_hp_loss":0,"event_name":"Living Wall","floor":8,"gold_loss":0,"cards_upgraded":["Fbi"]},{"damage_healed":0,"gold_gain":0,"player_choice":"Donut","damage_taken":0,"max_hp_gain":5,"max_hp_loss":0,"event_name":"Big Fish","floor":10,"gold_loss":0}],"is_beta":false,"boss_relics":[],"items_purged_floors":[5],"is_endless":false,"potions_floor_spawned":[1,12],"killed_by":"Hexaghost","ascension_level":0}}