{"host":"ydg0vn0pu4pubmdt","time":1612790161,"event":{"mods":["AchievementEnabler","BaseMod","Colored Map","Gold Saver","Minty Spire (QoL Compilation)","Quick Restart","SuperFastMode"],"gold_per_floor":[615,625,625,644,658,658,691,691,691,691,766,766,766,766,766,840,840,859,819,831,700,713,713,727,727,727,260,260,280,315,330,330,408,408,408,408],"floor_reached":35,"language":"KOR","playtime":680,"items_purged":["Strike_P","Strike_P"],"score":775,"play_id":"860cd744-dfa1-4805-991d-de2802757a65","local_time":"20210208221601","is_ascension_mode":true,"campfire_choices":[{"floor":6.0,"key":"REST"},{"floor":8.0,"key":"REST"},{"floor":10.0,"key":"REST"},{"floor":15.0,"key":"REST"},{"floor":23.0,"key":"REST"},{"floor":25.0,"key":"REST"},{"data":"Scrawl","floor":28.0,"key":"SMITH"},{"floor":32.0,"key":"REST"}],"circlet_count":0,"master_deck":["AscendersBane","Strike_P+1","Defend_P","Defend_P","Defend_P+1","Defend_P+1","Eruption+1","Vigilance","LessonLearned","PathToVictory+1","PathToVictory","Study","Scrawl+1","PathToVictory","PathToVictory+1","LikeWater","WaveOfTheHand+1","Scrawl"],"relics":["PureWater","Bronze Scales","Eternal Feather","InkBottle","Runic Pyramid","Prayer Wheel","DollysMirror","Toy Ornithopter","Blood Vial","Fusion Hammer"],"acts_visited":["Exordium","TheCity","TheBeyond"],"potions_floor_usage":[],"damage_taken":[{"damage":4.0,"enemies":"2 Louse","floor":1.0,"turns":2.0},{"damage":15.0,"enemies":"Small Slimes","floor":2.0,"turns":4.0},{"damage":13.0,"enemies":"Cultist","floor":4.0,"turns":5.0},{"damage":5.0,"enemies":"Blue Slaver","floor":5.0,"turns":3.0},{"damage":16.0,"enemies":"Gremlin Nob","floor":7.0,"turns":3.0},{"damage":35.0,"enemies":"The Guardian","floor":16.0,"turns":9.0},{"damage":16.0,"enemies":"Shell Parasite","floor":18.0,"turns":4.0},{"damage":16.0,"enemies":"Chosen","floor":20.0,"turns":4.0},{"damage":0.0,"enemies":"Snake Plant","floor":22.0,"turns":1.0},{"damage":17.0,"enemies":"Centurion and Healer","floor":24.0,"turns":5.0},{"damage":3.0,"enemies":"Cultist and Chosen","floor":29.0,"turns":5.0},{"damage":51.0,"enemies":"Slavers","floor":30.0,"turns":5.0},{"damage":0.0,"enemies":"Shelled Parasite and Fungi","floor":31.0,"turns":4.0},{"damage":40,"enemies":"Collector","floor":33,"turns":5},{"damage":15,"enemies":"3 Darklings","floor":35,"turns":4}],"seed_played":"7068036243930935041","potions_obtained":[{"floor":1.0,"key":"CultistPotion"},{"floor":4.0,"key":"EntropicBrew"},{"floor":18.0,"key":"ColorlessPotion"},{"floor":19.0,"key":"SkillPotion"},{"floor":19.0,"key":"Fire Potion"},{"floor":22.0,"key":"Block Potion"},{"floor":33,"key":"Explosive Potion"}],"is_trial":false,"path_per_floor":["M","M","?","M","M","R","E","R","T","R","?","?","?","?","R","B",null,"M","?","M","$","M","R","M","R","T","$","R","M","E","M","R","B",null,"M"],"character_chosen":"WATCHER","items_purchased":["PathToVictory","DollysMirror","Toy Ornithopter","LikeWater"],"campfire_rested":7,"item_purchase_floors":[21,27,27,27],"current_hp_per_floor":[57,42,23,10,5,23,7,25,25,52,41,41,36,29,53,18,51,35,35,19,19,19,46,29,56,56,56,62,59,11,13,40,2,47,34,34],"gold":408,"neow_bonus":"THREE_RARE_CARDS","is_daily":false,"chose_seed":false,"campfire_upgraded":1,"win_rate":0.0,"timestamp":1612790161,"path_taken":["M","M","?","M","M","R","E","R","T","R","?","?","?","?","R","BOSS","M","?","M","$","M","R","M","R","T","$","R","?","E","M","R","BOSS","M"],"items_purchased_type":["Card","Relic","Relic","Card"],"build_version":"2020-12-22","purchased_purges":2,"victory":false,"max_hp_per_floor":[62,62,62,62,62,62,62,62,62,62,62,62,62,62,62,62,62,62,62,62,62,62,62,62,62,62,62,62,62,62,62,62,62,62,62,62],"card_choices":[{"not_picked":["Vault","SpiritShield"],"picked":"LessonLearned","floor":0.0},{"not_picked":["Sanctity","FlyingSleeves"],"picked":"PathToVictory","floor":1.0},{"not_picked":["ClearTheMind","Prostrate","CutThroughFate"],"picked":"SKIP","floor":2.0},{"not_picked":["JustLucky","CutThroughFate"],"picked":"PathToVictory","floor":4.0},{"not_picked":["EmptyBody","Judgement","Fasting2"],"picked":"SKIP","floor":5.0},{"not_picked":["WindmillStrike","FollowUp"],"picked":"Study","floor":7.0},{"not_picked":["Alpha","Brilliance"],"picked":"Scrawl","floor":16.0},{"not_picked":["CrushJoints","SignatureMove","Crescendo"],"picked":"SKIP","floor":18.0},{"not_picked":["Prostrate","ForeignInfluence","Crescendo"],"picked":"SKIP","floor":20.0},{"not_picked":["EmptyBody","Crescendo","FlyingSleeves"],"picked":"SKIP","floor":22.0},{"not_picked":["FlyingSleeves","Ragnarok","Protect"],"picked":"SKIP","floor":24.0},{"not_picked":["Weave","JustLucky","FollowUp"],"picked":"SKIP","floor":29.0},{"not_picked":["Weave+1","JustLucky","Study"],"picked":"SKIP","floor":29.0},{"not_picked":["Tantrum","Nirvana"],"picked":"WaveOfTheHand+1","floor":30.0},{"not_picked":["ThirdEye","CutThroughFate","CarveReality"],"picked":"SKIP","floor":31.0},{"not_picked":["WheelKick","Wireheading","Halt"],"picked":"SKIP","floor":31.0},{"not_picked":["ConjureBlade","DevaForm"],"picked":"Scrawl","floor":33}],"player_experience":672582,"relics_obtained":[{"floor":7.0,"key":"Bronze Scales"},{"floor":9.0,"key":"Eternal Feather"},{"floor":26.0,"key":"Prayer Wheel"},{"floor":30.0,"key":"Blood Vial"}],"event_choices":[{"damage_healed":0.0,"max_hp_gain":0.0,"max_hp_loss":0.0,"gold_gain":0.0,"event_name":"Shining Light","player_choice":"Entered Light","floor":3.0,"gold_loss":0.0,"damage_taken":19.0,"cards_upgraded":["Defend_P","PathToVictory"]},{"damage_healed":0.0,"max_hp_gain":0.0,"max_hp_loss":0.0,"gold_gain":75.0,"event_name":"World of Goop","player_choice":"Gather Gold","floor":11.0,"gold_loss":0.0,"damage_taken":11.0},{"damage_healed":0.0,"max_hp_gain":0.0,"max_hp_loss":0.0,"gold_gain":0.0,"event_name":"Liars Game","player_choice":"Ignored","floor":12.0,"gold_loss":0.0,"damage_taken":0.0},{"damage_healed":0.0,"max_hp_gain":0.0,"max_hp_loss":0.0,"gold_gain":0.0,"event_name":"Scrap Ooze","player_choice":"Success","floor":13.0,"gold_loss":0.0,"damage_taken":5.0,"relics_obtained":["InkBottle"]},{"cards_removed":["Strike_P"],"damage_healed":0.0,"max_hp_gain":0.0,"max_hp_loss":0.0,"gold_gain":0.0,"event_name":"Golden Wing","player_choice":"Card Removal","floor":14.0,"gold_loss":0.0,"damage_taken":7.0},{"damage_healed":0.0,"max_hp_gain":0.0,"max_hp_loss":0.0,"gold_gain":0.0,"event_name":"The Woman in Blue","player_choice":"Bought 3 Potions","floor":19.0,"gold_loss":0.0,"damage_taken":0.0}],"is_beta":false,"boss_relics":[{"not_picked":["SacredBark","Velvet Choker"],"picked":"Runic Pyramid"},{"not_picked":["Black Star","Calling Bell"],"picked":"Fusion Hammer"}],"items_purged_floors":[21,27],"is_endless":false,"potions_floor_spawned":[1,4,5,18,22,33],"killed_by":"3 Darklings","ascension_level":20}}