{"host":"gobyjzz6xbwq9f9i","time":1612774050,"event":{"mods":["AchievementEnabler","BaseMod","Bestiary","Colored Map","Minty Spire (QoL Compilation)","Relic Stats"],"gold_per_floor":[363,22,35,53,73,73,99,99,153,187,200,220,220,254,254,353,353,368,65,65,75,91,91,91,119,119,160,194,211,64,120,120,215,215,226,226,236,246,264,295,295,320,320,320,320,0,50,65,65,65,65],"floor_reached":50,"language":"ENG","playtime":2235,"items_purged":[],"score":1013,"play_id":"a25a4294-5eec-4f1c-a715-ca5aaddcbdb5","local_time":"20210208004730","is_ascension_mode":true,"campfire_choices":[{"data":"CrushJoints","floor":6,"key":"SMITH"},{"data":"FlyingSleeves","floor":8,"key":"SMITH"},{"data":"Consecrate","floor":15,"key":"SMITH"},{"data":"TalkToTheHand","floor":23,"key":"SMITH"},{"data":"SpiritShield","floor":32,"key":"SMITH"},{"floor":41,"key":"REST"},{"data":"TalkToTheHand","floor":44,"key":"SMITH"},{"floor":49,"key":"REST"}],"circlet_count":0,"master_deck":["Strike_P+1","Strike_P+1","Defend_P+1","Eruption","Vigilance","Prostrate","SandsOfTime+1","CrushJoints+1","Sanctity","Consecrate+1","FlyingSleeves+1","Crescendo","Establishment","EmptyFist+1","ThirdEye","Wish","ClearTheMind+1","Vault+1","SashWhip+1","CutThroughFate+1","TalkToTheHand+1","Halt","Prostrate+1","Evaluate+1","Tantrum","SpiritShield+1","Vault","TalkToTheHand+1","Prostrate+1","Vengeance","TalkToTheHand+1","Adaptation"],"relics":["PureWater","PreservedInsect","Bag of Marbles","Bottled Lightning","Whetstone","Art of War","Damaru","Astrolabe","Strange Spoon","Pen Nib","Akabeko","Singing Bowl","Vajra","Lee\u0027s Waffle","MealTicket","Empty Cage","Dead Branch","Question Card","Torii","Red Mask","Turnip"],"acts_visited":["Exordium","TheCity","TheBeyond"],"potions_floor_usage":[21,22,28,33,48,50,50],"damage_taken":[{"damage":0,"enemies":"Small Slimes","floor":1,"turns":2},{"damage":0,"enemies":"Cultist","floor":3,"turns":4},{"damage":2,"enemies":"Jaw Worm","floor":4,"turns":2},{"damage":5,"enemies":"2 Fungi Beasts","floor":5,"turns":4},{"damage":0,"enemies":"Gremlin Nob","floor":7,"turns":2},{"damage":11,"enemies":"Lagavulin","floor":10,"turns":5},{"damage":0,"enemies":"Blue Slaver","floor":11,"turns":2},{"damage":10,"enemies":"Large Slime","floor":12,"turns":2},{"damage":0,"enemies":"Gremlin Nob","floor":14,"turns":2},{"damage":0,"enemies":"Slime Boss","floor":16,"turns":3},{"damage":6,"enemies":"Shell Parasite","floor":18,"turns":3},{"damage":4,"enemies":"2 Thieves","floor":21,"turns":3},{"damage":7,"enemies":"Snecko","floor":22,"turns":4},{"damage":0,"enemies":"Gremlin Leader","floor":25,"turns":4},{"damage":0,"enemies":"Centurion and Healer","floor":27,"turns":4},{"damage":7,"enemies":"Book of Stabbing","floor":28,"turns":4},{"damage":0,"enemies":"3 Cultists","floor":29,"turns":4},{"damage":7,"enemies":"Slavers","floor":31,"turns":5},{"damage":8,"enemies":"Automaton","floor":33,"turns":7},{"damage":30,"enemies":"3 Darklings","floor":35,"turns":4},{"damage":1,"enemies":"Orb Walker","floor":37,"turns":3},{"damage":7,"enemies":"Jaw Worm Horde","floor":38,"turns":4},{"damage":7,"enemies":"3 Darklings","floor":39,"turns":5},{"damage":12,"enemies":"Nemesis","floor":40,"turns":4},{"damage":1,"enemies":"Giant Head","floor":42,"turns":6},{"damage":0,"enemies":"Mind Bloom Boss Battle","floor":47,"turns":2},{"damage":12,"enemies":"Spire Growth","floor":48,"turns":5},{"damage":93,"enemies":"Awakened One","floor":50,"turns":7}],"seed_played":"-4591260203360138787","potions_obtained":[{"floor":1,"key":"Swift Potion"},{"floor":3,"key":"EssenceOfSteel"},{"floor":4,"key":"Strength Potion"},{"floor":21,"key":"Regen Potion"},{"floor":22,"key":"PowerPotion"},{"floor":28,"key":"Ancient Potion"},{"floor":31,"key":"Block Potion"},{"floor":38,"key":"Energy Potion"},{"floor":39,"key":"CultistPotion"},{"floor":47,"key":"Ambrosia"},{"floor":48,"key":"LiquidBronze"}],"is_trial":false,"path_per_floor":["M","$","M","M","M","R","E","R","T","E","M","M","?","E","R","B",null,"M","$","?","M","M","R","?","E","T","M","E","M","$","E","R","B",null,"M","?","M","M","M","E","R","E","T","R","?","?","?","M","R","B"],"character_chosen":"WATCHER","items_purchased":["PreservedInsect","Bag of Marbles","SandsOfTime","Strange Spoon","Pen Nib","Lee\u0027s Waffle"],"campfire_rested":2,"item_purchase_floors":[2,2,2,19,19,30],"current_hp_per_floor":[47,47,47,45,40,40,40,40,40,29,29,19,19,19,19,19,59,53,53,53,49,54,54,54,54,54,54,47,47,79,72,72,64,75,45,45,44,37,30,20,44,43,43,43,43,43,45,35,60,0,0],"gold":65,"neow_bonus":"TWO_FIFTY_GOLD","is_daily":false,"chose_seed":false,"campfire_upgraded":6,"win_rate":0.0,"timestamp":1612774050,"path_taken":["M","$","M","M","M","R","E","R","T","E","M","M","?","E","R","BOSS","M","$","?","M","M","R","?","E","T","M","E","M","$","E","R","BOSS","M","?","M","M","M","E","R","E","T","R","?","?","?","M","R","BOSS"],"items_purchased_type":["Relic","Relic","Card","Relic","Relic","Relic"],"build_version":"2020-12-22","purchased_purges":0,"victory":false,"max_hp_per_floor":[72,72,72,72,72,72,72,72,72,72,72,72,72,72,72,72,72,72,72,72,72,72,72,72,72,72,72,72,72,79,79,79,79,79,79,79,79,79,79,81,81,81,81,81,81,81,83,85,85,85,85],"relic_stats":{"Lee\u0027s Waffle":32,"Singing Bowl":6,"Torii":0,"counters":[28,106],"Astrolabe":["ClearTheMind","Vault","SashWhip"],"Dead Branch":[10],"PreservedInsect":370,"Pen Nib":[13],"Whetstone":["Strike_P","SandsOfTime"],"Question Card":2,"Strange Spoon":[37],"MealTicket":0,"Turnip":[0],"Art of War":[12],"obtain_stats":[{"Lee\u0027s Waffle":30,"Singing Bowl":26,"Torii":43,"Astrolabe":17,"Dead Branch":40,"Damaru":14,"Vajra":28,"PreservedInsect":2,"Pen Nib":19,"Whetstone":9,"Empty Cage":34,"Question Card":42,"Akabeko":25,"Strange Spoon":19,"MealTicket":31,"Turnip":47,"Bag of Marbles":2,"Art of War":10,"Red Mask":46,"Bottled Lightning":7,"PureWater":0},{"Lee\u0027s Waffle":17,"Singing Bowl":14,"Torii":25,"Astrolabe":10,"Dead Branch":24,"Damaru":9,"Vajra":16,"PreservedInsect":1,"Pen Nib":11,"Whetstone":5,"Empty Cage":19,"Question Card":25,"Akabeko":14,"Strange Spoon":11,"MealTicket":18,"Turnip":26,"Bag of Marbles":1,"Art of War":6,"Red Mask":25,"Bottled Lightning":5,"PureWater":0},{"Lee\u0027s Waffle":54,"Singing Bowl":42,"Torii":92,"Astrolabe":28,"Dead Branch":86,"Damaru":25,"Vajra":50,"PreservedInsect":2,"Pen Nib":31,"Whetstone":14,"Empty Cage":66,"Question Card":92,"Akabeko":42,"Strange Spoon":31,"MealTicket":59,"Turnip":94,"Bag of Marbles":2,"Art of War":19,"Red Mask":92,"Bottled Lightning":14,"PureWater":0}]},"card_choices":[{"not_picked":["ForeignInfluence","EmptyBody"],"picked":"Prostrate","floor":1},{"not_picked":["Study","Evaluate"],"picked":"CrushJoints","floor":3},{"not_picked":["BattleHymn","Halt"],"picked":"Sanctity","floor":4},{"not_picked":["Protect","JustLucky"],"picked":"Consecrate","floor":5},{"not_picked":["MentalFortress","Evaluate"],"picked":"FlyingSleeves","floor":7},{"not_picked":["SignatureMove","Collect"],"picked":"Crescendo","floor":10},{"not_picked":["FlurryOfBlows","BowlingBash"],"picked":"Establishment","floor":11},{"not_picked":["FlurryOfBlows","Halt"],"picked":"EmptyFist","floor":12},{"not_picked":["JustLucky","Worship"],"picked":"ThirdEye","floor":14},{"not_picked":["ConjureBlade","Judgement"],"picked":"Wish","floor":16},{"not_picked":["FlurryOfBlows","Crescendo"],"picked":"CutThroughFate+1","floor":18},{"not_picked":["ForeignInfluence+1","SandsOfTime"],"picked":"TalkToTheHand","floor":21},{"not_picked":["EmptyFist","CrushJoints+1"],"picked":"Halt","floor":22},{"not_picked":["CutThroughFate","Worship"],"picked":"JustLucky+1","floor":25},{"not_picked":["LikeWater","FlyingSleeves"],"picked":"Prostrate+1","floor":27},{"not_picked":["FlyingSleeves","SignatureMove"],"picked":"Evaluate+1","floor":28},{"not_picked":["InnerPeace","FollowUp"],"picked":"Tantrum","floor":29},{"not_picked":["Indignation","FlurryOfBlows"],"picked":"SpiritShield","floor":31},{"not_picked":["DeusExMachina","Judgement"],"picked":"Vault","floor":33},{"not_picked":["Crescendo+1","WheelKick+1"],"picked":"TalkToTheHand+1","floor":35},{"not_picked":["ClearTheMind","JustLucky+1"],"picked":"Prostrate+1","floor":37},{"not_picked":["DevaForm","BowlingBash"],"picked":"Vengeance","floor":38},{"not_picked":["Worship","EmptyBody+1"],"picked":"TalkToTheHand","floor":39},{"not_picked":["Tantrum","BowlingBash","ThirdEye"],"picked":"Singing Bowl","floor":40},{"not_picked":["FollowUp","DeceiveReality"],"picked":"Adaptation","floor":42},{"not_picked":["EmptyBody+1","Conclude+1","WreathOfFlame+1","Halt+1"],"picked":"Singing Bowl","floor":47},{"not_picked":["BowlingBash","Pray","Protect","Worship+1"],"picked":"Singing Bowl","floor":48}],"player_experience":1316024,"relics_obtained":[{"floor":7,"key":"Bottled Lightning"},{"floor":9,"key":"Whetstone"},{"floor":10,"key":"Art of War"},{"floor":14,"key":"Damaru"},{"floor":25,"key":"Akabeko"},{"floor":26,"key":"Singing Bowl"},{"floor":28,"key":"Vajra"},{"floor":31,"key":"MealTicket"},{"floor":40,"key":"Dead Branch"},{"floor":42,"key":"Question Card"},{"floor":43,"key":"Torii"},{"floor":47,"key":"Turnip"}],"event_choices":[{"damage_healed":0,"gold_gain":0,"player_choice":"Forge","damage_taken":0,"max_hp_gain":0,"max_hp_loss":0,"event_name":"Accursed Blacksmith","floor":13,"gold_loss":0,"cards_upgraded":["EmptyFist"]},{"damage_healed":0,"gold_gain":0,"player_choice":"Ignored","damage_taken":0,"max_hp_gain":0,"max_hp_loss":0,"event_name":"Vampires","floor":20,"gold_loss":0},{"damage_healed":0,"gold_gain":0,"player_choice":"Simplicity","damage_taken":0,"max_hp_gain":0,"max_hp_loss":0,"event_name":"Back to Basics","floor":24,"gold_loss":0,"cards_upgraded":["Strike_P","Strike_P","Defend_P","Defend_P"]},{"cards_removed":["JustLucky"],"damage_healed":0,"gold_gain":0,"player_choice":"Removed Attack","damage_taken":0,"max_hp_gain":0,"max_hp_loss":0,"event_name":"Falling","floor":36,"gold_loss":0},{"damage_healed":0,"gold_gain":0,"player_choice":"Ignored","damage_taken":0,"max_hp_gain":0,"max_hp_loss":0,"event_name":"Mysterious Sphere","floor":45,"gold_loss":0},{"damage_healed":0,"gold_gain":0,"player_choice":"Paid","damage_taken":0,"relics_obtained":["Red Mask"],"max_hp_gain":0,"max_hp_loss":0,"event_name":"Tomb of Lord Red Mask","floor":46,"gold_loss":320},{"damage_healed":0,"gold_gain":0,"player_choice":"Fight","damage_taken":0,"max_hp_gain":0,"max_hp_loss":0,"event_name":"MindBloom","floor":47,"gold_loss":0}],"is_beta":false,"boss_relics":[{"not_picked":["Velvet Choker","Fusion Hammer"],"picked":"Astrolabe"},{"not_picked":["SacredBark","Tiny House"],"picked":"Empty Cage"}],"items_purged_floors":[],"is_endless":false,"potions_floor_spawned":[1,3,4,12,14,21,22,28,31,38,39,47,48],"killed_by":"Awakened One","ascension_level":7}}