{"host":"rw1trt79hfpl7pom","time":1612765391,"event":{"mods":["BaseMod","Bestiary","Colored Map","Minty Spire (QoL Compilation)","Relic Stats","StSLib","SuperFastMode"],"gold_per_floor":[116,39,59,74,90,125,125,156,156,170,127,160,160,178,178,256,256,267,300,315,27,45,45,73,73,73,91,91,102,127,137,137,214,214,227,1226,1238,823,835,1161,1161,1195,1195,1225,1225,1271,1297,1297,1297,1297,1297,1297,1297,778,826,826,826],"floor_reached":56,"language":"ENG","playtime":3487,"items_purged":["Strike_P","Normality","Strike_P"],"score":2225,"play_id":"23df6d53-3cf3-4001-acc4-2cc067c704a4","local_time":"20210207222311","is_ascension_mode":true,"campfire_choices":[{"floor":7.0,"key":"REST"},{"floor":13.0,"key":"REST"},{"data":"Fasting2","floor":15.0,"key":"SMITH"},{"floor":23.0,"key":"REST"},{"floor":32.0,"key":"REST"},{"floor":41.0,"key":"RECALL"},{"data":"Normality","floor":49.0,"key":"PURGE"},{"data":"Strike_P","floor":53.0,"key":"PURGE"}],"circlet_count":0,"master_deck":["AscendersBane","Defend_P","Defend_P","Defend_P","Defend_P","Eruption","Vigilance","Fasting2+1","CutThroughFate","SashWhip","Protect","Wallop","Protect","FlurryOfBlows","ReachHeaven","SpiritShield","FlyingSleeves","Swivel","BattleHymn","DeceiveReality","CrushJoints","TalkToTheHand","Swivel+1","Protect+1","MentalFortress","Vengeance","CutThroughFate","ThirdEye","CutThroughFate+1","Crescendo+1","Adaptation","EmptyMind","Flash of Steel+1","TalkToTheHand+1","SashWhip+1"],"relics":["Busted Crown","Boot","Ornamental Fan","Du-Vu Doll","CloakClasp","Fusion Hammer","Red Mask","Membership Card","Orichalcum","Meat on the Bone","Coffee Dripper","Bronze Scales","Toolbox","Nunchaku","Old Coin","Pear","Shuriken","Molten Egg 2","Peace Pipe","Regal Pillow","Centennial Puzzle","Vajra","DollysMirror","Blue Candle"],"acts_visited":["Exordium","TheCity","TheBeyond","TheEnding"],"potions_floor_usage":[56,56],"damage_taken":[{"damage":7.0,"enemies":"Small Slimes","floor":1.0,"turns":4.0},{"damage":4.0,"enemies":"Cultist","floor":3.0,"turns":4.0},{"damage":14.0,"enemies":"2 Louse","floor":4.0,"turns":3.0},{"damage":6.0,"enemies":"Looter","floor":5.0,"turns":3.0},{"damage":12.0,"enemies":"3 Sentries","floor":6.0,"turns":7.0},{"damage":36.0,"enemies":"Gremlin Nob","floor":8.0,"turns":6.0},{"damage":0.0,"enemies":"Large Slime","floor":10.0,"turns":4.0},{"damage":0.0,"enemies":"3 Sentries","floor":12.0,"turns":4.0},{"damage":0.0,"enemies":"Exordium Thugs","floor":14.0,"turns":3.0},{"damage":0.0,"enemies":"Slime Boss","floor":16.0,"turns":6.0},{"damage":0.0,"enemies":"Spheric Guardian","floor":18.0,"turns":3.0},{"damage":6.0,"enemies":"Masked Bandits","floor":19.0,"turns":3.0},{"damage":1.0,"enemies":"Shell Parasite","floor":20.0,"turns":5.0},{"damage":14.0,"enemies":"3 Cultists","floor":22.0,"turns":3.0},{"damage":4.0,"enemies":"Book of Stabbing","floor":24.0,"turns":4.0},{"damage":1.0,"enemies":"Shelled Parasite and Fungi","floor":27.0,"turns":6.0},{"damage":0.0,"enemies":"Snecko","floor":29.0,"turns":2.0},{"damage":3.0,"enemies":"Slavers","floor":30.0,"turns":6.0},{"damage":0.0,"enemies":"Snake Plant","floor":31.0,"turns":4.0},{"damage":4.0,"enemies":"Collector","floor":33.0,"turns":8.0},{"damage":0.0,"enemies":"3 Shapes","floor":35.0,"turns":5.0},{"damage":0.0,"enemies":"Orb Walker","floor":37.0,"turns":4.0},{"damage":1.0,"enemies":"Spire Growth","floor":39.0,"turns":5.0},{"damage":32.0,"enemies":"Giant Head","floor":40.0,"turns":6.0},{"damage":8.0,"enemies":"Nemesis","floor":42.0,"turns":5.0},{"damage":17.0,"enemies":"Reptomancer","floor":44.0,"turns":5.0},{"damage":0.0,"enemies":"2 Orb Walkers","floor":46.0,"turns":4.0},{"damage":24.0,"enemies":"Nemesis","floor":47.0,"turns":7.0},{"damage":19.0,"enemies":"Donu and Deca","floor":50.0,"turns":9.0},{"damage":9.0,"enemies":"Awakened One","floor":51.0,"turns":11.0},{"damage":33.0,"enemies":"Shield and Spear","floor":55.0,"turns":6.0},{"damage":73,"enemies":"The Heart","floor":56,"turns":3}],"seed_played":"1512051031717928017","potions_obtained":[{"floor":4.0,"key":"StancePotion"},{"floor":6.0,"key":"Dexterity Potion"},{"floor":10.0,"key":"BottledMiracle"},{"floor":14.0,"key":"SkillPotion"},{"floor":20.0,"key":"BlessingOfTheForge"},{"floor":30.0,"key":"DuplicationPotion"},{"floor":37.0,"key":"AttackPotion"},{"floor":47.0,"key":"Fruit Juice"},{"floor":55.0,"key":"CultistPotion"}],"is_trial":false,"path_per_floor":["M","$","M","M","M","E","R","E","T","M","?","E","R","M","R","B",null,"M","?","M","$","M","R","E","?","T","M","?","M","E","M","R","B",null,"M","?","M","$","M","E","R","E","T","E","R","?","E","?","R","B","B",null,"R","$","E","B"],"character_chosen":"WATCHER","items_purchased":["Fasting2","Membership Card","BattleHymn","Strength Potion","DeceiveReality","Bronze Scales","Toolbox","Nunchaku","MentalFortress","Vengeance","CutThroughFate","ThirdEye","Adaptation","EmptyMind","Flash of Steel+1","Centennial Puzzle","Vajra","LiquidMemories","AttackPotion","DollysMirror"],"campfire_rested":4,"item_purchase_floors":[2,21,21,21,21,38,38,38,38,38,38,38,54,54,54,54,54,54,54,54],"current_hp_per_floor":[54,54,50,36,30,18,38,2,2,2,2,2,22,22,22,22,57,57,51,50,50,36,56,52,52,52,51,51,51,48,48,68,64,67,67,67,67,67,66,46,46,48,48,43,43,43,31,31,31,29,32,67,67,67,46,0,0],"gold":826,"neow_bonus":"BOSS_RELIC","is_daily":false,"chose_seed":false,"campfire_upgraded":1,"win_rate":0.0,"timestamp":1612765391,"path_taken":["M","$","M","M","M","E","R","E","T","M","?","E","R","M","R","BOSS","M","?","M","$","M","R","E","?","T","M","?","M","E","M","R","BOSS","M","?","M","$","M","E","R","E","T","E","R","?","E","?","R","BOSS","BOSS","R","$","E","BOSS"],"items_purchased_type":["Card","Relic","Card","Potion","Card","Relic","Relic","Relic","Card","Card","Card","Card","Card","Card","Card","Relic","Relic","Potion","Potion","Relic"],"build_version":"2020-12-22","purchased_purges":3,"victory":false,"max_hp_per_floor":[68,68,68,68,68,68,68,68,68,68,68,68,68,68,68,68,68,68,68,68,68,68,68,68,68,68,68,68,68,68,68,68,68,68,68,68,68,68,68,68,68,78,78,78,78,78,78,74,74,79,79,79,79,79,79,79,79],"relic_stats":{"Regal Pillow":0,"counters":[32,158],"Blue Candle":[0],"CloakClasp":[332],"Orichalcum":[24],"Boot":[32],"Peace Pipe":2,"Nunchaku":[16],"Centennial Puzzle":[5],"Busted Crown":58,"Ornamental Fan":[252],"Shuriken":[27],"Bronze Scales":[238],"obtain_stats":[{"Regal Pillow":47,"Vajra":54,"CloakClasp":12,"Boot":6,"Old Coin":40,"Nunchaku":38,"Centennial Puzzle":54,"DollysMirror":54,"Toolbox":38,"Fusion Hammer":17,"Red Mask":19,"Pear":42,"Blue Candle":55,"Orichalcum":24,"Du-Vu Doll":9,"Peace Pipe":46,"Busted Crown":0,"Ornamental Fan":8,"Shuriken":43,"Bronze Scales":38,"Molten Egg 2":44,"Coffee Dripper":34,"Membership Card":21,"PureWater":0,"Meat on the Bone":30},{"Regal Pillow":28,"Vajra":30,"CloakClasp":8,"Boot":5,"Old Coin":24,"Nunchaku":22,"Centennial Puzzle":30,"DollysMirror":30,"Toolbox":22,"Fusion Hammer":10,"Red Mask":12,"Pear":25,"Blue Candle":31,"Orichalcum":15,"Du-Vu Doll":6,"Peace Pipe":27,"Busted Crown":0,"Ornamental Fan":6,"Shuriken":25,"Bronze Scales":22,"Molten Egg 2":26,"Coffee Dripper":20,"Membership Card":13,"PureWater":0,"Meat on the Bone":18},{"Regal Pillow":129,"Vajra":149,"CloakClasp":35,"Boot":21,"Old Coin":108,"Nunchaku":97,"Centennial Puzzle":149,"DollysMirror":149,"Toolbox":97,"Fusion Hammer":44,"Red Mask":50,"Pear":113,"Blue Candle":155,"Orichalcum":62,"Du-Vu Doll":27,"Peace Pipe":122,"Busted Crown":0,"Ornamental Fan":27,"Shuriken":113,"Bronze Scales":97,"Molten Egg 2":118,"Coffee Dripper":88,"Membership Card":55,"PureWater":0,"Meat on the Bone":76}],"Meat on the Bone":72},"card_choices":[{"not_picked":["JustLucky"],"picked":"SKIP","floor":1.0},{"not_picked":["Weave"],"picked":"SKIP","floor":3.0},{"not_picked":[],"picked":"CutThroughFate","floor":4.0},{"not_picked":[],"picked":"SashWhip","floor":5.0},{"not_picked":[],"picked":"Protect","floor":6.0},{"not_picked":[],"picked":"Wallop","floor":8.0},{"not_picked":[],"picked":"Protect","floor":10.0},{"not_picked":[],"picked":"FlurryOfBlows","floor":12.0},{"not_picked":[],"picked":"ReachHeaven","floor":14.0},{"not_picked":[],"picked":"SpiritShield","floor":16.0},{"not_picked":[],"picked":"FlyingSleeves","floor":18.0},{"not_picked":[],"picked":"Swivel","floor":20.0},{"not_picked":[],"picked":"CrushJoints","floor":22.0},{"not_picked":["ReachHeaven"],"picked":"SKIP","floor":24.0},{"not_picked":["Consecrate+1"],"picked":"SKIP","floor":27.0},{"not_picked":["SignatureMove"],"picked":"SKIP","floor":29.0},{"not_picked":[],"picked":"TalkToTheHand","floor":30.0},{"not_picked":["Nirvana"],"picked":"SKIP","floor":31.0},{"not_picked":[],"picked":"Swivel+1","floor":35.0},{"not_picked":[],"picked":"Protect+1","floor":37.0},{"not_picked":["Evaluate"],"picked":"SKIP","floor":39.0},{"not_picked":["Nirvana+1"],"picked":"SKIP","floor":40.0},{"not_picked":["Prostrate+1"],"picked":"SKIP","floor":42.0},{"not_picked":[],"picked":"CutThroughFate+1","floor":44.0},{"not_picked":[],"picked":"Crescendo+1","floor":47.0},{"not_picked":[],"picked":"SashWhip+1","floor":55.0}],"player_experience":2636833,"relics_obtained":[{"floor":6.0,"key":"Boot"},{"floor":8.0,"key":"Ornamental Fan"},{"floor":9.0,"key":"Du-Vu Doll"},{"floor":12.0,"key":"CloakClasp"},{"floor":19.0,"key":"Red Mask"},{"floor":24.0,"key":"Orichalcum"},{"floor":30.0,"key":"Meat on the Bone"},{"floor":40.0,"key":"Old Coin"},{"floor":42.0,"key":"Pear"},{"floor":43.0,"key":"Shuriken"},{"floor":44.0,"key":"Molten Egg 2"},{"floor":46.0,"key":"Peace Pipe"},{"floor":47.0,"key":"Regal Pillow"},{"floor":55.0,"key":"Blue Candle"}],"event_choices":[{"damage_healed":0.0,"max_hp_gain":0.0,"max_hp_loss":0.0,"gold_gain":0.0,"event_name":"World of Goop","player_choice":"Left Gold","floor":11.0,"gold_loss":43.0,"damage_taken":0.0},{"damage_healed":0.0,"max_hp_gain":0.0,"max_hp_loss":0.0,"gold_gain":0.0,"event_name":"Masked Bandits","player_choice":"Fought Bandits","floor":19.0,"gold_loss":0.0,"damage_taken":0.0},{"damage_healed":0.0,"max_hp_gain":0.0,"max_hp_loss":0.0,"gold_gain":0.0,"event_name":"Vampires","player_choice":"Ignored","floor":25.0,"gold_loss":0.0,"damage_taken":0.0},{"cards_removed":["Strike_P"],"damage_healed":0.0,"max_hp_gain":0.0,"max_hp_loss":0.0,"gold_gain":0.0,"event_name":"Purifier","player_choice":"Purged","floor":28.0,"gold_loss":0.0,"damage_taken":0.0},{"damage_healed":0.0,"max_hp_gain":0.0,"max_hp_loss":0.0,"gold_gain":999.0,"event_name":"MindBloom","player_choice":"Gold","floor":36.0,"gold_loss":0.0,"damage_taken":0.0,"cards_obtained":["Normality","Normality"]},{"damage_healed":0.0,"max_hp_gain":0.0,"max_hp_loss":0.0,"gold_gain":0.0,"event_name":"Mysterious Sphere","player_choice":"Fight","floor":46.0,"gold_loss":0.0,"damage_taken":0.0},{"damage_healed":0.0,"max_hp_gain":0.0,"max_hp_loss":4.0,"gold_gain":0.0,"event_name":"Winding Halls","player_choice":"Max HP","floor":48.0,"gold_loss":0.0,"damage_taken":0.0}],"is_beta":false,"boss_relics":[{"not_picked":["Empty Cage","Philosopher\u0027s Stone"],"picked":"Fusion Hammer"},{"not_picked":["Calling Bell","Runic Pyramid"],"picked":"Coffee Dripper"}],"items_purged_floors":[21,38,54],"is_endless":false,"potions_floor_spawned":[4,6,10,14,16,18,20,27,30,37,40,47,55],"killed_by":"The Heart","ascension_level":20}}