{"host":"wppa8gky53tnknhf","time":1612778369,"event":{"mods":["AchievementEnabler","Act Like it!","BaseMod","Better Third Choice","BetterRewards","Card Forge","Colored Powertips","Energized Spire","Hubris","Infinite Spire","Marked Mod","Minty Spire (QoL Compilation)","Permanent Neow","Quick Restart","Rare Cards Sparkle","Relic Stats","Reliquary","Remove Card Discount Mod","Replay The Spire","Spikes Relics","Spire Birthday Party","StSLib","Wandering Minibosses"],"gold_per_floor":[116,37,49,63,338,338,365,384,384,398,413,440,459,492,492,587,587,598,598,611,611,611,611,611],"floor_reached":23,"language":"ENG","playtime":683,"items_purged":[],"score":224,"play_id":"3d450b99-46e7-4d06-88ed-ec514a402091","local_time":"20210208095929","is_ascension_mode":true,"campfire_choices":[{"floor":6.0,"key":"RECALL"},{"floor":15.0,"key":"REST"}],"circlet_count":0,"master_deck":["Strike_R+1","Strike_R+1","Strike_R+1","Strike_R+1","Strike_R+1","Defend_R+1","Defend_R+1","Defend_R+1","Defend_R+1","Bash+1","Barricade+1","Clash+1","Inflame+1","Thunderclap+1","BarbarianYell+1","Heavy Blade+1","BarbarianYell+1","Iron Wave+1","Inflame+1","Entrench+1","Inflame+1","Limit Break+1","Body Slam+1"],"relics":["Burning Blood","Hammer of Thor","Seething Fire","Anvil of the Gods","reliquary:MedicineBall","Replay:Bottled Flurry","Eternal Feather","Sozu","infinitespire:WardingShard","hubris:TenFootPole","reliquary:TridentHead","hubris:EvacipatedBox"],"acts_visited":["Exordium","TheCity"],"potions_floor_usage":[],"damage_taken":[{"damage":0.0,"enemies":"Jaw Worm","floor":1.0,"turns":4.0},{"damage":0.0,"enemies":"Cultist","floor":3.0,"turns":3.0},{"damage":0.0,"enemies":"2 Louse","floor":4.0,"turns":2.0},{"damage":15.0,"enemies":"3 Sentries","floor":7.0,"turns":7.0},{"damage":62.0,"enemies":"Large Slime","floor":8.0,"turns":7.0},{"damage":4.0,"enemies":"3 Louse","floor":10.0,"turns":3.0},{"damage":6.0,"enemies":"Red Slaver","floor":11.0,"turns":4.0},{"damage":2.0,"enemies":"Lagavulin","floor":12.0,"turns":7.0},{"damage":2.0,"enemies":"2 Fungi Beasts","floor":13.0,"turns":3.0},{"damage":5.0,"enemies":"3 Sentries","floor":14.0,"turns":5.0},{"damage":12.0,"enemies":"Slime Boss","floor":16.0,"turns":5.0},{"damage":12.0,"enemies":"Shell Parasite","floor":18.0,"turns":5.0},{"damage":12.0,"enemies":"2 Thieves","floor":20.0,"turns":4.0},{"damage":21,"enemies":"Book of Stabbing","floor":23,"turns":2}],"seed_played":"-1131060626769685153","potions_obtained":[{"floor":1.0,"key":"PowerPotion"},{"floor":8.0,"key":"DistilledChaos"},{"floor":12.0,"key":"AttackPotion"},{"floor":13.0,"key":"DistilledChaos"},{"floor":14.0,"key":"Ancient Potion"},{"floor":16.0,"key":"SkillPotion"}],"is_trial":false,"path_per_floor":["M","$","M","M","?","R","E","M","T","M","M","E","M","E","R","B",null,"M","?","M","$","?","E"],"character_chosen":"IRONCLAD","items_purchased":["Inflame","infinitespire:WardingShard","hubris:TenFootPole","reliquary:TridentHead","hubris:EvacipatedBox"],"campfire_rested":1,"item_purchase_floors":[2,21,21,21,21],"current_hp_per_floor":[80,80,80,80,80,80,71,15,15,17,17,21,25,26,62,56,80,74,74,68,7,7,0,0],"gold":611,"neow_bonus":"ONE_RANDOM_RARE_CARD","is_daily":false,"chose_seed":false,"campfire_upgraded":0,"win_rate":0.0,"timestamp":1612778369,"path_taken":["M","$","M","M","?","R","E","M","T","M","M","E","?","E","R","BOSS","M","?","?","?","?","E"],"items_purchased_type":["Card","Relic","Relic","Relic","Relic"],"build_version":"2020-12-22","purchased_purges":0,"victory":false,"max_hp_per_floor":[80,80,80,80,80,80,80,80,80,80,80,80,80,80,80,80,80,80,80,80,80,80,80,80],"relic_stats":{"Sozu":0,"counters":[14,61],"Eternal Feather":12,"obtain_stats":[{"Sozu":17,"reliquary:TridentHead":21,"infinitespire:WardingShard":21,"Anvil of the Gods":0,"Eternal Feather":14,"Hammer of Thor":0,"reliquary:MedicineBall":7,"Replay:Bottled Flurry":12,"hubris:TenFootPole":21,"Seething Fire":0,"Burning Blood":0,"hubris:EvacipatedBox":21},{"Sozu":11,"reliquary:TridentHead":13,"infinitespire:WardingShard":13,"Anvil of the Gods":0,"Eternal Feather":10,"Hammer of Thor":0,"reliquary:MedicineBall":4,"Replay:Bottled Flurry":8,"hubris:TenFootPole":13,"Seething Fire":0,"Burning Blood":0,"hubris:EvacipatedBox":13},{"Sozu":50,"reliquary:TridentHead":59,"infinitespire:WardingShard":59,"Anvil of the Gods":0,"Eternal Feather":45,"Hammer of Thor":0,"reliquary:MedicineBall":16,"Replay:Bottled Flurry":37,"hubris:TenFootPole":59,"Seething Fire":0,"Burning Blood":0,"hubris:EvacipatedBox":59}],"Burning Blood":60},"card_choices":[{"not_picked":["Sword Boomerang","Flex"],"picked":"Clash","floor":1.0},{"not_picked":["Armaments","Reckless Charge","Wild Strike"],"picked":"SKIP","floor":3.0},{"not_picked":["ReplayReversal","Clothesline"],"picked":"Thunderclap","floor":4.0},{"not_picked":["Battle Trance","Anger"],"picked":"BarbarianYell","floor":7.0},{"not_picked":["hubris:SharpeningStone","Invigoration"],"picked":"Heavy Blade","floor":8.0},{"not_picked":["Invigoration","Flex","Headbutt"],"picked":"SKIP","floor":10.0},{"not_picked":["Feel No Pain","Armaments"],"picked":"BarbarianYell","floor":11.0},{"not_picked":["hubris:StunningStrike","Wild Strike"],"picked":"Iron Wave","floor":12.0},{"not_picked":["Whirlwind","Thunderclap"],"picked":"Inflame","floor":13.0},{"not_picked":["Reaper","Flex"],"picked":"Entrench","floor":14.0},{"not_picked":["Havoc+1","Second Wind+1"],"picked":"Inflame","floor":18.0},{"not_picked":["Perfected Strike","Twin Strike+1"],"picked":"Body Slam","floor":20.0}],"player_experience":718331,"relics_obtained":[{"floor":7.0,"key":"reliquary:MedicineBall"},{"floor":12.0,"key":"Replay:Bottled Flurry"},{"floor":14.0,"key":"Eternal Feather"}],"event_choices":[{"damage_healed":0.0,"max_hp_gain":0.0,"max_hp_loss":0.0,"gold_gain":275.0,"event_name":"Golden Shrine","player_choice":"Desecrate","floor":5.0,"gold_loss":0.0,"damage_taken":0.0,"cards_obtained":["Regret"]},{"damage_healed":0.0,"max_hp_gain":0.0,"max_hp_loss":0.0,"gold_gain":0.0,"event_name":"Match and Keep!","player_choice":"1 cards matched","floor":19.0,"gold_loss":0.0,"damage_taken":0.0,"cards_obtained":["Limit Break"]},{"damage_healed":0.0,"max_hp_gain":0.0,"max_hp_loss":0.0,"gold_gain":0.0,"event_name":"Beggar","player_choice":"Ignored","floor":22.0,"gold_loss":0.0,"damage_taken":0.0}],"is_beta":false,"boss_relics":[{"not_picked":["reliquary:KinkedSpring","Velvet Choker"],"picked":"Sozu"}],"items_purged_floors":[],"is_endless":false,"potions_floor_spawned":[1,8,12,13,14,16],"killed_by":"Book of Stabbing","ascension_level":1}}