{"host":"tzyzz5n7hg2ni9q2","time":1612744517,"event":{"mods":["BaseMod","Minty Spire (QoL Compilation)","Quick Restart"],"gold_per_floor":[217,233,0,17,31,66,66,95,95,14,14,34,34,48,48,151,151,166,19,118,118,136,169,169,199,199,199,199,212,88,99,99,202,202,217,234,234,234,234,234,254,267,267,267,267,267,267],"floor_reached":46,"language":"ENG","playtime":1693,"items_purged":[],"score":608,"play_id":"c509bf6a-1278-4cce-b7f6-5f2fc048aec8","local_time":"20210208013517","is_ascension_mode":true,"campfire_choices":[{"floor":7.0,"key":"REST"},{"data":"Footwork","floor":11.0,"key":"SMITH"},{"data":"Caltrops","floor":13.0,"key":"SMITH"},{"data":"Dodge and Roll","floor":15.0,"key":"SMITH"},{"floor":24.0,"key":"REST"},{"floor":27.0,"key":"RECALL"},{"floor":32.0,"key":"REST"},{"floor":40,"key":"REST"},{"floor":45,"key":"REST"}],"circlet_count":0,"master_deck":["Strike_G","Strike_G","Defend_G","Defend_G","Defend_G","Defend_G","Survivor","Neutralize","Quick Slash","Dodge and Roll+1","Backstab","Dash","Footwork+1","Blur","Caltrops+1","Backflip","Envenom","Good Instincts","Madness","Madness","Dodge and Roll+1","Backstab"],"relics":["Ring of the Snake","HandDrill","Bag of Marbles","Pantograph","Busted Crown","Lantern","Nloth\u0027s Gift","Frozen Egg 2","StoneCalendar","The Courier","Bronze Scales","Empty Cage"],"acts_visited":["Exordium","TheCity","TheBeyond"],"potions_floor_usage":[33,42],"damage_taken":[{"damage":0.0,"enemies":"Jaw Worm","floor":1.0,"turns":5.0},{"damage":4.0,"enemies":"Small Slimes","floor":2.0,"turns":4.0},{"damage":0.0,"enemies":"Cultist","floor":4.0,"turns":4.0},{"damage":9.0,"enemies":"3 Louse","floor":5.0,"turns":4.0},{"damage":12.0,"enemies":"3 Sentries","floor":6.0,"turns":10.0},{"damage":15.0,"enemies":"Lagavulin","floor":8.0,"turns":5.0},{"damage":0.0,"enemies":"Exordium Wildlife","floor":12.0,"turns":3.0},{"damage":0.0,"enemies":"Gremlin Gang","floor":14.0,"turns":5.0},{"damage":37.0,"enemies":"Hexaghost","floor":16.0,"turns":12.0},{"damage":8.0,"enemies":"Spheric Guardian","floor":18.0,"turns":6.0},{"damage":0.0,"enemies":"Shell Parasite","floor":22.0,"turns":3.0},{"damage":12.0,"enemies":"Slavers","floor":23.0,"turns":9.0},{"damage":4.0,"enemies":"Book of Stabbing","floor":25.0,"turns":7.0},{"damage":6.0,"enemies":"Snake Plant","floor":29.0,"turns":4.0},{"damage":6.0,"enemies":"Centurion and Healer","floor":31.0,"turns":7.0},{"damage":64,"enemies":"Automaton","floor":33,"turns":13},{"damage":9,"enemies":"3 Darklings","floor":35,"turns":7},{"damage":8,"enemies":"Orb Walker","floor":36,"turns":4},{"damage":5,"enemies":"Jaw Worm Horde","floor":41,"turns":7},{"damage":29,"enemies":"3 Darklings","floor":42,"turns":7},{"damage":38,"enemies":"Reptomancer","floor":46,"turns":3}],"seed_played":"9017301131661429234","potions_obtained":[{"floor":1.0,"key":"SneckoOil"},{"floor":4.0,"key":"DistilledChaos"},{"floor":5.0,"key":"LiquidBronze"},{"floor":12.0,"key":"Regen Potion"},{"floor":18.0,"key":"Dexterity Potion"},{"floor":33,"key":"EssenceOfSteel"},{"floor":42,"key":"Fruit Juice"}],"is_trial":false,"path_per_floor":["M","M","$","M","M","E","R","E","T","$","R","M","R","M","R","B",null,"M","$","?","?","M","E","R","E","T","R","?","M","$","M","R","B",null,"M","M","?","?","?","R","M","M","T","?","R","E"],"character_chosen":"THE_SILENT","items_purchased":["HandDrill","Backstab","Blur","Lantern","Bronze Scales"],"campfire_rested":5,"item_purchase_floors":[3,3,10,19,30],"current_hp_per_floor":[63,59,59,59,50,38,59,44,44,44,44,44,44,44,44,32,61,53,53,53,53,53,41,62,58,58,58,45,39,39,33,55,26,63,54,46,46,37,37,59,54,30,30,30,54,16,16],"gold":267,"neow_bonus":"HUNDRED_GOLD","is_daily":false,"chose_seed":false,"campfire_upgraded":3,"win_rate":0.0,"timestamp":1612744517,"path_taken":["M","M","$","M","M","E","R","E","T","$","R","M","R","M","R","BOSS","M","$","?","?","?","E","R","E","T","R","?","M","?","?","R","BOSS","M","M","?","?","?","R","M","M","T","?","R","E"],"items_purchased_type":["Relic","Card","Card","Relic","Relic"],"build_version":"2020-12-22","purchased_purges":0,"victory":false,"max_hp_per_floor":[70,70,70,70,70,70,70,70,70,70,70,70,70,70,70,70,70,70,70,70,70,70,70,70,70,70,70,75,75,75,75,75,75,75,75,75,75,75,75,75,75,80,80,80,80,80,80],"card_choices":[{"not_picked":["Caltrops","Well Laid Plans"],"picked":"Quick Slash","floor":1.0},{"not_picked":["Infinite Blades","Choke"],"picked":"Dodge and Roll","floor":2.0},{"not_picked":["Dagger Throw","Bane","Quick Slash"],"picked":"SKIP","floor":4.0},{"not_picked":["Cloak And Dagger","Expertise"],"picked":"Dash","floor":5.0},{"not_picked":["Flechettes","Endless Agony","Reflex"],"picked":"SKIP","floor":6.0},{"not_picked":["Escape Plan","Quick Slash"],"picked":"Footwork","floor":8.0},{"not_picked":["Blur","Prepared"],"picked":"Caltrops","floor":12.0},{"not_picked":["Blade Dance","Underhanded Strike"],"picked":"Backflip","floor":14.0},{"not_picked":["Unload","Phantasmal Killer"],"picked":"Envenom","floor":16.0},{"not_picked":["Dagger Throw"],"picked":"SKIP","floor":18.0},{"not_picked":["Flying Knee"],"picked":"SKIP","floor":22.0},{"not_picked":["Distraction+1"],"picked":"SKIP","floor":23.0},{"not_picked":["Noxious Fumes+1"],"picked":"SKIP","floor":25.0},{"not_picked":["Quick Slash"],"picked":"SKIP","floor":29.0},{"not_picked":["After Image+1"],"picked":"SKIP","floor":31.0},{"not_picked":["Quick Slash+1"],"picked":"SKIP","floor":35},{"not_picked":["Infinite Blades+1"],"picked":"SKIP","floor":36},{"not_picked":[],"picked":"Good Instincts","floor":37},{"not_picked":["Outmaneuver"],"picked":"SKIP","floor":41},{"not_picked":[],"picked":"Dodge and Roll+1","floor":42}],"player_experience":308047,"relics_obtained":[{"floor":6.0,"key":"Bag of Marbles"},{"floor":8.0,"key":"White Beast Statue"},{"floor":9.0,"key":"Pantograph"},{"floor":23.0,"key":"Frozen Egg 2"},{"floor":25.0,"key":"StoneCalendar"},{"floor":26.0,"key":"The Courier"}],"event_choices":[{"damage_healed":0.0,"max_hp_gain":0.0,"max_hp_loss":0.0,"gold_gain":99.0,"event_name":"Nest","player_choice":"Stole From Cult","floor":20.0,"gold_loss":0.0,"damage_taken":0.0},{"damage_healed":0.0,"max_hp_gain":0.0,"max_hp_loss":0.0,"gold_gain":0.0,"event_name":"N\u0027loth","player_choice":"Traded Relic","floor":21.0,"relics_lost":["White Beast Statue"],"gold_loss":0.0,"damage_taken":0.0,"relics_obtained":["Nloth\u0027s Gift"]},{"damage_healed":0.0,"max_hp_gain":5.0,"max_hp_loss":0.0,"gold_gain":0.0,"event_name":"Forgotten Altar","player_choice":"Shed Blood","floor":28.0,"gold_loss":0.0,"damage_taken":18.0},{"damage_healed":0,"gold_gain":0,"player_choice":"Memory 1","damage_taken":0,"max_hp_gain":0,"max_hp_loss":0,"event_name":"SensoryStone","floor":37,"gold_loss":0},{"damage_healed":0,"gold_gain":0,"player_choice":"Embrace Madness","damage_taken":9,"max_hp_gain":0,"max_hp_loss":0,"event_name":"Winding Halls","floor":38,"gold_loss":0,"cards_obtained":["Madness","Madness"]},{"cards_removed":["Defend_G"],"damage_healed":0,"gold_gain":0,"player_choice":"Removed Skill","damage_taken":0,"max_hp_gain":0,"max_hp_loss":0,"event_name":"Falling","floor":39,"gold_loss":0},{"damage_healed":0,"gold_gain":0,"cards_transformed":["Strike_G"],"player_choice":"Transformed","damage_taken":0,"max_hp_gain":0,"max_hp_loss":0,"event_name":"Transmorgrifier","floor":44,"gold_loss":0,"cards_obtained":["Backstab"]}],"is_beta":false,"boss_relics":[{"not_picked":["HoveringKite","Runic Dome"],"picked":"Busted Crown"},{"not_picked":["Runic Pyramid","SacredBark"],"picked":"Empty Cage"}],"items_purged_floors":[],"is_endless":false,"potions_floor_spawned":[1,4,5,12,14,16,18,29,33,41,42],"killed_by":"Reptomancer","ascension_level":6}}