{"host":"2j5d0uw0vihq8b8w","time":1612768455,"event":{"mods":["2.2 Compatiblity","AchievementEnabler","BaseMod","BetterRewards","Colored Map","Colored Powertips","Custom Start","DeckTracker","Minty Spire (QoL Compilation)","Permanent Neow","Quick Restart","Rare Cards Sparkle","StSLib","SuperFastMode"],"gold_per_floor":[119,119,136,80,95,126,126,126,151,179,193,203,234,251,251,330,330,350,350,370,370,420,454,470,502,502,512,543,326,326,93,93,165,165,185,202,102,120,120,120,145,145,195,112,112,165,198,218,218,218,218,218,218,105,138,138],"floor_reached":57,"language":"KOR","playtime":3524,"items_purged":["Strike_G","Defend_G","Defend_G","Strike_G","Defend_G","Defend_G","Defend_G+1"],"score":4276,"play_id":"cb58a95a-ab5b-4462-8875-e8eabea52148","local_time":"20210208161415","is_ascension_mode":true,"campfire_choices":[{"data":"Well Laid Plans","floor":7.0,"key":"SMITH"},{"floor":15.0,"key":"DIG"},{"floor":30.0,"key":"DIG"},{"floor":32.0,"key":"DIG"},{"floor":40.0,"key":"RECALL"},{"floor":42.0,"key":"DIG"},{"floor":45.0,"key":"REST"},{"floor":49,"key":"REST"},{"floor":53,"key":"REST"}],"circlet_count":0,"master_deck":["AscendersBane","Survivor+1","Grand Finale+1","Backflip+1","Blur+1","Well Laid Plans+1","Concentrate+1","Prepared+1","Acrobatics+1","Acrobatics+1","After Image","Heel Hook+1","Masterful Stab+1","Calculated Gamble+1","Reflex+1"],"relics":["Ring of the Serpent","Membership Card","Molten Egg 2","Tough Bandages","Shovel","Akabeko","Snake Skull","OrangePellets","Turnip","Toxic Egg 2","StoneCalendar","Ginger","TungstenRod","Tingsha","TheAbacus","PreservedInsect","Lee\u0027s Waffle","Calipers","Omamori","Regal Pillow","Happy Flower","Meat on the Bone","InkBottle","Kunai","Cursed Key","Bottled Lightning","Matryoshka","Boot","Nunchaku","Question Card","Ornamental Fan","Juzu Bracelet","CeramicFish","Eternal Feather","War Paint","Pen Nib","Dream Catcher","Medical Kit","FossilizedHelix","Singing Bowl","Whetstone"],"acts_visited":["Exordium","TheCity","TheBeyond","TheEnding"],"potions_floor_usage":[56,56],"damage_taken":[{"damage":0.0,"enemies":"Cultist","floor":1.0,"turns":2.0},{"damage":0.0,"enemies":"2 Louse","floor":3.0,"turns":2.0},{"damage":0.0,"enemies":"Small Slimes","floor":5.0,"turns":2.0},{"damage":3.0,"enemies":"3 Sentries","floor":6.0,"turns":7.0},{"damage":0.0,"enemies":"Gremlin Nob","floor":10.0,"turns":3.0},{"damage":0.0,"enemies":"Looter","floor":11.0,"turns":1.0},{"damage":0.0,"enemies":"Blue Slaver","floor":12.0,"turns":2.0},{"damage":0.0,"enemies":"Lagavulin","floor":13.0,"turns":1.0},{"damage":0.0,"enemies":"Gremlin Gang","floor":14.0,"turns":2.0},{"damage":0.0,"enemies":"Slime Boss","floor":16.0,"turns":2.0},{"damage":0.0,"enemies":"Shell Parasite","floor":18.0,"turns":3.0},{"damage":0.0,"enemies":"Chosen","floor":20.0,"turns":2.0},{"damage":0.0,"enemies":"Gremlin Leader","floor":23.0,"turns":1.0},{"damage":0.0,"enemies":"Shelled Parasite and Fungi","floor":24.0,"turns":1.0},{"damage":0.0,"enemies":"Book of Stabbing","floor":25.0,"turns":2.0},{"damage":0.0,"enemies":"Snake Plant","floor":27.0,"turns":1.0},{"damage":0.0,"enemies":"Slavers","floor":28.0,"turns":1.0},{"damage":0.0,"enemies":"Collector","floor":33.0,"turns":1.0},{"damage":0.0,"enemies":"3 Darklings","floor":35.0,"turns":1.0},{"damage":0.0,"enemies":"3 Shapes","floor":36.0,"turns":1.0},{"damage":0.0,"enemies":"3 Darklings","floor":38.0,"turns":1.0},{"damage":0.0,"enemies":"Nemesis","floor":41.0,"turns":1.0},{"damage":0.0,"enemies":"2 Orb Walkers","floor":46.0,"turns":1.0},{"damage":0.0,"enemies":"Reptomancer","floor":47.0,"turns":1.0},{"damage":0.0,"enemies":"Writhing Mass","floor":48.0,"turns":1.0},{"damage":0,"enemies":"Awakened One","floor":50,"turns":2},{"damage":0,"enemies":"Donu and Deca","floor":51,"turns":1},{"damage":0,"enemies":"Shield and Spear","floor":55,"turns":1},{"damage":0,"enemies":"The Heart","floor":56,"turns":4}],"seed_played":"2390907102715016420","potions_obtained":[{"floor":5.0,"key":"DuplicationPotion"},{"floor":8.0,"key":"ColorlessPotion"}],"is_trial":false,"path_per_floor":["M","?","M","$","M","E","R","?","T","E","M","M","E","M","R","B",null,"M","?","M","?","?","E","M","E","T","M","E","$","R","$","R","B",null,"M","M","$","M","?","R","E","R","T","$","R","?","E","M","R","B","B",null,"R","$","E","B",null],"character_chosen":"THE_SILENT","items_purchased":["Membership Card","Molten Egg 2","Tough Bandages","Grand Finale+1","Akabeko","Snake Skull","OrangePellets","Toxic Egg 2","Backflip+1","Blur+1","Well Laid Plans","Concentrate+1","Prepared+1","TheAbacus","PreservedInsect","Lee\u0027s Waffle","Omamori","Fruit Juice","Question Card","Calculated Gamble+1","Reflex+1","Juzu Bracelet","Medical Kit"],"campfire_rested":3,"item_purchase_floors":[0,0,0,0,0,0,0,0,0,0,0,0,0,0,0,0,0,4,29,31,31,31,44],"current_hp_per_floor":[73,73,73,78,78,75,75,75,75,75,75,75,75,75,75,75,77,77,77,77,77,77,77,77,77,77,77,77,77,77,77,77,77,78,78,78,78,78,78,78,78,78,78,78,78,78,80,82,84,84,84,84,86,86,88,88],"gold":138,"neow_bonus":"","is_daily":false,"chose_seed":false,"campfire_upgraded":1,"win_rate":0.0,"timestamp":1612768455,"path_taken":["M","?","?","$","M","E","R","?","T","E","?","M","E","?","R","BOSS","M","?","M","?","?","E","?","E","T","?","E","?","R","$","R","BOSS","M","M","$","M","?","R","E","R","T","$","R","?","E","M","R","BOSS","BOSS","R","$","E","BOSS"],"items_purchased_type":["Relic","Relic","Relic","Card","Relic","Relic","Relic","Relic","Card","Card","Card","Card","Card","Relic","Relic","Relic","Relic","Potion","Relic","Card","Card","Relic","Relic"],"build_version":"2020-12-22","purchased_purges":7,"victory":true,"max_hp_per_floor":[73,73,73,78,78,78,78,78,78,78,78,78,78,78,78,78,78,78,78,78,78,78,78,78,78,78,78,78,78,78,78,78,78,78,78,78,78,78,78,78,78,78,78,78,78,78,80,82,84,84,84,84,86,86,88,88],"card_choices":[{"not_picked":["Dash+1","Footwork","Choke+1"],"picked":"SKIP","floor":1.0},{"not_picked":["Accuracy","Flying Knee+1"],"picked":"Acrobatics+1","floor":3.0},{"not_picked":["Leg Sweep+1","Blade Dance+1","Dodge and Roll+1"],"picked":"SKIP","floor":5.0},{"not_picked":["Prepared+1","Flying Knee+1"],"picked":"Acrobatics+1","floor":6.0},{"not_picked":["PiercingWail+1","Outmaneuver+1","Glass Knife+1"],"picked":"SKIP","floor":10.0},{"not_picked":["Poisoned Stab+1","Dagger Spray+1","Infinite Blades"],"picked":"SKIP","floor":11.0},{"not_picked":["Setup+1","Eviscerate+1","Crippling Poison+1"],"picked":"SKIP","floor":12.0},{"not_picked":["Distraction+1","Setup+1","Underhanded Strike+1"],"picked":"SKIP","floor":13.0},{"not_picked":["Flying Knee+1","Accuracy","Blade Dance+1"],"picked":"SKIP","floor":14.0},{"not_picked":["Burst+1","Malaise+1"],"picked":"After Image","floor":16.0},{"not_picked":["PiercingWail+1","Blade Dance+1","Quick Slash+1"],"picked":"SKIP","floor":18.0},{"not_picked":["Blur+1","Blade Dance+1","Predator+1"],"picked":"SKIP","floor":20.0},{"not_picked":["Sucker Punch+1","Quick Slash+1","Burst+1"],"picked":"SKIP","floor":23.0},{"not_picked":["Sucker Punch+1","Quick Slash+1","Burst+1"],"picked":"SKIP","floor":23.0},{"not_picked":["Outmaneuver+1","Distraction+1","Skewer+1"],"picked":"SKIP","floor":24.0},{"not_picked":["Phantasmal Killer+1","Doppelganger+1","Heel Hook+1"],"picked":"SKIP","floor":25.0},{"not_picked":["Slice+1","Deflect+1","Deadly Poison+1"],"picked":"SKIP","floor":27.0},{"not_picked":["Bane+1","Endless Agony+1","Prepared+1"],"picked":"SKIP","floor":28.0},{"not_picked":["Accuracy","Leg Sweep+1","Predator+1","Prepared+1"],"picked":"SKIP","floor":35.0},{"not_picked":["Riddle With Holes+1","Deadly Poison+1","Leg Sweep+1","Dagger Throw+1"],"picked":"SKIP","floor":36.0},{"not_picked":["Footwork","Setup+1","Choke+1","Cloak And Dagger+1"],"picked":"SKIP","floor":38.0},{"not_picked":["Quick Slash+1","Flying Knee+1","Distraction+1","Caltrops"],"picked":"SKIP","floor":41.0},{"not_picked":["Caltrops","Noxious Fumes","PiercingWail+1","Acrobatics+1"],"picked":"Singing Bowl","floor":47.0},{"not_picked":["Infinite Blades","Crippling Poison+1","Leg Sweep+1","Bane+1"],"picked":"Singing Bowl","floor":48.0},{"not_picked":["Slice+1","Prepared+1","Quick Slash+1","Flying Knee+1"],"picked":"Singing Bowl","floor":49},{"not_picked":["Dagger Spray+1","Distraction+1","Flying Knee+1","Corpse Explosion+1"],"picked":"Singing Bowl","floor":53},{"not_picked":["Underhanded Strike+1","Distraction+1","Dagger Spray+1","Outmaneuver+1"],"picked":"Singing Bowl","floor":55}],"player_experience":669322,"relics_obtained":[{"floor":6.0,"key":"Regal Pillow"},{"floor":9.0,"key":"Happy Flower"},{"floor":10.0,"key":"Meat on the Bone"},{"floor":13.0,"key":"InkBottle"},{"floor":15.0,"key":"Kunai"},{"floor":23.0,"key":"Bottled Lightning"},{"floor":25.0,"key":"Matryoshka"},{"floor":26.0,"key":"Boot"},{"floor":28.0,"key":"Nunchaku"},{"floor":30.0,"key":"Ornamental Fan"},{"floor":32.0,"key":"CeramicFish"},{"floor":41.0,"key":"Eternal Feather"},{"floor":42.0,"key":"War Paint"},{"floor":43.0,"key":"Pen Nib"},{"floor":43.0,"key":"Dream Catcher"},{"floor":46.0,"key":"FossilizedHelix"},{"floor":47.0,"key":"Singing Bowl"},{"floor":55,"key":"Whetstone"}],"event_choices":[{"cards_removed":["Strike_G"],"damage_healed":0.0,"max_hp_gain":0.0,"max_hp_loss":0.0,"gold_gain":0.0,"event_name":"Bonfire Elementals","player_choice":"Offered Basic","floor":2.0,"gold_loss":0.0,"damage_taken":0.0},{"damage_healed":0.0,"max_hp_gain":0.0,"max_hp_loss":0.0,"gold_gain":0.0,"event_name":"Lab","player_choice":"Got Potions","floor":8.0,"gold_loss":0.0,"damage_taken":0.0},{"damage_healed":0.0,"max_hp_gain":0.0,"max_hp_loss":0.0,"gold_gain":0.0,"event_name":"Ghosts","player_choice":"Ignored","floor":19.0,"gold_loss":0.0,"damage_taken":0.0},{"damage_healed":0.0,"max_hp_gain":0.0,"max_hp_loss":0.0,"gold_gain":0.0,"cards_transformed":["Strike_G","Strike_G"],"event_name":"Drug Dealer","player_choice":"Became Test Subject","floor":21.0,"gold_loss":0.0,"damage_taken":0.0,"cards_obtained":["Heel Hook","Masterful Stab"]},{"damage_healed":0.0,"max_hp_gain":0.0,"max_hp_loss":0.0,"gold_gain":100.0,"event_name":"The Joust","player_choice":"Bet on Murderer","floor":22.0,"gold_loss":50.0,"damage_taken":0.0},{"cards_removed":["Neutralize"],"damage_healed":0.0,"max_hp_gain":0.0,"max_hp_loss":0.0,"gold_gain":0.0,"event_name":"Falling","player_choice":"Removed Attack","floor":39.0,"gold_loss":0.0,"damage_taken":0.0},{"damage_healed":0.0,"max_hp_gain":0.0,"max_hp_loss":0.0,"gold_gain":0.0,"event_name":"Mysterious Sphere","player_choice":"Fight","floor":46.0,"gold_loss":0.0,"damage_taken":0.0}],"is_beta":false,"boss_relics":[{"not_picked":["WristBlade","Astrolabe"],"picked":"Cursed Key"},{"not_picked":["Runic Dome","SacredBark"],"picked":"Ring of the Serpent"}],"items_purged_floors":[0,0,0,29,31,37,54],"is_endless":false,"potions_floor_spawned":[5,10,11,14,18,25,33,35,38,41,47],"ascension_level":20}}