{"host":"j37i0m9ltjmpbz2t","time":1612781838,"event":{"mods":["BaseMod","Minty Spire (QoL Compilation)","StSLib","UnlockEverythingMod","WarShipGirlsR/’ΩΩ¢…Ÿ≈ÆR mod"],"gold_per_floor":[113,131,56,6,6,6,26,59,86,86,86,98,128,128,128,233,233,249,275,275,275,275,302,302,202,228,256,272,285,16,26,26,126,126,140,150,170,186,186,213,213,226,279,279,297,327,373,399,399,399,399,399,104,136,136],"floor_reached":56,"language":"ZHS","playtime":3972,"items_purged":["rmod:defend","rmod:defend","rmod:defend+1","rmod:diamondstrike"],"score":1883,"play_id":"10d5409d-bf19-41c0-b8da-dd563162ad95","local_time":"20210208185718","is_ascension_mode":true,"campfire_choices":[{"data":"rmod:royalracing","floor":6.0,"key":"SMITH"},{"data":"rmod:fuelsupply","floor":15.0,"key":"SMITH"},{"data":"rmod:expeditionaryescort","floor":24.0,"key":"SMITH"},{"data":"rmod:secretscript","floor":32.0,"key":"SMITH"},{"data":"rmod:supportescort","floor":41.0,"key":"SMITH"},{"floor":44.0,"key":"RECALL"},{"data":"rmod:basicallowance","floor":49.0,"key":"SMITH"},{"data":"rmod:circuitoustactics","floor":52.0,"key":"SMITH"}],"circlet_count":0,"master_deck":["rmod:basicallowance+1","rmod:maingunfire","rmod:expeditionaryescort+1","rmod:royalracing+1","rmod:fuelsupply+1","rmod:secretscript+1","rmod:firesupport","rmod:maintain+1","rmod:acesubmarine","rmod:supportescort+1","Master of Strategy","rmod:circuitoustactics+1"],"relics":["rmod:firstchargereward","Bronze Scales","Bag of Preparation","HornCleat","Empty Cage","Red Mask","Tiny Chest","War Paint","Mummified Hand","Pen Nib","Runic Pyramid","Blood Vial","Akabeko","Torii","Oddly Smooth Stone","Toy Ornithopter","rmod:extraamm","Pantograph"],"acts_visited":["Exordium","TheCity","TheBeyond","TheEnding"],"potions_floor_usage":[55,55,55,55,55,55],"damage_taken":[{"damage":5.0,"enemies":"Jaw Worm","floor":1.0,"turns":3.0},{"damage":1.0,"enemies":"Small Slimes","floor":2.0,"turns":6.0},{"damage":0.0,"enemies":"2 Louse","floor":7.0,"turns":2.0},{"damage":12.0,"enemies":"Lagavulin","floor":8.0,"turns":5.0},{"damage":0.0,"enemies":"2 Fungi Beasts","floor":12.0,"turns":4.0},{"damage":20.0,"enemies":"3 Sentries","floor":13.0,"turns":8.0},{"damage":0.0,"enemies":"Slime Boss","floor":16.0,"turns":13.0},{"damage":0.0,"enemies":"Spheric Guardian","floor":18.0,"turns":4.0},{"damage":5.0,"enemies":"Masked Bandits","floor":19.0,"turns":5.0},{"damage":4.0,"enemies":"Gremlin Leader","floor":23.0,"turns":3.0},{"damage":0.0,"enemies":"Slavers","floor":27.0,"turns":2.0},{"damage":0.0,"enemies":"Shell Parasite","floor":28.0,"turns":1.0},{"damage":0.0,"enemies":"Centurion and Healer","floor":29.0,"turns":1.0},{"damage":0.0,"enemies":"Snecko","floor":31.0,"turns":1.0},{"damage":0.0,"enemies":"Automaton","floor":33.0,"turns":1.0},{"damage":0.0,"enemies":"3 Darklings","floor":35.0,"turns":1.0},{"damage":0.0,"enemies":"3 Shapes","floor":36.0,"turns":2.0},{"damage":0.0,"enemies":"Maw","floor":37.0,"turns":4.0},{"damage":0.0,"enemies":"4 Shapes","floor":38.0,"turns":3.0},{"damage":0.0,"enemies":"Giant Head","floor":40.0,"turns":1.0},{"damage":0.0,"enemies":"Spire Growth","floor":42.0,"turns":1.0},{"damage":0.0,"enemies":"Writhing Mass","floor":45.0,"turns":2.0},{"damage":0.0,"enemies":"Reptomancer","floor":46.0,"turns":1.0},{"damage":0.0,"enemies":"Giant Head","floor":48.0,"turns":1.0},{"damage":0.0,"enemies":"Donu and Deca","floor":50.0,"turns":1.0},{"damage":0.0,"enemies":"Shield and Spear","floor":54.0,"turns":1.0},{"damage":0,"enemies":"The Heart","floor":55,"turns":3}],"seed_played":"4472712773217381438","potions_obtained":[{"floor":2.0,"key":"SmokeBomb"},{"floor":7.0,"key":"Strength Potion"},{"floor":16.0,"key":"ColorlessPotion"},{"floor":19.0,"key":"ColorlessPotion"},{"floor":33.0,"key":"Fruit Juice"},{"floor":35.0,"key":"EntropicBrew"},{"floor":37.0,"key":"FearPotion"},{"floor":45.0,"key":"Block Potion"}],"is_trial":false,"path_per_floor":["M","M","$","?","?","R","M","E","T","$","?","M","E","T","R","B",null,"M","?","?","?","?","E","R","$","T","E","M","M","$","M","R","B",null,"M","M","M","M","?","E","R","M","T","R","M","E","T","E","R","B",null,"R","$","E","B",null],"character_chosen":"PRAEFECT","items_purchased":["Pen Nib","rmod:extraamm"],"campfire_rested":0,"item_purchase_floors":[30,53],"current_hp_per_floor":[49,48,48,48,73,73,73,61,61,61,61,61,41,41,41,41,75,75,70,70,70,70,66,66,66,66,66,66,66,66,66,66,66,75,80,80,80,80,70,70,70,72,72,72,74,76,76,78,78,80,80,80,80,80,80],"gold":136,"neow_bonus":"TRANSFORM_TWO_CARDS","is_daily":false,"chose_seed":false,"campfire_upgraded":7,"win_rate":0.0,"timestamp":1612781838,"path_taken":["M","M","$","?","?","R","M","E","T","?","?","M","E","?","R","BOSS","M","?","?","?","?","E","R","?","T","E","M","M","$","M","R","BOSS","M","M","?","M","?","E","R","M","T","R","M","E","?","E","R","BOSS","R","$","E","BOSS"],"items_purchased_type":["Relic","Relic"],"build_version":"2020-12-22","purchased_purges":4,"victory":true,"max_hp_per_floor":[75,75,75,75,75,75,75,75,75,75,75,75,75,75,75,75,75,75,75,75,75,75,75,75,75,75,75,75,75,75,75,75,75,75,80,80,80,80,80,80,80,80,80,80,80,80,80,80,80,80,80,80,80,80,80],"card_choices":[{"not_picked":["rmod:overbreakdown","rmod:highspeedshooting","rmod:selfconfidence"],"picked":"SKIP","floor":1.0},{"not_picked":["rmod:fuelsupply","rmod:heivgo"],"picked":"rmod:royalracing","floor":2.0},{"not_picked":["rmod:bulid","rmod:heivgo","rmod:intelligenceanalysis"],"picked":"SKIP","floor":7.0},{"not_picked":["rmod:robin","rmod:guardianhero"],"picked":"rmod:wasp","floor":8.0},{"not_picked":["rmod:supportaircraftcarrier","rmod:luckystar"],"picked":"rmod:fuelsupply","floor":12.0},{"not_picked":["rmod:guardianhero","rmod:intelligenceanalysis","rmod:generalist"],"picked":"SKIP","floor":13.0},{"not_picked":["rmod:fletcher","rmod:timeschanged"],"picked":"rmod:secretscript","floor":16.0},{"not_picked":["rmod:shuttlebombing","rmod:overbreakdown","rmod:highspeedshooting"],"picked":"SKIP","floor":18.0},{"not_picked":["rmod:timeschanged","rmod:salvage+1","rmod:luckystar+1"],"picked":"SKIP","floor":23.0},{"not_picked":["rmod:timeschanged","rmod:salvage+1","rmod:luckystar+1"],"picked":"SKIP","floor":23.0},{"not_picked":["rmod:unsinkable+1","rmod:firesupport"],"picked":"rmod:acesubmarine","floor":27.0},{"not_picked":["rmod:chargemoney","rmod:salvage","rmod:robin"],"picked":"SKIP","floor":28.0},{"not_picked":["rmod:chargemoney","rmod:diamondstrike","rmod:guardianhero"],"picked":"SKIP","floor":29.0},{"not_picked":["rmod:supportescort","rmod:selfconfidence","rmod:goodsister"],"picked":"SKIP","floor":31.0},{"not_picked":["rmod:fuelsupply","rmod:launchingtorpedo+1","rmod:highspeedshooting+1"],"picked":"SKIP","floor":35.0},{"not_picked":["rmod:fletcher","rmod:highspeedshooting"],"picked":"rmod:supportescort","floor":36.0},{"not_picked":["rmod:combined+1","rmod:gendarmerie+1","rmod:aluminumsupply"],"picked":"SKIP","floor":37.0},{"not_picked":["rmod:punchline+1","rmod:combined+1","rmod:ammunitionsupply+1"],"picked":"SKIP","floor":38.0},{"not_picked":["PanicButton","Mind Blast"],"picked":"Master of Strategy","floor":39.0},{"not_picked":["rmod:salvage","rmod:luckystar","rmod:victimresponsibility+1"],"picked":"SKIP","floor":40.0},{"not_picked":["rmod:firesupport","rmod:combined+1","rmod:overbreakdown"],"picked":"SKIP","floor":42.0},{"not_picked":["rmod:combined+1","rmod:luckystar+1","rmod:tearstotiara+1"],"picked":"SKIP","floor":45.0},{"not_picked":["rmod:timeschanged","rmod:intelligenceanalysis+1"],"picked":"rmod:circuitoustactics","floor":46.0},{"not_picked":["rmod:abidefaith","rmod:stealaluminum","rmod:circuitoustactics+1"],"picked":"SKIP","floor":48.0},{"not_picked":["rmod:punchline","rmod:victimresponsibility","rmod:circuitoustactics+1"],"picked":"SKIP","floor":54.0}],"player_experience":199213,"relics_obtained":[{"floor":8.0,"key":"Bronze Scales"},{"floor":13.0,"key":"Bag of Preparation"},{"floor":14.0,"key":"HornCleat"},{"floor":19.0,"key":"Red Mask"},{"floor":23.0,"key":"Tiny Chest"},{"floor":26.0,"key":"War Paint"},{"floor":27.0,"key":"Mummified Hand"},{"floor":40.0,"key":"Blood Vial"},{"floor":43.0,"key":"Akabeko"},{"floor":46.0,"key":"Torii"},{"floor":47.0,"key":"Oddly Smooth Stone"},{"floor":48.0,"key":"Toy Ornithopter"},{"floor":54.0,"key":"Pantograph"}],"event_choices":[{"cards_removed":["rmod:strick"],"damage_healed":0.0,"max_hp_gain":0.0,"max_hp_loss":0.0,"gold_gain":0.0,"event_name":"The Cleric","player_choice":"Card Removal","floor":4.0,"gold_loss":50.0,"damage_taken":0.0},{"damage_healed":25.0,"max_hp_gain":0.0,"max_hp_loss":0.0,"gold_gain":0.0,"event_name":"Big Fish","player_choice":"Banana","floor":5.0,"gold_loss":0.0,"damage_taken":0.0},{"damage_healed":0.0,"max_hp_gain":0.0,"max_hp_loss":0.0,"gold_gain":0.0,"event_name":"Liars Game","player_choice":"Ignored","floor":11.0,"gold_loss":0.0,"damage_taken":0.0},{"damage_healed":0.0,"max_hp_gain":0.0,"max_hp_loss":0.0,"gold_gain":0.0,"event_name":"Masked Bandits","player_choice":"Fought Bandits","floor":19.0,"gold_loss":0.0,"damage_taken":0.0},{"damage_healed":0.0,"max_hp_gain":0.0,"max_hp_loss":0.0,"gold_gain":0.0,"event_name":"The Library","player_choice":"Read","floor":20.0,"gold_loss":0.0,"damage_taken":0.0,"cards_obtained":["rmod:firesupport"]},{"damage_healed":0.0,"max_hp_gain":0.0,"max_hp_loss":0.0,"gold_gain":0.0,"event_name":"Vampires","player_choice":"Ignored","floor":21.0,"gold_loss":0.0,"damage_taken":0.0},{"damage_healed":0.0,"max_hp_gain":0.0,"max_hp_loss":0.0,"gold_gain":0.0,"cards_transformed":["rmod:garrisonisland","rmod:wasp"],"event_name":"Drug Dealer","player_choice":"Became Test Subject","floor":22.0,"gold_loss":0.0,"damage_taken":0.0,"cards_obtained":["rmod:diamondstrike","rmod:maintain"]},{"damage_healed":0.0,"max_hp_gain":0.0,"max_hp_loss":0.0,"gold_gain":0.0,"event_name":"SensoryStone","player_choice":"Memory 3","floor":39.0,"gold_loss":0.0,"damage_taken":10.0}],"is_beta":false,"boss_relics":[{"not_picked":["Busted Crown","rmod:mogul"],"picked":"Empty Cage"},{"not_picked":["Snecko Eye","Pandora\u0027s Box"],"picked":"Runic Pyramid"}],"items_purged_floors":[3,25,30,53],"is_endless":false,"potions_floor_spawned":[2,7,16,19,23,28,33,35,37,38,45],"ascension_level":3}}