{"host":"trw84khdytc0ixrp","time":1612780445,"event":{"mods":["BaseMod","Downfall","Minty Spire (QoL Compilation)","StSLib"],"gold_per_floor":[99,114,129,144,244,144,219,234,249,279,34,49,64,64,79,79,79,79],"floor_reached":16,"language":"ENG","playtime":4480,"items_purged":[],"score":106,"play_id":"572a4a32-b763-41b6-b4e6-1b18f993a1d9","local_time":"20210208113405","daily_mods":["downfall:Improvised","ControlledChaos","Night Terrors"],"is_ascension_mode":false,"campfire_choices":[{"floor":1.0,"key":"RECALL"},{"data":"Guardian:TwinSlam","floor":6.0,"key":"SMITH"}],"circlet_count":0,"master_deck":["Guardian:Strike_Guardian","Guardian:Defend_Guardian","Guardian:Defend_Guardian","Guardian:Defend_Guardian","Guardian:Defend_Guardian","Guardian:CurlUp+1","Guardian:TwinSlam+1","sneckomod:UnknownCommonAttack","sneckomod:UnknownCommonAttack","sneckomod:UnknownCommonAttack","sneckomod:UnknownCommonSkill","sneckomod:UnknownCommonSkill","sneckomod:UnknownCommonSkill","sneckomod:UnknownUncommonAttack","sneckomod:UnknownUncommonSkill","sneckomod:UnknownUncommonPower","sneckomod:Unknown","Guardian:Reroute","Guardian:PiercingHide","Guardian:Planning","Guardian:BronzeArmor","Guardian:ShieldCharger","Guardian:TimeSifter","Guardian:GatlingBeam","Guardian:TemporalShield","Guardian:ShieldSpikes"],"relics":["Guardian:ModeShifter","Frozen Eye","downfall:HeartBlessingRed","Guardian:GemstoneGun"],"acts_visited":["Exordium"],"potions_floor_usage":[10,15,16],"damage_taken":[{"damage":0.0,"enemies":"2 Louse","floor":2.0,"turns":2.0},{"damage":4.0,"enemies":"Jaw Worm","floor":3.0,"turns":3.0},{"damage":2.0,"enemies":"Cultist","floor":4.0,"turns":3.0},{"damage":21.0,"enemies":"downfall:Heads","floor":5.0,"turns":7.0},{"damage":8,"enemies":"Gremlin Gang","floor":8,"turns":5},{"damage":8,"enemies":"Red Slaver","floor":9,"turns":3},{"damage":10,"enemies":"Lagavulin","floor":10,"turns":8},{"damage":0,"enemies":"downfall:FleeingMerchant","floor":11,"turns":4},{"damage":0,"enemies":"Blue Slaver","floor":12,"turns":1},{"damage":5,"enemies":"Exordium Wildlife","floor":13,"turns":3},{"damage":0,"enemies":"Red Slaver","floor":15,"turns":1},{"damage":36,"enemies":"DF_ARCHETYPE_STREAMLINE","floor":16,"turns":3}],"seed_played":"8884597751285247366","potions_obtained":[{"floor":3.0,"key":"Guardian:StasisDiscoveryPotion"},{"floor":8,"key":"Energy Potion"},{"floor":9,"key":"sneckomod:MuddlingPotion"},{"floor":10,"key":"sneckomod:MuddlingPotion"}],"is_trial":false,"path_per_floor":["R","M","M","M","?","R","T","M","M","E","$","M","M","?","M","B"],"character_chosen":"GUARDIAN","items_purchased":["Guardian:TimeSifter","Guardian:Gem_Yellow"],"campfire_rested":0,"item_purchase_floors":[11,11],"current_hp_per_floor":[80,80,76,74,53,53,53,45,37,27,27,27,22,22,22,0,0,0],"gold":79,"neow_bonus":"","is_daily":true,"chose_seed":false,"campfire_upgraded":1,"win_rate":0.0,"timestamp":1612780445,"path_taken":["R","M","M","M","?","R","T","M","M","E","$","M","M","?","M","BOSS"],"items_purchased_type":["Card","Card"],"build_version":"2020-12-22","purchased_purges":0,"victory":false,"max_hp_per_floor":[80,80,80,80,80,80,80,80,80,80,80,80,80,80,80,80,80,80],"card_choices":[{"not_picked":["Guardian:Reroute","Guardian:TemporalStrike"],"picked":"Guardian:Gem_Red","floor":3.0},{"not_picked":["Guardian:CrystalBeam","Guardian:WalkerClaw"],"picked":"Guardian:Gem_Green","floor":4.0},{"not_picked":["Guardian:WalkerClaw","Guardian:ShieldCharger"],"picked":"Guardian:PiercingHide","floor":5.0},{"not_picked":["Guardian:Repulse","Guardian:RevengeProtocol"],"picked":"Guardian:Planning","floor":8},{"not_picked":["Guardian:PrimingBeam","Guardian:Reroute"],"picked":"Guardian:Gem_Yellow","floor":9},{"not_picked":["Guardian:PolyBeam","Guardian:Gem_Red"],"picked":"Guardian:BronzeArmor","floor":10},{"not_picked":["Guardian:SentryBeam","Guardian:CrystalBeam"],"picked":"Guardian:ShieldCharger","floor":11},{"not_picked":["Guardian:ShieldSpikes","Guardian:Reroute"],"picked":"Guardian:GatlingBeam","floor":12},{"not_picked":["Guardian:RollAttack","Guardian:TemporalStrike"],"picked":"Guardian:TemporalShield","floor":13},{"not_picked":["Guardian:RollAttack","Guardian:Incinerate"],"picked":"Guardian:ShieldSpikes","floor":15}],"player_experience":51595,"relics_obtained":[{"floor":10,"key":"Guardian:GemstoneGun"}],"event_choices":[],"is_beta":false,"boss_relics":[],"items_purged_floors":[],"is_endless":false,"potions_floor_spawned":[3,8,9,10],"killed_by":"DF_ARCHETYPE_STREAMLINE","ascension_level":0}}