{"host":"soyfmymeou4emntr","time":1612813982,"event":{"mods":["BaseMod","Minty Spire (QoL Compilation)","Permanent Neow","Relic Sorter","Relic Stats","StSLib"],"gold_per_floor":[114,114,124,46,121,121,152,302,325,325,124,143,170,180,180,252,252,263,263,102,116,128,128,160,160,160,174,185,200,200,200,200],"floor_reached":31,"language":"ENG","playtime":2022,"items_purged":["Doubt"],"score":530,"play_id":"311e4efd-878c-49db-84aa-2cf62b085145","local_time":"20210208125302","is_ascension_mode":true,"campfire_choices":[{"data":"Combust","floor":6.0,"key":"SMITH"},{"data":"Feel No Pain","floor":10.0,"key":"SMITH"},{"data":"Fire Breathing","floor":15.0,"key":"SMITH"},{"data":"Wild Strike","floor":23.0,"key":"SMITH"},{"floor":25.0,"key":"REST"}],"circlet_count":0,"master_deck":["AscendersBane","Strike_R","Strike_R","Strike_R","Strike_R","Strike_R","Defend_R","Defend_R","Defend_R","Defend_R","Bash+1","Combust+1","Sever Soul","Fire Breathing+1","Feel No Pain+1","Spot Weakness","Feel No Pain","Pommel Strike","Shrug It Off","Fiend Fire+1","Evolve","Carnage+1","Wild Strike+1","Dual Wield","Rupture","Headbutt","Decay"],"relics":["Burning Blood","Mango","MealTicket","Question Card","Busted Crown","TheAbacus","Centennial Puzzle","White Beast Statue"],"acts_visited":["Exordium","TheCity"],"potions_floor_usage":[31],"damage_taken":[{"damage":1.0,"enemies":"2 Louse","floor":1.0,"turns":2.0},{"damage":7.0,"enemies":"Cultist","floor":3.0,"turns":4.0},{"damage":27.0,"enemies":"3 Sentries","floor":7.0,"turns":5.0},{"damage":7.0,"enemies":"Small Slimes","floor":12.0,"turns":2.0},{"damage":31.0,"enemies":"Lagavulin","floor":13.0,"turns":7.0},{"damage":6.0,"enemies":"3 Louse","floor":14.0,"turns":3.0},{"damage":39.0,"enemies":"Slime Boss","floor":16.0,"turns":6.0},{"damage":12.0,"enemies":"Shell Parasite","floor":18.0,"turns":8.0},{"damage":8.0,"enemies":"Spheric Guardian","floor":21.0,"turns":3.0},{"damage":11.0,"enemies":"Centurion and Healer","floor":22.0,"turns":5.0},{"damage":41.0,"enemies":"Gremlin Leader","floor":24.0,"turns":6.0},{"damage":24.0,"enemies":"Snake Plant","floor":27.0,"turns":3.0},{"damage":18.0,"enemies":"Shelled Parasite and Fungi","floor":28.0,"turns":3.0},{"damage":5.0,"enemies":"Sentry and Sphere","floor":29.0,"turns":3.0},{"damage":39,"enemies":"Book of Stabbing","floor":31,"turns":4}],"seed_played":"-5347596405125540754","potions_obtained":[{"floor":2.0,"key":"FearPotion"},{"floor":2.0,"key":"Explosive Potion"},{"floor":12.0,"key":"Regen Potion"},{"floor":13.0,"key":"Dexterity Potion"},{"floor":21.0,"key":"Ancient Potion"},{"floor":27.0,"key":"ColorlessPotion"},{"floor":28.0,"key":"SkillPotion"},{"floor":29.0,"key":"DuplicationPotion"}],"is_trial":false,"path_per_floor":["M","?","M","$","?","R","E","?","T","R","$","M","E","M","R","B",null,"M","?","$","M","M","R","E","R","T","M","M","M","?","E"],"character_chosen":"IRONCLAD","items_purchased":["Fire Breathing","Spot Weakness","Feel No Pain","TheAbacus"],"campfire_rested":1,"item_purchase_floors":[4,11,11,20],"current_hp_per_floor":[73,73,72,72,61,61,54,54,54,54,69,68,43,43,43,25,73,67,67,82,80,75,75,40,66,66,48,36,37,37,0,0],"gold":200,"neow_bonus":"UPGRADE_CARD","is_daily":false,"chose_seed":false,"campfire_upgraded":4,"win_rate":0.0,"timestamp":1612813982,"path_taken":["M","?","M","?","?","R","E","?","T","R","$","?","E","M","R","BOSS","M","?","$","M","M","R","E","R","T","M","?","M","?","E"],"items_purchased_type":["Card","Card","Card","Relic"],"build_version":"2020-12-22","purchased_purges":1,"victory":false,"max_hp_per_floor":[75,75,75,75,75,75,89,89,89,89,89,89,89,89,89,89,89,89,89,89,89,89,89,89,89,89,89,89,89,89,89,89],"relic_stats":{"Centennial Puzzle":[12],"Busted Crown":14,"TheAbacus":[12],"counters":[15,64],"MealTicket":30,"Question Card":9,"obtain_stats":[{"Centennial Puzzle":24,"Busted Crown":17,"TheAbacus":20,"Mango":7,"MealTicket":9,"Question Card":13,"Burning Blood":0,"White Beast Statue":26},{"Centennial Puzzle":11,"Busted Crown":7,"TheAbacus":8,"Mango":3,"MealTicket":3,"Question Card":5,"Burning Blood":0,"White Beast Statue":11},{"Centennial Puzzle":51,"Busted Crown":29,"TheAbacus":37,"Mango":11,"MealTicket":11,"Question Card":20,"Burning Blood":0,"White Beast Statue":51}],"Burning Blood":84},"card_choices":[{"not_picked":["Pommel Strike","Body Slam"],"picked":"Combust","floor":1.0},{"not_picked":["Seeing Red","Dark Embrace"],"picked":"Sever Soul","floor":3.0},{"not_picked":["Dropkick","Ghostly Armor"],"picked":"Feel No Pain","floor":7.0},{"not_picked":["True Grit","Clash"],"picked":"Pommel Strike","floor":12.0},{"not_picked":["Pommel Strike","Cleave","Thunderclap"],"picked":"SKIP","floor":13.0},{"not_picked":["Rage","Warcry","Flex"],"picked":"Shrug It Off","floor":14.0},{"not_picked":["Exhume","Offering","Limit Break"],"picked":"Fiend Fire","floor":16.0},{"not_picked":["Flex"],"picked":"Evolve","floor":18.0},{"not_picked":["Anger"],"picked":"Carnage+1","floor":21.0},{"not_picked":["Disarm"],"picked":"Wild Strike","floor":22.0},{"not_picked":["Shrug It Off"],"picked":"Dual Wield","floor":24.0},{"not_picked":["Reckless Charge","True Grit"],"picked":"SKIP","floor":27.0},{"not_picked":["Wild Strike+1"],"picked":"Rupture","floor":28.0},{"not_picked":["Havoc"],"picked":"Headbutt","floor":29.0}],"player_experience":3126281,"relics_obtained":[{"floor":7.0,"key":"Mango"},{"floor":9.0,"key":"MealTicket"},{"floor":13.0,"key":"Question Card"},{"floor":24.0,"key":"Centennial Puzzle"},{"floor":26.0,"key":"White Beast Statue"}],"event_choices":[{"damage_healed":0.0,"max_hp_gain":0.0,"max_hp_loss":0.0,"gold_gain":0.0,"event_name":"Lab","player_choice":"Got Potions","floor":2.0,"gold_loss":0.0,"damage_taken":0.0},{"damage_healed":0.0,"max_hp_gain":0.0,"max_hp_loss":0.0,"gold_gain":75.0,"event_name":"World of Goop","player_choice":"Gather Gold","floor":5.0,"gold_loss":0.0,"damage_taken":11.0},{"damage_healed":0.0,"max_hp_gain":0.0,"max_hp_loss":0.0,"gold_gain":150.0,"event_name":"Liars Game","player_choice":"AGREE","floor":8.0,"gold_loss":0.0,"damage_taken":0.0,"cards_obtained":["Doubt"]},{"damage_healed":0.0,"max_hp_gain":0.0,"max_hp_loss":0.0,"gold_gain":0.0,"event_name":"Upgrade Shrine","player_choice":"Upgraded","floor":19.0,"gold_loss":0.0,"damage_taken":0.0,"cards_upgraded":["Fiend Fire"]},{"damage_healed":0.0,"max_hp_gain":0.0,"max_hp_loss":0.0,"gold_gain":0.0,"event_name":"Forgotten Altar","player_choice":"Smashed Altar","floor":30.0,"gold_loss":0.0,"damage_taken":0.0,"cards_obtained":["Decay"]}],"is_beta":false,"boss_relics":[{"not_picked":["Fusion Hammer","Runic Dome"],"picked":"Busted Crown"}],"items_purged_floors":[11],"is_endless":false,"potions_floor_spawned":[3,12,13,21,27,28,29],"killed_by":"Book of Stabbing","ascension_level":20}}