{"host":"2fcuechlb8c23yrb","time":1612819165,"event":{"mods":["2.2 Compatiblity","AchievementEnabler","BaseMod","Bestiary","Better Match","Block Reminder","Colored Map","Colored Powertips","DeckTracker","Displayed Cursed Tome","GifTheSpireLib","Highlight Path","Minty Spire (QoL Compilation)","Quick Restart","Rare Cards Sparkle","Relic Sorter","Relic Stats","StSLib"],"gold_per_floor":[110,110,130,141,44,70,70,87,87,122,122,149,149,25,25,127,127,146,1,1,18,117,117,152,152,152,166,194,222,238,238,238,339,339,359,359,370,592,609,638,650,662,674,696,18,18,18,47,47,47],"floor_reached":51,"language":"ENG","playtime":2852,"items_purged":["Defend_G"],"score":824,"play_id":"19e52854-54f1-48ac-8325-c08b3e29ab97","local_time":"20210208161925","is_ascension_mode":false,"campfire_choices":[{"floor":13.0,"key":"REST"},{"data":"Bouncing Flask","floor":15.0,"key":"SMITH"},{"data":"Corpse Explosion","floor":23.0,"key":"SMITH"},{"floor":25.0,"key":"REST"},{"floor":32.0,"key":"REST"},{"floor":41.0,"key":"REST"},{"floor":49,"key":"REST"}],"circlet_count":0,"master_deck":["Strike_G","Strike_G","Strike_G","Strike_G","Strike_G","Defend_G","Defend_G","Defend_G","Defend_G","Survivor","Neutralize","Deadly Poison+1","Leg Sweep+1","Distraction","Bouncing Flask+1","Bouncing Flask","Corpse Explosion+1","Blade Dance+1","Backstab","Poisoned Stab","Eviscerate","Noxious Fumes+1","Bouncing Flask","Wraith Form v2","Bane+1","PiercingWail+1","Outmaneuver+1","Madness","Madness","Catalyst+1","Venomology+1"],"relics":["Ring of the Snake","Gambling Chip","WingedGreaves","Prayer Wheel","SacredBark","Bag of Marbles","Orichalcum","Question Card","PreservedInsect","Red Mask","Philosopher\u0027s Stone","MawBank","Ancient Tea Set","Pen Nib","Turnip","Oddly Smooth Stone"],"acts_visited":["Exordium","TheCity","TheBeyond"],"potions_floor_usage":[48,50,50],"damage_taken":[{"damage":0.0,"enemies":"Jaw Worm","floor":1.0,"turns":5.0},{"damage":4.0,"enemies":"Cultist","floor":3.0,"turns":4.0},{"damage":0.0,"enemies":"Small Slimes","floor":4.0,"turns":3.0},{"damage":13.0,"enemies":"Lagavulin","floor":6.0,"turns":6.0},{"damage":0.0,"enemies":"Exordium Wildlife","floor":8.0,"turns":5.0},{"damage":51.0,"enemies":"Gremlin Nob","floor":10.0,"turns":6.0},{"damage":22.0,"enemies":"Hexaghost","floor":16.0,"turns":7.0},{"damage":11.0,"enemies":"Spheric Guardian","floor":18.0,"turns":4.0},{"damage":10.0,"enemies":"Shell Parasite","floor":21.0,"turns":4.0},{"damage":17.0,"enemies":"Book of Stabbing","floor":24.0,"turns":4.0},{"damage":11.0,"enemies":"Snake Plant","floor":27.0,"turns":4.0},{"damage":21.0,"enemies":"Gremlin Leader","floor":28.0,"turns":4.0},{"damage":0.0,"enemies":"Masked Bandits","floor":29.0,"turns":3.0},{"damage":0.0,"enemies":"Chosen and Byrds","floor":30.0,"turns":4.0},{"damage":57.0,"enemies":"Champ","floor":33.0,"turns":12.0},{"damage":0.0,"enemies":"Orb Walker","floor":35.0,"turns":2.0},{"damage":0.0,"enemies":"3 Darklings","floor":37.0,"turns":2.0},{"damage":36.0,"enemies":"4 Shapes","floor":39.0,"turns":5.0},{"damage":16.0,"enemies":"Nemesis","floor":40.0,"turns":3.0},{"damage":19,"enemies":"Transient","floor":44,"turns":5},{"damage":6,"enemies":"Reptomancer","floor":48,"turns":3},{"damage":47,"enemies":"Donu and Deca","floor":50,"turns":5}],"seed_played":"235542872356607174","potions_obtained":[{"floor":3.0,"key":"Fire Potion"},{"floor":8.0,"key":"Fruit Juice"},{"floor":16.0,"key":"AttackPotion"},{"floor":18.0,"key":"Poison Potion"},{"floor":27.0,"key":"Poison Potion"},{"floor":29.0,"key":"AttackPotion"},{"floor":35.0,"key":"Dexterity Potion"},{"floor":40.0,"key":"Swift Potion"}],"is_trial":false,"path_per_floor":["M","?","M","M","$","E","?","M","T","E","?","T","R","$","R","B",null,"M","$","?","M","?","R","E","R","T","M","E","?","M","?","R","B",null,"M","?","M","?","M","E","R","?","T","M","$","?","$","E","R","B",null],"character_chosen":"THE_SILENT","items_purchased":["Fruit Juice","Bouncing Flask","Dexterity Potion","Bag of Marbles","SkillPotion","BlessingOfTheForge","Turnip","Venomology","ColorlessPotion"],"campfire_rested":5,"item_purchase_floors":[5,14,14,19,45,45,45,45,45],"current_hp_per_floor":[77,77,73,73,78,65,65,70,70,19,48,48,74,74,74,52,87,76,76,76,66,66,66,49,75,75,64,43,43,43,43,69,12,87,87,76,76,76,40,24,50,50,50,31,31,31,31,25,51,4],"gold":47,"neow_bonus":"TEN_PERCENT_HP_BONUS","is_daily":false,"chose_seed":false,"campfire_upgraded":2,"win_rate":0.0,"timestamp":1612819165,"path_taken":["M","?","?","M","$","E","?","M","T","E","?","?","R","$","R","BOSS","M","$","?","M","?","R","E","R","T","M","E","?","?","?","R","BOSS","M","?","M","?","M","E","R","?","T","?","$","?","?","E","R","BOSS"],"items_purchased_type":["Potion","Card","Potion","Relic","Potion","Potion","Relic","Card","Potion"],"build_version":"2020-12-22","purchased_purges":1,"victory":true,"max_hp_per_floor":[77,77,77,77,82,82,82,87,87,87,87,87,87,87,87,87,87,87,87,87,87,87,87,87,87,87,87,87,87,87,87,87,87,87,87,87,87,87,87,87,87,87,87,87,87,87,87,87,87,87],"relic_stats":{"counters":[22,100],"Gambling Chip":[44],"Prayer Wheel":8,"PreservedInsect":105,"Pen Nib":[2],"Turnip":[0],"Orichalcum":[222],"Question Card":17,"MawBank":60,"obtain_stats":[{"SacredBark":17,"Oddly Smooth Stone":48,"PreservedInsect":28,"Pen Nib":43,"Orichalcum":24,"Question Card":26,"MawBank":40,"Ancient Tea Set":42,"Gambling Chip":6,"Prayer Wheel":10,"Philosopher\u0027s Stone":34,"WingedGreaves":9,"Turnip":45,"Bag of Marbles":19,"Red Mask":29,"Ring of the Snake":0},{"SacredBark":7,"Oddly Smooth Stone":21,"PreservedInsect":12,"Pen Nib":19,"Orichalcum":10,"Question Card":10,"MawBank":19,"Ancient Tea Set":19,"Gambling Chip":4,"Prayer Wheel":6,"Philosopher\u0027s Stone":15,"WingedGreaves":5,"Turnip":20,"Bag of Marbles":8,"Red Mask":13,"Ring of the Snake":0},{"SacredBark":36,"Oddly Smooth Stone":95,"PreservedInsect":56,"Pen Nib":87,"Orichalcum":48,"Question Card":48,"MawBank":87,"Ancient Tea Set":87,"Gambling Chip":18,"Prayer Wheel":29,"Philosopher\u0027s Stone":75,"WingedGreaves":23,"Turnip":92,"Bag of Marbles":40,"Red Mask":59,"Ring of the Snake":0}],"Ring of the Snake":[44]},"card_choices":[{"not_picked":["All Out Attack","Quick Slash"],"picked":"Deadly Poison","floor":1.0},{"not_picked":["Expertise","Well Laid Plans","Bane"],"picked":"SKIP","floor":3.0},{"not_picked":["Quick Slash","Tactician"],"picked":"Leg Sweep","floor":4.0},{"not_picked":["Expertise","Skewer","Prepared"],"picked":"SKIP","floor":6.0},{"not_picked":["Dagger Spray","Cloak And Dagger"],"picked":"Distraction","floor":8.0},{"not_picked":["Dodge and Roll","Flying Knee"],"picked":"Bouncing Flask","floor":10.0},{"not_picked":["Glass Knife","Doppelganger"],"picked":"Corpse Explosion","floor":16.0},{"not_picked":["Dagger Throw","Backflip"],"picked":"Blade Dance+1","floor":18.0},{"not_picked":["Dagger Throw+1","Quick Slash"],"picked":"Backstab","floor":18.0},{"not_picked":["Deadly Poison+1","Dagger Spray+1"],"picked":"Poisoned Stab","floor":21.0},{"not_picked":["Predator+1","Deflect"],"picked":"Eviscerate","floor":21.0},{"not_picked":["Dagger Throw+1","Deflect"],"picked":"Noxious Fumes+1","floor":24.0},{"not_picked":["Slice","Cloak And Dagger","Prepared+1"],"picked":"Bouncing Flask","floor":27.0},{"not_picked":["Flechettes+1","PiercingWail","Cloak And Dagger","Escape Plan"],"picked":"SKIP","floor":27.0},{"not_picked":["Dodge and Roll","Bane","PiercingWail"],"picked":"Wraith Form v2","floor":28.0},{"not_picked":["Cloak And Dagger+1","Dodge and Roll","Underhanded Strike+1"],"picked":"Bane+1","floor":30.0},{"not_picked":["Well Laid Plans","Slice","Prepared","Night Terror"],"picked":"SKIP","floor":30.0},{"not_picked":["Bouncing Flask","Bane","Dagger Throw"],"picked":"PiercingWail+1","floor":35.0},{"not_picked":["Dodge and Roll+1","Bouncing Flask+1","Flying Knee+1"],"picked":"Outmaneuver+1","floor":35.0},{"not_picked":["Flying Knee+1","Sucker Punch+1","Backflip","PiercingWail+1"],"picked":"SKIP","floor":37.0},{"not_picked":["Sucker Punch+1","After Image","Dagger Throw+1","Slice"],"picked":"SKIP","floor":37.0},{"not_picked":["Blur","Blade Dance","Endless Agony"],"picked":"Catalyst+1","floor":39.0},{"not_picked":["Cloak And Dagger","Quick Slash","Backflip+1","Acrobatics"],"picked":"SKIP","floor":39.0},{"not_picked":["Quick Slash+1","Cloak And Dagger+1","Caltrops+1","PiercingWail"],"picked":"SKIP","floor":40.0},{"not_picked":["PiercingWail+1","Malaise","Heel Hook+1","Deflect+1"],"picked":"SKIP","floor":44},{"not_picked":["Dagger Spray+1","Well Laid Plans+1","PiercingWail+1","Caltrops"],"picked":"SKIP","floor":44},{"not_picked":["Prepared+1","Riddle With Holes+1","Flying Knee+1","Bouncing Flask"],"picked":"SKIP","floor":48}],"player_experience":81330,"relics_obtained":[{"floor":6.0,"key":"Gambling Chip"},{"floor":9.0,"key":"WingedGreaves"},{"floor":10.0,"key":"Prayer Wheel"},{"floor":24.0,"key":"Orichalcum"},{"floor":26.0,"key":"Question Card"},{"floor":28.0,"key":"PreservedInsect"},{"floor":29.0,"key":"Red Mask"},{"floor":40.0,"key":"MawBank"},{"floor":43.0,"key":"Pen Nib"},{"floor":48,"key":"Oddly Smooth Stone"}],"event_choices":[{"damage_healed":0.0,"max_hp_gain":0.0,"max_hp_loss":0.0,"gold_gain":0.0,"event_name":"Upgrade Shrine","player_choice":"Upgraded","floor":2.0,"gold_loss":0.0,"damage_taken":0.0,"cards_upgraded":["Deadly Poison"]},{"damage_healed":0.0,"max_hp_gain":0.0,"max_hp_loss":0.0,"gold_gain":0.0,"event_name":"Living Wall","player_choice":"Grow","floor":7.0,"gold_loss":0.0,"damage_taken":0.0,"cards_upgraded":["Leg Sweep"]},{"damage_healed":29.0,"max_hp_gain":0.0,"max_hp_loss":0.0,"gold_gain":0.0,"event_name":"Big Fish","player_choice":"Banana","floor":11.0,"gold_loss":0.0,"damage_taken":0.0},{"damage_healed":0.0,"max_hp_gain":0.0,"max_hp_loss":0.0,"gold_gain":0.0,"event_name":"Vampires","player_choice":"Ignored","floor":20.0,"gold_loss":0.0,"damage_taken":0.0},{"damage_healed":0.0,"max_hp_gain":0.0,"max_hp_loss":0.0,"gold_gain":99.0,"event_name":"Nest","player_choice":"Stole From Cult","floor":22.0,"gold_loss":0.0,"damage_taken":0.0},{"damage_healed":0.0,"max_hp_gain":0.0,"max_hp_loss":0.0,"gold_gain":0.0,"event_name":"Masked Bandits","player_choice":"Fought Bandits","floor":29.0,"gold_loss":0.0,"damage_taken":0.0},{"damage_healed":0.0,"max_hp_gain":0.0,"max_hp_loss":0.0,"gold_gain":0.0,"event_name":"Winding Halls","player_choice":"Embrace Madness","floor":36.0,"gold_loss":0.0,"damage_taken":11.0,"cards_obtained":["Madness","Madness"]},{"damage_healed":0.0,"max_hp_gain":0.0,"max_hp_loss":0.0,"gold_gain":222.0,"event_name":"Tomb of Lord Red Mask","player_choice":"Wore Mask","floor":38.0,"gold_loss":0.0,"damage_taken":0.0},{"damage_healed":0.0,"max_hp_gain":0.0,"max_hp_loss":0.0,"gold_gain":0.0,"event_name":"WeMeetAgain","player_choice":"Gave Potion","floor":42.0,"gold_loss":0.0,"damage_taken":0.0,"relics_obtained":["Ancient Tea Set"]},{"damage_healed":0,"gold_gain":0,"player_choice":"Upgraded","damage_taken":0,"max_hp_gain":0,"max_hp_loss":0,"event_name":"Upgrade Shrine","floor":46,"gold_loss":0,"cards_upgraded":["Venomology"]}],"is_beta":false,"boss_relics":[{"not_picked":["Runic Dome","Ectoplasm"],"picked":"SacredBark"},{"not_picked":["Fusion Hammer","Cursed Key"],"picked":"Philosopher\u0027s Stone"}],"items_purged_floors":[45],"is_endless":false,"potions_floor_spawned":[3,8,16,18,27,29,35,40],"ascension_level":0}}