{"host":"8ki4rp59nppvqwda","time":1612751316,"event":{"mods":["AlwaysNeverKeys","BaseMod","Hermit","Minty Spire (QoL Compilation)","Robot Space Explorer","SacredBarkPlus","StSLib","The Cursed","The Necromancer","The Trickster"],"gold_per_floor":[117,392,411,13,13,13,37,37,116,127,137,149,179,195,195,292,292,302,302,302,302,322,322,337,365,392,139,139,172,15,40,52,160,172,194,216,241,253,275,287,313,354,418,456,185,219,219,244,244,244],"floor_reached":51,"language":"ENG","playtime":2327,"items_purged":["Regret","Defend_W+1","Decay"],"score":1387,"play_id":"24a06ab5-c273-4e07-9b98-a41609762ebe","local_time":"20210207212836","is_ascension_mode":true,"campfire_choices":[{"data":"Life_Drain","floor":6.0,"key":"SMITH"},{"data":"Negative_Energy_Arrows","floor":8.0,"key":"SMITH"},{"data":"Summon_Undead_Army","floor":15.0,"key":"SMITH"},{"data":"Summon_Undead","floor":23,"key":"SMITH"},{"data":"Madness","floor":28,"key":"SMITH"},{"data":"Siphon_Strength","floor":32,"key":"SMITH"},{"data":"Cloudkill","floor":40,"key":"SMITH"},{"floor":49,"key":"REST"}],"circlet_count":0,"master_deck":["AscendersBane","Strike_W+1","Strike_W+1","Strike_W+1","Defend_W+1","Defend_W+1","Defend_W+1","Negative_Energy_Arrows+1","Bone_Wall","Life_Drain+1","Spectral_Walk","Madness+1","Necrotic_Claws+1","Summon_Undead_Army+1","Siphon_Strength+1","Spectral_Walk","Stop_Heart","Summon_Death_Knight+1","Summon_Undead+1","RitualDagger+1","Strike_from_Beyond+1","Stop_Heart","Grasp_Heart","Cloudkill","Shade_Step+1","Cloudkill+1","Thousand_Bone_Knives+1","Death_Coil+1","Plague_Bolt+1","Blood_Is_Power","Corrupt+1"],"relics":["Vampire_Amulet","Eternal Feather","Pocketwatch","Orichalcum","Mercury Hourglass","Pen Nib","Black Star","Tiny Chest","Darkstone Periapt","Regal Pillow","Sling","Sundial","Whetstone","Membership Card","MawBank","Lizard Tail","Cursed Key","Molten Egg 2","Dream Catcher","Omamori","Pantograph","CaptainsWheel","Bag of Marbles","Bottled Tornado","MealTicket","Nunchaku","InkBottle","Anchor"],"acts_visited":["Exordium","TheCity","TheBeyond"],"potions_floor_usage":[29,31,33,41,44,46,46],"damage_taken":[{"damage":0.0,"enemies":"2 Louse","floor":1.0,"turns":4.0},{"damage":2.0,"enemies":"Cultist","floor":3.0,"turns":4.0},{"damage":3.0,"enemies":"Small Slimes","floor":10.0,"turns":2.0},{"damage":3.0,"enemies":"Blue Slaver","floor":11.0,"turns":3.0},{"damage":9.0,"enemies":"Exordium Thugs","floor":12.0,"turns":3.0},{"damage":8.0,"enemies":"3 Sentries","floor":13.0,"turns":4.0},{"damage":3.0,"enemies":"Looter","floor":14.0,"turns":3.0},{"damage":26.0,"enemies":"Hexaghost","floor":16.0,"turns":6.0},{"damage":6.0,"enemies":"Chosen","floor":18.0,"turns":4.0},{"damage":0,"enemies":"Shell Parasite","floor":22,"turns":5},{"damage":10,"enemies":"Snake Plant","floor":24,"turns":4},{"damage":5,"enemies":"Book of Stabbing","floor":25,"turns":6},{"damage":5,"enemies":"Gremlin Leader","floor":29,"turns":5},{"damage":19,"enemies":"Slavers","floor":31,"turns":4},{"damage":25,"enemies":"Champ","floor":33,"turns":7},{"damage":6,"enemies":"Orb Walker","floor":35,"turns":3},{"damage":6,"enemies":"3 Shapes","floor":36,"turns":3},{"damage":0,"enemies":"Writhing Mass","floor":37,"turns":5},{"damage":0,"enemies":"Maw","floor":39,"turns":6},{"damage":42,"enemies":"Spire Growth","floor":41,"turns":4},{"damage":3,"enemies":"Giant Head","floor":42,"turns":6},{"damage":24,"enemies":"Reptomancer","floor":44,"turns":5},{"damage":20,"enemies":"Giant Head","floor":46,"turns":7},{"damage":32,"enemies":"Nemesis","floor":48,"turns":5},{"damage":30,"enemies":"Time Eater","floor":50,"turns":9}],"seed_played":"5989217547517276763","potions_obtained":[{"floor":3.0,"key":"Explosive Potion"},{"floor":12.0,"key":"Explosive Potion"},{"floor":13.0,"key":"Explosive Potion"},{"floor":16.0,"key":"SteroidPotion"},{"floor":18.0,"key":"DistilledChaos"},{"floor":29,"key":"AttackPotion"},{"floor":31,"key":"BlessingOfTheForge"},{"floor":36,"key":"ColorlessPotion"},{"floor":41,"key":"Energy Potion"},{"floor":42,"key":"DistilledChaos"},{"floor":44,"key":"Regen Potion"},{"floor":46,"key":"FairyPotion"}],"is_trial":false,"path_per_floor":["M","?","M","$","?","R","T","R","T","M","M","M","E","M","R","B",null,"M","?","?","?","M","R","M","E","T","$","R","E","$","E","R","B",null,"M","M","M","?","M","R","M","E","T","E","$","E","?","E","R","B",null],"character_chosen":"NECROMANCER","items_purchased":["Eternal Feather","Madness","Sling","Membership Card","Bag of Marbles","Bottled Tornado","Plague_Bolt+1"],"campfire_rested":1,"item_purchase_floors":[4,4,27,30,45,45,45],"current_hp_per_floor":[79,79,82,82,57,63,63,69,69,76,81,81,82,81,82,68,79,81,75,75,75,82,82,82,79,79,79,82,79,79,72,82,69,79,75,81,88,88,88,88,58,67,73,65,65,72,72,42,91,79],"gold":244,"neow_bonus":"TEN_PERCENT_HP_BONUS","is_daily":false,"chose_seed":false,"campfire_upgraded":7,"win_rate":0.0,"timestamp":1612751316,"path_taken":["M","?","M","?","?","R","?","R","T","M","M","M","E","?","R","BOSS","M","?","?","?","M","R","?","E","T","$","R","E","$","E","R","BOSS","M","M","?","?","M","R","M","E","T","E","$","E","?","E","R","BOSS"],"items_purchased_type":["Relic","Card","Relic","Relic","Relic","Relic","Card"],"build_version":"2020-12-22","purchased_purges":3,"victory":true,"max_hp_per_floor":[82,82,82,82,82,82,82,82,82,82,82,82,82,82,82,82,82,82,82,82,82,82,82,82,82,82,82,82,82,82,82,82,82,82,82,82,88,88,88,88,88,88,94,94,94,94,91,91,91,91],"card_choices":[{"not_picked":["Finger_Of_Death","Vampiric_Strike"],"picked":"Life_Drain","floor":1.0},{"not_picked":["Negative_Energy_Shield","Finger_Of_Death"],"picked":"Spectral_Walk","floor":3.0},{"not_picked":["Uncharnel","Shade_Step"],"picked":"Necrotic_Claws","floor":10.0},{"not_picked":["Slay_Living","Vampiric_Strike"],"picked":"Summon_Undead_Army","floor":11.0},{"not_picked":["Negative_Energy_Burst","Bone_Bullets"],"picked":"Siphon_Strength","floor":12.0},{"not_picked":["Negative_Energy_Mist","Finger_Of_Death"],"picked":"Spectral_Walk","floor":13.0},{"not_picked":["Life_Drain","Negative_Energy_Javelin"],"picked":"Stop_Heart","floor":14.0},{"not_picked":["Detonate_Bones","Skeleton_Dragon"],"picked":"Summon_Death_Knight","floor":16.0},{"not_picked":["Negative_Energy_Shield","Death_March_Dance"],"picked":"Summon_Undead","floor":18.0},{"not_picked":["Blood_Shield+1","Negative_Energy_Sphere"],"picked":"Strike_from_Beyond+1","floor":22},{"not_picked":["Bone_Spikes","Consume_Illness","Finger_Of_Death"],"picked":"SKIP","floor":24},{"not_picked":["Bones_to_Steel","Bone_Prison"],"picked":"Stop_Heart","floor":25},{"not_picked":["Bones_to_Steel","Blood_Wake"],"picked":"Grasp_Heart","floor":29},{"not_picked":["Bone_Shift","Shackles_Of_Pain","Exploit"],"picked":"SKIP","floor":31},{"not_picked":["Summon_Death_Knight","Detonate_Bones"],"picked":"Cloudkill","floor":33},{"not_picked":["Bones_to_Steel","Toxic_Smoke_Screen"],"picked":"Shade_Step+1","floor":35},{"not_picked":["Negative_Energy_Sphere","Vampiric_Strike","Consume_Illness"],"picked":"SKIP","floor":36},{"not_picked":["Bone_Bullets","Negative_Energy_Mist","Thousand_Bone_Knives"],"picked":"SKIP","floor":37},{"not_picked":["Vampiric_Strike","Necromantic_Selection"],"picked":"Cloudkill","floor":39},{"not_picked":["Plague_Bolt","Summon_Lich"],"picked":"Thousand_Bone_Knives+1","floor":41},{"not_picked":["Negative_Energy_Shield+1","Finger_Of_Death+1","Bones_to_Steel"],"picked":"SKIP","floor":42},{"not_picked":["Consume_Illness","Flesh_Made_Foul+1"],"picked":"Death_Coil+1","floor":44},{"not_picked":["Epidemic","Blood_for_Blood","Bone_Bullets+1"],"picked":"SKIP","floor":46},{"not_picked":["Bones_to_Steel","Bone_Armor"],"picked":"Blood_Is_Power","floor":48},{"not_picked":["Bone_Bullets+1","Vampiric_Strike+1"],"picked":"Corrupt+1","floor":49}],"player_experience":1297246,"relics_obtained":[{"floor":7.0,"key":"Orichalcum"},{"floor":9.0,"key":"Mercury Hourglass"},{"floor":13.0,"key":"Pen Nib"},{"floor":25,"key":"Tiny Chest"},{"floor":25,"key":"Darkstone Periapt"},{"floor":26,"key":"Regal Pillow"},{"floor":29,"key":"Sundial"},{"floor":29,"key":"Whetstone"},{"floor":31,"key":"MawBank"},{"floor":31,"key":"Lizard Tail"},{"floor":42,"key":"Molten Egg 2"},{"floor":42,"key":"Dream Catcher"},{"floor":43,"key":"Omamori"},{"floor":44,"key":"Pantograph"},{"floor":44,"key":"CaptainsWheel"},{"floor":46,"key":"MealTicket"},{"floor":46,"key":"Nunchaku"},{"floor":48,"key":"InkBottle"},{"floor":48,"key":"Anchor"}],"event_choices":[{"damage_healed":0.0,"max_hp_gain":0.0,"max_hp_loss":0.0,"gold_gain":275.0,"event_name":"Golden Shrine","player_choice":"Desecrate","floor":2.0,"gold_loss":0.0,"damage_taken":0.0,"cards_obtained":["Regret"]},{"damage_healed":0.0,"max_hp_gain":0.0,"max_hp_loss":0.0,"gold_gain":0.0,"event_name":"Scrap Ooze","player_choice":"Success","floor":5.0,"gold_loss":0.0,"damage_taken":25.0,"relics_obtained":["Pocketwatch"]},{"damage_healed":0.0,"max_hp_gain":0.0,"max_hp_loss":0.0,"gold_gain":0.0,"event_name":"Nest","player_choice":"Joined the Cult","floor":19.0,"gold_loss":0.0,"damage_taken":6.0,"cards_obtained":["RitualDagger"]},{"damage_healed":0,"gold_gain":0,"player_choice":"Simplicity","damage_taken":0,"max_hp_gain":0,"max_hp_loss":0,"event_name":"Back to Basics","floor":20,"gold_loss":0,"cards_upgraded":["Strike_W","Strike_W","Strike_W","Strike_W","Defend_W","Defend_W","Defend_W","Defend_W"]},{"damage_healed":0,"gold_gain":0,"player_choice":"Upgraded","damage_taken":0,"max_hp_gain":0,"max_hp_loss":0,"event_name":"Upgrade Shrine","floor":21,"gold_loss":0,"cards_upgraded":["Summon_Death_Knight"]},{"cards_removed":["Strike_W"],"damage_healed":0,"gold_gain":0,"player_choice":"Removed Attack","damage_taken":0,"max_hp_gain":0,"max_hp_loss":0,"event_name":"Falling","floor":38,"gold_loss":0},{"cards_removed":["Parasite"],"damage_healed":0,"gold_gain":0,"player_choice":"Purged","damage_taken":0,"max_hp_gain":0,"max_hp_loss":0,"event_name":"Purifier","floor":47,"gold_loss":0}],"is_beta":false,"boss_relics":[{"not_picked":["Calling Bell","Busted Crown"],"picked":"Black Star"},{"not_picked":["Fusion Hammer","Sozu"],"picked":"Cursed Key"}],"items_purged_floors":[4,27,45],"is_endless":false,"potions_floor_spawned":[3,12,13,16,18,29,31,36,41,42,44,46],"ascension_level":12}}