{"host":"3498uni0c31c9bdm","time":1612799368,"event":{"mods":["BaseMod","Better Match","Better Note","Better Sensory Stone","Better Skull","Better Third Choice","Colored Map","Minty Spire (QoL Compilation)","Quick Restart","RNG Fix","Random Character Button","Replay The Spire","Shop Mod","Smile Girya","StSLib","Unceasing Turn Reminder"],"gold_per_floor":[115,125,137,117,135,160,176,176,226,226,238,11,11,30,30,132,182,201,212,224,224,224],"floor_reached":21,"language":"ENG","playtime":916,"items_purged":[],"score":278,"play_id":"e4119520-764c-466c-819a-93910ed83515","local_time":"20210209024928","is_ascension_mode":true,"campfire_choices":[{"floor":10,"key":"RECALL"},{"floor":13,"key":"REST"}],"circlet_count":0,"master_deck":["AscendersBane","Strike_G","Strike_G","Strike_G","Strike_G","Strike_G","Defend_G","Defend_G+1","Defend_G","Defend_G","Defend_G","Survivor","Neutralize","ReplayTheSpireMod:IOU","Replay:Bag of Tricks","Choke","PiercingWail","Heel Hook","Replay:Poison Smokescreen+1","Cloak And Dagger","Bouncing Flask","Parasite","Catalyst","Footwork","Quick Slash","Glass Knife","Blade Dance","Predator+1","ReplayTheSpireMod:Shiv Toss+1","Distraction"],"relics":["Ring of the Snake","HornCleat","ReplayTheSpireMod:TigerMarble","Tiny House"],"acts_visited":["Exordium","TheCity"],"potions_floor_usage":[6,6,16,16,20,20,21],"damage_taken":[{"damage":5,"enemies":"Small Slimes","floor":1,"turns":5},{"damage":2,"enemies":"Jaw Worm","floor":2,"turns":3},{"damage":0,"enemies":"2 Louse","floor":3,"turns":3},{"damage":0,"enemies":"Looter","floor":5,"turns":3},{"damage":48,"enemies":"Lagavulin","floor":6,"turns":9},{"damage":1,"enemies":"3 Louse","floor":7,"turns":4},{"damage":19,"enemies":"Large Slime","floor":11,"turns":8},{"damage":0,"enemies":"Blue Slaver","floor":14,"turns":3},{"damage":41,"enemies":"Slime Boss","floor":16,"turns":8},{"damage":12,"enemies":"Shell Parasite","floor":18,"turns":6},{"damage":22,"enemies":"2 Thieves","floor":19,"turns":4},{"damage":29,"enemies":"3 Cultists","floor":20,"turns":6},{"damage":6,"enemies":"Snake Plant","floor":21,"turns":4}],"seed_played":"-5201646586479697003","potions_obtained":[{"floor":1,"key":"Fruit Juice"},{"floor":4,"key":"Ancient Potion"},{"floor":6,"key":"ColorlessPotion"},{"floor":7,"key":"LiquidMemories"},{"floor":16,"key":"Poison Potion"},{"floor":17,"key":"BlessingOfTheForge"},{"floor":20,"key":"Swift Potion"}],"is_trial":false,"path_per_floor":["M","M","M","?","M","E","M","?","T","R","M","$","R","M","R_BF","B",null,"M","M","M","M"],"character_chosen":"THE_SILENT","items_purchased":["ReplayTheSpireMod:TigerMarble","Footwork"],"campfire_rested":1,"item_purchase_floors":[12,12],"current_hp_per_floor":[58,56,56,56,56,13,12,30,30,30,11,11,33,33,55,14,65,53,31,2,0,0],"gold":224,"neow_bonus":"THREE_RARE_CARDS","is_daily":false,"chose_seed":false,"campfire_upgraded":0,"win_rate":0.0,"timestamp":1612799368,"path_taken":["M","M","M","?","M","E","M","?","T","R","M","$","R","M","R_BF","BOSS","M","M","?","M"],"items_purchased_type":["Relic","Card"],"build_version":"2020-12-22","purchased_purges":0,"victory":false,"max_hp_per_floor":[70,70,70,70,70,75,75,75,75,75,75,75,75,75,75,75,80,80,80,80,80,80],"card_choices":[{"not_picked":["Storm of Steel","Burst"],"picked":"Replay:Bag of Tricks","floor":0},{"not_picked":["Caltrops","Underhanded Strike"],"picked":"Choke","floor":1},{"not_picked":["Acrobatics","Hidden Blade"],"picked":"PiercingWail","floor":2},{"not_picked":["Replay:Poison Smokescreen","Bane"],"picked":"Heel Hook","floor":3},{"not_picked":["Dodge and Roll","Acrobatics"],"picked":"Replay:Poison Smokescreen","floor":5},{"not_picked":["Sucker Punch","Acrobatics"],"picked":"Cloak And Dagger","floor":6},{"not_picked":["Heel Hook","Bullet Time"],"picked":"Bouncing Flask","floor":7},{"not_picked":["Expertise","Masterful Stab"],"picked":"Catalyst","floor":11},{"not_picked":["Acrobatics","Eviscerate"],"picked":"Quick Slash","floor":14},{"not_picked":["Unload","Die Die Die"],"picked":"Glass Knife","floor":16},{"not_picked":["Hidden Blade","Flying Knee"],"picked":"Blade Dance","floor":17},{"not_picked":["Acrobatics","Quick Slash+1"],"picked":"Predator+1","floor":18},{"not_picked":["Hidden Blade","Draining Mist"],"picked":"ReplayTheSpireMod:Shiv Toss+1","floor":19},{"not_picked":["Bouncing Flask","PiercingWail"],"picked":"Distraction","floor":20}],"player_experience":852517,"relics_obtained":[{"floor":6,"key":"HornCleat"}],"event_choices":[{"damage_healed":0,"gold_gain":0,"player_choice":"Bought 1 Potion","damage_taken":0,"max_hp_gain":0,"max_hp_loss":0,"event_name":"The Woman in Blue","floor":4,"gold_loss":0},{"damage_healed":18,"gold_gain":0,"player_choice":"Healed and dodged fight","damage_taken":0,"max_hp_gain":0,"max_hp_loss":0,"event_name":"Mushrooms","floor":8,"gold_loss":0,"cards_obtained":["Parasite"]}],"is_beta":false,"boss_relics":[{"not_picked":["Coffee Dripper","ReplayTheSpireMod:DimensionalGlitch"],"picked":"Tiny House"}],"items_purged_floors":[],"is_endless":false,"potions_floor_spawned":[1,6,7,16,20],"killed_by":"Snake Plant","ascension_level":10}}