{"host":"qez2w9o4mdgkjem4","time":1612767536,"event":{"mods":["BaseMod","Downfall","Hermit","Minty Spire (QoL Compilation)","StSLib"],"gold_per_floor":[99,111,125,140,140,140,140,140,160,60,74,93,93,3,13,110,110,110,121,137,154,154,154,154,173,193,193,31,31,65,83,101,199,199,99,118,118,118,132,212,238,138,138,323,336,352,364,17,36,36,36,36],"floor_reached":50,"language":"ZHS","playtime":3383,"items_purged":["champ:Strike","champ:Strike","champ:Defend"],"score":510,"play_id":"fd53108e-1c2a-4a8c-985a-a2f7a5c4afdd","local_time":"20210208145856","is_ascension_mode":false,"campfire_choices":[{"floor":1.0,"key":"RECALL"},{"data":"champ:Encircle","floor":10.0,"key":"SMITH"},{"data":"champ:Backstep","floor":13.0,"key":"SMITH"},{"data":"champ:UltimateStance","floor":18.0,"key":"SMITH"},{"floor":29.0,"key":"REST"},{"data":"expansioncontent:StudyTheSpire","floor":35.0,"key":"SMITH"},{"data":"champ:UltimateStance","floor":42.0,"key":"SMITH"}],"circlet_count":0,"master_deck":["champ:Strike","champ:Defend","champ:Defend","champ:Defend","champ:Execute","champ:Taunt","champ:EnragedBash","champ:Backstep+1","champ:Encircle+1","champ:UltimateStance+1","champ:StrikeOfGenius","CurseOfTheBell","champ:GutPunch+1","champ:RecklessLeap+1","champ:FocusedBerserking","champ:EnGarde+1","expansioncontent:StudyTheSpire+1","champ:UltimateStance+1","champ:ShieldWall"],"relics":["champ:ChampionCrown","downfall:ShatteredFragment","Darkstone Periapt","downfall:HeartBlessingRed","Calling Bell","Omamori","The Courier","Peace Pipe","Happy Flower","Unceasing Top","Strawberry","Sozu","downfall:HeartBlessingGreen","Blue Candle","Sundial","Blood Vial","downfall:HeartBlessingBlue","champ:BerserkersGuideToSlaughter","Anchor"],"acts_visited":["Exordium","TheCity","TheBeyond"],"potions_floor_usage":[],"damage_taken":[{"damage":25.0,"enemies":"Jaw Worm","floor":2.0,"turns":5.0},{"damage":13.0,"enemies":"Small Slimes","floor":3.0,"turns":4.0},{"damage":15.0,"enemies":"2 Louse","floor":4.0,"turns":4.0},{"damage":22.0,"enemies":"2 Fungi Beasts","floor":9.0,"turns":4.0},{"damage":18.0,"enemies":"Blue Slaver","floor":11.0,"turns":3.0},{"damage":12.0,"enemies":"Large Slime","floor":12.0,"turns":6.0},{"damage":30.0,"enemies":"downfall:FleeingMerchant","floor":14.0,"turns":4.0},{"damage":10.0,"enemies":"Exordium Wildlife","floor":15.0,"turns":3.0},{"damage":20.0,"enemies":"IC_STATUS_ARCHETYPE","floor":16.0,"turns":9.0},{"damage":29.0,"enemies":"Shell Parasite","floor":19.0,"turns":4.0},{"damage":30.0,"enemies":"3 Byrds","floor":20.0,"turns":4.0},{"damage":48.0,"enemies":"Sentry and Sphere","floor":21.0,"turns":6.0},{"damage":37.0,"enemies":"3 Cultists","floor":25.0,"turns":5.0},{"damage":36.0,"enemies":"Centurion and Healer","floor":26.0,"turns":4.0},{"damage":50.0,"enemies":"downfall:FleeingMerchant","floor":28.0,"turns":4.0},{"damage":69.0,"enemies":"Gremlin Leader","floor":30.0,"turns":6.0},{"damage":15.0,"enemies":"Snake Plant","floor":31.0,"turns":4.0},{"damage":58.0,"enemies":"3 Cultists","floor":32.0,"turns":4.0},{"damage":67.0,"enemies":"SI_MIRROR_ARCHETYPE","floor":33.0,"turns":7.0},{"damage":52.0,"enemies":"3 Shapes","floor":36.0,"turns":6.0},{"damage":26.0,"enemies":"Orb Walker","floor":39.0,"turns":4.0},{"damage":35.0,"enemies":"downfall:FleeingMerchant","floor":44.0,"turns":4.0},{"damage":82.0,"enemies":"Maw","floor":45.0,"turns":8.0},{"damage":56.0,"enemies":"Transient","floor":46.0,"turns":5.0},{"damage":30.0,"enemies":"4 Shapes","floor":47.0,"turns":7.0},{"damage":43.0,"enemies":"Sphere and 2 Shapes","floor":49.0,"turns":5.0},{"damage":161,"enemies":"WA_ARCHETYPE_DIVINITY","floor":50,"turns":7}],"seed_played":"-4020329107646924440","potions_obtained":[{"floor":3.0,"key":"champ:CounterPotion"},{"floor":11.0,"key":"Dexterity Potion"},{"floor":15.0,"key":"ColorlessPotion"},{"floor":20.0,"key":"Fire Potion"},{"floor":25.0,"key":"SpeedPotion"},{"floor":26.0,"key":"EntropicBrew"},{"floor":30.0,"key":"SteroidPotion"},{"floor":31.0,"key":"SpeedPotion"},{"floor":33.0,"key":"champ:OpenerPotion"}],"is_trial":false,"path_per_floor":["R","M","M","M","?","?","T","?","M","R","M","M","R","$","M","B",null,"R","M","M","M","?","?","T","M","M","?","$","R","E","M","M","B",null,"R","M","?","?","M","?","T","R","?","$","M","M","M","$","M","B"],"character_chosen":"THE_CHAMP","items_purchased":["expansioncontent:StudyTheSpire","champ:ShieldWall","champ:BerserkersGuideToSlaughter","Anchor"],"campfire_rested":1,"item_purchase_floors":[28,44,48,48],"current_hp_per_floor":[99,94,91,86,59,59,59,59,57,57,54,52,52,52,52,47,105,105,96,96,73,73,73,73,71,65,65,55,86,54,44,36,3,112,112,80,80,75,64,64,64,74,74,76,66,67,59,59,68,0,0,0],"gold":36,"neow_bonus":"TEN_PERCENT_HP_BONUS","is_daily":false,"chose_seed":false,"campfire_upgraded":5,"win_rate":0.0,"timestamp":1612767536,"path_taken":["R","M","M","M","?","?","T","?","M","R","M","M","R","$","M","BOSS","R","M","M","M","?","?","T","M","M","?","$","R","E","M","M","BOSS","R","M","?","?","?","?","T","R","?","?","M","?","M","$","M","BOSS"],"items_purchased_type":["Card","Card","Relic","Relic"],"build_version":"2020-12-22","purchased_purges":3,"victory":false,"max_hp_per_floor":[99,99,99,99,99,99,99,99,99,99,99,99,99,99,99,99,105,105,105,105,105,105,105,105,105,105,105,105,105,112,112,112,112,112,112,112,112,112,112,112,112,122,122,122,122,122,122,122,122,122,122,122],"card_choices":[{"not_picked":["champ:Haymaker","champ:FocusedBerserking","champ:BringItOn"],"picked":"SKIP","floor":2.0},{"not_picked":["champ:IronFortress","champ:DefensiveShout"],"picked":"champ:EnragedBash","floor":3.0},{"not_picked":["champ:FalseCounter","champ:BladeFlurry"],"picked":"champ:Backstep","floor":4.0},{"not_picked":["champ:TornadoPunch","champ:FanOfKnives"],"picked":"champ:Encircle","floor":9.0},{"not_picked":["champ:EnGarde","champ:BladeFlurry"],"picked":"champ:IronFortress","floor":11.0},{"not_picked":["champ:EnGarde","champ:Duel","champ:PreemptiveStrike"],"picked":"SKIP","floor":12.0},{"not_picked":["champ:FlashCut","champ:BerserkersShout"],"picked":"champ:UltimateStance","floor":14.0},{"not_picked":["champ:EnragedBash","champ:AdrenalArmor","champ:TornadoPunch"],"picked":"SKIP","floor":15.0},{"not_picked":["champ:HeavySlash","champ:IgnorePain"],"picked":"champ:StrikeOfGenius","floor":16.0},{"not_picked":["champ:Backstep","champ:BladeFlurry"],"picked":"champ:GutPunch+1","floor":19.0},{"not_picked":["champ:BerserkersShout","champ:Circumvent","champ:Parry"],"picked":"SKIP","floor":20.0},{"not_picked":["champ:CrownThrow","champ:VampiricStrike"],"picked":"champ:RecklessLeap+1","floor":21.0},{"not_picked":["champ:FanOfKnives","champ:CrownThrow"],"picked":"champ:FocusedBerserking","floor":25.0},{"not_picked":["champ:PerfectedStrike","champ:BringItOn+1","champ:FlashCut+1"],"picked":"SKIP","floor":26.0},{"not_picked":["champ:BringItOn","champ:FalseCounter"],"picked":"champ:EnGarde+1","floor":28.0},{"not_picked":["champ:PerfectedStrike+1","champ:HeartStrike","champ:SwordThrow"],"picked":"SKIP","floor":30.0},{"not_picked":["champ:TornadoPunch+1","champ:Endure+1","champ:FanOfKnives"],"picked":"SKIP","floor":31.0},{"not_picked":["champ:Circumvent","champ:BladeFlurry+1","champ:Backstep"],"picked":"SKIP","floor":32.0},{"not_picked":["champ:HeavySlash","champ:SwordThrow"],"picked":"champ:UltimateStance","floor":33.0},{"not_picked":["champ:FanOfKnives+1","champ:BerserkersShout+1","champ:PerfectedStrike+1"],"picked":"SKIP","floor":36.0},{"not_picked":["champ:GladiatorStyle+1","champ:EndlessRage","champ:FalseCounter+1"],"picked":"SKIP","floor":39.0},{"not_picked":["champ:FancyFootwork","champ:Circumvent","champ:AdrenalArmor"],"picked":"SKIP","floor":44.0},{"not_picked":["champ:Shatter","champ:PerfectedStrike","champ:HeartStrike"],"picked":"SKIP","floor":45.0},{"not_picked":["champ:TornadoPunch","champ:FlashCut+1","champ:CrookedStrike"],"picked":"SKIP","floor":46.0},{"not_picked":["champ:BerserkersShout","champ:Backstep+1","champ:PreciseThrust"],"picked":"SKIP","floor":47.0},{"not_picked":["champ:Shatter","champ:FancyFootwork","champ:PreciseThrust"],"picked":"SKIP","floor":49.0}],"player_experience":73260,"relics_obtained":[{"floor":17.0,"key":"Omamori"},{"floor":17.0,"key":"The Courier"},{"floor":17.0,"key":"Peace Pipe"},{"floor":24.0,"key":"Unceasing Top"},{"floor":30.0,"key":"Strawberry"},{"floor":40.0,"key":"Sundial"},{"floor":41.0,"key":"Blood Vial"}],"event_choices":[{"cards_removed":["champ:IronFortress"],"damage_healed":0.0,"max_hp_gain":0.0,"max_hp_loss":0.0,"gold_gain":0.0,"event_name":"Falling","player_choice":"Removed Power","floor":37.0,"gold_loss":0.0,"damage_taken":0.0},{"damage_healed":0.0,"max_hp_gain":0.0,"max_hp_loss":0.0,"gold_gain":0.0,"event_name":"Mysterious Sphere","player_choice":"Ignored","floor":43.0,"gold_loss":0.0,"damage_taken":0.0}],"is_beta":false,"boss_relics":[{"not_picked":["bronze:MakeshiftBattery","Coffee Dripper"],"picked":"Calling Bell"},{"not_picked":["Pandora\u0027s Box","Astrolabe"],"picked":"Sozu"}],"items_purged_floors":[14,44,48],"is_endless":false,"potions_floor_spawned":[3,11,15,20,25,26,30,31,33,45,47],"killed_by":"WA_ARCHETYPE_DIVINITY","ascension_level":0}}