{"host":"tml1x4ylw9tadh99","time":1612801230,"event":{"mods":["AchievementEnabler","Act Like it!","BaseMod","Bestiary","Colored Map","Colored Powertips","DeckTracker","Friendly Minions","GifTheSpireLib","Minty Spire (QoL Compilation)","Quick Restart","Random Character Button","Random Character Mod","Relic Stats","StSLib","Synergy Search"],"gold_per_floor":[117,117,192,208,208,208,238,238,263,263,278,102,121,132,132,230,230,230,230,230,230,230,230,230,230],"floor_reached":24,"language":"ENG","playtime":1222,"items_purged":[],"score":221,"play_id":"38ee7df3-5743-414d-8dd4-cab5c2f2c9a5","local_time":"20210208172030","is_ascension_mode":false,"campfire_choices":[{"data":"Outmaneuver","floor":6,"key":"SMITH"},{"data":"Poisoned Stab","floor":8,"key":"SMITH"},{"data":"Deadly Poison","floor":10,"key":"SMITH"},{"data":"Neutralize","floor":15,"key":"SMITH"},{"floor":23,"key":"REST"}],"circlet_count":0,"master_deck":["Strike_G","Strike_G","Strike_G","Strike_G","Defend_G","Defend_G","Defend_G","Defend_G","Defend_G","Survivor","Neutralize+1","Poisoned Stab+1","Outmaneuver+1","Deadly Poison+1","Panache+1","A Thousand Cuts+1","Outmaneuver","Caltrops+1","Poisoned Stab"],"relics":["Ring of the Snake","NeowsBlessing","Frozen Egg 2","Blood Vial","Ectoplasm","Red Mask","MawBank"],"acts_visited":["Exordium","TheCity"],"potions_floor_usage":[19,21],"damage_taken":[{"damage":0,"enemies":"2 Louse","floor":1,"turns":1},{"damage":0,"enemies":"Jaw Worm","floor":4,"turns":1},{"damage":0,"enemies":"Gremlin Nob","floor":7,"turns":1},{"damage":0,"enemies":"Cultist","floor":11,"turns":3},{"damage":0,"enemies":"Blue Slaver","floor":13,"turns":3},{"damage":0,"enemies":"3 Louse","floor":14,"turns":4},{"damage":19,"enemies":"Hexaghost","floor":16,"turns":9},{"damage":6,"enemies":"3 Byrds","floor":18,"turns":3},{"damage":10,"enemies":"Spheric Guardian","floor":19,"turns":4},{"damage":28,"enemies":"Masked Bandits","floor":20,"turns":4},{"damage":24,"enemies":"Snake Plant","floor":21,"turns":4},{"damage":37,"enemies":"Book of Stabbing","floor":24,"turns":4}],"seed_played":"-8923835226072538706","potions_obtained":[{"floor":7,"key":"SteroidPotion"},{"floor":16,"key":"DistilledChaos"},{"floor":19,"key":"DuplicationPotion"},{"floor":20,"key":"CultistPotion"}],"is_trial":false,"path_per_floor":["M","?","?","M","?","R","E","R","T","R","M","$","M","M","R","B",null,"M","M","?","M","?","R","E"],"character_chosen":"THE_SILENT","items_purchased":["Panache+1"],"campfire_rested":1,"item_purchase_floors":[12],"current_hp_per_floor":[70,63,52,52,57,57,57,57,57,57,59,59,61,63,63,46,75,69,61,35,13,13,35,0,0],"gold":230,"neow_bonus":"THREE_ENEMY_KILL","is_daily":false,"chose_seed":false,"campfire_upgraded":4,"win_rate":0.0,"timestamp":1612801230,"path_taken":["M","?","?","M","?","R","E","R","T","R","M","$","M","?","R","BOSS","M","M","?","M","?","R","E"],"items_purchased_type":["Card"],"build_version":"2020-12-22","purchased_purges":0,"victory":false,"max_hp_per_floor":[70,70,70,70,75,75,75,75,75,75,75,75,75,75,75,75,75,75,75,75,75,75,75,75,75],"relic_stats":{"Blood Vial":16,"counters":[12,41],"Ectoplasm":102,"MawBank":0,"obtain_stats":[{"Blood Vial":9,"NeowsBlessing":0,"Ectoplasm":17,"Red Mask":20,"Frozen Egg 2":7,"MawBank":22,"Ring of the Snake":0},{"Blood Vial":3,"NeowsBlessing":0,"Ectoplasm":7,"Red Mask":10,"Frozen Egg 2":3,"MawBank":11,"Ring of the Snake":0},{"Blood Vial":3,"NeowsBlessing":0,"Ectoplasm":22,"Red Mask":33,"Frozen Egg 2":3,"MawBank":37,"Ring of the Snake":0}],"Ring of the Snake":[24]},"card_choices":[{"not_picked":["Underhanded Strike","Prepared"],"picked":"Poisoned Stab","floor":1},{"not_picked":["Underhanded Strike","Dodge and Roll"],"picked":"Outmaneuver","floor":4},{"not_picked":["Blur","Glass Knife"],"picked":"Deadly Poison","floor":7},{"not_picked":["Heel Hook","Quick Slash","Dagger Spray"],"picked":"SKIP","floor":11},{"not_picked":["Dodge and Roll","Dagger Spray","PiercingWail"],"picked":"SKIP","floor":13},{"not_picked":["Flying Knee","Wraith Form v2+1","Dagger Throw"],"picked":"SKIP","floor":14},{"not_picked":["Wraith Form v2+1","Malaise"],"picked":"A Thousand Cuts+1","floor":16},{"not_picked":["Dagger Spray","Sucker Punch+1","Skewer"],"picked":"SKIP","floor":18},{"not_picked":["Blade Dance","Skewer"],"picked":"Outmaneuver","floor":19},{"not_picked":["PiercingWail","Blur"],"picked":"Caltrops+1","floor":20},{"not_picked":["Slice","Sucker Punch"],"picked":"Poisoned Stab","floor":21}],"player_experience":15779,"relics_obtained":[{"floor":7,"key":"Frozen Egg 2"},{"floor":9,"key":"Blood Vial"},{"floor":20,"key":"Red Mask"}],"event_choices":[{"cards_removed":["Strike_G"],"damage_healed":0,"gold_gain":0,"player_choice":"Card Removal","damage_taken":7,"max_hp_gain":0,"max_hp_loss":0,"event_name":"Golden Wing","floor":2,"gold_loss":0},{"damage_healed":0,"gold_gain":75,"player_choice":"Gather Gold","damage_taken":11,"max_hp_gain":0,"max_hp_loss":0,"event_name":"World of Goop","floor":3,"gold_loss":0},{"damage_healed":0,"gold_gain":0,"player_choice":"Donut","damage_taken":0,"max_hp_gain":5,"max_hp_loss":0,"event_name":"Big Fish","floor":5,"gold_loss":0},{"damage_healed":0,"gold_gain":0,"player_choice":"Fought Bandits","damage_taken":0,"max_hp_gain":0,"max_hp_loss":0,"event_name":"Masked Bandits","floor":20,"gold_loss":0},{"damage_healed":0,"gold_gain":0,"player_choice":"Opened","damage_taken":0,"relics_obtained":["MawBank"],"max_hp_gain":0,"max_hp_loss":0,"event_name":"The Mausoleum","floor":22,"gold_loss":0}],"is_beta":false,"boss_relics":[{"not_picked":["Cursed Key","Fusion Hammer"],"picked":"Ectoplasm"}],"items_purged_floors":[],"is_endless":false,"potions_floor_spawned":[7,16,19,20],"killed_by":"Book of Stabbing","ascension_level":0}}