{"host":"v3oldak69fx1zt0p","time":1612767884,"event":{"mods":["BaseMod","Downfall","Hermit","Minty Spire (QoL Compilation)","Quick Restart","StSLib","The Cursed","Waifu the Spire","noobMod"],"gold_per_floor":[114,114,129,144,144,144,182,143,143,481,500,200,238,238,238,363,363,382,401,1,1,20,20,20,20,70,89,89,89,108,127,127,252,252,271,271,70,89,108,146,165,203,203,241,16,16,16,16,16,16],"floor_reached":51,"language":"ENG","playtime":2038,"items_purged":[],"score":953,"play_id":"50582866-9fac-403b-acd4-f3b323d945fc","local_time":"20210208010444","daily_mods":["Heirloom","Green Cards","Elite Swarm"],"is_ascension_mode":false,"campfire_choices":[{"data":"Eruption","floor":6,"key":"SMITH"},{"data":"A Thousand Cuts","floor":15,"key":"SMITH"},{"data":"Envenom","floor":23,"key":"SMITH"},{"floor":25,"key":"REST"},{"floor":32,"key":"REST"},{"floor":46,"key":"REST"},{"data":"A Thousand Cuts","floor":49,"key":"SMITH"}],"circlet_count":0,"master_deck":["Strike_P+1","Strike_P+1","Strike_P+1","Defend_P+1","Defend_P+1","Defend_P+1","Defend_P+1","Eruption+1","Vigilance","SashWhip","Indignation+1","Footwork","A Thousand Cuts+1","MasterReality","Deflect+1","A Thousand Cuts+1","Envenom+1","A Thousand Cuts","Tantrum","Prostrate+1","FollowUp","Halt+1","Deflect+1","EmptyBody+1","Crescendo+1","Sucker Punch","Evaluate+1","InnerPeace+1","FlurryOfBlows+1","After Image","LikeWater+1","Flechettes","FearNoEvil","TalkToTheHand","WindmillStrike","WreathOfFlame+1","Judgement+1","CarveReality+1","Ragnarok","Vault+1","Violence+1"],"relics":["HolyWater","ice","Du-Vu Doll","Toxic Egg 2","Golden Idol","Pantograph","Bronze Scales","Old Coin","DollysMirror","Slimebound:StickyStick","MealTicket","Art of War","Darkstone Periapt","Nloth\u0027s Gift","Boot","expansioncontent:StudyCardRelic","Calipers","Ancient Tea Set","PreservedInsect","Juzu Bracelet","Vajra"],"acts_visited":["Exordium","TheCity","TheBeyond"],"potions_floor_usage":[7,7,22,30,31,38,38,42,50],"damage_taken":[{"damage":3,"enemies":"Small Slimes","floor":1,"turns":4},{"damage":0,"enemies":"2 Louse","floor":3,"turns":3},{"damage":1,"enemies":"Jaw Worm","floor":4,"turns":3},{"damage":29,"enemies":"3 Sentries","floor":7,"turns":11},{"damage":16,"enemies":"Gremlin Nob","floor":10,"turns":4},{"damage":32,"enemies":"Gremlin Gang","floor":11,"turns":4},{"damage":39,"enemies":"Lagavulin","floor":13,"turns":6},{"damage":60,"enemies":"Hexaghost","floor":16,"turns":5},{"damage":3,"enemies":"Chosen","floor":18,"turns":4},{"damage":10,"enemies":"3 Byrds","floor":19,"turns":3},{"damage":0,"enemies":"Centurion and Healer","floor":22,"turns":3},{"damage":0,"enemies":"Snake Plant","floor":27,"turns":2},{"damage":15,"enemies":"Snecko","floor":30,"turns":4},{"damage":0,"enemies":"Shelled Parasite and Fungi","floor":31,"turns":2},{"damage":0,"enemies":"Champ","floor":33,"turns":4},{"damage":0,"enemies":"3 Darklings","floor":35,"turns":2},{"damage":0,"enemies":"3 Shapes","floor":38,"turns":1},{"damage":13,"enemies":"Spire Growth","floor":39,"turns":3},{"damage":0,"enemies":"Nemesis","floor":40,"turns":3},{"damage":3,"enemies":"4 Shapes","floor":41,"turns":2},{"damage":24,"enemies":"Giant Head","floor":42,"turns":5},{"damage":0,"enemies":"Nemesis","floor":44,"turns":3},{"damage":42,"enemies":"Time Eater","floor":50,"turns":7}],"seed_played":"-2425098010432476902","potions_obtained":[{"floor":1,"key":"SpeedPotion"},{"floor":3,"key":"LiquidMemories"},{"floor":4,"key":"SpeedPotion"},{"floor":16,"key":"SpeedPotion"},{"floor":19,"key":"hexamod:SoulburnPotion"},{"floor":27,"key":"Swift Potion"},{"floor":30,"key":"AttackPotion"},{"floor":35,"key":"ColorlessPotion"},{"floor":38,"key":"Guardian:BlockOnCardUsePotion"},{"floor":39,"key":"FearPotion"}],"is_trial":false,"path_per_floor":["M","?","M","M","?","R","E","?","T","E","M","$","E","?","R","B",null,"M","M","$","?","M","R","?","R","T","M","?","?","M","M","R","B",null,"M","?","$","M","M","E","M","E","T","E","$","R","?","?","R","B",null],"character_chosen":"WATCHER","items_purchased":["DollysMirror","Slimebound:StickyStick","Darkstone Periapt","Orrery","FearNoEvil","TalkToTheHand","Explosive Potion","Vajra","DuplicationPotion"],"campfire_rested":3,"item_purchase_floors":[12,12,20,20,37,37,37,45,45],"current_hp_per_floor":[69,51,51,50,50,50,21,21,21,72,40,40,80,80,80,20,89,86,76,91,91,91,91,91,105,105,105,105,105,90,90,109,109,111,111,111,113,113,100,100,97,73,73,73,88,125,125,125,125,84],"gold":16,"neow_bonus":"","is_daily":true,"chose_seed":false,"campfire_upgraded":4,"win_rate":0.0,"timestamp":1612767884,"path_taken":["M","?","M","M","?","R","E","?","T","E","M","$","E","?","R","BOSS","M","M","$","?","?","R","?","R","T","M","?","?","M","?","R","BOSS","M","?","$","?","M","E","M","E","T","E","$","R","?","?","R","BOSS"],"items_purchased_type":["Relic","Relic","Relic","Relic","Card","Card","Potion","Relic","Potion"],"build_version":"2020-12-22","purchased_purges":0,"victory":true,"max_hp_per_floor":[72,72,72,72,72,72,72,72,72,72,78,78,80,80,80,89,89,92,103,103,103,105,105,105,105,105,105,105,105,107,109,109,111,111,113,113,113,113,115,118,121,123,123,126,126,126,126,126,126,136],"card_choices":[{"not_picked":["Eviscerate","Accuracy"],"picked":"SashWhip","floor":1},{"not_picked":["Quick Slash","Protect+1"],"picked":"Indignation+1","floor":3},{"not_picked":["JustLucky","Deflect+1"],"picked":"Footwork","floor":4},{"not_picked":["Venomology+1","ConjureBlade+1"],"picked":"A Thousand Cuts","floor":7},{"not_picked":["Doppelganger+1","Bullet Time+1"],"picked":"MasterReality","floor":10},{"not_picked":["Footwork","CutThroughFate"],"picked":"Deflect+1","floor":11},{"not_picked":["Devotion","Phantasmal Killer+1"],"picked":"Envenom","floor":13},{"not_picked":["Grand Finale","Doppelganger+1"],"picked":"A Thousand Cuts","floor":16},{"not_picked":["Underhanded Strike","Catalyst+1"],"picked":"Tantrum","floor":18},{"not_picked":["Crescendo+1","Deflect+1"],"picked":"Prostrate+1","floor":19},{"not_picked":["Grand Finale","JustLucky"],"picked":"FollowUp","floor":20},{"not_picked":["Wireheading","Malaise+1"],"picked":"Halt+1","floor":20},{"not_picked":["Dodge and Roll+1","Tactician+1"],"picked":"Deflect+1","floor":20},{"not_picked":["Tantrum","JustLucky"],"picked":"EmptyBody+1","floor":20},{"not_picked":["PathToVictory+1","Masterful Stab+1"],"picked":"Crescendo+1","floor":20},{"not_picked":["Collect+1","CutThroughFate+1"],"picked":"Sucker Punch","floor":22},{"not_picked":["Prepared+1","Meditate+1"],"picked":"Evaluate+1","floor":27},{"not_picked":["Dagger Throw+1","Bullet Time+1"],"picked":"InnerPeace+1","floor":30},{"not_picked":["SashWhip+1","Sucker Punch+1"],"picked":"FlurryOfBlows+1","floor":31},{"not_picked":["Burst+1","Wraith Form v2"],"picked":"After Image","floor":33},{"not_picked":["Setup+1","PathToVictory+1"],"picked":"LikeWater+1","floor":35},{"not_picked":["BowlingBash+1","Escape Plan+1"],"picked":"WindmillStrike","floor":38},{"not_picked":["Wireheading","BowlingBash"],"picked":"WreathOfFlame+1","floor":39},{"not_picked":["Wraith Form v2","After Image"],"picked":"Judgement+1","floor":40},{"not_picked":["BowlingBash+1","PathToVictory+1"],"picked":"CarveReality+1","floor":41},{"not_picked":["Grand Finale","Corpse Explosion+1"],"picked":"Ragnarok","floor":42},{"not_picked":["Phantasmal Killer+1","After Image"],"picked":"Vault+1","floor":44},{"not_picked":["Panacea+1","Master of Strategy+1"],"picked":"Violence+1","floor":47}],"player_experience":187409,"relics_obtained":[{"floor":7,"key":"Pantograph"},{"floor":9,"key":"Bronze Scales"},{"floor":10,"key":"Old Coin"},{"floor":13,"key":"MealTicket"},{"floor":26,"key":"Boot"},{"floor":40,"key":"Calipers"},{"floor":42,"key":"Ancient Tea Set"},{"floor":43,"key":"PreservedInsect"},{"floor":44,"key":"Juzu Bracelet"}],"event_choices":[{"damage_healed":0,"gold_gain":0,"player_choice":"Success","damage_taken":18,"relics_obtained":["Toxic Egg 2"],"max_hp_gain":0,"max_hp_loss":0,"event_name":"Scrap Ooze","floor":2,"gold_loss":0},{"damage_healed":0,"gold_gain":0,"player_choice":"Take Wound","damage_taken":0,"relics_obtained":["Golden Idol"],"max_hp_gain":0,"max_hp_loss":0,"event_name":"Golden Idol","floor":5,"gold_loss":0,"cards_obtained":["Injury"]},{"damage_healed":0,"gold_gain":0,"player_choice":"Left Gold","damage_taken":0,"max_hp_gain":0,"max_hp_loss":0,"event_name":"World of Goop","floor":8,"gold_loss":39},{"damage_healed":0,"gold_gain":0,"player_choice":"Box","damage_taken":0,"relics_obtained":["Art of War"],"max_hp_gain":0,"max_hp_loss":0,"event_name":"Big Fish","floor":14,"gold_loss":0,"cards_obtained":["Regret"]},{"damage_healed":0,"gold_gain":0,"player_choice":"Traded Relic","damage_taken":0,"relics_obtained":["Nloth\u0027s Gift"],"max_hp_gain":0,"max_hp_loss":0,"event_name":"N\u0027loth","floor":21,"relics_lost":["Orrery"],"gold_loss":0},{"damage_healed":0,"gold_gain":0,"player_choice":"Simplicity","damage_taken":0,"max_hp_gain":0,"max_hp_loss":0,"event_name":"Back to Basics","floor":24,"gold_loss":0,"cards_upgraded":["Strike_P","Strike_P","Strike_P","Strike_P","Defend_P","Defend_P","Defend_P","Defend_P"]},{"damage_healed":0,"gold_gain":0,"player_choice":"Ignored","damage_taken":0,"max_hp_gain":0,"max_hp_loss":0,"event_name":"Ghosts","floor":28,"gold_loss":0},{"cards_removed":["Regret","Injury"],"damage_healed":0,"gold_gain":0,"player_choice":"Removed Curses","damage_taken":0,"max_hp_gain":0,"max_hp_loss":0,"event_name":"Fountain of Cleansing","floor":29,"gold_loss":0},{"damage_healed":0,"gold_gain":0,"cards_transformed":["Strike_P"],"player_choice":"Transformed","damage_taken":0,"max_hp_gain":0,"max_hp_loss":0,"event_name":"Transmorgrifier","floor":36,"gold_loss":0,"cards_obtained":["Flechettes"]},{"damage_healed":0,"gold_gain":0,"player_choice":"Memory 1","damage_taken":0,"max_hp_gain":0,"max_hp_loss":0,"event_name":"SensoryStone","floor":47,"gold_loss":0},{"damage_healed":0,"gold_gain":0,"player_choice":"Ignored","damage_taken":0,"max_hp_gain":0,"max_hp_loss":0,"event_name":"The Moai Head","floor":48,"gold_loss":0}],"is_beta":false,"boss_relics":[{"not_picked":["Philosopher\u0027s Stone","SacredBark"],"picked":"HolyWater"},{"not_picked":["Busted Crown","Empty Cage"],"picked":"expansioncontent:StudyCardRelic"}],"items_purged_floors":[],"is_endless":false,"potions_floor_spawned":[1,3,4,16,19,27,30,35,38,39],"ascension_level":0}}