{"host":"tmk46lqetm74e6y6","time":1612799419,"event":{"mods":["100% Spire Juice","2.2 Compatiblity","Abigail Mod","AchievementEnabler","Act Like it!","BaseMod","Beaked The Cultist","Better Match","BetterRewards","CapriCore","ChefMod","Chen","Decade(â§è¨ñæ)","Friendly Minions","GifTheSpireLib","HololiveMod","KinomotoSakuraMod(ñÿîVñ{?)","KiyohimeÅiê¥?Åj","Koishi","KomeijiMod","Magitek Elite","MarisaÅiñ∂âJÅ@ñÇóùçπÅj","Minty Spire (QoL Compilation)","Onozuka Komachi Mod","Permanent Neow","Prisma Mod","Railgun Mod","Random Character Button","Reliquary","Remilia_Scarlet MoedÅiÂQïƒ‰ª?ÅEéz?óãì¡Åj3.3.5","SOSÅiézîb?îVéqÅj","Small Relic Pack","StSLib","SuperFastMode","The Administrix","The Alterego","The Animator","The Bladedancer","The Immortal","The Servant 0.9.4","The Wild Card","TheSwordswoman","Trackpad","Wide Potions","Yakumo Yukari mod","YoumuÅiç∞ÈÆódöÎÅj","Yuri Mod"],"gold_per_floor":[119,131,141,216,216,249,249,249,249,17,37,37,11,24,24,128,128,146,25,41,41,41,76,93,16,40,40,14,14,26,26,26],"floor_reached":31,"language":"ENG","playtime":2273,"items_purged":[],"score":353,"play_id":"5d2f43c5-3f72-4694-a231-f7f5ed6b61c4","local_time":"20210208235019","is_ascension_mode":false,"campfire_choices":[{"floor":8,"key":"REST"},{"floor":12,"key":"REST"},{"floor":15,"key":"REST"},{"floor":29,"key":"REST"}],"circlet_count":0,"master_deck":["SakuraCardTheWave+","ClowCardTheSword+1","ClowCardTheSword","ClowCardTheSword","ClowCardTheSword","ClowCardTheShield","ClowCardTheShield","ClowCardTheShield","ClowCardTheShield","SpellCardSeal","SpellCardRelease","ClowCardTheRain","ClowCardTheLittle","ClowCardTheDream","RemiliaMod:CWYW","ClowCardTheMaze","ClowCardTheTime","ClowCardThePower","ClowCardTheFirey","ClowCardTheSand","ClowCardTheChange","ClowCardTheDark","CurseOfTheBell","ClowCardTheBig","ClowCardTheDream","ClowCardTheErase","ClowCardTheMirror","ClowCardTheMirror","J.A.X.","ClowCardThePower+1","ClowCardTheFreeze","ClowCardTheErase","ClowCardTheIllusion","ClowCardTheShadow","ClowCardTheSweet+1"],"relics":["KSMOD_SealedBook","KSMOD_SealedWand","KSMOD_TomoyosHeart","relicPack:DSword","Ice Cream","Calling Bell","Nunchaku","Mercury Hourglass","Peace Pipe","InkBottle","reliquary:TatteredRug"],"acts_visited":["Exordium","TheCity"],"potions_floor_usage":[6,23,23,24,30],"damage_taken":[{"damage":0,"enemies":"Cultist","floor":1,"turns":3},{"damage":2,"enemies":"Small Slimes","floor":2,"turns":4},{"damage":0,"enemies":"2 Louse","floor":3,"turns":1},{"damage":13,"enemies":"3 Sentries","floor":6,"turns":7},{"damage":9,"enemies":"Looter","floor":11,"turns":4},{"damage":13,"enemies":"Lots of Slimes","floor":14,"turns":3},{"damage":0,"enemies":"Slime Boss","floor":16,"turns":8},{"damage":0,"enemies":"Spheric Guardian","floor":18,"turns":2},{"damage":10,"enemies":"3 Byrds","floor":20,"turns":4},{"damage":19,"enemies":"Book of Stabbing","floor":23,"turns":4},{"damage":27,"enemies":"Centurion and Healer","floor":24,"turns":6},{"damage":10,"enemies":"3 Cultists","floor":30,"turns":5},{"damage":30,"enemies":"Sentry and Sphere","floor":31,"turns":6}],"seed_played":"-9201198792449827308","potions_obtained":[{"floor":3,"key":"Fire Potion"},{"floor":6,"key":"BlessingOfTheForge"},{"floor":14,"key":"Block Potion"},{"floor":23,"key":"Ancient Potion"},{"floor":24,"key":"EssenceOfSteel"},{"floor":30,"key":"SteroidPotion"}],"is_trial":false,"path_per_floor":["M","M","M","?","?","E","?","R","T","$","M","R","$","M","R","B",null,"M","$","M","$","?","E","M","$","T","?","$","R","M","M"],"character_chosen":"KINOMOTOSAKURA","items_purchased":["ClowCardTheWave","ClowCardTheTime","ClowCardThePower","ClowCardTheSand","ClowCardTheDream","ClowCardTheErase","ClowCardTheMirror","ClowCardTheErase","ClowCardTheIllusion","ClowCardTheShadow"],"campfire_rested":4,"item_purchase_floors":[10,10,10,13,19,19,19,25,25,28],"current_hp_per_floor":[70,68,68,57,70,57,22,43,43,43,34,55,55,42,63,63,70,70,70,60,60,60,41,14,14,14,8,8,29,19,0,0],"gold":26,"neow_bonus":"UPGRADE_CARD","is_daily":false,"chose_seed":false,"campfire_upgraded":0,"win_rate":0.0,"timestamp":1612799419,"path_taken":["M","?","M","?","?","E","?","R","T","$","M","R","?","M","R","BOSS","M","?","?","?","?","E","M","?","T","?","$","R","?","M"],"items_purchased_type":["Card","Card","Card","Card","Card","Card","Card","Card","Card","Card"],"build_version":"2020-12-22","purchased_purges":0,"victory":false,"max_hp_per_floor":[70,70,70,70,70,70,70,70,70,70,70,70,70,70,70,70,70,70,70,70,70,70,70,70,70,70,70,70,70,70,70,70],"card_choices":[{"not_picked":["ClowCardTheMist","ClowCardTheChange"],"picked":"ClowCardTheRain","floor":1},{"not_picked":["ClowCardTheMirror","ClowCardTheDream"],"picked":"ClowCardTheLittle","floor":2},{"not_picked":["ClowCardTheSweet","ClowCardTheCloud"],"picked":"ClowCardTheDream","floor":3},{"not_picked":["ClowCardTheWood","ClowCardTheVoice"],"picked":"ClowCardTheMaze","floor":6},{"not_picked":["ClowCardTheMirror","ClowCardTheFight"],"picked":"ClowCardTheFirey","floor":11},{"not_picked":["ClowCardTheWave","ClowCardTheLibra"],"picked":"ClowCardTheChange","floor":14},{"not_picked":["ClowCardTheDash","ClowCardTheThrough"],"picked":"ClowCardTheDark","floor":16},{"not_picked":["ClowCardTheSand","ClowCardTheLibra"],"picked":"ClowCardTheBig","floor":18},{"not_picked":["ClowCardTheCloud","ClowCardThePower"],"picked":"ClowCardTheMirror","floor":20},{"not_picked":["ClowCardTheIllusion","ClowCardTheMaze"],"picked":"ClowCardThePower+1","floor":23},{"not_picked":["ClowCardTheLittle+1","ClowCardTheMirror"],"picked":"ClowCardTheFreeze","floor":24},{"not_picked":["ClowCardTheErase","ClowCardTheWood"],"picked":"ClowCardTheSweet+1","floor":30}],"player_experience":80107,"relics_obtained":[{"floor":6,"key":"KSMOD_TomoyosHeart"},{"floor":9,"key":"Ice Cream"},{"floor":17,"key":"Nunchaku"},{"floor":17,"key":"Mercury Hourglass"},{"floor":17,"key":"Peace Pipe"},{"floor":23,"key":"InkBottle"},{"floor":26,"key":"reliquary:TatteredRug"}],"event_choices":[{"damage_healed":0,"gold_gain":75,"player_choice":"Gather Gold","damage_taken":11,"max_hp_gain":0,"max_hp_loss":0,"event_name":"World of Goop","floor":4,"gold_loss":0},{"damage_healed":23,"gold_gain":0,"player_choice":"CWYW","damage_taken":0,"max_hp_gain":0,"max_hp_loss":0,"event_name":"Remilia_CDSJ09","floor":5,"gold_loss":0},{"damage_healed":0,"gold_gain":0,"player_choice":"Obtain J.A.X.","damage_taken":0,"max_hp_gain":0,"max_hp_loss":0,"event_name":"Drug Dealer","floor":22,"gold_loss":0,"cards_obtained":["J.A.X."]},{"damage_healed":0,"gold_gain":0,"player_choice":"","damage_taken":6,"max_hp_gain":0,"max_hp_loss":0,"event_name":"Knowing Skull","floor":27,"potions_obtained":[],"gold_loss":0,"cards_obtained":[]}],"is_beta":false,"boss_relics":[{"not_picked":["relicPack:ShieldShield","Cursed Key"],"picked":"Calling Bell"}],"items_purged_floors":[],"is_endless":false,"potions_floor_spawned":[3,6,14,23,24,30],"killed_by":"Sentry and Sphere","ascension_level":0}}