{"host":"q8mjpf3krl0t4p3x","time":1612772609,"event":{"mods":["BaseMod","Colored Map","Colored Powertips","Googly Eyes","Minty Spire (QoL Compilation)","Quick Restart","StSLib","everything is the same but u backflip on backflip","slay the spire mod where everything is the same but ironclad has a cowboy hat"],"gold_per_floor":[110,126,201,276,276,305,305,317,341,353,381,123,123,156,156,253,253,270,20,20,40,40,40,40,40,40,54,154,154,184,201,201,296,296,308,308,3,13,26,58,76,110,156,156,179,179,179,190,190,190],"floor_reached":51,"language":"ENG","playtime":2056,"items_purged":["Strike_R","Strike_R"],"score":1230,"play_id":"0e39b5ea-09e4-447a-822f-35c85be1150b","local_time":"20210208002329","is_ascension_mode":true,"campfire_choices":[{"floor":7.0,"key":"REST"},{"floor":10,"key":"REST"},{"data":"Iron Wave","floor":13,"key":"SMITH"},{"data":"Strike_R","floor":15,"key":"SMITH"},{"floor":23,"key":"REST"},{"data":"Shrug It Off","floor":25,"key":"SMITH"},{"data":"Defend_R","floor":29,"key":"SMITH"},{"data":"Defend_R","floor":32,"key":"SMITH"},{"floor":44,"key":"REST"},{"data":"Double Tap","floor":46,"key":"SMITH"},{"floor":49,"key":"REST"}],"circlet_count":0,"master_deck":["AscendersBane","Strike_R+1","Strike_R+1","Strike_R+1","Defend_R+1","Defend_R","Defend_R+1","Defend_R+1","Bash+1","Iron Wave+1","Anger+1","Clothesline+1","Hemokinesis+1","Headbutt+1","Pommel Strike+1","Feed+1","Shrug It Off+1","Flex+1","Immolate+1","Double Tap+1","Immolate+1"],"relics":["Burning Blood","Molten Egg 2","Torii","MawBank","Regal Pillow","Champion Belt","Velvet Choker","Brimstone","Enchiridion","Self Forming Clay","CaptainsWheel","Question Card","Blood Vial","Runic Cube","Whetstone","Red Skull","Orichalcum","Pen Nib","Bag of Marbles"],"acts_visited":["Exordium","TheCity","TheBeyond"],"potions_floor_usage":[28,33,33,50,50],"damage_taken":[{"damage":10.0,"enemies":"Cultist","floor":1.0,"turns":5.0},{"damage":12.0,"enemies":"2 Louse","floor":2.0,"turns":3.0},{"damage":51.0,"enemies":"Lagavulin","floor":6.0,"turns":8.0},{"damage":1.0,"enemies":"Jaw Worm","floor":8.0,"turns":3.0},{"damage":1,"enemies":"Large Slime","floor":11,"turns":6},{"damage":9,"enemies":"3 Sentries","floor":14,"turns":8},{"damage":28,"enemies":"The Guardian","floor":16,"turns":12},{"damage":6,"enemies":"Shell Parasite","floor":18,"turns":5},{"damage":0,"enemies":"Spheric Guardian","floor":21,"turns":2},{"damage":5,"enemies":"3 Cultists","floor":27,"turns":3},{"damage":13,"enemies":"Colosseum Slavers","floor":28,"turns":3},{"damage":2,"enemies":"Colosseum Nobs","floor":28,"turns":4},{"damage":21,"enemies":"Book of Stabbing","floor":30,"turns":4},{"damage":17,"enemies":"Centurion and Healer","floor":31,"turns":4},{"damage":42,"enemies":"Automaton","floor":33,"turns":7},{"damage":13,"enemies":"3 Shapes","floor":35,"turns":2},{"damage":30,"enemies":"3 Darklings","floor":38,"turns":3},{"damage":3,"enemies":"Jaw Worm Horde","floor":39,"turns":3},{"damage":42,"enemies":"Nemesis","floor":40,"turns":5},{"damage":22,"enemies":"Spire Growth","floor":41,"turns":3},{"damage":27,"enemies":"Giant Head","floor":42,"turns":6},{"damage":0,"enemies":"Sphere and 2 Shapes","floor":48,"turns":1},{"damage":99,"enemies":"Awakened One","floor":50,"turns":7}],"seed_played":"2198269142267586092","potions_obtained":[{"floor":1.0,"key":"ElixirPotion"},{"floor":2.0,"key":"SkillPotion"},{"floor":16,"key":"PowerPotion"},{"floor":30,"key":"Block Potion"},{"floor":35,"key":"GamblersBrew"},{"floor":40,"key":"Strength Potion"}],"is_trial":false,"path_per_floor":["M","M","?","T","?","E","R","M","T","R","M","$","R","E","R","B",null,"M","$","?","M","?","R","$","R","T","M","?","R","E","M","R","B",null,"M","?","$","M","M","E","M","E","T","R","T","R","?","M","R","B",null],"character_chosen":"IRONCLAD","items_purchased":["Regal Pillow","Headbutt+1","Brimstone","Strength Potion","Shrug It Off","Whetstone","BloodPotion"],"campfire_rested":5,"item_purchase_floors":[12,12,19,19,19,37,37],"current_hp_per_floor":[76,70,59,59,59,14,40,45,45,71,76,76,76,73,73,51,79,83,83,67,77,58,101,101,101,101,105,110,110,99,94,94,64,110,109,109,109,87,96,62,52,33,33,89,89,89,89,97,137,76],"gold":190,"neow_bonus":"TEN_PERCENT_HP_BONUS","is_daily":false,"chose_seed":false,"campfire_upgraded":6,"win_rate":0.0,"timestamp":1612772609,"path_taken":["M","?","?","?","?","E","R","M","T","R","M","$","R","E","R","BOSS","M","$","?","M","?","R","$","R","T","M","?","R","E","M","R","BOSS","M","?","$","M","M","E","?","E","T","R","?","R","?","M","R","BOSS"],"items_purchased_type":["Relic","Card","Relic","Potion","Card","Relic","Potion"],"build_version":"2020-12-22","purchased_purges":2,"victory":true,"max_hp_per_floor":[88,88,88,88,88,88,88,88,88,88,88,88,88,88,88,88,88,92,92,92,96,101,101,101,101,101,105,113,113,117,121,121,125,125,129,129,129,129,133,133,137,137,137,137,137,137,137,137,137,141],"card_choices":[{"not_picked":["Evolve","Iron Wave","Combust"],"picked":"SKIP","floor":1.0},{"not_picked":["Clash","Havoc"],"picked":"Iron Wave","floor":2.0},{"not_picked":["Disarm","Shrug It Off"],"picked":"Anger+1","floor":6.0},{"not_picked":["Ghostly Armor","Power Through"],"picked":"Clothesline+1","floor":8},{"not_picked":["Headbutt+1","Thunderclap+1"],"picked":"Hemokinesis+1","floor":11},{"not_picked":["Anger+1","Hemokinesis+1"],"picked":"Pommel Strike+1","floor":14},{"not_picked":["Corruption","Barricade"],"picked":"Feed+1","floor":16},{"not_picked":["Combust","Armaments","Thunderclap+1"],"picked":"SKIP","floor":18},{"not_picked":["Flex","Pommel Strike+1","Infernal Blade"],"picked":"SKIP","floor":21},{"not_picked":["Anger+1","Spot Weakness","Intimidate"],"picked":"SKIP","floor":27},{"not_picked":["Shrug It Off","Perfected Strike+1"],"picked":"Flex+1","floor":28},{"not_picked":["Bloodletting+1","Body Slam+1","Anger+1","Rupture+1"],"picked":"SKIP","floor":30},{"not_picked":["Sever Soul+1","Berserk","Perfected Strike+1","Armaments"],"picked":"SKIP","floor":31},{"not_picked":["Brutality","Corruption","Berserk"],"picked":"Immolate+1","floor":33},{"not_picked":["Thunderclap+1","Warcry","True Grit+1","Clothesline+1"],"picked":"SKIP","floor":35},{"not_picked":["Shrug It Off","Twin Strike+1","Heavy Blade+1","Body Slam+1"],"picked":"SKIP","floor":38},{"not_picked":["Pommel Strike+1","Seeing Red+1","Iron Wave+1","Shockwave"],"picked":"SKIP","floor":39},{"not_picked":["Body Slam+1","Shrug It Off+1","True Grit","Corruption"],"picked":"SKIP","floor":40},{"not_picked":["Bloodletting","Warcry","Twin Strike+1","Havoc"],"picked":"SKIP","floor":41},{"not_picked":["Iron Wave+1","Heavy Blade+1","Body Slam+1"],"picked":"Double Tap","floor":42},{"not_picked":["Headbutt+1","Wild Strike+1","Power Through","Sword Boomerang+1"],"picked":"SKIP","floor":48}],"player_experience":337560,"relics_obtained":[{"floor":4.0,"key":"Molten Egg 2"},{"floor":6.0,"key":"Torii"},{"floor":9,"key":"MawBank"},{"floor":14,"key":"Champion Belt"},{"floor":20,"key":"Enchiridion"},{"floor":26,"key":"Self Forming Clay"},{"floor":28,"key":"CaptainsWheel"},{"floor":28,"key":"Question Card"},{"floor":30,"key":"Blood Vial"},{"floor":40,"key":"Red Skull"},{"floor":42,"key":"Orichalcum"},{"floor":43,"key":"Pen Nib"},{"floor":45,"key":"Bag of Marbles"}],"event_choices":[{"damage_healed":0.0,"max_hp_gain":0.0,"max_hp_loss":0.0,"gold_gain":75.0,"event_name":"World of Goop","player_choice":"Gather Gold","floor":3.0,"gold_loss":0.0,"damage_taken":11.0},{"damage_healed":0.0,"max_hp_gain":0.0,"max_hp_loss":0.0,"gold_gain":0.0,"event_name":"Living Wall","player_choice":"Grow","floor":5.0,"gold_loss":0.0,"damage_taken":0.0,"cards_upgraded":["Bash"]},{"damage_healed":0,"gold_gain":0,"player_choice":"Obtained Book","damage_taken":16,"max_hp_gain":0,"max_hp_loss":0,"event_name":"Cursed Tome","floor":20,"gold_loss":0},{"damage_healed":0,"gold_gain":0,"player_choice":"Shed Blood","damage_taken":24,"max_hp_gain":5,"max_hp_loss":0,"event_name":"Forgotten Altar","floor":22,"gold_loss":0},{"damage_healed":0,"gold_gain":0,"player_choice":"Fight","damage_taken":0,"max_hp_gain":0,"max_hp_loss":0,"event_name":"Colosseum","floor":28,"gold_loss":0},{"damage_healed":0,"gold_gain":0,"player_choice":"Fought Nobs","damage_taken":0,"max_hp_gain":0,"max_hp_loss":0,"event_name":"Colosseum","floor":28,"gold_loss":0},{"damage_healed":0,"gold_gain":0,"player_choice":"Upgraded","damage_taken":0,"max_hp_gain":0,"max_hp_loss":0,"event_name":"Upgrade Shrine","floor":36,"gold_loss":0,"cards_upgraded":["Defend_R"]},{"damage_healed":0,"gold_gain":0,"player_choice":"Copied","damage_taken":0,"max_hp_gain":0,"max_hp_loss":0,"event_name":"Duplicator","floor":47,"gold_loss":0,"cards_obtained":["Immolate"]}],"is_beta":false,"boss_relics":[{"not_picked":["Tiny House","Philosopher\u0027s Stone"],"picked":"Velvet Choker"},{"not_picked":["Cursed Key","Coffee Dripper"],"picked":"Runic Cube"}],"items_purged_floors":[12,37],"is_endless":false,"potions_floor_spawned":[1,2,16,21,30,35,40,42,48],"ascension_level":12}}