{"host":"seujf6kmfn3ctpoe","time":1612821903,"event":{"mods":["BaseMod","Colored Map","Minty Spire (QoL Compilation)","Permanent Neow","Relic Sorter","Relic Stats","StSLib"],"gold_per_floor":[117,19,30,42,61,96,96,122,122,134,59,59,88,104,104,206,206,221,233,249,276,376,404,404,435,435,435,451,467,482,512,512,616,616,629,41,57,72,85,85,110,110,160,177,205,205,215,244,244,244],"floor_reached":51,"language":"ENG","playtime":1692,"items_purged":["Sucker Punch","Deflect"],"score":1253,"play_id":"82634f2a-4d5a-4d16-9069-abc990b4b4b3","local_time":"20210208230503","daily_mods":["SealedDeck"],"is_ascension_mode":true,"campfire_choices":[{"data":"Blade Dance","floor":7,"key":"SMITH"},{"data":"Blade Dance","floor":15,"key":"SMITH"},{"data":"Cloak And Dagger","floor":24,"key":"SMITH"},{"data":"Accuracy","floor":27,"key":"SMITH"},{"floor":32,"key":"REST"},{"data":"Panache","floor":40,"key":"SMITH"},{"data":"Accuracy","floor":42,"key":"SMITH"},{"data":"Terror","floor":46,"key":"SMITH"},{"floor":49,"key":"REST"}],"circlet_count":0,"master_deck":["Terror+1","Calculated Gamble","Backflip","Finisher","Accuracy+1","Blade Dance+1","Cloak And Dagger+1","Blade Dance+1","Accuracy+1","Blade Dance+1","Blur+1","Cloak And Dagger+1","Panache+1","Adrenaline"],"relics":["Ring of the Snake","InkBottle","Blue Candle","War Paint","Runic Dome","Red Mask","StrikeDummy","Dream Catcher","PreservedInsect","Boot","Philosopher\u0027s Stone","Vajra","Oddly Smooth Stone","Ancient Tea Set","Pen Nib","Bird Faced Urn"],"acts_visited":["Exordium","TheCity","TheBeyond"],"potions_floor_usage":[50,50,50,50,50,50,50],"damage_taken":[{"damage":0,"enemies":"Cultist","floor":1,"turns":2},{"damage":0,"enemies":"2 Louse","floor":3,"turns":2},{"damage":0,"enemies":"Jaw Worm","floor":4,"turns":2},{"damage":1,"enemies":"Gremlin Gang","floor":5,"turns":4},{"damage":0,"enemies":"Gremlin Nob","floor":6,"turns":2},{"damage":3,"enemies":"3 Sentries","floor":8,"turns":2},{"damage":0,"enemies":"Looter","floor":10,"turns":1},{"damage":0,"enemies":"Lagavulin","floor":13,"turns":2},{"damage":0,"enemies":"Large Slime","floor":14,"turns":2},{"damage":0,"enemies":"Slime Boss","floor":16,"turns":2},{"damage":0,"enemies":"2 Thieves","floor":18,"turns":1},{"damage":0,"enemies":"3 Byrds","floor":19,"turns":2},{"damage":0,"enemies":"Centurion and Healer","floor":20,"turns":2},{"damage":0,"enemies":"Masked Bandits","floor":21,"turns":2},{"damage":0,"enemies":"Book of Stabbing","floor":23,"turns":2},{"damage":10,"enemies":"Slavers","floor":25,"turns":2},{"damage":3,"enemies":"Snecko","floor":28,"turns":3},{"damage":0,"enemies":"Chosen and Byrds","floor":29,"turns":2},{"damage":4,"enemies":"Snake Plant","floor":30,"turns":2},{"damage":2,"enemies":"Book of Stabbing","floor":31,"turns":2},{"damage":0,"enemies":"Collector","floor":33,"turns":3},{"damage":17,"enemies":"3 Shapes","floor":35,"turns":1},{"damage":0,"enemies":"Orb Walker","floor":37,"turns":1},{"damage":0,"enemies":"Jaw Worm Horde","floor":38,"turns":1},{"damage":0,"enemies":"Transient","floor":39,"turns":4},{"damage":0,"enemies":"Nemesis","floor":41,"turns":1},{"damage":0,"enemies":"3 Darklings","floor":44,"turns":1},{"damage":0,"enemies":"Giant Head","floor":45,"turns":1},{"damage":0,"enemies":"4 Shapes","floor":47,"turns":1},{"damage":0,"enemies":"Nemesis","floor":48,"turns":1},{"damage":0,"enemies":"Awakened One","floor":50,"turns":2}],"seed_played":"-3195637287349992425","potions_obtained":[{"floor":4,"key":"SpeedPotion"},{"floor":6,"key":"Explosive Potion"},{"floor":8,"key":"SteroidPotion"},{"floor":13,"key":"EssenceOfSteel"},{"floor":19,"key":"EntropicBrew"},{"floor":25,"key":"Block Potion"},{"floor":37,"key":"DuplicationPotion"}],"is_trial":true,"path_per_floor":["M","$","M","M","M","E","R","E","T","M","$","?","E","M","R","B",null,"M","M","M","?","?","E","R","E","T","R","M","M","M","E","R","B",null,"M","$","M","M","M","R","E","R","T","M","E","R","M","E","R","B",null],"character_chosen":"THE_SILENT","items_purchased":["Accuracy","Blade Dance","Vajra","Panache","Adrenaline"],"campfire_rested":2,"item_purchase_floors":[2,2,36,36,36],"current_hp_per_floor":[70,70,70,70,69,69,69,66,66,66,66,70,70,70,70,70,70,70,70,70,70,70,70,70,60,60,60,57,57,53,51,70,70,70,53,53,53,53,53,53,53,53,53,53,53,53,53,53,70,70],"gold":244,"neow_bonus":"","is_daily":false,"chose_seed":false,"campfire_upgraded":7,"win_rate":0.0,"timestamp":1612821903,"path_taken":["M","?","M","M","M","E","R","E","T","M","$","?","E","?","R","BOSS","M","M","?","?","?","E","R","E","T","R","?","M","M","E","R","BOSS","M","$","M","M","M","R","E","R","T","M","E","R","M","E","R","BOSS"],"items_purchased_type":["Card","Card","Relic","Card","Card"],"build_version":"2020-12-22","purchased_purges":2,"victory":true,"max_hp_per_floor":[70,70,70,70,70,70,70,70,70,70,70,70,70,70,70,70,70,70,70,70,70,70,70,70,70,70,70,70,70,70,70,70,70,70,70,70,70,70,70,70,70,70,70,70,70,70,70,70,70,70],"relic_stats":{"Dream Catcher":2,"counters":[31,58],"Blue Candle":[0],"Bird Faced Urn":[0],"PreservedInsect":260,"Pen Nib":[4],"War Paint":["Blur","Blade Dance"],"Boot":[2],"obtain_stats":[{"Blue Candle":9,"Vajra":36,"Oddly Smooth Stone":41,"PreservedInsect":26,"Pen Nib":45,"War Paint":13,"Boot":31,"Ancient Tea Set":43,"Runic Dome":17,"Dream Catcher":25,"Bird Faced Urn":48,"Philosopher\u0027s Stone":34,"Red Mask":21,"StrikeDummy":23,"InkBottle":6,"Ring of the Snake":0},{"Blue Candle":6,"Vajra":22,"Oddly Smooth Stone":26,"PreservedInsect":16,"Pen Nib":28,"War Paint":8,"Boot":20,"Ancient Tea Set":26,"Runic Dome":10,"Dream Catcher":16,"Bird Faced Urn":30,"Philosopher\u0027s Stone":21,"Red Mask":14,"StrikeDummy":15,"InkBottle":5,"Ring of the Snake":0},{"Blue Candle":14,"Vajra":45,"Oddly Smooth Stone":52,"PreservedInsect":32,"Pen Nib":54,"War Paint":17,"Boot":41,"Ancient Tea Set":52,"Runic Dome":21,"Dream Catcher":32,"Bird Faced Urn":56,"Philosopher\u0027s Stone":44,"Red Mask":28,"StrikeDummy":30,"InkBottle":12,"Ring of the Snake":0}],"InkBottle":[49],"Ring of the Snake":[62]},"card_choices":[{"not_picked":["Heel Hook","Poisoned Stab","Outmaneuver"],"picked":"SKIP","floor":1},{"not_picked":["Flying Knee","Flechettes","Catalyst"],"picked":"SKIP","floor":3},{"not_picked":["Poisoned Stab","Dagger Spray","Blade Dance"],"picked":"SKIP","floor":4},{"not_picked":["Deadly Poison","Flying Knee","Backstab"],"picked":"SKIP","floor":5},{"not_picked":["Slice","Envenom","All Out Attack"],"picked":"SKIP","floor":6},{"not_picked":["Bouncing Flask","PiercingWail"],"picked":"Deflect","floor":8},{"not_picked":["Tactician","Dodge and Roll"],"picked":"Blur","floor":10},{"not_picked":["All Out Attack","Unload","Heel Hook"],"picked":"SKIP","floor":13},{"not_picked":["Dodge and Roll","Dagger Spray","Slice"],"picked":"SKIP","floor":14},{"not_picked":["Underhanded Strike","Flying Knee","Heel Hook+1"],"picked":"SKIP","floor":18},{"not_picked":["Well Laid Plans","Flying Knee","Outmaneuver"],"picked":"SKIP","floor":19},{"not_picked":["Venomology","Heel Hook+1","Prepared+1"],"picked":"SKIP","floor":20},{"not_picked":["Slice","Quick Slash+1"],"picked":"Cloak And Dagger+1","floor":21},{"not_picked":["Terror+1","Choke","Backflip"],"picked":"SKIP","floor":23},{"not_picked":["Catalyst","Wraith Form v2","Blade Dance"],"picked":"SKIP","floor":25},{"not_picked":["Dagger Throw+1","Cloak And Dagger","Dagger Spray"],"picked":"SKIP","floor":28},{"not_picked":["Catalyst","Deflect","Blade Dance"],"picked":"SKIP","floor":29},{"not_picked":["Dodge and Roll+1","Outmaneuver+1","Cloak And Dagger+1"],"picked":"SKIP","floor":30},{"not_picked":["Underhanded Strike+1","Dodge and Roll+1","Skewer"],"picked":"SKIP","floor":31},{"not_picked":["Slice+1","Dagger Spray","Outmaneuver+1"],"picked":"SKIP","floor":35},{"not_picked":["Bane","Sucker Punch","Caltrops"],"picked":"SKIP","floor":37},{"not_picked":["Quick Slash","Blade Dance+1","Reflex"],"picked":"SKIP","floor":38},{"not_picked":["Masterful Stab+1","Flying Knee","Endless Agony+1"],"picked":"SKIP","floor":39},{"not_picked":["Distraction+1","Burst","Dagger Spray"],"picked":"SKIP","floor":41},{"not_picked":["PiercingWail","Slice","Predator+1"],"picked":"SKIP","floor":44},{"not_picked":["Well Laid Plans","Acrobatics","Masterful Stab+1"],"picked":"SKIP","floor":45},{"not_picked":["Cloak And Dagger","Bane+1","Acrobatics+1"],"picked":"SKIP","floor":47},{"not_picked":["Caltrops+1","Infinite Blades+1","Slice+1"],"picked":"SKIP","floor":48},{"not_picked":["Caltrops+1","Infinite Blades+1","Slice+1"],"picked":"SKIP","floor":48}],"player_experience":430581,"relics_obtained":[{"floor":6,"key":"InkBottle"},{"floor":9,"key":"Blue Candle"},{"floor":13,"key":"War Paint"},{"floor":21,"key":"Red Mask"},{"floor":23,"key":"StrikeDummy"},{"floor":25,"key":"Dream Catcher"},{"floor":26,"key":"PreservedInsect"},{"floor":31,"key":"Boot"},{"floor":41,"key":"Oddly Smooth Stone"},{"floor":43,"key":"Ancient Tea Set"},{"floor":45,"key":"Pen Nib"},{"floor":48,"key":"Bird Faced Urn"}],"event_choices":[{"cards_removed":["Choke"],"damage_healed":4,"gold_gain":0,"player_choice":"Offered Uncommon","damage_taken":0,"max_hp_gain":0,"max_hp_loss":0,"event_name":"Bonfire Elementals","floor":12,"gold_loss":0},{"damage_healed":0,"gold_gain":0,"player_choice":"Fought Bandits","damage_taken":0,"max_hp_gain":0,"max_hp_loss":0,"event_name":"Masked Bandits","floor":21,"gold_loss":0},{"damage_healed":0,"gold_gain":100,"player_choice":"Pray","damage_taken":0,"max_hp_gain":0,"max_hp_loss":0,"event_name":"Golden Shrine","floor":22,"gold_loss":0}],"is_beta":false,"boss_relics":[{"not_picked":["Ectoplasm","Fusion Hammer"],"picked":"Runic Dome"},{"not_picked":["Ring of the Serpent","Velvet Choker"],"picked":"Philosopher\u0027s Stone"}],"items_purged_floors":[11,36],"is_endless":false,"potions_floor_spawned":[4,6,8,13,19,23,25,29,37,45,47,48],"ascension_level":1}}