{"host":"nia1zwr35jsu5y7h","time":1612792807,"event":{"mods":["2.2 Compatiblity","Abigail Mod","Bard","BaseMod","Colored Map","Conspire","Downfall","Friendly Minions","Hermit","Highlight Path","Hubris","Infinite Spire","Kiyohime????","Koishi","Marisa????????","Minty Spire (QoL Compilation)","Quick Restart","Replay The Spire","Shade Mod","Shop Mod","StSLib","The Administrix","The Animator","The Construct","The Cursed","The Disciple","The Mystic","The Necromancer","The Servant 0.9.4"],"gold_per_floor":[13,13,13,30,48,48,79,79,153,187,337,49,49,63,63,63,63],"floor_reached":16,"language":"ENG","playtime":492,"items_purged":["Doubt"],"score":216,"play_id":"1ac6df40-4be7-4318-a61c-1c5e943d2dc0","local_time":"20210208060007","is_ascension_mode":true,"campfire_choices":[{"data":"infinitespire:Punishment","floor":6,"key":"SMITH"},{"floor":8,"key":"REST"},{"data":"Apotheosis","floor":15,"key":"SMITH"}],"circlet_count":0,"master_deck":["AscendersBane","mysticmod:Strike_Mystic","mysticmod:Strike_Mystic","mysticmod:Strike_Mystic","mysticmod:Defend_Mystic","mysticmod:Defend_Mystic","mysticmod:Defend_Mystic","mysticmod:ArcaneDodge","mysticmod:ShockingGrasp","mysticmod:Flourish","infinitespire:Punishment+1","mysticmod:AllIn","mysticmod:Fly","mysticmod:TomeOfSpells","mysticmod:FloatingDisk","Apotheosis+1","mysticmod:MagicMissile","mysticmod:TomeOfSpells"],"relics":["mysticmod:SpellBook","conspire:TopHat","Kunai","Boot"],"acts_visited":["Exordium"],"potions_floor_usage":[16],"damage_taken":[{"damage":3,"enemies":"Jaw Worm","floor":1,"turns":4},{"damage":0,"enemies":"2 Louse","floor":4,"turns":2},{"damage":10,"enemies":"Small Slimes","floor":5,"turns":2},{"damage":32,"enemies":"Gremlin Nob","floor":7,"turns":4},{"damage":10,"enemies":"3 Sentries","floor":10,"turns":4},{"damage":3,"enemies":"Blue Slaver","floor":14,"turns":2},{"damage":19,"enemies":"Fading Forest","floor":16,"turns":6}],"seed_played":"4839561956223627227","potions_obtained":[{"floor":1,"key":"Dexterity Potion"},{"floor":7,"key":"SteroidPotion"}],"is_trial":false,"path_per_floor":["M","?","?","M","M","R","E","R","T","E","?","$","?","M","R","B"],"character_chosen":"MYSTIC_CLASS","items_purchased":["Apotheosis"],"campfire_rested":1,"item_purchase_floors":[12],"current_hp_per_floor":[62,44,44,44,34,34,2,23,23,13,13,13,13,10,10,0,0],"gold":63,"neow_bonus":"REMOVE_TWO","is_daily":false,"chose_seed":false,"campfire_upgraded":2,"win_rate":0.0,"timestamp":1612792807,"path_taken":["M","?","?","?","M","R","E","R","T","E","?","$","?","M","R","BOSS"],"items_purchased_type":["Card"],"build_version":"2020-12-22","purchased_purges":1,"victory":false,"max_hp_per_floor":[72,72,72,72,72,72,72,72,72,72,72,72,72,72,72,72,72],"card_choices":[{"not_picked":["mysticmod:IllusionOfCalm","mysticmod:SuddenClarity"],"picked":"mysticmod:Flourish","floor":1},{"not_picked":["infinitespire:SealOfDarkness+","ReplayTheSpireMod:Haul"],"picked":"infinitespire:Punishment","floor":2},{"not_picked":["mysticmod:MirrorStrike","mysticmod:Daze"],"picked":"mysticmod:AllIn","floor":4},{"not_picked":["mysticmod:RapidCaster","mysticmod:Grease"],"picked":"mysticmod:Fly","floor":5},{"not_picked":["mysticmod:StyleChange","mysticmod:CorrosiveTouch"],"picked":"mysticmod:TomeOfSpells","floor":7},{"not_picked":["mysticmod:Flurry","mysticmod:Disengage"],"picked":"mysticmod:FloatingDisk","floor":10},{"not_picked":["mysticmod:Riposte","mysticmod:MirrorStrike"],"picked":"mysticmod:TomeOfSpells","floor":14}],"player_experience":2326646,"relics_obtained":[{"floor":7,"key":"conspire:TopHat"},{"floor":9,"key":"Kunai"},{"floor":10,"key":"Boot"}],"event_choices":[{"damage_healed":0,"gold_gain":0,"player_choice":"Ignored","damage_taken":0,"max_hp_gain":0,"max_hp_loss":0,"event_name":"Shining Light","floor":3,"gold_loss":0},{"damage_healed":0,"gold_gain":150,"player_choice":"AGREE","damage_taken":0,"max_hp_gain":0,"max_hp_loss":0,"event_name":"Liars Game","floor":11,"gold_loss":0,"cards_obtained":["Doubt"]}],"is_beta":false,"boss_relics":[],"items_purged_floors":[12],"is_endless":false,"potions_floor_spawned":[1,7,10],"killed_by":"Fading Forest","ascension_level":20}}