{"host":"aunmuzt9j70r7vun","time":1612743297,"event":{"mods":["BaseMod","Better Altar","Better Third Choice","BetterRewards","Clockwork Mod","Curses Come First","Downfall","Infinite Spire","LagranYue(???·?)","Mad Scientist","Marisa????????","Minty Spire (QoL Compilation)","Rare Cards Sparkle","Relic Sorter","Replay The Spire","Say the Spire","Shop Mod","Spicy Shops","StSLib","The Cursed","The Disciple","The Edgeheg","The Mystic","The Servant 0.9.4"],"gold_per_floor":[117,133,215,232,232,232,313,313,313,15,48,60,60,60,60,60,60],"floor_reached":16,"language":"ENG","playtime":1134,"items_purged":["Defend_B"],"score":132,"play_id":"65b26af4-12bc-4617-962a-d94dbe886770","local_time":"20210207201457","is_ascension_mode":true,"campfire_choices":[{"data":"Zap","floor":6,"key":"SMITH"},{"data":"Dualcast","floor":8,"key":"SMITH"},{"floor":13,"key":"REST"},{"data":"Capacitor","floor":15,"key":"SMITH"}],"circlet_count":0,"master_deck":["Strike_B","Strike_B","Strike_B","Defend_B","Defend_B","Defend_B","Zap+1","Dualcast+1","Capacitor+1","Skim","Barrage","Self Repair","Self Repair+1","Rainbow+1"],"relics":["Cracked Core","LagranYue:RandomDrawCardRelic","NeowsBlessing","Regal Pillow","Replay:Bottled Snecko","Golden Egg","Membership Card","Vajra","infinitespire:Bottled Soul","infinitespire:FocusingShard"],"acts_visited":["Exordium"],"potions_floor_usage":[11],"damage_taken":[{"damage":0,"enemies":"2 Louse","floor":1,"turns":1},{"damage":0,"enemies":"Jaw Worm","floor":2,"turns":1},{"damage":0,"enemies":"Small Slimes","floor":4,"turns":1},{"damage":38,"enemies":"Gremlin Nob","floor":11,"turns":4},{"damage":15,"enemies":"2 Fungi Beasts","floor":12,"turns":3},{"damage":63,"enemies":"The Guardian","floor":16,"turns":9}],"seed_played":"1389894821131335583","potions_obtained":[{"floor":3,"key":"FocusPotion"},{"floor":3,"key":"FocusPotion"},{"floor":4,"key":"GamblersBrew"}],"is_trial":false,"path_per_floor":["M","M","?","M","?","R","T","R","T","$","E","M","R","?","R","B"],"character_chosen":"DEFECT","items_purchased":["Membership Card","Vajra","Self Repair"],"campfire_rested":1,"item_purchase_floors":[10,10,10],"current_hp_per_floor":[68,68,50,50,43,43,43,43,43,43,22,24,61,60,60,0,0],"gold":60,"neow_bonus":"THREE_ENEMY_KILL","is_daily":false,"chose_seed":false,"campfire_upgraded":3,"win_rate":0.0,"timestamp":1612743297,"path_taken":["M","M","?","M","?","R","?","R","T","$","E","M","R","?","R","BOSS"],"items_purchased_type":["Relic","Relic","Card"],"build_version":"2020-12-22","purchased_purges":1,"victory":false,"max_hp_per_floor":[75,75,75,75,75,75,75,75,75,75,75,75,75,75,75,75,75],"card_choices":[{"not_picked":["BasicCrystalCard","Turbo"],"picked":"Capacitor","floor":1},{"not_picked":["Panic Button","Sweeping Beam"],"picked":"Skim","floor":2},{"not_picked":["Leap","Steam"],"picked":"Barrage","floor":3},{"not_picked":["Aggregate","Rebound"],"picked":"Self Repair","floor":4},{"not_picked":["Gash","Darkness"],"picked":"Rainbow","floor":11},{"not_picked":["Beam Cell","ReplayTheSpireMod:GoodbyeWorld","Aggregate"],"picked":"SKIP","floor":12}],"player_experience":762279,"relics_obtained":[{"floor":3,"key":"Regal Pillow"},{"floor":7,"key":"Replay:Bottled Snecko"},{"floor":9,"key":"Golden Egg"},{"floor":11,"key":"infinitespire:Bottled Soul"}],"event_choices":[{"cards_removed":["Strike_B"],"damage_healed":0,"gold_gain":0,"player_choice":"Card Removal","damage_taken":7,"max_hp_gain":0,"max_hp_loss":0,"event_name":"Golden Wing","floor":5,"gold_loss":0}],"is_beta":false,"boss_relics":[],"items_purged_floors":[10],"is_endless":false,"potions_floor_spawned":[4],"killed_by":"The Guardian","ascension_level":7}}