{"host":"y5gwkyp54bvo4ymw","time":1612759366,"event":{"mods":["Aspiration","BaseMod","Better Synergies","Better Third Choice","BetterRewards","Challenge The Spire","Clawfect","Colored Map","Conspire","DeckTracker","Dota2Spire","Energized Spire","GifTheSpireLib","Gold Saver","Halation","Hermit","Hubris","Infinite Spire","Jedi Mod","Minty Spire (QoL Compilation)","Permanent Neow","Rare Cards Sparkle","Reliquary","Replay The Spire","Spikes Relics","StSLib","Stuff the Spire","The Blue Laboratory","The Cursed","Virulent Crown","Wandering Minibosses"],"gold_per_floor":[460,474,336,336,347,347,347,361,361,409,409,409],"floor_reached":11,"language":"ENG","playtime":311,"items_purged":[],"score":107,"play_id":"e66791e7-32a1-4529-988c-c562d56317a2","local_time":"20210207234246","is_ascension_mode":true,"campfire_choices":[{"data":"Clawfect:Clawter","floor":6,"key":"SMITH"}],"circlet_count":0,"master_deck":["Gash","Gash+1","Gash","Gash","Gash","Defend_B","Defend_B","Defend_B","Defend_B","Defend_B","FTL","Assess","Clawfect:ClawCell+1","StuffTheSpire:CuriosityCurse","Clawfect:Clawter+1"],"relics":["Clawfect:DRClaw","reliquary:Boomerang","infinitespire:BottledMercury","Molten Egg 2"],"acts_visited":["Exordium"],"potions_floor_usage":[11],"damage_taken":[{"damage":6,"enemies":"Cultist","floor":1,"turns":4},{"damage":8,"enemies":"Small Slimes","floor":2,"turns":4},{"damage":8,"enemies":"2 Louse","floor":5,"turns":3},{"damage":12,"enemies":"Red Slaver","floor":8,"turns":4},{"damage":21,"enemies":"Gremlin Nob","floor":11,"turns":3}],"seed_played":"5767221723022653913","potions_obtained":[{"floor":1,"key":"blueLaboratory:HorrorPotion"},{"floor":5,"key":"jedi:hoardpotion"},{"floor":10,"key":"jedi:StrikingPotion"}],"is_trial":false,"path_per_floor":["M","M","$","?","M","R","?","M","T","?","E"],"character_chosen":"DEFECT","items_purchased":["Assess","Clawfect:ClawCell"],"campfire_rested":0,"item_purchase_floors":[3,3],"current_hp_per_floor":[62,54,54,54,46,46,46,34,34,16,0,0],"gold":409,"neow_bonus":"UPGRADE_CARD","is_daily":false,"chose_seed":false,"campfire_upgraded":1,"win_rate":0.0,"timestamp":1612759366,"path_taken":["M","M","?","?","M","R","?","?","T","?","E"],"items_purchased_type":["Card","Card"],"build_version":"2020-12-22","purchased_purges":0,"victory":false,"max_hp_per_floor":[75,75,75,75,75,75,75,75,75,75,75,75],"card_choices":[{"not_picked":["Clawfect:ScrapingClaw","Conserve Battery"],"picked":"FTL","floor":1},{"not_picked":["Redo","Clawfect:ClawpileDriver","StuffTheSpire:Plugnplay"],"picked":"SKIP","floor":2},{"not_picked":["StuffTheSpire:LoadUp","hubris:Prefetch"],"picked":"Clawfect:Clawter","floor":5},{"not_picked":["Fusion","jedi:BurstFrost","Clawfect:ClawSnap"],"picked":"SKIP","floor":8}],"player_experience":577117,"relics_obtained":[{"floor":9,"key":"infinitespire:BottledMercury"},{"floor":10,"key":"Molten Egg 2"}],"event_choices":[{"damage_healed":0,"gold_gain":0,"player_choice":"Upgraded","damage_taken":0,"max_hp_gain":0,"max_hp_loss":0,"event_name":"Upgrade Shrine","floor":7,"gold_loss":0,"cards_upgraded":["Clawfect:ClawCell"]}],"is_beta":false,"boss_relics":[],"items_purged_floors":[],"is_endless":false,"potions_floor_spawned":[1,5],"killed_by":"Gremlin Nob","ascension_level":6}}