{"host":"sutwlwo4qckeqch7","time":1612753032,"event":{"mods":["AchievementEnabler","BaseMod","BetterRewards","Colored Map","Marisa????????","Minty Spire (QoL Compilation)","StSLib"],"gold_per_floor":[116,130,205,205,219,250,250,215,265,296,309,309,319,319,319,421,421,431,448,467,519,532,532,559,559,559,559,585,23,33,49,49,49,49],"floor_reached":33,"language":"ENG","playtime":4273,"items_purged":["MasterSpark"],"score":297,"play_id":"c0bc5988-9382-4b2d-b156-ed401c795e24","local_time":"20210207205712","is_ascension_mode":false,"campfire_choices":[{"data":"PowerUp","floor":7.0,"key":"SMITH"},{"floor":12.0,"key":"REST"},{"floor":15.0,"key":"REST"},{"floor":23,"key":"REST"},{"data":"SatelliteIllusion","floor":25,"key":"SMITH"},{"floor":32,"key":"REST"}],"circlet_count":0,"master_deck":["Strike_MRS+1","Strike_MRS+1","Strike_MRS+1","Strike_MRS+1","Defend_MRS+1","Defend_MRS+1","Defend_MRS+1","Defend_MRS+1","UpSweep","IllusionStar","Acceleration","Occultation","PowerUp+1","EnergyFlow","EarthLightRay","AlicesGift","GrandCross","MysteriousBeam","SatelliteIllusion+1","GasGiant","DC","WitchLeyline","AsteroidBelt","MysteriousBeam","MagicAbsorber","Singularity","TreasureHunter","6A","WitchOfGreed"],"relics":["MiniHakkero","NeowsBlessing","Tiny Chest","Dream Catcher","Bottled Lightning","AmplifyWand","Philosopher\u0027s Stone","Bag of Preparation","War Paint","Bottled Flame","PreservedInsect","Regal Pillow","Kunai"],"acts_visited":["Exordium","TheCity"],"potions_floor_usage":[24,30,30],"damage_taken":[{"damage":0.0,"enemies":"2 Louse","floor":1.0,"turns":1.0},{"damage":0.0,"enemies":"Cultist","floor":2.0,"turns":1.0},{"damage":0.0,"enemies":"Jaw Worm","floor":5.0,"turns":1.0},{"damage":22.0,"enemies":"3 Sentries","floor":6.0,"turns":7.0},{"damage":62.0,"enemies":"Lagavulin","floor":10.0,"turns":7.0},{"damage":8.0,"enemies":"Blue Slaver","floor":11.0,"turns":3.0},{"damage":0.0,"enemies":"Large Slime","floor":13.0,"turns":5.0},{"damage":60.0,"enemies":"The Guardian","floor":16.0,"turns":11.0},{"damage":43,"enemies":"2 Thieves","floor":18,"turns":4},{"damage":9,"enemies":"Shell Parasite","floor":19,"turns":5},{"damage":15,"enemies":"Snake Plant","floor":20,"turns":3},{"damage":5,"enemies":"Snecko","floor":22,"turns":4},{"damage":27,"enemies":"Gremlin Leader","floor":24,"turns":7},{"damage":30,"enemies":"Slavers","floor":28,"turns":7},{"damage":6,"enemies":"Cultist and Chosen","floor":30,"turns":5},{"damage":3,"enemies":"3 Cultists","floor":31,"turns":8},{"damage":65,"enemies":"Collector","floor":33,"turns":6}],"seed_played":"-9047100789971549245","potions_obtained":[{"floor":2.0,"key":"Fruit Juice"},{"floor":5.0,"key":"Fire Potion"},{"floor":16.0,"key":"LiquidMemories"},{"floor":22,"key":"DuplicationPotion"},{"floor":28,"key":"PowerPotion"},{"floor":31,"key":"SteroidPotion"}],"is_trial":false,"path_per_floor":["M","M","?","?","M","E","R","?","T","E","M","R","M","T","R","B",null,"M","M","M","T","M","R","E","R","T","?","E","$","M","M","R","B"],"character_chosen":"MARISA","items_purchased":["Regal Pillow","Regen Potion","Kunai"],"campfire_rested":4,"item_purchase_floors":[29,29,29],"current_hp_per_floor":[75,75,64,69,69,47,47,67,67,10,2,27,31,31,56,4,85,46,41,30,30,29,54,31,31,31,31,5,5,17,14,54,0,0],"gold":49,"neow_bonus":"THREE_ENEMY_KILL","is_daily":false,"chose_seed":false,"campfire_upgraded":2,"win_rate":0.0,"timestamp":1612753032,"path_taken":["M","M","?","?","M","E","R","?","T","E","M","R","M","?","R","BOSS","M","M","?","?","M","R","E","R","T","?","E","$","M","M","R","BOSS"],"items_purchased_type":["Relic","Potion","Relic"],"build_version":"2020-12-22","purchased_purges":1,"victory":false,"max_hp_per_floor":[75,75,75,80,80,80,80,80,80,85,85,85,85,85,85,85,85,85,85,85,85,85,85,85,85,85,85,85,85,85,85,85,85,85],"card_choices":[{"not_picked":["ShootingEcho","NonDirectionalLaser"],"picked":"IllusionStar","floor":1.0},{"not_picked":["MachineGunSpark","NonDirectionalLaser"],"picked":"Acceleration","floor":2.0},{"not_picked":["Acceleration","Robbery"],"picked":"Occultation","floor":5.0},{"not_picked":["IllusionStar","ShootingEcho"],"picked":"PowerUp","floor":6.0},{"not_picked":["ShootingEcho","OortCloud"],"picked":"EnergyFlow","floor":10.0},{"not_picked":["6A","WitchOfGreed"],"picked":"EarthLightRay","floor":11.0},{"not_picked":["6A","OneTimeOff"],"picked":"AlicesGift","floor":12.0},{"not_picked":["Orbital","StarBarrage"],"picked":"GrandCross","floor":13.0},{"not_picked":["BigCrunch","NonDirectionalLaser"],"picked":"MysteriousBeam","floor":15.0},{"not_picked":["MaximisePower","BinaryStars"],"picked":"SatelliteIllusion","floor":16.0},{"not_picked":["OneTimeOff","LuminesStrike"],"picked":"GasGiant","floor":18},{"not_picked":["MilkyWay","OneTimeOff"],"picked":"DC","floor":19},{"not_picked":["MilkyWay","MysteriousBeam"],"picked":"WitchLeyline","floor":20},{"not_picked":["DarkSpark","EventHorizon+1"],"picked":"AsteroidBelt","floor":22},{"not_picked":["MagicAbsorber","DoubleSpark"],"picked":"MysteriousBeam","floor":23},{"not_picked":["WitchLeyline","ChargeUpSpray"],"picked":"MagicAbsorber","floor":24},{"not_picked":["UnstableBomb","SporeBomb+1"],"picked":"Singularity","floor":28},{"not_picked":["DragonMeteor","AsteroidBelt"],"picked":"TreasureHunter","floor":30},{"not_picked":["UnstableBomb","SporeBomb"],"picked":"6A","floor":31},{"not_picked":["AsteroidBelt","NonDirectionalLaser"],"picked":"WitchOfGreed","floor":32}],"player_experience":176618,"relics_obtained":[{"floor":6.0,"key":"Tiny Chest"},{"floor":9.0,"key":"Dream Catcher"},{"floor":10.0,"key":"Bottled Lightning"},{"floor":14.0,"key":"AmplifyWand"},{"floor":21,"key":"Bag of Preparation"},{"floor":24,"key":"War Paint"},{"floor":26,"key":"Bottled Flame"},{"floor":28,"key":"PreservedInsect"}],"event_choices":[{"damage_healed":0.0,"max_hp_gain":0.0,"max_hp_loss":0.0,"gold_gain":75.0,"event_name":"World of Goop","player_choice":"Gather Gold","floor":3.0,"gold_loss":0.0,"damage_taken":11.0},{"damage_healed":0.0,"max_hp_gain":5.0,"max_hp_loss":0.0,"gold_gain":0.0,"event_name":"Big Fish","player_choice":"Donut","floor":4.0,"gold_loss":0.0,"damage_taken":0.0},{"damage_healed":20.0,"max_hp_gain":0.0,"max_hp_loss":0.0,"gold_gain":0.0,"event_name":"The Cleric","player_choice":"Healed","floor":8.0,"gold_loss":35.0,"damage_taken":0.0},{"damage_healed":0,"gold_gain":0,"player_choice":"Simplicity","damage_taken":0,"max_hp_gain":0,"max_hp_loss":0,"event_name":"Back to Basics","floor":27,"gold_loss":0,"cards_upgraded":["Strike_MRS","Strike_MRS","Strike_MRS","Strike_MRS","Defend_MRS","Defend_MRS"]}],"is_beta":false,"boss_relics":[{"not_picked":["Coffee Dripper","SacredBark"],"picked":"Philosopher\u0027s Stone"}],"items_purged_floors":[29],"is_endless":false,"potions_floor_spawned":[2,5,16,22,28,31],"killed_by":"Collector","ascension_level":0}}