{"host":"36t3qd3wjvajtu1z","time":1612765847,"event":{"mods":["2.2 Compatiblity","AchievementEnabler","BaseMod","Block Reminder","Colored Powertips","Minty Spire (QoL Compilation)","Permanent Neow","Quick Restart","Random Character Button","Rare Cards Sparkle","Relic Stats","Slay-I","StSLib"],"gold_per_floor":[110,120,134,149,163,196,196,18,92,102,137,212,225,252,252,324,324,335,352,366,40,50,50,82,82,108,120,120],"floor_reached":27,"language":"ENG","playtime":1392,"items_purged":["Strike_G"],"score":475,"play_id":"1d3cb45a-4f3a-46ba-bd59-a8ef536d4b46","local_time":"20210207223047","is_ascension_mode":true,"campfire_choices":[{"data":"Noxious Fumes","floor":7,"key":"SMITH"},{"data":"Bouncing Flask","floor":15,"key":"SMITH"},{"floor":23,"key":"REST"}],"circlet_count":0,"master_deck":["AscendersBane","Strike_G","Strike_G","Strike_G","Strike_G","Defend_G","Defend_G","Defend_G","Defend_G","Defend_G","Survivor","Neutralize","Dramatic Entrance","Poisoned Stab","Noxious Fumes+1","Cloak And Dagger+1","Terror+1","Venomology","Finesse","Bouncing Flask+1","Catalyst","Bane","Malaise","PiercingWail","Calculated Gamble","Leg Sweep"],"relics":["Ring of the Snake","Kunai","Bottled Lightning","Mango","War Paint","Velvet Choker","Frozen Egg 2","Regal Pillow","Nilry\u0027s Codex","MawBank"],"acts_visited":["Exordium","TheCity"],"potions_floor_usage":[6,6,10,11,14,14,14,16,16,18,19,22,22,24],"damage_taken":[{"damage":0,"enemies":"Cultist","floor":1,"turns":4},{"damage":0,"enemies":"2 Louse","floor":2,"turns":2},{"damage":0,"enemies":"Small Slimes","floor":3,"turns":4},{"damage":0,"enemies":"2 Fungi Beasts","floor":4,"turns":3},{"damage":1,"enemies":"Looter","floor":5,"turns":4},{"damage":10,"enemies":"Gremlin Nob","floor":6,"turns":3},{"damage":0,"enemies":"3 Louse","floor":10,"turns":3},{"damage":11,"enemies":"3 Sentries","floor":11,"turns":6},{"damage":1,"enemies":"Blue Slaver","floor":13,"turns":4},{"damage":1,"enemies":"Lagavulin","floor":14,"turns":4},{"damage":7,"enemies":"The Guardian","floor":16,"turns":8},{"damage":18,"enemies":"Shell Parasite","floor":18,"turns":3},{"damage":12,"enemies":"3 Byrds","floor":19,"turns":4},{"damage":6,"enemies":"Snecko","floor":20,"turns":4},{"damage":14,"enemies":"Cultist and Chosen","floor":22,"turns":5},{"damage":12,"enemies":"Book of Stabbing","floor":24,"turns":6},{"damage":14,"enemies":"Gremlin Leader","floor":27,"turns":1}],"seed_played":"4692923302809476482","potions_obtained":[{"floor":2,"key":"ColorlessPotion"},{"floor":5,"key":"FearPotion"},{"floor":6,"key":"SkillPotion"},{"floor":11,"key":"Weak Potion"},{"floor":13,"key":"CunningPotion"},{"floor":14,"key":"Explosive Potion"},{"floor":16,"key":"Fire Potion"},{"floor":24,"key":"Strength Potion"}],"is_trial":false,"path_per_floor":["M","M","M","M","M","E","R","$","T","M","E","?","M","E","R","B",null,"M","M","M","$","M","R","E","?","T","E"],"character_chosen":"THE_SILENT","items_purchased":["Finesse","Frozen Egg 2","Calculated Gamble"],"campfire_rested":1,"item_purchase_floors":[8,21,21],"current_hp_per_floor":[59,59,59,59,58,48,48,48,48,48,51,40,39,38,38,31,68,50,38,32,32,18,42,30,9,9,0,0],"gold":120,"neow_bonus":"RANDOM_COLORLESS","is_daily":false,"chose_seed":false,"campfire_upgraded":2,"win_rate":0.0,"timestamp":1612765847,"path_taken":["M","?","M","M","M","E","R","$","T","M","E","?","M","E","R","BOSS","M","M","M","$","M","R","E","?","T","E"],"items_purchased_type":["Card","Relic","Card"],"build_version":"2020-12-22","purchased_purges":1,"victory":false,"max_hp_per_floor":[66,66,66,66,66,66,66,66,66,66,80,80,80,80,80,80,80,80,80,80,80,80,80,80,80,80,80,80],"relic_stats":{"Regal Pillow":0,"counters":[17,68],"Kunai":[16],"War Paint":["Terror","Cloak And Dagger"],"MawBank":12,"obtain_stats":[{"Regal Pillow":24,"Nilry\u0027s Codex":25,"Velvet Choker":17,"Mango":11,"Kunai":6,"Bottled Lightning":9,"War Paint":14,"Frozen Egg 2":21,"MawBank":26,"Ring of the Snake":0},{"Regal Pillow":16,"Nilry\u0027s Codex":16,"Velvet Choker":11,"Mango":8,"Kunai":6,"Bottled Lightning":6,"War Paint":10,"Frozen Egg 2":14,"MawBank":16,"Ring of the Snake":0},{"Regal Pillow":67,"Nilry\u0027s Codex":67,"Velvet Choker":45,"Mango":29,"Kunai":20,"Bottled Lightning":20,"War Paint":37,"Frozen Egg 2":56,"MawBank":67,"Ring of the Snake":0}],"Ring of the Snake":[34]},"card_choices":[{"not_picked":["Jack Of All Trades","Trip"],"picked":"Dramatic Entrance","floor":0},{"not_picked":["Acrobatics","Blade Dance"],"picked":"Poisoned Stab","floor":1},{"not_picked":["Dagger Spray","Slice"],"picked":"Noxious Fumes","floor":2},{"not_picked":["Envenom","Quick Slash"],"picked":"Cloak And Dagger","floor":3},{"not_picked":["Prepared","Riddle With Holes"],"picked":"Terror","floor":4},{"not_picked":["Prepared","Outmaneuver","Dodge and Roll"],"picked":"SKIP","floor":5},{"not_picked":["Doppelganger","Caltrops"],"picked":"Venomology","floor":6},{"not_picked":["Dagger Throw","Masterful Stab"],"picked":"Bouncing Flask","floor":10},{"not_picked":["Footwork","Flying Knee"],"picked":"Catalyst","floor":11},{"not_picked":["Setup","Noxious Fumes"],"picked":"Bane","floor":13},{"not_picked":["Heel Hook","Masterful Stab","Quick Slash"],"picked":"SKIP","floor":14},{"not_picked":["After Image","Unload"],"picked":"Malaise","floor":16},{"not_picked":["Blade Dance","Acrobatics","Sucker Punch"],"picked":"SKIP","floor":18},{"not_picked":["Dodge and Roll","Acrobatics"],"picked":"PiercingWail","floor":19},{"not_picked":["Dodge and Roll","Flying Knee","Expertise"],"picked":"SKIP","floor":20},{"not_picked":["Cloak And Dagger","Choke"],"picked":"Leg Sweep","floor":22},{"not_picked":["Flying Knee","Concentrate","Endless Agony"],"picked":"SKIP","floor":24}],"player_experience":429780,"relics_obtained":[{"floor":6,"key":"Kunai"},{"floor":9,"key":"Bottled Lightning"},{"floor":11,"key":"Mango"},{"floor":14,"key":"War Paint"},{"floor":24,"key":"Regal Pillow"},{"floor":25,"key":"Nilry\u0027s Codex"},{"floor":26,"key":"MawBank"}],"event_choices":[{"damage_healed":0,"gold_gain":75,"player_choice":"Gather Gold","damage_taken":11,"max_hp_gain":0,"max_hp_loss":0,"event_name":"World of Goop","floor":12,"gold_loss":0},{"damage_healed":0,"gold_gain":0,"player_choice":"Obtained Book","damage_taken":21,"max_hp_gain":0,"max_hp_loss":0,"event_name":"Cursed Tome","floor":25,"gold_loss":0}],"is_beta":false,"boss_relics":[{"not_picked":["Astrolabe","Coffee Dripper"],"picked":"Velvet Choker"}],"items_purged_floors":[8],"is_endless":false,"potions_floor_spawned":[2,5,6,11,13,14,16,20,24],"killed_by":"Gremlin Leader","ascension_level":17}}