{"host":"Sylvester","time":1612750298,"event":{"mods":["AchievementEnabler","BaseMod","Filter the Spire","Lobotomy","Minty Spire (QoL Compilation)","Replay The Spire","StSLib"],"gold_per_floor":[111,129,142,67,80,111,124,124,151,176,176,176],"floor_reached":11,"language":"ENG","playtime":359,"items_purged":["Strike_R"],"score":150,"play_id":"457d0282-6634-45ef-8177-0d5dffdc407e","local_time":"20210207181138","is_ascension_mode":true,"campfire_choices":[{"floor":8,"key":"REST"}],"circlet_count":0,"master_deck":["AscendersBane","Strike_R","Strike_R","Strike_R","Strike_R","Defend_R","Defend_R+1","Defend_R+1","Defend_R","Bash","Run Through","ReplayTheSpireMod:Limb From Limb","Fiend Fire","Headbutt","Run Through"],"relics":["Black Star","Juzu Bracelet","Art of War","Regal Pillow","War Paint"],"acts_visited":["Exordium"],"potions_floor_usage":[6,7],"damage_taken":[{"damage":2,"enemies":"Cultist","floor":1,"turns":4},{"damage":8,"enemies":"2 Louse","floor":2,"turns":4},{"damage":7,"enemies":"Small Slimes","floor":3,"turns":3},{"damage":2,"enemies":"Looter","floor":5,"turns":4},{"damage":35,"enemies":"3 Sentries","floor":6,"turns":8},{"damage":11,"enemies":"Blue Slaver","floor":7,"turns":4},{"damage":27,"enemies":"Gremlin Nob","floor":11,"turns":3}],"seed_played":"-4700835360087818449","potions_obtained":[{"floor":1,"key":"Fire Potion"},{"floor":3,"key":"Explosive Potion"}],"is_trial":false,"path_per_floor":["M","M","M","$","M","E","M","R","T","T","E"],"character_chosen":"IRONCLAD","items_purchased":[],"campfire_rested":1,"item_purchase_floors":[],"current_hp_per_floor":[66,58,51,51,49,14,3,25,25,25,0,0],"gold":176,"neow_bonus":"BOSS_RELIC","is_daily":false,"chose_seed":false,"campfire_upgraded":0,"win_rate":0.0,"timestamp":1612750298,"path_taken":["M","M","M","$","?","E","M","R","T","T","E"],"items_purchased_type":[],"build_version":"2020-11-17","purchased_purges":1,"victory":false,"max_hp_per_floor":[75,75,75,75,75,75,75,75,75,75,75,75],"card_choices":[{"not_picked":["ReplayTheSpireMod:Strike From Hell","Shrug It Off"],"picked":"Run Through","floor":1},{"not_picked":["Pommel Strike","ReplayTheSpireMod:Stacked"],"picked":"ReplayTheSpireMod:Limb From Limb","floor":2},{"not_picked":["Armaments","Anger"],"picked":"Fiend Fire","floor":3},{"not_picked":["Havoc","Heavy Blade"],"picked":"Headbutt","floor":5},{"not_picked":["Thunderclap","ReplayTheSpireMod:Strike From Hell"],"picked":"Run Through","floor":6},{"not_picked":["Sword Boomerang","Anger","Bloodletting"],"picked":"SKIP","floor":7}],"player_experience":224710,"relics_obtained":[{"floor":6,"key":"Juzu Bracelet"},{"floor":6,"key":"Art of War"},{"floor":9,"key":"Regal Pillow"},{"floor":10,"key":"War Paint"}],"event_choices":[],"is_beta":true,"boss_relics":[],"items_purged_floors":[4],"is_endless":false,"potions_floor_spawned":[1,3,5],"killed_by":"Gremlin Nob","ascension_level":20}}