{"host":"2pmmafybkq7zb6na","time":1612788532,"event":{"mods":["AchievementEnabler","BaseMod","Colored Map","Highlight Path","Keyboard Shortcuts","Minty Spire (QoL Compilation)","Quick Restart","StSLib","SuperFastMode"],"gold_per_floor":[116,191,209,220,236,236,261,277,301,301,331,345,216,236,236,332,332,350,265,34,52,52,52,67,67,67,97,97,97,97,109,109,109,109],"floor_reached":33,"language":"KOR","playtime":1614,"items_purged":["Strike_R","Strike_R"],"score":305,"play_id":"db07cc15-9642-452b-bbbe-cc432ffe731a","local_time":"20210208214852","is_ascension_mode":true,"campfire_choices":[{"data":"Rampage","floor":6.0,"key":"SMITH"},{"floor":10.0,"key":"REST"},{"floor":15.0,"key":"REST"},{"data":"Seeing Red","floor":23.0,"key":"SMITH"},{"floor":25,"key":"REST"},{"floor":28,"key":"REST"},{"data":"Pommel Strike","floor":32,"key":"SMITH"}],"circlet_count":0,"master_deck":["Strike_R","Strike_R","Strike_R","Defend_R","Defend_R","Defend_R+1","Defend_R","Bash","Good Instincts+1","Sword Boomerang","Pommel Strike+1","Rampage+1","Seeing Red+1","Ghostly Armor","True Grit","Shrug It Off","Demon Form","Headbutt+1","Battle Trance","Seeing Red+1","Dual Wield+1","Shrug It Off+1"],"relics":["Burning Blood","War Paint","Oddly Smooth Stone","Ancient Tea Set","Black Star","Red Skull","Membership Card","Blood Vial","Lantern","Toxic Egg 2","Anchor"],"acts_visited":["Exordium","TheCity"],"potions_floor_usage":[27,31,31,33],"damage_taken":[{"damage":0.0,"enemies":"Small Slimes","floor":1.0,"turns":3.0},{"damage":4.0,"enemies":"2 Louse","floor":3.0,"turns":3.0},{"damage":0.0,"enemies":"Jaw Worm","floor":4.0,"turns":3.0},{"damage":14.0,"enemies":"3 Louse","floor":5.0,"turns":3.0},{"damage":31.0,"enemies":"3 Sentries","floor":7.0,"turns":9.0},{"damage":29.0,"enemies":"Lots of Slimes","floor":8.0,"turns":5.0},{"damage":21.0,"enemies":"Gremlin Nob","floor":11.0,"turns":4.0},{"damage":0.0,"enemies":"Exordium Wildlife","floor":12.0,"turns":5.0},{"damage":11.0,"enemies":"Gremlin Gang","floor":14.0,"turns":5.0},{"damage":47.0,"enemies":"Slime Boss","floor":16.0,"turns":19.0},{"damage":42.0,"enemies":"3 Byrds","floor":18.0,"turns":7.0},{"damage":20.0,"enemies":"2 Thieves","floor":21.0,"turns":5.0},{"damage":14,"enemies":"Chosen and Byrds","floor":24,"turns":7},{"damage":44,"enemies":"Book of Stabbing","floor":27,"turns":6},{"damage":4,"enemies":"Cultist and Chosen","floor":31,"turns":6},{"damage":30,"enemies":"Champ","floor":33,"turns":11}],"seed_played":"-8684896856355695300","potions_obtained":[{"floor":1.0,"key":"FairyPotion"},{"floor":4.0,"key":"Weak Potion"},{"floor":5.0,"key":"DuplicationPotion"},{"floor":16.0,"key":"PowerPotion"},{"floor":18.0,"key":"ElixirPotion"},{"floor":27,"key":"PowerPotion"},{"floor":31,"key":"CultistPotion"}],"is_trial":false,"path_per_floor":["M","?","M","M","M","R","E","M","T","R","E","M","$","M","R","B",null,"M","?","$","M","?","R","M","R","T","E","R","?","?","M","R","B"],"character_chosen":"IRONCLAD","items_purchased":["True Grit","Membership Card","Battle Trance"],"campfire_rested":4,"item_purchase_floors":[13,20,20],"current_hp_per_floor":[80,69,71,77,69,69,44,21,21,45,30,36,36,31,55,14,80,44,44,44,30,30,30,24,48,48,12,36,36,21,25,25,25,25],"gold":109,"neow_bonus":"RANDOM_COLORLESS","is_daily":false,"chose_seed":false,"campfire_upgraded":3,"win_rate":0.0,"timestamp":1612788532,"path_taken":["M","?","M","M","M","R","E","M","T","R","E","M","$","M","R","BOSS","M","?","$","M","?","R","M","R","T","E","R","?","?","?","R","BOSS"],"items_purchased_type":["Card","Relic","Card"],"build_version":"2020-12-22","purchased_purges":2,"victory":false,"max_hp_per_floor":[80,80,80,80,80,80,80,80,80,80,80,80,80,80,80,80,80,80,80,80,80,80,80,80,80,80,80,80,80,85,85,85,85,85],"card_choices":[{"not_picked":["Purity","Jack Of All Trades"],"picked":"Good Instincts","floor":0.0},{"not_picked":["Perfected Strike","Headbutt"],"picked":"Sword Boomerang","floor":1.0},{"not_picked":["Entrench","Warcry","Havoc"],"picked":"SKIP","floor":3.0},{"not_picked":["Armaments","Intimidate"],"picked":"Pommel Strike","floor":4.0},{"not_picked":["Cleave","Reckless Charge"],"picked":"Rampage","floor":5.0},{"not_picked":["Feed","Anger"],"picked":"Seeing Red","floor":7.0},{"not_picked":["Body Slam","Carnage","Sever Soul"],"picked":"SKIP","floor":8.0},{"not_picked":["Anger","Rupture","Combust"],"picked":"SKIP","floor":11.0},{"not_picked":["Whirlwind","Clash"],"picked":"Ghostly Armor","floor":12.0},{"not_picked":["Seeing Red","Clash"],"picked":"Shrug It Off","floor":14.0},{"not_picked":["Corruption","Impervious"],"picked":"Demon Form","floor":16.0},{"not_picked":["Sword Boomerang+1","Inflame"],"picked":"Headbutt+1","floor":18.0},{"not_picked":["True Grit+1","Feel No Pain","Twin Strike"],"picked":"SKIP","floor":21.0},{"not_picked":["Sword Boomerang+1","Bloodletting"],"picked":"Seeing Red+1","floor":24},{"not_picked":["Ghostly Armor+1","Juggernaut"],"picked":"Dual Wield+1","floor":27},{"not_picked":["Cleave","Ghostly Armor+1"],"picked":"Shrug It Off+1","floor":31}],"player_experience":108412,"relics_obtained":[{"floor":7.0,"key":"War Paint"},{"floor":9.0,"key":"Oddly Smooth Stone"},{"floor":11.0,"key":"Ancient Tea Set"},{"floor":26,"key":"Lantern"},{"floor":27,"key":"Toxic Egg 2"},{"floor":27,"key":"Anchor"}],"event_choices":[{"damage_healed":0.0,"max_hp_gain":0.0,"max_hp_loss":0.0,"gold_gain":75.0,"event_name":"World of Goop","player_choice":"Gather Gold","floor":2.0,"gold_loss":0.0,"damage_taken":11.0},{"damage_healed":0.0,"max_hp_gain":0.0,"max_hp_loss":0.0,"gold_gain":0.0,"event_name":"Addict","player_choice":"Obtained Relic","floor":19.0,"gold_loss":85.0,"damage_taken":0.0,"relics_obtained":["Red Skull"]},{"damage_healed":0.0,"max_hp_gain":0.0,"max_hp_loss":0.0,"gold_gain":0.0,"event_name":"The Mausoleum","player_choice":"Opened","floor":22.0,"gold_loss":0.0,"damage_taken":0.0,"relics_obtained":["Blood Vial"]},{"damage_healed":0,"gold_gain":0,"player_choice":"Ignored","damage_taken":0,"max_hp_gain":0,"max_hp_loss":0,"event_name":"Ghosts","floor":29,"gold_loss":0},{"damage_healed":0,"gold_gain":0,"player_choice":"Shed Blood","damage_taken":20,"max_hp_gain":5,"max_hp_loss":0,"event_name":"Forgotten Altar","floor":30,"gold_loss":0}],"is_beta":false,"boss_relics":[{"not_picked":["Tiny House","Busted Crown"],"picked":"Black Star"}],"items_purged_floors":[13,20],"is_endless":false,"potions_floor_spawned":[1,4,5,16,18,27,31],"killed_by":"Champ","ascension_level":2}}