{"host":"btj53a7qlsawl9sy","time":1612803804,"event":{"mods":["100% Spire Juice","ATMod(∞¢Ë™Mod)","Act Like it!","Arknights","BaseMod","Better Vampires","Colored Powertips","Dota2Spire","Gensokyo","Luminous","Marisa£®ÏF”Í°°ƒß¿Ì…≥£©","Marked Mod","Minty Spire (QoL Compilation)","Quick Restart","Reimu£®≤©¿ˆ¡È√Œ£©","Relic Stats","Remilia£®¿Ÿ√◊¿Ú—«£©","Replay The Spire","Spicy Shops","StSLib","The Administrix","The Servant 0.9.4","Yakumo Yukari mod","Youmu£®ªÍ∆«—˝√Œ£©","Yuyuko","°æ“≈ŒÔø®≈∆°øREMEMod","≤–¡Ù÷ÆŒÔ"],"gold_per_floor":[109,127,127,138,5,37,37,37,37,37,48,48,48,75,75,177,177,192,205,235,252,327,362,362,372,372,35,52,67,67,84,84,185,185,198,209,209,209,209],"floor_reached":38,"language":"ZHS","playtime":1857,"items_purged":["Normality"],"score":556,"play_id":"d672979b-2013-46b7-93d7-0165696c945d","local_time":"20210209010324","is_ascension_mode":false,"campfire_choices":[{"floor":7,"key":"REST"},{"floor":12,"key":"REST"},{"floor":15,"key":"REST"},{"floor":24,"key":"REST"},{"floor":30,"key":"REST"},{"floor":32,"key":"DIG"}],"circlet_count":0,"master_deck":["Moonworks:Strike","Moonworks:Strike+1","Moonworks:Strike","Moonworks:Strike+1","Moonworks:Defend","Moonworks:Defend","Moonworks:Defend","Moonworks:Defend","Moonworks:Ambush","Moonworks:LongDistanceShot","Moonworks:AngelHand","Moonworks:EvilSpyWorkPreparation","Swift Strike","Moonworks:Accelerator","Moonworks:DeployBits","Moonworks:MiracleRedBeanIceCream+1","Moonworks:MiracleRedBeanIceCream","Moonworks:EvilSpyWorkPreparation","Moonworks:LuckyCharm","Moonworks:SakisCookie","Moonworks:CookingTime","Moonworks:AccelHyper","Moonworks:EvilSpyWorkPreparation","Moonworks:Encore","Moonworks:DevilHand","Moonworks:RedAndBlue","Moonworks:EvilSpyWorkPreparation","Moonworks:NicePresent","Moonworks:EvilSpyWorkPreparation","Moonworks:SakisCookie","Moonworks:LulusLuckyEgg+1","Moonworks:CrystalBarrier","Moonworks:TreasureThief+1","Moonworks:BigBangBell","Moonworks:LulusLuckyEgg","Moonworks:NicePresent","Moonworks:OutOfAmmo","Moonworks:AwakeningOfTalent+1","Moonworks:LulusLuckyEgg"],"relics":["Moonworks:BrokenBomb","Moonworks:Homemark","AT_ATBox","REME_ComplimentaryCards","Dream Catcher","Pet Ghost","Boot","Chameleon Ring","Dota2Spire:HeartOfTarrasque","Cursed Key","Red Mask","Replay:Ringing Soul","HornCleat","AT_DeathDance","WingedGreaves","ReplayTheSpireMod:DimensionalGlitch"],"acts_visited":["Exordium","TheCity","TheBeyond"],"potions_floor_usage":[16,19,23,23,33,33,36],"damage_taken":[{"damage":3,"enemies":"2 Louse","floor":1,"turns":2},{"damage":1,"enemies":"Cultist","floor":2,"turns":4},{"damage":0,"enemies":"Small Slimes","floor":4,"turns":3},{"damage":0,"enemies":"3 Sentries","floor":6,"turns":4},{"damage":5,"enemies":"Looter","floor":11,"turns":2},{"damage":16,"enemies":"Lagavulin","floor":14,"turns":4},{"damage":6,"enemies":"Fading Forest","floor":16,"turns":11},{"damage":5,"enemies":"3 Byrds","floor":18,"turns":4},{"damage":6,"enemies":"2 Thieves","floor":19,"turns":3},{"damage":25,"enemies":"Masked Bandits","floor":20,"turns":5},{"damage":0,"enemies":"Chosen and Byrds","floor":21,"turns":5},{"damage":33,"enemies":"Replay:Snechameleon","floor":23,"turns":6},{"damage":2,"enemies":"Snake Plant","floor":25,"turns":3},{"damage":1,"enemies":"Centurion and Healer","floor":28,"turns":6},{"damage":14,"enemies":"Chosen and Byrds","floor":29,"turns":5},{"damage":0,"enemies":"Snake Plant","floor":31,"turns":5},{"damage":12,"enemies":"Collector","floor":33,"turns":5},{"damage":54,"enemies":"3 Shapes","floor":35,"turns":5},{"damage":0,"enemies":"3 Darklings","floor":36,"turns":5},{"damage":63,"enemies":"4 Shapes","floor":38,"turns":3}],"seed_played":"2320580190949136101","potions_obtained":[{"floor":4,"key":"Adrenaline Potion"},{"floor":11,"key":"Adrenaline Potion"},{"floor":16,"key":"Dexterity Potion"},{"floor":22,"key":"Energy Potion"},{"floor":22,"key":"SkillPotion"},{"floor":25,"key":"PanachePotion"},{"floor":28,"key":"Dota2Spire:Clarity"},{"floor":33,"key":"LifebloodPotion"}],"is_trial":false,"path_per_floor":["M","M","?","M","$","E","R","?","T","?","M","R","$","E","R","B",null,"M","M","?","M","?","E","R","M","T","$","M","M","R","M","R","B",null,"M","M","?","M"],"character_chosen":"THE_STARBREAKER","items_purchased":["Pet Ghost","Moonworks:MiracleRedBeanIceCream","AT_DeathDance"],"campfire_rested":5,"item_purchase_floors":[5,5,27],"current_hp_per_floor":[57,56,56,56,56,60,60,48,48,48,43,60,60,62,68,62,68,68,62,49,64,47,29,53,62,65,65,83,75,89,92,92,88,95,45,57,57,0,0],"gold":209,"neow_bonus":"RANDOM_COMMON_RELIC","is_daily":false,"chose_seed":false,"campfire_upgraded":0,"win_rate":0.0,"timestamp":1612803804,"path_taken":["M","M","?","M","?","E","R","?","T","?","M","R","?","E","R","BOSS","M","M","?","M","?","E","R","M","T","$","M","M","R","M","R","BOSS","M","M","?","M"],"items_purchased_type":["Relic","Card","Relic"],"build_version":"2020-12-22","purchased_purges":1,"victory":false,"max_hp_per_floor":[60,60,60,60,60,60,60,60,60,60,60,60,60,68,68,68,68,68,68,68,68,68,71,74,77,80,80,83,86,89,92,92,95,95,98,101,101,101,101],"relic_stats":{"Dream Catcher":5,"counters":[20,90],"Boot":[225],"Cursed Key":1,"obtain_stats":[{"AT_ATBox":0,"Dota2Spire:HeartOfTarrasque":14,"Boot":6,"Cursed Key":17,"Pet Ghost":5,"Replay:Ringing Soul":23,"Dream Catcher":0,"Chameleon Ring":9,"HornCleat":26,"Moonworks:Homemark":0,"WingedGreaves":32,"Red Mask":20,"AT_DeathDance":27,"ReplayTheSpireMod:DimensionalGlitch":34,"Moonworks:BrokenBomb":0,"REME_ComplimentaryCards":0},{"AT_ATBox":0,"Dota2Spire:HeartOfTarrasque":6,"Boot":4,"Cursed Key":7,"Pet Ghost":3,"Replay:Ringing Soul":12,"Dream Catcher":0,"Chameleon Ring":4,"HornCleat":13,"Moonworks:Homemark":0,"WingedGreaves":16,"Red Mask":10,"AT_DeathDance":13,"ReplayTheSpireMod:DimensionalGlitch":17,"Moonworks:BrokenBomb":0,"REME_ComplimentaryCards":0},{"AT_ATBox":0,"Dota2Spire:HeartOfTarrasque":19,"Boot":13,"Cursed Key":30,"Pet Ghost":9,"Replay:Ringing Soul":53,"Dream Catcher":0,"Chameleon Ring":13,"HornCleat":56,"Moonworks:Homemark":0,"WingedGreaves":72,"Red Mask":42,"AT_DeathDance":56,"ReplayTheSpireMod:DimensionalGlitch":77,"Moonworks:BrokenBomb":0,"REME_ComplimentaryCards":0}]},"card_choices":[{"not_picked":["Moonworks:CloudOfSeagulls","Moonworks:SakisCookie"],"picked":"Moonworks:AngelHand","floor":1},{"not_picked":["Moonworks:SelfDestruct","Moonworks:Assault"],"picked":"Moonworks:EvilSpyWorkPreparation","floor":2},{"not_picked":["Moonworks:SakisCookie","Moonworks:IndiscriminateFireSupport"],"picked":"Moonworks:DeployBits","floor":4},{"not_picked":["Moonworks:DeployBits","Moonworks:SakisCookie"],"picked":"Moonworks:EvilSpyWorkPreparation","floor":6},{"not_picked":["Moonworks:ImOnFire","Moonworks:DeployBits"],"picked":"Moonworks:LuckyCharm","floor":7},{"not_picked":["Moonworks:ImOnFire","Moonworks:CloudOfSeagulls"],"picked":"Moonworks:SakisCookie","floor":11},{"not_picked":["Moonworks:JonathanRush","Moonworks:CompletionReward"],"picked":"Moonworks:CookingTime","floor":12},{"not_picked":["Moonworks:SealedMemories","Moonworks:BigMagnum"],"picked":"Moonworks:AccelHyper","floor":14},{"not_picked":["Moonworks:BigMagnum","Moonworks:Assault"],"picked":"Moonworks:EvilSpyWorkPreparation","floor":15},{"not_picked":["Moonworks:AccelHyper","Moonworks:PlushieMaster"],"picked":"Moonworks:Encore","floor":16},{"not_picked":["Moonworks:JonathanRush","Moonworks:ImOnFire"],"picked":"Moonworks:DevilHand","floor":18},{"not_picked":["Moonworks:CompletionReward","Moonworks:UnluckyCharm"],"picked":"Moonworks:RedAndBlue","floor":19},{"not_picked":["Moonworks:JonathanRush+1","Moonworks:BigMagnum"],"picked":"Moonworks:EvilSpyWorkPreparation","floor":20},{"not_picked":["Moonworks:UnluckyCharm","Moonworks:BigMagnum"],"picked":"Moonworks:NicePresent","floor":21},{"not_picked":["Moonworks:Heat300Percent","Moonworks:JonathanRush"],"picked":"Moonworks:EvilSpyWorkPreparation","floor":22},{"not_picked":["Moonworks:Assault","Moonworks:UnpaidWork+1"],"picked":"Moonworks:SakisCookie","floor":23},{"not_picked":["Moonworks:NicePresent+1","Moonworks:BackdoorTrade"],"picked":"Moonworks:LulusLuckyEgg+1","floor":24},{"not_picked":["Moonworks:SakisCookie","Moonworks:BeyondHell"],"picked":"Moonworks:CrystalBarrier","floor":25},{"not_picked":["Moonworks:JonathanRush","Moonworks:NicePresent"],"picked":"Moonworks:TreasureThief+1","floor":28},{"not_picked":["Moonworks:ExtendedPhotonRifle","Moonworks:BigMagnum"],"picked":"Moonworks:BigBangBell","floor":29},{"not_picked":["Moonworks:MiracleRedBeanIceCream","Moonworks:SakisCookie"],"picked":"Moonworks:LulusLuckyEgg","floor":30},{"not_picked":["Moonworks:DeployBits","Moonworks:WindyEnchantment"],"picked":"Moonworks:NicePresent","floor":31},{"not_picked":["Moonworks:LeapThroughSpace","Moonworks:Accelerator"],"picked":"Moonworks:OutOfAmmo","floor":33},{"not_picked":["Moonworks:CastOff","Moonworks:BigMagnum+1"],"picked":"Moonworks:AwakeningOfTalent+1","floor":35},{"not_picked":["Moonworks:NicePresent","Moonworks:UnpaidWork"],"picked":"Moonworks:LulusLuckyEgg","floor":36}],"player_experience":142756,"relics_obtained":[{"floor":6,"key":"Boot"},{"floor":9,"key":"Chameleon Ring"},{"floor":14,"key":"Dota2Spire:HeartOfTarrasque"},{"floor":20,"key":"Red Mask"},{"floor":23,"key":"Replay:Ringing Soul"},{"floor":26,"key":"HornCleat"},{"floor":32,"key":"WingedGreaves"}],"event_choices":[{"damage_healed":0,"gold_gain":0,"player_choice":"2 cards matched","damage_taken":0,"max_hp_gain":0,"max_hp_loss":0,"event_name":"Match and Keep!","floor":3,"gold_loss":0,"cards_obtained":["Swift Strike","Moonworks:Accelerator"]},{"damage_healed":0,"gold_gain":0,"player_choice":"Entered Light","damage_taken":12,"max_hp_gain":0,"max_hp_loss":0,"event_name":"Shining Light","floor":8,"gold_loss":0,"cards_upgraded":["Moonworks:Strike","Moonworks:Strike"]},{"damage_healed":0,"gold_gain":0,"player_choice":"Grow","damage_taken":0,"max_hp_gain":0,"max_hp_loss":0,"event_name":"Living Wall","floor":10,"gold_loss":0,"cards_upgraded":["Moonworks:MiracleRedBeanIceCream"]},{"damage_healed":0,"gold_gain":0,"player_choice":"Fought Bandits","damage_taken":0,"max_hp_gain":0,"max_hp_loss":0,"event_name":"Masked Bandits","floor":20,"gold_loss":0},{"damage_healed":0,"gold_gain":0,"player_choice":"Ignored","damage_taken":0,"max_hp_gain":0,"max_hp_loss":0,"event_name":"SecretPortal","floor":37,"gold_loss":0}],"is_beta":false,"boss_relics":[{"not_picked":["Replay:Drink Me","REME_DemonsWealth"],"picked":"Cursed Key"},{"not_picked":["Snecko Eye","Kintsugi"],"picked":"ReplayTheSpireMod:DimensionalGlitch"}],"items_purged_floors":[27],"is_endless":false,"potions_floor_spawned":[4,11,16,25,28,29,33],"killed_by":"4 Shapes","ascension_level":0}}