{"host":"Snek","time":1612799394,"event":{"mods":["AchievementEnabler","BaseMod","Block Reminder","Highlight Path","Minty Spire (QoL Compilation)","Relic Stats","StSLib"],"gold_per_floor":[117,131,131,206,216,216,250,250,250,262,291,8,22,22,22,120,120,131,151,168,179,279,279,314,330,330,330,330,330],"floor_reached":28,"language":"ENG","playtime":1268,"items_purged":[],"score":449,"play_id":"97b100db-d3f5-4914-ad99-d657841b9c30","local_time":"20210208164954","is_ascension_mode":true,"campfire_choices":[{"floor":6,"key":"REST"},{"floor":8,"key":"REST"},{"data":"Deadly Poison","floor":10,"key":"SMITH"},{"floor":15,"key":"DIG"},{"floor":23,"key":"REST"},{"floor":27,"key":"REST"}],"circlet_count":0,"master_deck":["AscendersBane","Strike_G","Strike_G","Strike_G","Strike_G","Defend_G","Defend_G","Defend_G","Defend_G","Defend_G","Survivor","Neutralize","Bane","Deadly Poison+1","Sucker Punch","Adrenaline","Noxious Fumes","Footwork","Acrobatics","Corpse Explosion","Dodge and Roll","Outmaneuver","Catalyst","Deflect","Deadly Poison"],"relics":["Ring of the Snake","The Courier","MawBank","Shovel","Tough Bandages","Runic Pyramid","Strawberry","Happy Flower"],"acts_visited":["Exordium","TheCity"],"potions_floor_usage":[16,24,24,28],"damage_taken":[{"damage":8,"enemies":"Small Slimes","floor":1,"turns":6},{"damage":7,"enemies":"Jaw Worm","floor":2,"turns":6},{"damage":2,"enemies":"2 Louse","floor":5,"turns":3},{"damage":37,"enemies":"Gremlin Nob","floor":7,"turns":5},{"damage":22,"enemies":"Gremlin Gang","floor":11,"turns":5},{"damage":0,"enemies":"Blue Slaver","floor":13,"turns":4},{"damage":22,"enemies":"The Guardian","floor":16,"turns":10},{"damage":0,"enemies":"Spheric Guardian","floor":18,"turns":3},{"damage":2,"enemies":"Shell Parasite","floor":19,"turns":6},{"damage":26,"enemies":"Shelled Parasite and Fungi","floor":20,"turns":8},{"damage":17,"enemies":"Centurion and Healer","floor":21,"turns":10},{"damage":29,"enemies":"Slavers","floor":24,"turns":4},{"damage":21,"enemies":"Snake Plant","floor":25,"turns":7},{"damage":30,"enemies":"Book of Stabbing","floor":28,"turns":5}],"seed_played":"958241319411090276","potions_obtained":[{"floor":11,"key":"EssenceOfSteel"},{"floor":16,"key":"SmokeBomb"},{"floor":20,"key":"EssenceOfSteel"},{"floor":21,"key":"Fire Potion"},{"floor":25,"key":"Poison Potion"}],"is_trial":false,"path_per_floor":["M","M","?","?","M","R","E","R","T","R","M","$","M","?","R","B",null,"M","M","M","M","?","R","E","M","T","R","E"],"character_chosen":"THE_SILENT","items_purchased":["Shovel","Footwork"],"campfire_rested":4,"item_purchase_floors":[12,12],"current_hp_per_floor":[62,55,60,49,47,71,34,58,58,58,36,36,36,36,36,14,65,65,63,37,20,20,44,22,1,1,27,0,0],"gold":330,"neow_bonus":"TEN_PERCENT_HP_BONUS","is_daily":false,"chose_seed":false,"campfire_upgraded":1,"win_rate":0.0,"timestamp":1612799394,"path_taken":["M","M","?","?","M","R","E","R","T","R","M","$","M","?","R","BOSS","M","M","?","?","?","R","E","M","T","R","E"],"items_purchased_type":["Relic","Card"],"build_version":"2020-12-18","purchased_purges":0,"victory":false,"max_hp_per_floor":[77,77,82,82,82,82,82,82,82,82,82,82,82,82,82,82,82,82,82,82,82,82,82,89,89,89,89,89,89],"relic_stats":{"Tough Bandages":[60],"Shovel":1,"Happy Flower":[1],"counters":[14,82],"MawBank":36,"obtain_stats":[{"Tough Bandages":15,"Shovel":12,"Happy Flower":26,"Strawberry":24,"The Courier":7,"MawBank":9,"Ring of the Snake":0,"Runic Pyramid":17},{"Tough Bandages":6,"Shovel":5,"Happy Flower":13,"Strawberry":12,"The Courier":4,"MawBank":4,"Ring of the Snake":0,"Runic Pyramid":7},{"Tough Bandages":29,"Shovel":25,"Happy Flower":77,"Strawberry":70,"The Courier":20,"MawBank":20,"Ring of the Snake":0,"Runic Pyramid":39}],"Ring of the Snake":[28]},"card_choices":[{"not_picked":["Cloak And Dagger","Dagger Throw"],"picked":"Bane","floor":1},{"not_picked":["Blur","Eviscerate"],"picked":"Deadly Poison","floor":2},{"not_picked":["Cloak And Dagger","Slice"],"picked":"Sucker Punch","floor":5},{"not_picked":["Tactician","Deadly Poison"],"picked":"Adrenaline","floor":7},{"not_picked":["Crippling Poison","Footwork"],"picked":"Noxious Fumes","floor":11},{"not_picked":["Backstab","Deadly Poison"],"picked":"Acrobatics","floor":13},{"not_picked":["Wraith Form v2","Tools of the Trade"],"picked":"Corpse Explosion","floor":16},{"not_picked":["Underhanded Strike","Slice"],"picked":"Dodge and Roll","floor":18},{"not_picked":["Dodge and Roll","Die Die Die","Finisher+1"],"picked":"SKIP","floor":19},{"not_picked":["Sucker Punch","Bane+1"],"picked":"Outmaneuver","floor":20},{"not_picked":["Skewer","Dagger Spray"],"picked":"Catalyst","floor":21},{"not_picked":["Poisoned Stab","Infinite Blades"],"picked":"Deflect","floor":24},{"not_picked":["Bane","Well Laid Plans"],"picked":"Deadly Poison","floor":25}],"player_experience":503951,"relics_obtained":[{"floor":7,"key":"The Courier"},{"floor":9,"key":"MawBank"},{"floor":15,"key":"Tough Bandages"},{"floor":24,"key":"Strawberry"},{"floor":26,"key":"Happy Flower"}],"event_choices":[{"damage_healed":0,"gold_gain":0,"player_choice":"Donut","damage_taken":0,"max_hp_gain":5,"max_hp_loss":0,"event_name":"Big Fish","floor":3,"gold_loss":0},{"damage_healed":0,"gold_gain":75,"player_choice":"Gather Gold","damage_taken":11,"max_hp_gain":0,"max_hp_loss":0,"event_name":"World of Goop","floor":4,"gold_loss":0},{"cards_removed":["Strike_G"],"damage_healed":0,"gold_gain":0,"player_choice":"Offered Basic","damage_taken":0,"max_hp_gain":0,"max_hp_loss":0,"event_name":"Bonfire Elementals","floor":14,"gold_loss":0},{"damage_healed":0,"gold_gain":100,"player_choice":"Pray","damage_taken":0,"max_hp_gain":0,"max_hp_loss":0,"event_name":"Golden Shrine","floor":22,"gold_loss":0}],"is_beta":true,"boss_relics":[{"not_picked":["Astrolabe","Black Star"],"picked":"Runic Pyramid"}],"items_purged_floors":[],"is_endless":false,"potions_floor_spawned":[11,16,20,21,25],"killed_by":"Book of Stabbing","ascension_level":12}}