{"host":"iz5gar30eciy4yf4","time":1612825510,"event":{"mods":["Act Like it!","BaseMod","Chen","Dio Mod","Gensokyo","Hallownest","Hubris","Koishi","Marisa????????","Minty Spire (QoL Compilation)","Prisma Mod","Reimu??????","Relic Stats","Remilia??????","StSLib"],"gold_per_floor":[115,135,7,21,34,63,63,25,25,42,62,75,104,104,104,204,204,215,251,251,269,282,308,321,321,345,395,395,425,169,181,181,280,280,297,297,297,311,19,49,49,49],"floor_reached":41,"language":"ENG","playtime":3616,"items_purged":[],"score":515,"play_id":"32d9dba5-7ead-465a-a26d-1c7d1e36d6da","local_time":"20210208180510","is_ascension_mode":false,"campfire_choices":[{"data":"PrismaMod:IllyaUncommonDefend","floor":15,"key":"SMITH"},{"floor":25,"key":"REST"},{"data":"PrismaMod:IllyaPoisonTippedWeapons","floor":28,"key":"SMITH"},{"data":"PrismaMod:IllyaUberPoisonBlock","floor":32,"key":"SMITH"}],"circlet_count":0,"master_deck":["PrismaMod:IllyaCommonAttack","PrismaMod:IllyaCommonDefend","PrismaMod:IllyaCommonAttack","PrismaMod:IllyaCommonDefend+1","PrismaMod:IllyaCommonAttack","PrismaMod:IllyaCommonDefend","PrismaMod:IllyaCommonAttack","PrismaMod:IllyaCommonDefend","PrismaMod:IllyaCommonAttack","PrismaMod:IllyaCommonDefend","PrismaMod:IllyaUncommonAttack","PrismaMod:IllyaUncommonDefend+1","PrismaMod:IllyaCheapChannelDefend","PrismaMod:IllyaBerserCAR","PrismaMod:IllyaCommandSeal","PrismaMod:IllyaPoisonTippedWeapons+1","PrismaMod:IllyaUberChannel+1","PrismaMod:IllyaDualEvoke","PrismaMod:IllyaUberPoisonChannel+1","PrismaMod:IllyaGrail","PrismaMod:IllyaUberPoisonBlock+1","PrismaMod:IllyaInstallArcher","PrismaMod:IllyaPoisoningPhantasm","PrismaMod:IllyaStunPoison","PrismaMod:IllyaRubysPotion","PrismaMod:IllyaBride+1","PrismaMod:IllyaAOECommonAttack+1","PrismaMod:IllyaCarnivalAttack","PrismaMod:IllyaHassanGift+1","PrismaMod:IllyaUberDefendChannel+1","PrismaMod:IllyaFriendMaker+1","PrismaMod:IllyaCarnivalAttack","PrismaMod:IllyaSaphire+1"],"relics":["PrismaMod:PrismaRuby","NeowsBlessing","Mastiff:ReiMu","PreservedInsect","Odd Mushroom","Black Star","RuthlessExorcism:ReiMu","Nunchaku","Smiling Mask","Vajra","Regal Pillow","hubris:PeanutButter","hubris:CrackedHourglass","War Paint","Mummified Hand","Omamori"],"acts_visited":["Exordium","TheCity","TheBeyond"],"potions_floor_usage":[6,12,21,23,31,33,38,38,41,41],"damage_taken":[{"damage":0,"enemies":"Jaw Worm","floor":1,"turns":1},{"damage":0,"enemies":"Cultist","floor":2,"turns":1},{"damage":0,"enemies":"2 Louse","floor":4,"turns":1},{"damage":5,"enemies":"Exordium Thugs","floor":5,"turns":6},{"damage":19,"enemies":"3 Sentries","floor":6,"turns":10},{"damage":8,"enemies":"Looter","floor":10,"turns":3},{"damage":2,"enemies":"Blue Slaver","floor":11,"turns":5},{"damage":12,"enemies":"3 Louse","floor":12,"turns":3},{"damage":9,"enemies":"The Mushroom Lair","floor":13,"turns":6},{"damage":20,"enemies":"Slime Boss","floor":16,"turns":12},{"damage":4,"enemies":"Shell Parasite","floor":18,"turns":5},{"damage":0,"enemies":"Chosen","floor":19,"turns":5},{"damage":17,"enemies":"Shelled Parasite and Fungi","floor":21,"turns":6},{"damage":20,"enemies":"Centurion and Healer","floor":22,"turns":6},{"damage":28,"enemies":"Slavers","floor":23,"turns":7},{"damage":8,"enemies":"Snecko","floor":24,"turns":5},{"damage":6,"enemies":"Book of Stabbing","floor":29,"turns":6},{"damage":0,"enemies":"Cultist and Chosen","floor":31,"turns":4},{"damage":21,"enemies":"hubris:MusketHawk","floor":33,"turns":8},{"damage":0,"enemies":"Orb Walker","floor":35,"turns":4},{"damage":10,"enemies":"3 Darklings","floor":38,"turns":3},{"damage":11,"enemies":"Nemesis","floor":40,"turns":7},{"damage":43,"enemies":"Orin","floor":41,"turns":6}],"seed_played":"8085519895600724386","potions_obtained":[{"floor":1,"key":"Explosive Potion"},{"floor":2,"key":"SpeedPotion"},{"floor":12,"key":"Fruit Juice"},{"floor":16,"key":"Block Potion"},{"floor":22,"key":"PowerPotion"},{"floor":23,"key":"EssenceOfSteel"},{"floor":24,"key":"FearPotion"},{"floor":31,"key":"AttackPotion"},{"floor":33,"key":"DistilledChaos"},{"floor":38,"key":"BlessingOfTheForge"}],"is_trial":false,"path_per_floor":["M","M","$","M","M","E","?","$","T","M","M","M","?","?","R","B",null,"M","M","?","M","M","E","M","R","T","?","R","E","$","M","R","B",null,"M","?","$","M","$","E","?"],"character_chosen":"ILLYA","items_purchased":["PrismaMod:IllyaCommandSeal","PrismaMod:IllyaPoisonTippedWeapons","PrismaMod:IllyaDualEvoke","hubris:PeanutButter","PrismaMod:IllyaCarnivalAttack","War Paint"],"campfire_rested":1,"item_purchase_floors":[3,3,8,30,39,39],"current_hp_per_floor":[75,75,75,75,70,54,75,75,75,67,68,61,55,55,55,38,80,76,79,79,63,51,29,32,56,56,56,56,66,66,69,69,53,80,80,80,80,70,70,67,0,0],"gold":49,"neow_bonus":"THREE_ENEMY_KILL","is_daily":false,"chose_seed":false,"campfire_upgraded":3,"win_rate":0.0,"timestamp":1612825510,"path_taken":["M","M","$","M","M","E","?","?","T","M","?","M","?","?","R","BOSS","M","M","?","?","M","E","M","R","T","?","R","E","?","M","R","BOSS","M","?","$","M","$","E","?"],"items_purchased_type":["Card","Card","Card","Relic","Card","Relic"],"build_version":"2020-12-22","purchased_purges":0,"victory":false,"max_hp_per_floor":[75,75,75,75,75,75,75,75,75,75,75,80,80,80,80,80,80,80,80,80,80,80,80,80,80,80,80,80,80,80,80,80,80,80,80,80,80,80,80,80,80,80],"relic_stats":{"Nunchaku":[8],"Regal Pillow":0,"counters":[23,120],"Mummified Hand":[2],"PreservedInsect":144,"Black Star":3,"War Paint":["PrismaMod:IllyaCommonDefend","PrismaMod:IllyaUberChannel"],"Smiling Mask":0,"obtain_stats":[{"Regal Pillow":29,"NeowsBlessing":0,"Vajra":29,"PreservedInsect":9,"Omamori":40,"Odd Mushroom":13,"War Paint":39,"Smiling Mask":26,"PrismaMod:PrismaRuby":0,"Nunchaku":23,"Mastiff:ReiMu":6,"Mummified Hand":40,"hubris:PeanutButter":30,"Black Star":17,"hubris:CrackedHourglass":34,"RuthlessExorcism:ReiMu":23},{"Regal Pillow":17,"NeowsBlessing":0,"Vajra":17,"PreservedInsect":5,"Omamori":22,"Odd Mushroom":9,"War Paint":21,"Smiling Mask":16,"PrismaMod:PrismaRuby":0,"Nunchaku":15,"Mastiff:ReiMu":5,"Mummified Hand":22,"hubris:PeanutButter":17,"Black Star":10,"hubris:CrackedHourglass":19,"RuthlessExorcism:ReiMu":15},{"Regal Pillow":88,"NeowsBlessing":0,"Vajra":88,"PreservedInsect":19,"Omamori":114,"Odd Mushroom":36,"War Paint":107,"Smiling Mask":82,"PrismaMod:PrismaRuby":0,"Nunchaku":77,"Mastiff:ReiMu":19,"Mummified Hand":114,"hubris:PeanutButter":88,"Black Star":48,"hubris:CrackedHourglass":100,"RuthlessExorcism:ReiMu":77}]},"card_choices":[{"not_picked":["PrismaMod:IllyaPoisonBlock","PrismaMod:IllyaUncommonAttack"],"picked":"PrismaMod:IllyaCheapChannelDefend","floor":1},{"not_picked":["PrismaMod:IllyaAOECommonAttack","PrismaMod:IllyaRapidFire"],"picked":"PrismaMod:IllyaBerserCAR","floor":2},{"not_picked":["PrismaMod:IllyaDualEvoke","PrismaMod:IllyaBoysLove"],"picked":"PrismaMod:IllyaUberChannel","floor":4},{"not_picked":["PrismaMod:IllyaMaid","PrismaMod:IllyaCheapChannelAttack","PrismaMod:IllyaDetonatingBlow"],"picked":"SKIP","floor":5},{"not_picked":["PrismaMod:IllyaRussianRoulette","PrismaMod:IllyaUpgradeOrbs"],"picked":"PrismaMod:IllyaUberPoisonBlock","floor":6},{"not_picked":["PrismaMod:IllyaCheapChannelPoison","PrismaMod:IllyaUncommonAOEAttack"],"picked":"PrismaMod:IllyaUberPoisonChannel","floor":10},{"not_picked":["PrismaMod:IllyaTestament","PrismaMod:IllyaSaphire","PrismaMod:IllyaCommonEvoke"],"picked":"SKIP","floor":11},{"not_picked":["PrismaMod:IllyaCheapChannelAttack","PrismaMod:IllyaCheapChannelDefend"],"picked":"PrismaMod:IllyaGrail","floor":12},{"not_picked":["PrismaMod:IllyaPartialInstallAssassin","PrismaMod:IllyaUncommonAttack"],"picked":"PrismaMod:IllyaUberPoisonBlock","floor":13},{"not_picked":["PrismaMod:IllyaInstallLancer","PrismaMod:IllyaInstallSaber"],"picked":"PrismaMod:IllyaInstallArcher","floor":16},{"not_picked":["PrismaMod:IllyaGrailKun","PrismaMod:IllyaUberChannel"],"picked":"PrismaMod:IllyaPoisoningPhantasm","floor":18},{"not_picked":["PrismaMod:IllyaFeed","PrismaMod:IllyaTestament"],"picked":"PrismaMod:IllyaStunPoison","floor":19},{"not_picked":["PrismaMod:IllyaMaid","PrismaMod:IllyaCheapChannelAttack"],"picked":"PrismaMod:IllyaRubysPotion","floor":21},{"not_picked":["PrismaMod:IllyaMinorZwei","PrismaMod:IllyaCheapAttack","PrismaMod:IllyaBride"],"picked":"SKIP","floor":22},{"not_picked":["PrismaMod:IllyaGrailKun+1","PrismaMod:IllyaCheapChannelDefend+1"],"picked":"PrismaMod:IllyaBride+1","floor":23},{"not_picked":["PrismaMod:IllyaPoisonBomb","PrismaMod:IllyaMinorZwei"],"picked":"PrismaMod:IllyaAOECommonAttack+1","floor":24},{"not_picked":["PrismaMod:IllyaRubysPotion","PrismaMod:IllyaGrailKun"],"picked":"PrismaMod:IllyaCarnivalAttack","floor":29},{"not_picked":["PrismaMod:IllyaCheapChannelAttack","PrismaMod:IllyaPartialInstallAssassin"],"picked":"PrismaMod:IllyaHassanGift+1","floor":31},{"not_picked":["PrismaMod:IllyaInstallBerserker","PrismaMod:IllyaInstallRuler"],"picked":"PrismaMod:IllyaUberDefendChannel","floor":33},{"not_picked":["PrismaMod:IllyaMaid+1","PrismaMod:IllyaCheapChannelDefend","PrismaMod:IllyaCheapChannelAttack"],"picked":"SKIP","floor":35},{"not_picked":["PrismaMod:IllyaBerserCAR+1","PrismaMod:IllyaReinForce"],"picked":"PrismaMod:IllyaFriendMaker+1","floor":38},{"not_picked":["PrismaMod:IllyaRubysPotion+1","PrismaMod:IllyaRussianRoulette"],"picked":"PrismaMod:IllyaSaphire+1","floor":40}],"player_experience":660550,"relics_obtained":[{"floor":6,"key":"Mastiff:ReiMu"},{"floor":9,"key":"PreservedInsect"},{"floor":13,"key":"Odd Mushroom"},{"floor":23,"key":"RuthlessExorcism:ReiMu"},{"floor":23,"key":"Nunchaku"},{"floor":26,"key":"Smiling Mask"},{"floor":29,"key":"Vajra"},{"floor":29,"key":"Regal Pillow"},{"floor":40,"key":"Mummified Hand"},{"floor":40,"key":"Omamori"}],"event_choices":[{"cards_removed":["PrismaMod:IllyaUberPoisonBlock"],"damage_healed":21,"gold_gain":0,"player_choice":"Offered Uncommon","damage_taken":0,"max_hp_gain":0,"max_hp_loss":0,"event_name":"Bonfire Elementals","floor":7,"gold_loss":0},{"damage_healed":0,"gold_gain":0,"player_choice":"Fought Mushrooms","damage_taken":0,"max_hp_gain":0,"max_hp_loss":0,"event_name":"Mushrooms","floor":13,"gold_loss":0},{"damage_healed":0,"gold_gain":0,"player_choice":"Ignored","damage_taken":0,"max_hp_gain":0,"max_hp_loss":0,"event_name":"Liars Game","floor":14,"gold_loss":0},{"damage_healed":0,"gold_gain":0,"player_choice":"Upgraded","damage_taken":0,"max_hp_gain":0,"max_hp_loss":0,"event_name":"Upgrade Shrine","floor":20,"gold_loss":0,"cards_upgraded":["PrismaMod:IllyaUberPoisonChannel"]},{"damage_healed":0,"gold_gain":100,"player_choice":"Bet on Murderer","damage_taken":0,"max_hp_gain":0,"max_hp_loss":0,"event_name":"The Joust","floor":27,"gold_loss":50},{"damage_healed":0,"gold_gain":0,"player_choice":"Fight","damage_taken":0,"max_hp_gain":0,"max_hp_loss":0,"event_name":"OrinTheCat","floor":41,"gold_loss":0}],"is_beta":false,"boss_relics":[{"not_picked":["hubris:TerracottaHorce","Fusion Hammer"],"picked":"Black Star"},{"not_picked":["Velvet Choker","hubris:GrandSneckoEye"],"picked":"hubris:CrackedHourglass"}],"items_purged_floors":[],"is_endless":false,"potions_floor_spawned":[1,2,12,16,22,23,24,31,33,38],"killed_by":"Orin","ascension_level":0}}