{"host":"5dk97cf2ubw2v967","time":1612810395,"event":{"mods":["AlwaysNeverKeys","BaseMod","Better Altar","Better Vampires","Block Reminder","Card Filter","Colored Powertips","Downfall","Googly Eyes","Highlight Path","Minty Spire (QoL Compilation)","Permanent Neow","Potion Indicator Mod","Quick Restart","Relic Filter","Relic Stats","Say the Spire","Spicy Shops","StSLib","Waifu the Spire","everything is the same but u backflip on backflip"],"gold_per_floor":[111,21,21,38,38,38,70,70,97,126,136,136,136,136,148,160,160],"floor_reached":16,"language":"ENG","playtime":513,"items_purged":[],"score":212,"play_id":"a3bff85d-c12d-4d8b-859a-30336a8bd4f2","local_time":"20210208185315","is_ascension_mode":true,"campfire_choices":[{"data":"Twin Strike","floor":6,"key":"SMITH"},{"floor":8,"key":"REST"},{"data":"Bash","floor":12,"key":"SMITH"},{"floor":15,"key":"REST"}],"circlet_count":0,"master_deck":["AscendersBane","Strike_R","Strike_R","Strike_R","Strike_R","Strike_R","Defend_R","Defend_R","Defend_R","Bash+1","Twin Strike+1","Rupture+1","Flame Barrier","Rage","Reaper","Pummel"],"relics":["Burning Blood","Du-Vu Doll","Torii","Bag of Preparation","Boot","Question Card","MawBank"],"acts_visited":["Exordium"],"potions_floor_usage":[7,16],"damage_taken":[{"damage":1,"enemies":"Cultist","floor":1,"turns":3},{"damage":5,"enemies":"Small Slimes","floor":4,"turns":3},{"damage":30,"enemies":"Lagavulin","floor":7,"turns":5},{"damage":28,"enemies":"3 Sentries","floor":10,"turns":10},{"damage":1,"enemies":"2 Louse","floor":11,"turns":4},{"damage":61,"enemies":"Hexaghost","floor":16,"turns":9}],"seed_played":"4345621965371531010","potions_obtained":[{"floor":4,"key":"Fire Potion"},{"floor":10,"key":"hexamod:SoulburnPotion"}],"is_trial":false,"path_per_floor":["M","$","?","M","T","R","E","R","T","E","M","R","?","?","R","B"],"character_chosen":"IRONCLAD","items_purchased":["Rupture"],"campfire_rested":2,"item_purchase_floors":[2],"current_hp_per_floor":[55,55,55,56,56,56,32,54,54,32,45,45,45,27,49,0,0],"gold":160,"neow_bonus":"ONE_RARE_RELIC","is_daily":false,"chose_seed":false,"campfire_upgraded":2,"win_rate":0.0,"timestamp":1612810395,"path_taken":["M","$","?","?","?","R","E","R","T","E","M","R","?","?","R","BOSS"],"items_purchased_type":["Card"],"build_version":"2020-12-22","purchased_purges":0,"victory":false,"max_hp_per_floor":[75,75,75,75,75,75,75,75,75,75,75,75,75,75,75,75,75],"relic_stats":{"Torii":33,"counters":[6,34],"Bag of Preparation":[6],"Boot":[8],"Question Card":1,"MawBank":24,"obtain_stats":[{"Du-Vu Doll":0,"Torii":5,"Bag of Preparation":7,"Boot":9,"Question Card":10,"MawBank":14,"Burning Blood":0},{"Du-Vu Doll":0,"Torii":2,"Bag of Preparation":3,"Boot":3,"Question Card":4,"MawBank":5,"Burning Blood":0},{"Du-Vu Doll":0,"Torii":6,"Bag of Preparation":11,"Boot":11,"Question Card":21,"MawBank":25,"Burning Blood":0}],"Burning Blood":30},"card_choices":[{"not_picked":["Clothesline","Body Slam"],"picked":"Twin Strike","floor":1},{"not_picked":["Headbutt","Wild Strike"],"picked":"Flame Barrier","floor":4},{"not_picked":["Cleave","Clash"],"picked":"Rage","floor":7},{"not_picked":["Perfected Strike","Clash"],"picked":"Reaper","floor":10},{"not_picked":["True Grit","Armaments","Dropkick"],"picked":"Pummel","floor":11}],"player_experience":1297790,"relics_obtained":[{"floor":5,"key":"Torii"},{"floor":7,"key":"Bag of Preparation"},{"floor":9,"key":"Boot"},{"floor":10,"key":"Question Card"}],"event_choices":[{"damage_healed":0,"gold_gain":0,"player_choice":"Upgraded","damage_taken":0,"max_hp_gain":0,"max_hp_loss":0,"event_name":"Upgrade Shrine","floor":3,"gold_loss":0,"cards_upgraded":["Rupture"]},{"cards_removed":["Defend_R"],"damage_healed":0,"gold_gain":0,"player_choice":"Forget","damage_taken":0,"max_hp_gain":0,"max_hp_loss":0,"event_name":"Living Wall","floor":13,"gold_loss":0},{"damage_healed":0,"gold_gain":0,"player_choice":"Success","damage_taken":18,"relics_obtained":["MawBank"],"max_hp_gain":0,"max_hp_loss":0,"event_name":"Scrap Ooze","floor":14,"gold_loss":0}],"is_beta":false,"boss_relics":[],"items_purged_floors":[],"is_endless":false,"potions_floor_spawned":[4,10],"killed_by":"Hexaghost","ascension_level":20}}