{"host":"0awa854l6bexpjrv","time":1612756959,"event":{"mods":["BaseMod","Block Reminder","Colored Map","Colored Powertips","Downfall","Highlight Path","Minty Spire (QoL Compilation)","Quick Restart","Rare Cards Sparkle","StSLib","SuperFastMode"],"gold_per_floor":[99,162,72,72,91,91,141,161,176,11,42,42,42,65,78,197,197,197,210,210,210,210,227,227,227,227,227,227],"floor_reached":26,"language":"ENG","playtime":1521,"items_purged":["sneckomod:Strike","sneckomod:Strike"],"score":202,"play_id":"fd8545a4-1949-4daa-871a-9a395cc0d316","local_time":"20210207200239","is_ascension_mode":false,"campfire_choices":[{"data":"sneckomod:UnendingSupply","floor":1.0,"key":"SMITH"},{"data":"sneckomod:DiceBoulder","floor":6.0,"key":"SMITH"},{"floor":13.0,"key":"REST"},{"data":"sneckomod:Cheat","floor":18.0,"key":"SMITH"},{"data":"sneckomod:UnknownRareSkill","floor":25,"key":"SMITH"}],"circlet_count":0,"master_deck":["sneckomod:TailWhip","sneckomod:SnekBite","sneckomod:Unknown","sneckomod:Unknown","sneckomod:UnendingSupply+1","sneckomod:SnakeSap","sneckomod:DiceBoulder+1","sneckomod:SlitherStrike","sneckomod:PureSnecko","sneckomod:DiceBlock","sneckomod:Unknown0Cost","sneckomod:Cheat+1","sneckomod:IronFang","sneckomod:UnlimitedRolls+1","sneckomod:UnknownRareSkill+1","sneckomod:UnknownX","sneckomod:UnknownDexterity","sneckomod:UnknownCommonSkill","sneckomod:DiceCrush"],"relics":["sneckomod:SneckoSoul","Sundial","Pen Nib","Strawberry","Bag of Preparation","Busted Crown","Enchiridion","Toy Ornithopter"],"acts_visited":["TheCity"],"potions_floor_usage":[],"damage_taken":[{"damage":25.0,"enemies":"3 Sentries","floor":2.0,"turns":7.0},{"damage":0.0,"enemies":"downfall:FleeingMerchant","floor":3.0,"turns":4.0},{"damage":0.0,"enemies":"Cultist","floor":5.0,"turns":3.0},{"damage":8.0,"enemies":"Jaw Worm","floor":8.0,"turns":3.0},{"damage":5.0,"enemies":"Small Slimes","floor":9.0,"turns":3.0},{"damage":1.0,"enemies":"downfall:FleeingMerchant","floor":10.0,"turns":4.0},{"damage":18.0,"enemies":"Lagavulin","floor":11.0,"turns":4.0},{"damage":23.0,"enemies":"Large Slime","floor":15.0,"turns":5.0},{"damage":50.0,"enemies":"DF_ARCHETYPE_STREAMLINE","floor":16.0,"turns":8.0},{"damage":5.0,"enemies":"Chosen","floor":19.0,"turns":3.0},{"damage":5.0,"enemies":"3 Byrds","floor":23.0,"turns":5.0},{"damage":31,"enemies":"Sentry and Sphere","floor":26,"turns":4}],"seed_played":"7867827078577313121","potions_obtained":[{"floor":8.0,"key":"sneckomod:DiceRollPotion"},{"floor":9.0,"key":"BlessingOfTheForge"},{"floor":11.0,"key":"BlessingOfTheForge"},{"floor":15.0,"key":"Strength Potion"},{"floor":16.0,"key":"sneckomod:DiceRollPotion"}],"is_trial":false,"path_per_floor":["R","?","$","?","M","R","T","M","M","$","E","?","R","T","M","B",null,"R","M","?","?","?","M","T","R","M"],"character_chosen":"THE_SNECKO","items_purchased":["Fire Potion"],"campfire_rested":1,"item_purchase_floors":[10],"current_hp_per_floor":[90,65,65,70,70,70,70,62,57,56,45,45,75,75,52,2,102,102,97,97,81,81,76,76,76,45,45,45],"gold":227,"neow_bonus":"THREE_CARDS","is_daily":false,"chose_seed":false,"campfire_upgraded":4,"win_rate":0.0,"timestamp":1612756959,"path_taken":["R","?","$","?","M","R","T","M","M","$","E","?","R","?","M","BOSS","R","M","?","?","?","M","T","R","?"],"items_purchased_type":["Potion"],"build_version":"2020-12-22","purchased_purges":2,"victory":false,"max_hp_per_floor":[90,90,90,95,95,95,95,95,95,95,102,102,102,102,102,102,102,102,102,102,102,102,102,102,102,102,102,102],"card_choices":[{"not_picked":["sneckomod:DiceBlock","sneckomod:UnknownStrike"],"picked":"sneckomod:UnendingSupply","floor":0.0},{"not_picked":["sneckomod:SoulRoll","sneckomod:DiceCrush"],"picked":"sneckomod:SnakeSap","floor":2.0},{"not_picked":["sneckomod:UnknownBlock","sneckomod:IronFang"],"picked":"sneckomod:DiceBoulder","floor":3.0},{"not_picked":["sneckomod:DiceBoulder","sneckomod:MixItUp"],"picked":"sneckomod:SlitherStrike","floor":5.0},{"not_picked":["sneckomod:IronFang","sneckomod:Nope"],"picked":"sneckomod:PureSnecko","floor":8.0},{"not_picked":["sneckomod:SoulRoll","sneckomod:DiceCrush"],"picked":"sneckomod:DiceBlock","floor":9.0},{"not_picked":["sneckomod:DiceBoulder","sneckomod:DiceBlock"],"picked":"sneckomod:Unknown0Cost","floor":10.0},{"not_picked":["sneckomod:SnakeSap","sneckomod:UnknownColorless"],"picked":"sneckomod:Cheat","floor":11.0},{"not_picked":["sneckomod:DiceBlock","sneckomod:SoulDraw"],"picked":"sneckomod:IronFang","floor":15.0},{"not_picked":["sneckomod:GlitteringGambit","sneckomod:SerpentMind"],"picked":"sneckomod:UnlimitedRolls","floor":16.0},{"not_picked":["sneckomod:UnknownCommonSkill"],"picked":"SKIP","floor":19.0},{"not_picked":[],"picked":"sneckomod:DiceCrush","floor":23.0}],"player_experience":740740,"relics_obtained":[{"floor":2.0,"key":"Sundial"},{"floor":7.0,"key":"Pen Nib"},{"floor":11.0,"key":"Strawberry"},{"floor":14.0,"key":"Bag of Preparation"},{"floor":21.0,"key":"Enchiridion"},{"floor":24.0,"key":"Toy Ornithopter"}],"event_choices":[{"damage_healed":0.0,"max_hp_gain":5.0,"max_hp_loss":0.0,"gold_gain":0.0,"event_name":"Big Fish","player_choice":"Donut","floor":4.0,"gold_loss":0.0,"damage_taken":0.0}],"is_beta":false,"boss_relics":[{"not_picked":["Cursed Key","Philosopher\u0027s Stone"],"picked":"Busted Crown"}],"items_purged_floors":[3,10],"is_endless":false,"potions_floor_spawned":[8,9,11,15,16],"killed_by":"Sentry and Sphere","ascension_level":0}}