{"host":"v3qphhcqhwfpabne","time":1612787145,"event":{"mods":["100% Spire Juice","2.2 Compatiblity","AchievementEnabler","BaseMod","CapriCore","DeckTracker","KinomotoSakuraMod(ÙÊñýÜâ?)","Koishi","Marisa£¨Ùöéë¡¡Øª×âÞÞ£©","Minty Spire (QoL Compilation)","Permanent Neow","Prisma Mod","StSLib","Td1madao Mod","The Bug Knight","The Cursed","The Immortal","The Runesmith","WarShipGirlsR/??á´Ò³R mod"],"gold_per_floor":[11,30,48,48,28,28,48,48,120,120,120],"floor_reached":10,"language":"KOR","playtime":380,"items_purged":[],"score":83,"play_id":"ce010dee-d0c0-430b-ae70-2e65296ef3d9","local_time":"20210208212545","is_ascension_mode":false,"campfire_choices":[{"data":"Runesmith:CraftFirestone","floor":6,"key":"SMITH"}],"circlet_count":0,"master_deck":["Runesmith:Strike_RS","Runesmith:Strike_RS","Runesmith:Strike_RS","Runesmith:Strike_RS+1","Runesmith:Defend_RS+1","Runesmith:Defend_RS","Runesmith:Defend_RS","Runesmith:Defend_RS","Runesmith:CraftFirestone+1","Runesmith:Fortify","Runesmith:EarthShield"],"relics":["Runesmith:BrokenRuby","Mango","Tiny Chest","Pear"],"acts_visited":["Exordium"],"potions_floor_usage":[],"damage_taken":[{"damage":0,"enemies":"Small Slimes","floor":1,"turns":5},{"damage":6,"enemies":"2 Louse","floor":2,"turns":3},{"damage":3,"enemies":"Jaw Worm","floor":3,"turns":5},{"damage":2,"enemies":"Exordium Thugs","floor":7,"turns":8},{"damage":61,"enemies":"Gremlin Nob","floor":10,"turns":5}],"seed_played":"-7224615016947117134","potions_obtained":[{"floor":2,"key":"Energy Potion"},{"floor":7,"key":"Ancient Potion"}],"is_trial":false,"path_per_floor":["M","M","M","?","?","R","M","?","T","E"],"character_chosen":"RUNESMITH_CLASS","items_purchased":[],"campfire_rested":0,"item_purchase_floors":[],"current_hp_per_floor":[84,78,75,68,68,68,66,49,59,0,0],"gold":120,"neow_bonus":"ONE_RARE_RELIC","is_daily":false,"chose_seed":false,"campfire_upgraded":1,"win_rate":0.0,"timestamp":1612787145,"path_taken":["M","M","M","?","?","R","M","?","T","E"],"items_purchased_type":[],"build_version":"2020-12-22","purchased_purges":0,"victory":false,"max_hp_per_floor":[84,84,84,84,84,84,84,84,94,94,94],"card_choices":[{"not_picked":["Runesmith:ShiftingStrike","Runesmith:Electrocute","Runesmith:Overpower"],"picked":"SKIP","floor":1},{"not_picked":["Runesmith:Empowerment","Runesmith:UnstableHammer","Runesmith:MakeshiftArmor"],"picked":"SKIP","floor":2},{"not_picked":["Runesmith:ShiftingStrike","Runesmith:CraftReservo","Runesmith:EnergizedChisel"],"picked":"SKIP","floor":3},{"not_picked":[],"picked":"Runesmith:EarthShield","floor":5},{"not_picked":["Runesmith:CraftSpiculum","Runesmith:HeatedChisel","Runesmith:PerfectChisel"],"picked":"SKIP","floor":7}],"player_experience":112111,"relics_obtained":[{"floor":9,"key":"Pear"}],"event_choices":[{"damage_healed":0,"gold_gain":0,"player_choice":"Success","damage_taken":7,"relics_obtained":["Tiny Chest"],"max_hp_gain":0,"max_hp_loss":0,"event_name":"Scrap Ooze","floor":4,"gold_loss":0},{"damage_healed":0,"gold_gain":0,"player_choice":"Entered Light","damage_taken":17,"max_hp_gain":0,"max_hp_loss":0,"event_name":"Shining Light","floor":8,"gold_loss":0,"cards_upgraded":["Runesmith:Strike_RS","Runesmith:Defend_RS"]}],"is_beta":false,"boss_relics":[],"items_purged_floors":[],"is_endless":false,"potions_floor_spawned":[2,7],"killed_by":"Gremlin Nob","ascension_level":0}}