{"host":"hmqgkh1yopklu0aj","time":1612813079,"event":{"mods":["BaseMod","Block Reminder","Colored Map","Minty Spire (QoL Compilation)"],"gold_per_floor":[110,110,128,203,218,218,17,28,28,93,93,93,93,119,119,219,219,233,233,243,257,17,17,34,48,48,48,68,68,84,99,99,99,99],"floor_reached":33,"language":"ENG","playtime":2064,"items_purged":[],"score":249,"play_id":"08874ff7-e696-4ba4-940f-89ea7b0462eb","local_time":"20210208203759","is_ascension_mode":false,"campfire_choices":[{"floor":6,"key":"REST"},{"data":"Crippling Poison","floor":11,"key":"SMITH"},{"floor":13,"key":"REST"},{"data":"Poisoned Stab","floor":15,"key":"SMITH"},{"floor":27,"key":"REST"},{"floor":29,"key":"REST"},{"floor":32,"key":"REST"}],"circlet_count":0,"master_deck":["Strike_G","Strike_G","Strike_G","Strike_G","Defend_G","Defend_G","Defend_G","Survivor","Neutralize","A Thousand Cuts+1","Choke+1","Crippling Poison+1","Quick Slash","Blade Dance","Poisoned Stab+1","Dagger Throw","Outmaneuver+1","Poisoned Stab+1","Venomology+1","Distraction+1","Flying Knee+1","Noxious Fumes","Poisoned Stab+1","Flechettes+1","Flying Knee+1","Endless Agony+1","Slice+1","Slice+1","Blade Dance+1"],"relics":["Astrolabe","Orichalcum","Snake Skull","Toxic Egg 2","Bag of Preparation","WristBlade","Molten Egg 2","HandDrill","Mercury Hourglass"],"acts_visited":["Exordium","TheCity"],"potions_floor_usage":[10,16,20,21,25,25,30,31,33,33,33,33],"damage_taken":[{"damage":6,"enemies":"2 Louse","floor":1,"turns":2},{"damage":0,"enemies":"Cultist","floor":3,"turns":3},{"damage":5,"enemies":"Small Slimes","floor":5,"turns":3},{"damage":9,"enemies":"Blue Slaver","floor":8,"turns":4},{"damage":8,"enemies":"3 Sentries","floor":10,"turns":6},{"damage":13,"enemies":"Gremlin Nob","floor":14,"turns":3},{"damage":30,"enemies":"The Guardian","floor":16,"turns":7},{"damage":3,"enemies":"Shell Parasite","floor":18,"turns":3},{"damage":11,"enemies":"3 Byrds","floor":20,"turns":3},{"damage":8,"enemies":"3 Cultists","floor":21,"turns":4},{"damage":16,"enemies":"Snecko","floor":24,"turns":4},{"damage":13,"enemies":"Snake Plant","floor":25,"turns":3},{"damage":0,"enemies":"Cultist and Chosen","floor":28,"turns":3},{"damage":11,"enemies":"Centurion and Healer","floor":30,"turns":3},{"damage":0,"enemies":"Snake Plant","floor":31,"turns":2},{"damage":80,"enemies":"Automaton","floor":33,"turns":6}],"seed_played":"6795721263650650956","potions_obtained":[{"floor":1,"key":"Energy Potion"},{"floor":3,"key":"Dexterity Potion"},{"floor":18,"key":"EssenceOfSteel"},{"floor":24,"key":"Swift Potion"},{"floor":28,"key":"EntropicBrew"}],"is_trial":false,"path_per_floor":["M","?","M","?","M","R","$","M","T","?","R","?","R","E","R","B",null,"M","?","M","M","$","?","M","M","T","R","M","R","M","M","R","B"],"character_chosen":"THE_SILENT","items_purchased":["Orichalcum","Poisoned Stab","HandDrill","Poisoned Stab+1","Flechettes+1"],"campfire_rested":5,"item_purchase_floors":[7,7,22,22,22],"current_hp_per_floor":[64,64,64,53,48,69,69,60,60,52,52,52,70,57,57,27,70,67,67,56,48,48,35,19,6,6,28,28,50,39,39,61,0,0],"gold":99,"neow_bonus":"BOSS_RELIC","is_daily":false,"chose_seed":false,"campfire_upgraded":2,"win_rate":0.0,"timestamp":1612813079,"path_taken":["M","?","?","?","M","R","$","M","T","?","R","?","R","E","R","BOSS","M","?","M","?","$","?","M","M","T","R","M","R","M","M","R","BOSS"],"items_purchased_type":["Relic","Card","Relic","Card","Card"],"build_version":"2020-12-22","purchased_purges":0,"victory":false,"max_hp_per_floor":[70,70,70,70,70,70,70,70,70,70,70,70,70,70,70,70,70,70,70,70,70,70,75,75,75,75,75,75,75,75,75,75,75,75],"card_choices":[{"not_picked":["Well Laid Plans","Masterful Stab"],"picked":"Crippling Poison","floor":1},{"not_picked":["Prepared","Outmaneuver"],"picked":"Quick Slash","floor":3},{"not_picked":["Deflect","Acrobatics"],"picked":"Blade Dance","floor":5},{"not_picked":["Poisoned Stab","Well Laid Plans"],"picked":"Dagger Throw","floor":8},{"not_picked":["Slice","Footwork"],"picked":"Outmaneuver+1","floor":10},{"not_picked":["Prepared+1","Slice"],"picked":"Poisoned Stab","floor":14},{"not_picked":["Unload","A Thousand Cuts"],"picked":"Venomology+1","floor":16},{"not_picked":["Outmaneuver+1","Quick Slash+1"],"picked":"Distraction+1","floor":18},{"not_picked":["Prepared+1","Expertise+1"],"picked":"Flying Knee+1","floor":20},{"not_picked":["Reflex+1","Backflip+1"],"picked":"Noxious Fumes","floor":21},{"not_picked":["Backflip+1","Caltrops"],"picked":"Flying Knee+1","floor":24},{"not_picked":["Dash+1","Prepared+1"],"picked":"Endless Agony+1","floor":25},{"not_picked":["Endless Agony+1","Deflect+1"],"picked":"Slice+1","floor":28},{"not_picked":["Escape Plan+1","Expertise+1"],"picked":"Slice+1","floor":30},{"not_picked":["Tactician+1","Deflect+1"],"picked":"Blade Dance+1","floor":31}],"player_experience":20374,"relics_obtained":[{"floor":9,"key":"Snake Skull"},{"floor":10,"key":"Toxic Egg 2"},{"floor":14,"key":"Bag of Preparation"},{"floor":26,"key":"Mercury Hourglass"}],"event_choices":[{"cards_removed":["Doppelganger"],"damage_healed":0,"gold_gain":0,"player_choice":"Purged","damage_taken":0,"max_hp_gain":0,"max_hp_loss":0,"event_name":"Purifier","floor":2,"gold_loss":0},{"damage_healed":0,"gold_gain":75,"player_choice":"Gather Gold","damage_taken":11,"max_hp_gain":0,"max_hp_loss":0,"event_name":"World of Goop","floor":4,"gold_loss":0},{"damage_healed":0,"gold_gain":30,"player_choice":"Searched \u00273\u0027 times","damage_taken":0,"max_hp_gain":0,"max_hp_loss":0,"event_name":"Dead Adventurer","floor":10,"gold_loss":0},{"damage_healed":0,"gold_gain":0,"player_choice":"Grow","damage_taken":0,"max_hp_gain":0,"max_hp_loss":0,"event_name":"Living Wall","floor":12,"gold_loss":0,"cards_upgraded":["Poisoned Stab"]},{"damage_healed":0,"gold_gain":0,"player_choice":"Gave Potion","damage_taken":0,"relics_obtained":["Molten Egg 2"],"max_hp_gain":0,"max_hp_loss":0,"event_name":"WeMeetAgain","floor":19,"gold_loss":0},{"damage_healed":0,"gold_gain":0,"player_choice":"Shed Blood","damage_taken":18,"max_hp_gain":5,"max_hp_loss":0,"event_name":"Forgotten Altar","floor":23,"gold_loss":0}],"is_beta":false,"boss_relics":[{"not_picked":["Philosopher\u0027s Stone","Runic Dome"],"picked":"WristBlade"}],"items_purged_floors":[],"is_endless":false,"potions_floor_spawned":[1,3,18,24,28,31],"killed_by":"Automaton","ascension_level":0}}