{"host":"jt4xaqerixsfdsye","time":1612813052,"event":{"mods":["BaseMod","Downfall","Minty Spire (QoL Compilation)","StSLib"],"gold_per_floor":[99,110,120,131,142,142,195,15,28,47,59,79,79,79,94,195,195,195,208,208,225,14,30,30,45,145,159,259,259,259,278,291,291,291,291],"floor_reached":33,"language":"ENG","playtime":2990,"items_purged":[],"score":284,"play_id":"1e6c9104-193b-47bb-86bf-214466face3b","local_time":"20210208203732","is_ascension_mode":true,"campfire_choices":[{"data":"Slimebound:Split","floor":1,"key":"SMITH"},{"data":"Slimebound:SlimeBrawl","floor":6,"key":"SMITH"},{"data":"Slimebound:MassRepurpose","floor":13,"key":"SMITH"},{"data":"Slimebound:DivideAndConquer","floor":18,"key":"SMITH"}],"circlet_count":0,"master_deck":["Slimebound:Strike_Slimebound","Slimebound:Strike_Slimebound","Slimebound:Strike_Slimebound","Slimebound:Tackle","Slimebound:Defend_Slimebound","Slimebound:Defend_Slimebound","Slimebound:Defend_Slimebound","Slimebound:Defend_Slimebound","Slimebound:Split+1","Slimebound:CorrosiveSpit","Slimebound:SplitAcid","Slimebound:LivingWall","Slimebound:MegaLick","Slimebound:SlimeBrawl+1","Slimebound:SplitBruiser","Slimebound:SlimeTap","Slimebound:ProtectTheBoss","Slimebound:SplitLeeching","Slimebound:SplitMire","Slimebound:SlimeBrawl","Slimebound:MassRepurpose+1","Slimebound:DivideAndConquer+1","Slimebound:PressTheAttack","Slimebound:LeechLife","CurseOfTheBell","Slimebound:GrowthPunch","Slimebound:PressTheAttack","Slimebound:Nibble","Slimebound:FirmFortitude","Slimebound:Prepare","Slimebound:SpikyOuterGoop","Slimebound:LeechingTouch","Slimebound:SlimeBarrage","Slimebound:SplitAcid","Slimebound:DivideAndConquer+1","Slimebound:RallyTheTroops"],"relics":["Slimebound:AbsorbEndCombat","Bag of Preparation","Calling Bell","Blood Vial","Kunai","WingedGreaves","Question Card","Lantern","Shuriken","Du-Vu Doll"],"acts_visited":["Exordium","TheCity"],"potions_floor_usage":[16,16,25,28,28,32,32,33],"damage_taken":[{"damage":3,"enemies":"2 Louse","floor":2,"turns":2},{"damage":0,"enemies":"Cultist","floor":3,"turns":3},{"damage":0,"enemies":"Jaw Worm","floor":4,"turns":3},{"damage":11,"enemies":"2 Fungi Beasts","floor":5,"turns":3},{"damage":8,"enemies":"downfall:FleeingMerchant","floor":8,"turns":4},{"damage":0,"enemies":"3 Louse","floor":9,"turns":2},{"damage":4,"enemies":"Exordium Thugs","floor":10,"turns":3},{"damage":2,"enemies":"2 Fungi Beasts","floor":11,"turns":3},{"damage":3,"enemies":"Large Slime","floor":12,"turns":4},{"damage":7,"enemies":"Gremlin Gang","floor":15,"turns":3},{"damage":16,"enemies":"WA_ARCHETYPE_RETAIN","floor":16,"turns":4},{"damage":27,"enemies":"3 Byrds","floor":19,"turns":4},{"damage":10,"enemies":"Spheric Guardian","floor":21,"turns":4},{"damage":6,"enemies":"downfall:FleeingMerchant","floor":22,"turns":4},{"damage":26,"enemies":"Snake Plant","floor":23,"turns":6},{"damage":0,"enemies":"3 Cultists","floor":25,"turns":4},{"damage":14,"enemies":"Centurion and Healer","floor":27,"turns":3},{"damage":15,"enemies":"IC_STATUS_ARCHETYPE","floor":28,"turns":6},{"damage":0,"enemies":"Cultist and Chosen","floor":31,"turns":6},{"damage":16,"enemies":"Snake Plant","floor":32,"turns":2},{"damage":70,"enemies":"DF_ARCHETYPE_CLAW","floor":33,"turns":7}],"seed_played":"8802264236894073715","potions_obtained":[{"floor":2,"key":"Strength Potion"},{"floor":5,"key":"FearPotion"},{"floor":9,"key":"SkillPotion"},{"floor":10,"key":"BlessingOfTheForge"},{"floor":19,"key":"EssenceOfSteel"},{"floor":23,"key":"DistilledChaos"},{"floor":28,"key":"FearPotion"},{"floor":31,"key":"champ:CounterPotion"},{"floor":32,"key":"Strength Potion"}],"is_trial":false,"path_per_floor":["R","M","M","M","M","R","T","$","M","M","M","M","R","?","M","B",null,"R","M","T","M","$","M","T","M","?","M","?","?","?","M","M","B"],"character_chosen":"SLIMEBOUND","items_purchased":["Slimebound:SlimeTap","Slimebound:ProtectTheBoss","Slimebound:SplitLeeching","Slimebound:FirmFortitude","Slimebound:Prepare","Slimebound:SpikyOuterGoop"],"campfire_rested":0,"item_purchase_floors":[8,8,8,22,22,22],"current_hp_per_floor":[65,64,65,65,58,58,58,54,58,58,58,61,61,61,54,42,65,65,63,63,57,57,37,37,45,45,37,36,57,62,65,51,0,0,0],"gold":291,"neow_bonus":"RANDOM_COMMON_RELIC","is_daily":false,"chose_seed":false,"campfire_upgraded":4,"win_rate":0.0,"timestamp":1612813052,"path_taken":["R","M","M","M","M","R","T","$","M","M","M","M","R","?","M","BOSS","R","M","?","M","$","?","T","M","?","M","?","?","?","M","M","BOSS"],"items_purchased_type":["Card","Card","Card","Card","Card","Card"],"build_version":"2020-12-22","purchased_purges":0,"victory":false,"max_hp_per_floor":[65,65,65,65,65,65,65,65,65,65,65,65,65,65,65,65,65,65,65,65,65,65,65,65,65,65,65,65,65,65,65,65,65,65,65],"card_choices":[{"not_picked":["Slimebound:LeechingTouch","Slimebound:Gluttony"],"picked":"Slimebound:SplitAcid","floor":2},{"not_picked":["Slimebound:AcidTongue","Slimebound:SlimeSpikes"],"picked":"Slimebound:LivingWall","floor":3},{"not_picked":["Slimebound:ComboTackle","Slimebound:TongueLash"],"picked":"Slimebound:MegaLick","floor":4},{"not_picked":["Slimebound:SplitBruiser","Slimebound:LivingWall"],"picked":"Slimebound:SlimeBrawl","floor":5},{"not_picked":["Slimebound:FinishingTackle","Slimebound:PrepareCrush"],"picked":"Slimebound:SplitBruiser","floor":8},{"not_picked":["Slimebound:HauntingLick","Slimebound:Grow"],"picked":"Slimebound:SplitMire","floor":9},{"not_picked":["Slimebound:GoopTackle","Slimebound:ComboTackle"],"picked":"Slimebound:SlimeBrawl","floor":10},{"not_picked":["Slimebound:LeechingTouch","Slimebound:LivingWall"],"picked":"Slimebound:MassRepurpose","floor":11},{"not_picked":["Slimebound:ProtectTheBoss","Slimebound:Equalize"],"picked":"Slimebound:DivideAndConquer","floor":12},{"not_picked":["Slimebound:HauntingLick","Slimebound:SplitBruiser"],"picked":"Slimebound:PressTheAttack","floor":15},{"not_picked":["Slimebound:DouseInSlime","Slimebound:SlimeSlap"],"picked":"Slimebound:LeechLife","floor":16},{"not_picked":["Slimebound:SplitAcid","Slimebound:SlimeSpikes"],"picked":"Slimebound:GrowthPunch","floor":19},{"not_picked":["Slimebound:Schlurp","Slimebound:ComboTackle","Slimebound:SplitBruiser"],"picked":"Slimebound:PressTheAttack","floor":21},{"not_picked":["Slimebound:Schlurp","Slimebound:GoopTackle","Slimebound:Dissolve"],"picked":"Slimebound:Nibble","floor":22},{"not_picked":["Slimebound:SplitAcid","Slimebound:SplitMire","Slimebound:LeechEnergy"],"picked":"Slimebound:LeechingTouch","floor":23},{"not_picked":["Slimebound:LeechingTouch+1","Slimebound:LeadByExample","Slimebound:MegaLick"],"picked":"Slimebound:SlimeBarrage","floor":25},{"not_picked":["Slimebound:LeechingTouch","Slimebound:Schlurp+1","Slimebound:Gluttony"],"picked":"Slimebound:SlimeSpikes+1","floor":27},{"not_picked":["Slimebound:MegaLick","Slimebound:ProtectTheBoss","Slimebound:HauntingLick"],"picked":"Slimebound:SplitAcid","floor":28},{"not_picked":["Slimebound:SamplingLick","Slimebound:Grow","Slimebound:GoopSpray"],"picked":"Slimebound:DivideAndConquer+1","floor":31},{"not_picked":["Slimebound:SplitAcid","Slimebound:AcidTongue","Slimebound:Equalize+1"],"picked":"Slimebound:RallyTheTroops","floor":32}],"player_experience":187605,"relics_obtained":[{"floor":17,"key":"Blood Vial"},{"floor":17,"key":"Kunai"},{"floor":17,"key":"WingedGreaves"},{"floor":20,"key":"Question Card"},{"floor":24,"key":"Lantern"},{"floor":28,"key":"Shuriken"},{"floor":28,"key":"Du-Vu Doll"}],"event_choices":[{"damage_healed":21,"gold_gain":0,"player_choice":"Heal","damage_taken":0,"max_hp_gain":0,"max_hp_loss":0,"event_name":"The Library","floor":29,"gold_loss":0},{"cards_removed":["Slimebound:SlimeSpikes"],"damage_healed":5,"gold_gain":0,"player_choice":"Offered Common","damage_taken":0,"max_hp_gain":0,"max_hp_loss":0,"event_name":"Bonfire Elementals","floor":30,"gold_loss":0},{"cards_removed":["Slimebound:SlimeSpikes"],"damage_healed":5,"gold_gain":0,"player_choice":"Offered Special","damage_taken":0,"max_hp_gain":0,"max_hp_loss":0,"event_name":"Bonfire Elementals","floor":30,"gold_loss":0}],"is_beta":false,"boss_relics":[{"not_picked":["Velvet Choker","Astrolabe"],"picked":"Calling Bell"}],"items_purged_floors":[],"is_endless":false,"potions_floor_spawned":[2,5,9,10,11,15,19,23,28,31,32],"killed_by":"DF_ARCHETYPE_CLAW","ascension_level":1}}