{"host":"5kerkh94hj8hofz6","time":1612763469,"event":{"mods":["AchievementEnabler","BaseMod","Colored Map","Colored Powertips","Highlight Path","Minty Spire (QoL Compilation)","StSLib","The Cursed","The Hierophant"],"gold_per_floor":[119,119,194,204,215,215,243,243,291,309,336,336,350,365,365,468,468,482,482,496,510,167,167,197,217,217,217,232,232,64,83,83,83,83],"floor_reached":33,"language":"ENG","playtime":1668,"items_purged":["Strike_P","Strike_P"],"score":365,"play_id":"b9d8dd85-f6a7-4b01-84e5-50c2d448ef69","local_time":"20210208185109","is_ascension_mode":true,"campfire_choices":[{"data":"CrushJoints","floor":6.0,"key":"SMITH"},{"data":"Eruption","floor":8.0,"key":"SMITH"},{"data":"Scrawl","floor":12.0,"key":"SMITH"},{"data":"SashWhip","floor":15.0,"key":"SMITH"},{"floor":23.0,"key":"REST"},{"floor":27.0,"key":"REST"},{"floor":32.0,"key":"REST"}],"circlet_count":0,"master_deck":["Strike_P+1","Strike_P","Defend_P","Defend_P+1","Defend_P","Eruption+1","Vigilance","Establishment","EmptyBody","CrushJoints+1","CutThroughFate","FlyingSleeves","InnerPeace","Scrawl+1","Protect+1","SashWhip+1","DevaForm","EmptyFist+1","Deep Breath","FearNoEvil+1","CarveReality","TalkToTheHand","Vengeance","LessonLearned+1","Protect+1","Wireheading"],"relics":["HolyWater","Tiny Chest","Smiling Mask","Toy Ornithopter","Orrery","White Beast Statue","Ornamental Fan","Pen Nib"],"acts_visited":["Exordium","TheCity"],"potions_floor_usage":[33,33],"damage_taken":[{"damage":0.0,"enemies":"Small Slimes","floor":1.0,"turns":3.0},{"damage":2.0,"enemies":"Jaw Worm","floor":4.0,"turns":4.0},{"damage":2.0,"enemies":"Cultist","floor":5.0,"turns":4.0},{"damage":8.0,"enemies":"Lagavulin","floor":7.0,"turns":3.0},{"damage":2.0,"enemies":"Gremlin Gang","floor":10.0,"turns":6.0},{"damage":0.0,"enemies":"Gremlin Nob","floor":11.0,"turns":2.0},{"damage":0.0,"enemies":"3 Louse","floor":13.0,"turns":3.0},{"damage":2.0,"enemies":"Exordium Thugs","floor":14.0,"turns":5.0},{"damage":20.0,"enemies":"Slime Boss","floor":16.0,"turns":8.0},{"damage":29.0,"enemies":"2 Thieves","floor":18.0,"turns":5.0},{"damage":0.0,"enemies":"Chosen","floor":20.0,"turns":3.0},{"damage":5.0,"enemies":"Snecko","floor":21.0,"turns":5.0},{"damage":29.0,"enemies":"Book of Stabbing","floor":24.0,"turns":5.0},{"damage":10.0,"enemies":"Cultist and Chosen","floor":25.0,"turns":5.0},{"damage":10.0,"enemies":"Sentry and Sphere","floor":28.0,"turns":6.0},{"damage":0.0,"enemies":"3 Cultists","floor":31.0,"turns":5.0},{"damage":85,"enemies":"Collector","floor":33,"turns":8}],"seed_played":"-6334141877748204966","potions_obtained":[{"floor":1.0,"key":"DistilledChaos"},{"floor":5.0,"key":"Dexterity Potion"},{"floor":7.0,"key":"GamblersBrew"},{"floor":11.0,"key":"AttackPotion"},{"floor":14.0,"key":"DistilledChaos"},{"floor":21.0,"key":"Swift Potion"},{"floor":24.0,"key":"Swift Potion"},{"floor":25.0,"key":"LiquidMemories"},{"floor":28.0,"key":"Block Potion"}],"is_trial":false,"path_per_floor":["M","?","?","M","M","R","E","R","T","M","E","R","M","M","R","B",null,"M","?","M","M","$","R","E","M","T","R","M","T","$","M","R","B"],"character_chosen":"WATCHER","items_purchased":["TalkToTheHand","Vengeance","Orrery","PowerPotion","Wireheading"],"campfire_rested":3,"item_purchase_floors":[22,22,22,30,30],"current_hp_per_floor":[72,65,54,52,50,50,42,42,42,40,40,40,40,38,38,23,72,43,31,31,31,31,52,28,18,18,39,39,39,39,39,60,0,0],"gold":83,"neow_bonus":"ONE_RANDOM_RARE_CARD","is_daily":false,"chose_seed":false,"campfire_upgraded":4,"win_rate":0.0,"timestamp":1612763469,"path_taken":["M","?","?","M","M","R","E","R","T","M","E","R","?","M","R","BOSS","M","?","?","M","$","R","E","M","T","R","M","?","?","M","R","BOSS"],"items_purchased_type":["Card","Card","Relic","Potion","Card"],"build_version":"2020-12-22","purchased_purges":2,"victory":false,"max_hp_per_floor":[72,72,72,72,72,72,72,72,72,72,72,72,72,72,72,72,72,72,72,72,72,72,72,72,72,72,72,72,72,72,72,72,72,72],"card_choices":[{"not_picked":["ForeignInfluence","PathToVictory"],"picked":"EmptyBody","floor":1.0},{"not_picked":["Fasting2","PathToVictory"],"picked":"CrushJoints","floor":4.0},{"not_picked":["SandsOfTime","Evaluate"],"picked":"CutThroughFate","floor":5.0},{"not_picked":["Consecrate","Fasting2"],"picked":"FlyingSleeves","floor":7.0},{"not_picked":["CrushJoints","Pray"],"picked":"InnerPeace","floor":10.0},{"not_picked":["ThirdEye","Weave"],"picked":"Scrawl","floor":11.0},{"not_picked":["FollowUp","FlyingSleeves"],"picked":"Protect","floor":13.0},{"not_picked":["CrushJoints","Consecrate"],"picked":"SashWhip","floor":14.0},{"not_picked":["Vault","Ragnarok"],"picked":"DevaForm","floor":16.0},{"not_picked":["EmptyBody","ThirdEye+1"],"picked":"EmptyFist+1","floor":18.0},{"not_picked":["JustLucky","CutThroughFate"],"picked":"FearNoEvil+1","floor":20.0},{"not_picked":["JustLucky","FlyingSleeves"],"picked":"CarveReality","floor":21.0},{"not_picked":["ReachHeaven","Weave"],"picked":"LessonLearned","floor":22.0},{"not_picked":["ClearTheMind","Scrawl","EmptyFist"],"picked":"SKIP","floor":24.0},{"not_picked":["ClearTheMind","FlyingSleeves","EmptyMind"],"picked":"SKIP","floor":25.0},{"not_picked":["ThirdEye","ClearTheMind"],"picked":"Protect+1","floor":28.0},{"not_picked":["Study","SashWhip","LessonLearned"],"picked":"SKIP","floor":31.0}],"player_experience":422130,"relics_obtained":[{"floor":7.0,"key":"Tiny Chest"},{"floor":9.0,"key":"Smiling Mask"},{"floor":11.0,"key":"Toy Ornithopter"},{"floor":24.0,"key":"White Beast Statue"},{"floor":26.0,"key":"Ornamental Fan"},{"floor":29.0,"key":"Pen Nib"}],"event_choices":[{"cards_removed":["Defend_P"],"damage_healed":0.0,"max_hp_gain":0.0,"max_hp_loss":0.0,"gold_gain":0.0,"event_name":"Golden Wing","player_choice":"Card Removal","floor":2.0,"gold_loss":0.0,"damage_taken":7.0},{"damage_healed":0.0,"max_hp_gain":0.0,"max_hp_loss":0.0,"gold_gain":75.0,"event_name":"World of Goop","player_choice":"Gather Gold","floor":3.0,"gold_loss":0.0,"damage_taken":11.0},{"damage_healed":0.0,"max_hp_gain":0.0,"max_hp_loss":0.0,"gold_gain":0.0,"event_name":"Knowing Skull","player_choice":"CARD ","floor":19.0,"potions_obtained":[],"gold_loss":0.0,"damage_taken":12.0,"cards_obtained":["Deep Breath"]}],"is_beta":false,"boss_relics":[{"not_picked":["SlaversCollar","Philosopher\u0027s Stone"],"picked":"HolyWater"}],"items_purged_floors":[22,30],"is_endless":false,"potions_floor_spawned":[1,5,7,11,14,21,24,25,28,31],"killed_by":"Collector","ascension_level":4}}