{"host":"9czo1ewqehy3yunx","time":1612772203,"event":{"mods":["Act Like it!","BaseMod","CapriCore","Colored Powertips","DeckTracker","GifTheSpireLib","Keyboard Shortcuts","Lobotomy","Minty Spire (QoL Compilation)","Permanent Neow","Quick Restart","StSLib","SuperFastMode"],"gold_per_floor":[115,65,65,82,101,101,117,117,117,127,147,162,1,26,26,126,126,146,146,146],"floor_reached":19,"language":"KOR","playtime":738,"items_purged":["Defend_B"],"score":161,"play_id":"2c1169f8-568e-438d-8d17-aa8b35d34317","local_time":"20210208171643","is_ascension_mode":false,"campfire_choices":[{"data":"Gash","floor":6,"key":"SMITH"},{"data":"Go for the Eyes","floor":8,"key":"SMITH"},{"data":"Steam Power","floor":15,"key":"SMITH"}],"circlet_count":0,"master_deck":["Strike_B","Strike_B","Strike_B","Strike_B","Defend_B","Defend_B","Defend_B","Zap","Beam Cell+1","Gash+1","Go for the Eyes+1","Go for the Eyes","Turbo","Steam Power+1","Blind","Reboot","Go for the Eyes"],"relics":["Cracked Core","Blood Vial","Odd Mushroom","SlaversCollar"],"acts_visited":["Exordium","TheCity"],"potions_floor_usage":[16,16,16],"damage_taken":[{"damage":3,"enemies":"Small Slimes","floor":1,"turns":3},{"damage":0,"enemies":"2 Louse","floor":4,"turns":2},{"damage":6,"enemies":"Cultist","floor":5,"turns":3},{"damage":6,"enemies":"Exordium Wildlife","floor":7,"turns":3},{"damage":12,"enemies":"3 Louse","floor":10,"turns":3},{"damage":0,"enemies":"Large Slime","floor":11,"turns":4},{"damage":2,"enemies":"Looter","floor":12,"turns":2},{"damage":20,"enemies":"The Mushroom Lair","floor":14,"turns":4},{"damage":26,"enemies":"Hexaghost","floor":16,"turns":7},{"damage":36,"enemies":"2 Thieves","floor":18,"turns":4}],"seed_played":"7404473904008778394","potions_obtained":[{"floor":4,"key":"Regen Potion"},{"floor":5,"key":"CultistPotion"},{"floor":11,"key":"Fire Potion"}],"is_trial":false,"path_per_floor":["M","?","?","M","M","R","M","R","T","M","M","M","$","?","R","B",null,"M","?"],"character_chosen":"DEFECT","items_purchased":["Blind"],"campfire_rested":0,"item_purchase_floors":[13],"current_hp_per_floor":[72,72,72,72,66,66,60,60,60,50,52,52,52,34,34,25,75,39,23,23],"gold":146,"neow_bonus":"THREE_CARDS","is_daily":false,"chose_seed":false,"campfire_upgraded":3,"win_rate":0.0,"timestamp":1612772203,"path_taken":["M","?","?","?","M","R","M","R","T","M","M","M","$","?","R","BOSS","M","?"],"items_purchased_type":["Card"],"build_version":"2020-12-22","purchased_purges":1,"victory":false,"max_hp_per_floor":[75,75,75,75,75,75,75,75,75,75,75,75,75,75,75,75,75,75,75,75],"card_choices":[{"not_picked":["Leap","Streamline"],"picked":"Beam Cell","floor":0},{"not_picked":["Ball Lightning","Streamline","Recycle"],"picked":"SKIP","floor":1},{"not_picked":["Leap","Compile Driver","Barrage"],"picked":"SKIP","floor":4},{"not_picked":["Cold Snap","White Noise"],"picked":"Gash","floor":5},{"not_picked":["Undo","Redo"],"picked":"Go for the Eyes","floor":7},{"not_picked":["Consume","Reboot"],"picked":"Go for the Eyes","floor":10},{"not_picked":["Coolheaded","Hologram"],"picked":"Turbo","floor":11},{"not_picked":["Machine Learning","Coolheaded"],"picked":"Steam Power","floor":12},{"not_picked":["Biased Cognition","Amplify"],"picked":"Reboot","floor":16},{"not_picked":["Leap","Reinforced Body"],"picked":"Go for the Eyes","floor":18}],"player_experience":202157,"relics_obtained":[{"floor":9,"key":"Blood Vial"},{"floor":14,"key":"Odd Mushroom"}],"event_choices":[{"cards_removed":["Dualcast"],"damage_healed":0,"gold_gain":0,"player_choice":"Card Removal","damage_taken":0,"max_hp_gain":0,"max_hp_loss":0,"event_name":"The Cleric","floor":2,"gold_loss":50},{"damage_healed":0,"gold_gain":0,"player_choice":"Upgraded","damage_taken":0,"max_hp_gain":0,"max_hp_loss":0,"event_name":"Upgrade Shrine","floor":3,"gold_loss":0,"cards_upgraded":["Beam Cell"]},{"damage_healed":0,"gold_gain":0,"player_choice":"Fought Mushrooms","damage_taken":0,"max_hp_gain":0,"max_hp_loss":0,"event_name":"Mushrooms","floor":14,"gold_loss":0},{"damage_healed":0,"gold_gain":0,"player_choice":"Obtained Book","damage_taken":16,"max_hp_gain":0,"max_hp_loss":0,"event_name":"Cursed Tome","floor":19,"gold_loss":0}],"is_beta":false,"boss_relics":[{"not_picked":["Sozu","Inserter"],"picked":"SlaversCollar"}],"items_purged_floors":[13],"is_endless":false,"potions_floor_spawned":[4,5,11,14],"ascension_level":0}}