{"host":"0rxdudjy6rylha1k","time":1612755584,"event":{"mods":["Aspiration","BaseMod","Colored Map","Colored Powertips","Downfall","Highlight Path","Hubris","Minty Spire (QoL Compilation)","StSLib"],"gold_per_floor":[99,112,127,142,142,177,201,201,231,249,280,290,290,2,20,121,121,121,136,149,149,164,164,164,164,1,26,36,36,54,79,90,90,90,90],"floor_reached":33,"language":"ENG","playtime":2522,"items_purged":["Injury"],"score":464,"play_id":"b27a55a4-6516-4624-aec5-a782fba4a738","local_time":"20210207203944","is_ascension_mode":true,"campfire_choices":[{"data":"Slimebound:Split","floor":1.0,"key":"SMITH"},{"floor":13.0,"key":"REST"},{"data":"Slimebound:DuplicatedForm","floor":18.0,"key":"SMITH"}],"circlet_count":0,"master_deck":["AscendersBane","Slimebound:Strike_Slimebound","Slimebound:Strike_Slimebound","Slimebound:Strike_Slimebound","Slimebound:Tackle","Slimebound:Defend_Slimebound","Slimebound:Defend_Slimebound","Slimebound:Defend_Slimebound","Slimebound:Defend_Slimebound","Slimebound:Split+1","Slimebound:CorrosiveSpit","Dramatic Entrance","Slimebound:SplitAcid","Slimebound:Schlurp","Slimebound:DisruptingSlam","Slimebound:SelfFormingGoo","Slimebound:Prepare","Slimebound:HauntingLick","Slimebound:RejuvenatingLick","Slimebound:LeechEnergy+1","Slimebound:DisruptingSlam+1","Slimebound:SplitMire","Slimebound:Gluttony","Slimebound:DuplicatedForm+1","Slimebound:HauntingLick","Slimebound:SlimeSpikes","RitualDagger+1","Slimebound:SplitMire","Slimebound:SamplingLick","Slimebound:SamplingLick","Slimebound:SplitBruiser","Slimebound:MegaLick","Slimebound:Schlurp+1"],"relics":["Slimebound:AbsorbEndCombatUpgraded","Molten Egg 2","Toy Ornithopter","Orichalcum","hexamod:BolsterEngine","CaptainsWheel","aspiration:RitualStick","Pear","Membership Card","sneckomod:BlankCard","StrikeDummy","Ancient Tea Set"],"acts_visited":["Exordium","TheCity"],"potions_floor_usage":[33,33],"damage_taken":[{"damage":8.0,"enemies":"Jaw Worm","floor":2.0,"turns":4.0},{"damage":0.0,"enemies":"2 Louse","floor":3.0,"turns":1.0},{"damage":1.0,"enemies":"Cultist","floor":4.0,"turns":3.0},{"damage":14.0,"enemies":"3 Sentries","floor":6.0,"turns":4.0},{"damage":24.0,"enemies":"Gremlin Nob","floor":9.0,"turns":5.0},{"damage":6.0,"enemies":"Lots of Slimes","floor":10.0,"turns":2.0},{"damage":29.0,"enemies":"Lagavulin","floor":11.0,"turns":6.0},{"damage":0.0,"enemies":"Red Slaver","floor":12.0,"turns":3.0},{"damage":0.0,"enemies":"downfall:FleeingMerchant","floor":14.0,"turns":4.0},{"damage":0.0,"enemies":"Gremlin Gang","floor":15.0,"turns":2.0},{"damage":6.0,"enemies":"WA_ARCHETYPE_RETAIN","floor":16.0,"turns":5.0},{"damage":16.0,"enemies":"Spheric Guardian","floor":19.0,"turns":4.0},{"damage":19.0,"enemies":"Snecko","floor":20.0,"turns":4.0},{"damage":8.0,"enemies":"Snake Plant","floor":22.0,"turns":3.0},{"damage":0.0,"enemies":"downfall:FleeingMerchant","floor":26.0,"turns":4.0},{"damage":59.0,"enemies":"Slavers","floor":27.0,"turns":6.0},{"damage":5.0,"enemies":"3 Cultists","floor":28.0,"turns":4.0},{"damage":13.0,"enemies":"Centurion and Healer","floor":30.0,"turns":3.0},{"damage":56.0,"enemies":"Gremlin Leader","floor":31.0,"turns":5.0},{"damage":6.0,"enemies":"Cultist and Chosen","floor":32.0,"turns":4.0},{"damage":61,"enemies":"IC_MUSHROOM_ARCHETYPE","floor":33,"turns":7}],"seed_played":"8719880367976068193","potions_obtained":[{"floor":2.0,"key":"SteroidPotion"},{"floor":4.0,"key":"Explosive Potion"},{"floor":9.0,"key":"champ:CounterPotion"},{"floor":10.0,"key":"LiquidBronze"},{"floor":16.0,"key":"Strength Potion"},{"floor":19.0,"key":"champ:CounterPotion"},{"floor":20.0,"key":"hexamod:SoulburnPotion"},{"floor":28.0,"key":"PowerPotion"},{"floor":31.0,"key":"PowerPotion"},{"floor":32.0,"key":"DuplicationPotion"}],"is_trial":false,"path_per_floor":["R","M","M","M","?","E","T","?","E","M","E","M","R","$","M","B",null,"R","M","M","?","M","?","T","?","$","E","M","T","M","E","M","B"],"character_chosen":"SLIMEBOUND","items_purchased":["Slimebound:SplitMire","Slimebound:Gluttony","DistilledChaos","Membership Card"],"campfire_rested":1,"item_purchase_floors":[14,14,14,26],"current_hp_per_floor":[59,57,57,58,58,46,46,49,33,32,16,22,42,48,56,63,67,67,68,67,61,68,54,64,64,78,31,46,46,53,27,36,0,0,0],"gold":90,"neow_bonus":"RANDOM_COLORLESS","is_daily":false,"chose_seed":false,"campfire_upgraded":2,"win_rate":0.0,"timestamp":1612755584,"path_taken":["R","M","M","M","?","E","T","?","E","M","E","M","R","$","M","BOSS","R","M","M","?","M","?","T","?","?","E","M","?","M","E","M","BOSS"],"items_purchased_type":["Card","Card","Potion","Relic"],"build_version":"2020-12-22","purchased_purges":1,"victory":false,"max_hp_per_floor":[65,65,65,65,65,65,65,68,68,68,68,68,68,68,68,68,68,68,68,68,68,68,68,78,78,78,78,78,78,78,78,78,78,78,78],"card_choices":[{"not_picked":["Deep Breath","PanicButton"],"picked":"Dramatic Entrance","floor":0.0},{"not_picked":["Slimebound:FinishingTackle","Slimebound:PressTheAttack"],"picked":"Slimebound:SplitAcid","floor":2.0},{"not_picked":["Slimebound:FormOfPuddle","Slimebound:SlimeSpikes"],"picked":"Slimebound:Schlurp","floor":3.0},{"not_picked":["Slimebound:Prepare","Slimebound:ComboTackle"],"picked":"Slimebound:DisruptingSlam","floor":4.0},{"not_picked":["Slimebound:SplitMire","Slimebound:SlimeBarrage+1"],"picked":"Slimebound:SelfFormingGoo","floor":6.0},{"not_picked":["Slimebound:Chomp+1","Slimebound:FinishingTackle+1"],"picked":"Slimebound:Prepare","floor":9.0},{"not_picked":["Slimebound:Prepare","Slimebound:Dissolve"],"picked":"Slimebound:HauntingLick","floor":10.0},{"not_picked":["Slimebound:RollThrough+1","Slimebound:GrowthPunch+1"],"picked":"Slimebound:RejuvenatingLick","floor":11.0},{"not_picked":["Slimebound:FlameTackle+1","Slimebound:Prepare"],"picked":"Slimebound:LeechEnergy+1","floor":12.0},{"not_picked":["Slimebound:FormOfPuddle","Slimebound:GrowthPunch+1"],"picked":"Slimebound:DisruptingSlam+1","floor":14.0},{"not_picked":["Slimebound:Grow","Slimebound:ComboTackle+1","Slimebound:LeechingTouch+1"],"picked":"SKIP","floor":15.0},{"not_picked":["Slimebound:SlimeSlap+1","Slimebound:PrepareCrush"],"picked":"Slimebound:DuplicatedForm","floor":16.0},{"not_picked":["Slimebound:DisruptingSlam+1","Slimebound:RollThrough+1"],"picked":"Slimebound:HauntingLick","floor":19.0},{"not_picked":["Slimebound:SplitLeeching","Slimebound:Dissolve"],"picked":"Slimebound:SlimeSpikes","floor":20.0},{"not_picked":["Slimebound:SamplingLick","Slimebound:GrowthPunch+1"],"picked":"Slimebound:SplitMire","floor":22.0},{"not_picked":["Slimebound:RollThrough+1","Slimebound:WasteNot"],"picked":"Slimebound:SamplingLick","floor":26.0},{"not_picked":["Slimebound:Dissolve","Slimebound:Gluttony"],"picked":"Slimebound:SamplingLick","floor":27.0},{"not_picked":["Slimebound:SplitAcid","Slimebound:SplitLeeching"],"picked":"Slimebound:SplitBruiser","floor":28.0},{"not_picked":["Slimebound:ProtectTheBoss","Slimebound:LeechingTouch+1","Slimebound:ViciousTackle+1"],"picked":"SKIP","floor":30.0},{"not_picked":["Slimebound:SlimeSpikes","Slimebound:TongueLash+1"],"picked":"Slimebound:MegaLick","floor":31.0},{"not_picked":["Slimebound:SlimeSpikes","Slimebound:SplitBruiser"],"picked":"Slimebound:Schlurp+1","floor":32.0}],"player_experience":2838676,"relics_obtained":[{"floor":6.0,"key":"Toy Ornithopter"},{"floor":7.0,"key":"Orichalcum"},{"floor":9.0,"key":"hexamod:BolsterEngine"},{"floor":11.0,"key":"CaptainsWheel"},{"floor":24.0,"key":"Pear"},{"floor":27.0,"key":"sneckomod:BlankCard"},{"floor":29.0,"key":"StrikeDummy"},{"floor":31.0,"key":"Ancient Tea Set"}],"event_choices":[],"is_beta":false,"boss_relics":[{"not_picked":["Slimebound:TarBlob","hubris:Stopwatch"],"picked":"Slimebound:AbsorbEndCombatUpgraded"}],"items_purged_floors":[14],"is_endless":false,"potions_floor_spawned":[2,4,9,10,16,19,20,28,31,32],"killed_by":"IC_MUSHROOM_ARCHETYPE","ascension_level":10}}