{"host":"p9vmbvw2hh2n16dn","time":1612796190,"event":{"mods":["AchievementEnabler","BaseMod","Block Reminder","Minty Spire (QoL Compilation)","Relic Stats","SuperFastMode"],"gold_per_floor":[417,432,48,59,73,73,106,121,121,149,149,164,114,133,133,231,231,242,259,273,273,273],"floor_reached":21,"language":"ENG","playtime":762,"items_purged":["Strike_B"],"score":308,"play_id":"b6ae9209-1a16-4420-99ee-e5d2a3b922ee","local_time":"20210208155630","is_ascension_mode":true,"campfire_choices":[{"data":"Sweeping Beam","floor":6,"key":"SMITH"},{"floor":11,"key":"REST"},{"floor":15,"key":"REST"}],"circlet_count":0,"master_deck":["Strike_B","Strike_B","Defend_B","Defend_B","Defend_B","Defend_B","Zap","Dualcast","CurseOfTheBell","Cold Snap","Ball Lightning","Sweeping Beam+1","Storm","Amplify","Core Surge","Streamline+1"],"relics":["Calling Bell","Regal Pillow","Singing Bowl","Old Coin","Bird Faced Urn","Bronze Scales","Thread and Needle","Ginger","Snecko Eye"],"acts_visited":["Exordium","TheCity"],"potions_floor_usage":[7,7,16,16,19,19],"damage_taken":[{"damage":5,"enemies":"2 Louse","floor":1,"turns":5},{"damage":7,"enemies":"Small Slimes","floor":2,"turns":4},{"damage":0,"enemies":"Cultist","floor":4,"turns":3},{"damage":26,"enemies":"Large Slime","floor":5,"turns":6},{"damage":18,"enemies":"Gremlin Nob","floor":7,"turns":4},{"damage":0,"enemies":"2 Fungi Beasts","floor":8,"turns":3},{"damage":22,"enemies":"3 Sentries","floor":10,"turns":6},{"damage":11,"enemies":"3 Louse","floor":12,"turns":1},{"damage":0,"enemies":"Gremlin Gang","floor":14,"turns":3},{"damage":18,"enemies":"The Guardian","floor":16,"turns":14},{"damage":7,"enemies":"Shell Parasite","floor":18,"turns":4},{"damage":20,"enemies":"Spheric Guardian","floor":19,"turns":5},{"damage":40,"enemies":"Snake Plant","floor":20,"turns":4},{"damage":43,"enemies":"Chosen and Byrds","floor":21,"turns":6}],"seed_played":"5852608978814186211","potions_obtained":[{"floor":1,"key":"AttackPotion"},{"floor":5,"key":"Fruit Juice"},{"floor":8,"key":"FearPotion"},{"floor":12,"key":"Dexterity Potion"},{"floor":16,"key":"LiquidBronze"},{"floor":18,"key":"DistilledChaos"}],"is_trial":false,"path_per_floor":["M","M","$","M","M","R","E","M","T","E","R","M","?","M","R","B",null,"M","M","M","M"],"character_chosen":"DEFECT","items_purchased":["Bird Faced Urn"],"campfire_rested":2,"item_purchase_floors":[3],"current_hp_per_floor":[63,56,56,56,32,32,19,21,21,1,41,32,32,36,77,61,81,78,62,28,0,0],"gold":273,"neow_bonus":"BOSS_RELIC","is_daily":false,"chose_seed":false,"campfire_upgraded":1,"win_rate":0.0,"timestamp":1612796190,"path_taken":["M","M","$","M","M","R","E","M","T","E","R","M","?","M","R","BOSS","M","M","M","M"],"items_purchased_type":["Relic"],"build_version":"2020-12-22","purchased_purges":1,"victory":false,"max_hp_per_floor":[75,75,75,75,77,77,82,84,84,84,84,86,86,88,88,88,88,88,90,92,92,92],"relic_stats":{"Regal Pillow":30,"Singing Bowl":12,"counters":[14,68],"Bird Faced Urn":[18],"Bronze Scales":[146],"Snecko Eye":[24,31,41,31],"Ginger":[2],"obtain_stats":[{"Calling Bell":0,"Regal Pillow":0,"Singing Bowl":0,"Bird Faced Urn":3,"Bronze Scales":7,"Snecko Eye":17,"Thread and Needle":9,"Ginger":10,"Cracked Core":0,"Old Coin":0},{"Calling Bell":0,"Regal Pillow":0,"Singing Bowl":0,"Bird Faced Urn":2,"Bronze Scales":5,"Snecko Eye":10,"Thread and Needle":6,"Ginger":7,"Cracked Core":0,"Old Coin":0},{"Calling Bell":0,"Regal Pillow":0,"Singing Bowl":0,"Bird Faced Urn":9,"Bronze Scales":22,"Snecko Eye":49,"Thread and Needle":25,"Ginger":31,"Cracked Core":0,"Old Coin":0}]},"card_choices":[{"not_picked":["Streamline","Turbo"],"picked":"Cold Snap","floor":1},{"not_picked":["Lockon","Conserve Battery"],"picked":"Ball Lightning","floor":2},{"not_picked":["Hello World","Cold Snap"],"picked":"Sweeping Beam","floor":4},{"not_picked":["Steam Power","Force Field","Rainbow"],"picked":"Singing Bowl","floor":5},{"not_picked":["Undo","Rebound"],"picked":"Storm","floor":7},{"not_picked":["Stack","Conserve Battery","Beam Cell"],"picked":"Singing Bowl","floor":8},{"not_picked":["Chaos","Sunder"],"picked":"Amplify","floor":10},{"not_picked":["Redo","Coolheaded","Genetic Algorithm"],"picked":"Singing Bowl","floor":12},{"not_picked":["Steam","Stack","Barrage"],"picked":"Singing Bowl","floor":14},{"not_picked":["Multi-Cast","Fission"],"picked":"Core Surge","floor":16},{"not_picked":["Gash","Ball Lightning"],"picked":"Streamline+1","floor":18},{"not_picked":["Gash","Rebound","Undo"],"picked":"Singing Bowl","floor":19},{"not_picked":["Auto Shields","Turbo+1","Go for the Eyes"],"picked":"Singing Bowl","floor":20}],"player_experience":308305,"relics_obtained":[{"floor":0,"key":"Regal Pillow"},{"floor":0,"key":"Singing Bowl"},{"floor":0,"key":"Old Coin"},{"floor":7,"key":"Bronze Scales"},{"floor":9,"key":"Thread and Needle"},{"floor":10,"key":"Ginger"}],"event_choices":[{"cards_removed":["Strike_B"],"damage_healed":0,"gold_gain":0,"player_choice":"Card Removal","damage_taken":0,"max_hp_gain":0,"max_hp_loss":0,"event_name":"The Cleric","floor":13,"gold_loss":50}],"is_beta":false,"boss_relics":[{"not_picked":["Nuclear Battery","Cursed Key"],"picked":"Snecko Eye"}],"items_purged_floors":[3],"is_endless":false,"potions_floor_spawned":[1,5,8,12,16,18],"killed_by":"Chosen and Byrds","ascension_level":9}}