{"host":"j4g6ia6asvpyu2b0","time":1612806327,"event":{"mods":["BaseMod","Colored Map","Downfall","Minty Spire (QoL Compilation)","Permanent Neow","Quick Restart","Relic Stats","StSLib","Unceasing Turn Reminder"],"gold_per_floor":[99,109,109,120,134,134,134,134,164,89,89,89,89],"floor_reached":11,"language":"ENG","playtime":374,"items_purged":["Shame"],"score":75,"play_id":"319e09f9-2f96-4da8-a946-99faae79af65","local_time":"20210208104527","is_ascension_mode":true,"campfire_choices":[{"data":"hexamod:Sear","floor":1,"key":"SMITH"},{"data":"hexamod:SpectralAdrenaline","floor":6,"key":"SMITH"},{"data":"hexamod:ExtraCrispy","floor":8,"key":"SMITH"}],"circlet_count":0,"master_deck":["hexamod:Strike","hexamod:Strike","hexamod:Strike","hexamod:Strike","hexamod:Defend","hexamod:Defend","hexamod:Defend","hexamod:Defend","hexamod:Sear+1","hexamod:Float","hexamod:RadiantFlame+1","hexamod:ExtraCrispy+1","hexamod:SpectralAdrenaline+1","hexamod:BurningTouch","hexamod:FlameSwitch"],"relics":["Cursed Key","Blue Candle","The Courier"],"acts_visited":["Exordium"],"potions_floor_usage":[9],"damage_taken":[{"damage":3,"enemies":"Jaw Worm","floor":2,"turns":3},{"damage":0,"enemies":"Cultist","floor":4,"turns":3},{"damage":0,"enemies":"Small Slimes","floor":5,"turns":4},{"damage":14,"enemies":"Lagavulin","floor":9,"turns":6},{"damage":5,"enemies":"downfall:FleeingMerchant","floor":10,"turns":4},{"damage":29,"enemies":"3 Sentries","floor":11,"turns":6}],"seed_played":"1756768613191523208","potions_obtained":[{"floor":2,"key":"SteroidPotion"},{"floor":5,"key":"CultistPotion"}],"is_trial":false,"path_per_floor":["R","M","?","M","M","R","T","R","E","$","E"],"character_chosen":"THE_SPIRIT","items_purchased":[],"campfire_rested":0,"item_purchase_floors":[],"current_hp_per_floor":[70,67,67,67,67,67,67,67,53,48,19,19,19],"gold":89,"neow_bonus":"BOSS_RELIC","is_daily":false,"chose_seed":false,"campfire_upgraded":3,"win_rate":0.0,"timestamp":1612806327,"path_taken":["R","M","?","M","M","R","T","R","E","?","E"],"items_purchased_type":[],"build_version":"2020-12-22","purchased_purges":1,"victory":false,"max_hp_per_floor":[70,70,70,70,70,70,70,70,70,70,70,70,70],"relic_stats":{"counters":[6,26],"Blue Candle":[1],"Cursed Key":1,"obtain_stats":[{"Blue Candle":7,"The Courier":9,"Cursed Key":0,"hexamod:SpiritBrand":0},{"Blue Candle":3,"The Courier":4,"Cursed Key":0,"hexamod:SpiritBrand":0},{"Blue Candle":10,"The Courier":16,"Cursed Key":0,"hexamod:SpiritBrand":0}]},"card_choices":[{"not_picked":["hexamod:NightmareStrike","hexamod:HeatMetal"],"picked":"hexamod:RadiantFlame","floor":2},{"not_picked":["hexamod:PhantomCloak","hexamod:NightmareStrike"],"picked":"hexamod:ExtraCrispy","floor":4},{"not_picked":["hexamod:GhostOfSpirePast","hexamod:InspiringFlames"],"picked":"hexamod:SpectralAdrenaline","floor":5},{"not_picked":["hexamod:PhantomCloak","hexamod:SpectersWail"],"picked":"hexamod:BurningTouch","floor":9},{"not_picked":["hexamod:SkipABeat","hexamod:DynamicBlow"],"picked":"hexamod:FlameSwitch","floor":10}],"player_experience":1220545,"relics_obtained":[{"floor":7,"key":"Blue Candle"},{"floor":9,"key":"The Courier"}],"event_choices":[],"is_beta":false,"boss_relics":[],"items_purged_floors":[10],"is_endless":false,"potions_floor_spawned":[2,5],"killed_by":"3 Sentries","ascension_level":1}}