{"host":"nsc6ozq3atyrdr3m","time":1612821490,"event":{"mods":["BaseMod","Colored Map","Minty Spire (QoL Compilation)"],"gold_per_floor":[115,129,80,90,102,102,115,115,140,215,227,72,72,87,87,87,87],"floor_reached":16,"language":"FRA","playtime":280,"items_purged":[],"score":99,"play_id":"2285a4f6-4d39-4c45-bbe3-b5f3e7584349","local_time":"20210208225810","is_ascension_mode":true,"campfire_choices":[{"data":"Double Tap","floor":6,"key":"SMITH"},{"data":"Bash","floor":13,"key":"SMITH"},{"floor":15,"key":"REST"}],"circlet_count":0,"master_deck":["Strike_R","Strike_R","Strike_R","Strike_R","Strike_R","Defend_R","Defend_R","Defend_R","Defend_R","Bash+1","Sword Boomerang","Thunderclap","Double Tap+1","Regret","Reckless Charge","Pummel"],"relics":["Burning Blood","NeowsBlessing","Tiny Chest","Anchor","PreservedInsect"],"acts_visited":["Exordium"],"potions_floor_usage":[7,16,16,16],"damage_taken":[{"damage":0,"enemies":"Jaw Worm","floor":1,"turns":1},{"damage":0,"enemies":"Small Slimes","floor":2,"turns":1},{"damage":0,"enemies":"2 Louse","floor":4,"turns":1},{"damage":11,"enemies":"Blue Slaver","floor":5,"turns":5},{"damage":11,"enemies":"Exordium Thugs","floor":7,"turns":4},{"damage":2,"enemies":"Looter","floor":11,"turns":3},{"damage":16,"enemies":"Gremlin Gang","floor":14,"turns":6},{"damage":77,"enemies":"The Guardian","floor":16,"turns":8}],"seed_played":"507650724497183869","potions_obtained":[{"floor":1,"key":"DistilledChaos"},{"floor":4,"key":"SteroidPotion"},{"floor":11,"key":"SkillPotion"},{"floor":14,"key":"PowerPotion"}],"is_trial":false,"path_per_floor":["M","M","$","M","M","R","M","?","T","?","M","$","R","M","R","B"],"character_chosen":"IRONCLAD","items_purchased":["Sword Boomerang","PreservedInsect"],"campfire_rested":1,"item_purchase_floors":[3,12],"current_hp_per_floor":[80,80,80,80,75,75,70,70,70,59,63,63,63,53,77,0,0],"gold":87,"neow_bonus":"THREE_ENEMY_KILL","is_daily":false,"chose_seed":false,"campfire_upgraded":2,"win_rate":0.0,"timestamp":1612821490,"path_taken":["M","M","$","M","M","R","M","?","T","?","M","$","R","M","R","BOSS"],"items_purchased_type":["Card","Relic"],"build_version":"2020-12-22","purchased_purges":0,"victory":false,"max_hp_per_floor":[80,80,80,80,80,80,80,80,80,80,80,80,80,80,80,80,80],"card_choices":[{"not_picked":["Burning Pact","Power Through","Havoc"],"picked":"SKIP","floor":1},{"not_picked":["Havoc","Wild Strike","Sever Soul"],"picked":"SKIP","floor":2},{"not_picked":["Warcry","Cleave"],"picked":"Thunderclap","floor":4},{"not_picked":["Combust","Bloodletting"],"picked":"Double Tap","floor":5},{"not_picked":["Infernal Blade","Iron Wave","Thunderclap"],"picked":"SKIP","floor":7},{"not_picked":["True Grit","Perfected Strike"],"picked":"Reckless Charge","floor":11},{"not_picked":["Wild Strike","Clash"],"picked":"Pummel","floor":14}],"player_experience":382243,"relics_obtained":[{"floor":9,"key":"Anchor"}],"event_choices":[{"damage_healed":0,"gold_gain":0,"player_choice":"Box","damage_taken":0,"relics_obtained":["Tiny Chest"],"max_hp_gain":0,"max_hp_loss":0,"event_name":"Big Fish","floor":8,"gold_loss":0,"cards_obtained":["Regret"]},{"damage_healed":0,"gold_gain":75,"player_choice":"Gather Gold","damage_taken":11,"max_hp_gain":0,"max_hp_loss":0,"event_name":"World of Goop","floor":10,"gold_loss":0}],"is_beta":false,"boss_relics":[],"items_purged_floors":[],"is_endless":false,"potions_floor_spawned":[1,4,11,14],"killed_by":"The Guardian","ascension_level":1}}