{"host":"0ueeacaatm8t6jyh","time":1612780887,"event":{"mods":["AchievementEnabler","BaseMod","Colored Powertips","Minty Spire (QoL Compilation)","Quick Restart","Rare Cards Sparkle","Shop Mod","StSLib"],"gold_per_floor":[110,110,122,141,141,167,167,167,167,167,194,229,240,258,286,296,316,28,28,99,99,118,68,428,448,458,458,458,490,490,501,528,547,580,580,593,593,593,671,671,689,689,707,719,734,734,765,785,785,814,814,831,859,859,652,669,669,669,669,669,669,102,136,136],"floor_reached":65,"language":"ZHS","playtime":2590,"items_purged":["Defend_P","Strike_P","Wallop"],"score":2819,"play_id":"ce97c7b3-c098-4ff1-9371-e4b80e859b98","local_time":"20210208184127","is_ascension_mode":true,"campfire_choices":[{"data":"Adaptation","floor":7.0,"key":"SMITH"},{"floor":9.0,"key":"REST"},{"data":"MentalFortress","floor":19.0,"key":"SMITH"},{"data":"Strike_P","floor":28.0,"key":"PURGE"},{"data":"Scrawl","floor":30.0,"key":"SMITH"},{"floor":38.0,"key":"REST"},{"data":"Tantrum","floor":46.0,"key":"SMITH"},{"floor":49.0,"key":"RECALL"},{"data":"Vault","floor":57,"key":"SMITH"},{"floor":58,"key":"REST"},{"data":"Blasphemy","floor":61,"key":"PURGE"}],"circlet_count":0,"master_deck":["AscendersBane","Eruption+1","Vigilance","Adaptation+1","Tantrum+1","FearNoEvil+1","MentalFortress+1","Scrawl+1","Vault+1","Scrawl+1"],"relics":["Empty Cage","Singing Bowl","Bottled Tornado","Nunchaku","Smiling Mask","Ancient Tea Set","Odd Mushroom","Calling Bell","Toy Ornithopter","Shuriken","Peace Pipe","Pear","Potion Belt","Boot","Incense Burner","Enchiridion","Pandora\u0027s Box","Juzu Bracelet","Whetstone","Happy Flower","Vajra","TeardropLocket","Lee\u0027s Waffle","Centennial Puzzle"],"acts_visited":["Exordium","TheCity","TheBeyond","TheEnding"],"potions_floor_usage":[53,56,64,64],"damage_taken":[{"damage":0.0,"enemies":"2 Louse","floor":1.0,"turns":2.0},{"damage":1.0,"enemies":"Cultist","floor":3.0,"turns":3.0},{"damage":3.0,"enemies":"Small Slimes","floor":4.0,"turns":4.0},{"damage":37.0,"enemies":"3 Sentries","floor":6.0,"turns":10.0},{"damage":0.0,"enemies":"Lagavulin","floor":12.0,"turns":4.0},{"damage":5.0,"enemies":"Blue Slaver","floor":13.0,"turns":3.0},{"damage":0.0,"enemies":"Red Slaver","floor":14.0,"turns":2.0},{"damage":0.0,"enemies":"Gremlin Nob","floor":15.0,"turns":2.0},{"damage":0.0,"enemies":"Looter","floor":16.0,"turns":2.0},{"damage":21.0,"enemies":"The Mushroom Lair","floor":17.0,"turns":3.0},{"damage":10.0,"enemies":"The Guardian","floor":20.0,"turns":7.0},{"damage":0.0,"enemies":"3 Byrds","floor":22.0,"turns":5.0},{"damage":0.0,"enemies":"Chosen","floor":25.0,"turns":4.0},{"damage":12.0,"enemies":"Shelled Parasite and Fungi","floor":26.0,"turns":2.0},{"damage":6.0,"enemies":"Book of Stabbing","floor":29.0,"turns":4.0},{"damage":0.0,"enemies":"Sentry and Sphere","floor":31.0,"turns":3.0},{"damage":0.0,"enemies":"Snecko","floor":33.0,"turns":5.0},{"damage":34.0,"enemies":"Slavers","floor":34.0,"turns":4.0},{"damage":6.0,"enemies":"3 Cultists","floor":36.0,"turns":4.0},{"damage":0.0,"enemies":"Collector","floor":39.0,"turns":2.0},{"damage":0.0,"enemies":"3 Darklings","floor":41.0,"turns":2.0},{"damage":28.0,"enemies":"3 Shapes","floor":43.0,"turns":2.0},{"damage":0.0,"enemies":"3 Darklings","floor":44.0,"turns":2.0},{"damage":0.0,"enemies":"Spire Growth","floor":45.0,"turns":2.0},{"damage":0.0,"enemies":"Giant Head","floor":47.0,"turns":3.0},{"damage":2.0,"enemies":"Writhing Mass","floor":48.0,"turns":4.0},{"damage":6.0,"enemies":"Reptomancer","floor":50.0,"turns":3.0},{"damage":17.0,"enemies":"3 Darklings","floor":52.0,"turns":4.0},{"damage":99999,"enemies":"Nemesis","floor":53,"turns":5},{"damage":0,"enemies":"Transient","floor":56,"turns":7},{"damage":0,"enemies":"Time Eater","floor":59,"turns":4},{"damage":0,"enemies":"Shield and Spear","floor":63,"turns":1},{"damage":4,"enemies":"The Heart","floor":64,"turns":5}],"seed_played":"-3092782478780083675","potions_obtained":[{"floor":1.0,"key":"EntropicBrew"},{"floor":6.0,"key":"Regen Potion"},{"floor":13.0,"key":"Strength Potion"},{"floor":16.0,"key":"Strength Potion"},{"floor":20.0,"key":"EntropicBrew"},{"floor":36.0,"key":"EssenceOfSteel"},{"floor":39.0,"key":"FairyPotion"},{"floor":41.0,"key":"SkillPotion"},{"floor":43.0,"key":"DistilledChaos"},{"floor":53,"key":"Regen Potion"}],"is_trial":false,"path_per_floor":["M","?","M","M","?","E","R","?","R","T","T","E","M","M","E","M","?","$","R","B",null,"M","$","?","M","M","?","R","E","R","M","T","M","E","T","M","?","R","B",null,"M","?","M","M","M","R","E","M","R","E","T","M","E","?","$","M","R","R","B",null,"R","$","E","B",null],"character_chosen":"WATCHER","items_purchased":["MentalFortress","Scrawl","Vajra","TeardropLocket","FairyPotion","Lee\u0027s Waffle"],"campfire_rested":3,"item_purchase_floors":[18,18,55,62,62,62],"current_hp_per_floor":[61,61,60,57,57,20,20,16,36,36,36,50,47,49,51,51,32,32,32,22,64,66,66,30,30,20,36,36,52,52,54,54,61,29,29,25,4,34,36,87,89,89,61,63,65,65,67,67,67,63,63,48,37,37,37,59,59,95,95,115,115,129,131,131],"gold":136,"neow_bonus":"BOSS_RELIC","is_daily":false,"chose_seed":false,"campfire_upgraded":5,"win_rate":0.0,"timestamp":1612780887,"path_taken":["M","?","?","M","?","E","R","?","R","T","T","E","M","?","E","M","?","$","R","BOSS","M","$","?","M","?","?","R","E","R","M","T","M","E","?","M","?","R","BOSS","M","?","M","M","?","R","E","M","R","E","T","M","E","?","?","M","R","R","BOSS","R","$","E","BOSS"],"items_purchased_type":["Card","Card","Relic","Relic","Potion","Relic"],"build_version":"2020-12-22","purchased_purges":3,"victory":true,"max_hp_per_floor":[68,68,68,68,68,68,68,68,68,68,68,70,72,74,76,76,78,78,78,78,78,80,80,80,80,82,82,82,94,94,96,96,98,100,100,102,102,102,104,104,106,106,106,108,110,110,112,114,114,116,116,118,120,120,120,122,122,122,122,122,122,129,131,131],"card_choices":[{"not_picked":["BattleHymn","Evaluate","Nirvana"],"picked":"SKIP","floor":1.0},{"not_picked":["FollowUp","Halt"],"picked":"Adaptation","floor":3.0},{"not_picked":["Consecrate","ClearTheMind"],"picked":"Tantrum","floor":4.0},{"not_picked":["Consecrate","CrushJoints"],"picked":"Blasphemy","floor":6.0},{"not_picked":["CutThroughFate","Pray","Wallop"],"picked":"Singing Bowl","floor":12.0},{"not_picked":["WheelKick","ReachHeaven","FlyingSleeves"],"picked":"Singing Bowl","floor":13.0},{"not_picked":["Halt","BowlingBash","Sanctity"],"picked":"Singing Bowl","floor":14.0},{"not_picked":["Prostrate","EmptyFist","EmptyMind"],"picked":"Singing Bowl","floor":15.0},{"not_picked":["PathToVictory","CrushJoints"],"picked":"FearNoEvil","floor":16.0},{"not_picked":["Consecrate","Prostrate","Wireheading"],"picked":"Singing Bowl","floor":17.0},{"not_picked":["Alpha","Wish"],"picked":"Vault","floor":20.0},{"not_picked":["Collect","FlyingSleeves","FollowUp"],"picked":"Singing Bowl","floor":22.0},{"not_picked":["Consecrate","Wallop"],"picked":"Scrawl","floor":25.0},{"not_picked":["BowlingBash","SashWhip","Crescendo"],"picked":"Singing Bowl","floor":26.0},{"not_picked":["SashWhip","Nirvana","Wallop"],"picked":"Singing Bowl","floor":29.0},{"not_picked":["Collect","Meditate","Protect"],"picked":"Singing Bowl","floor":31.0},{"not_picked":["CutThroughFate","Consecrate","ThirdEye"],"picked":"Singing Bowl","floor":33.0},{"not_picked":["CarveReality+1","EmptyBody+1","FlurryOfBlows+1"],"picked":"Singing Bowl","floor":34.0},{"not_picked":["ConjureBlade","EmptyBody","Tantrum"],"picked":"Singing Bowl","floor":36.0},{"not_picked":["Judgement","Alpha","SpiritShield"],"picked":"Singing Bowl","floor":39.0},{"not_picked":["LikeWater","FlurryOfBlows+1","Evaluate"],"picked":"Singing Bowl","floor":41.0},{"not_picked":["PathToVictory","Fasting2","Collect"],"picked":"SKIP","floor":43.0},{"not_picked":["ReachHeaven+1","ClearTheMind","Wireheading"],"picked":"Singing Bowl","floor":44.0},{"not_picked":["Conclude","JustLucky","Consecrate"],"picked":"Singing Bowl","floor":45.0},{"not_picked":["Perseverance+1","Tantrum","JustLucky+1"],"picked":"Singing Bowl","floor":47.0},{"not_picked":["LikeWater+1","BowlingBash","Vengeance"],"picked":"Singing Bowl","floor":48.0},{"not_picked":["DeusExMachina","ClearTheMind+1","Swivel"],"picked":"Singing Bowl","floor":50.0},{"not_picked":["ThirdEye","Sanctity+1","Evaluate"],"picked":"Singing Bowl","floor":52.0},{"not_picked":["EmptyFist","Prostrate+1","BowlingBash"],"picked":"Singing Bowl","floor":53},{"not_picked":["FlurryOfBlows","Wireheading+1","Sanctity"],"picked":"Singing Bowl","floor":56},{"not_picked":["EmptyBody","Halt","Brilliance"],"picked":"Singing Bowl","floor":63}],"player_experience":515873,"relics_obtained":[{"floor":6.0,"key":"Singing Bowl"},{"floor":10.0,"key":"Bottled Tornado"},{"floor":11.0,"key":"Nunchaku"},{"floor":12.0,"key":"Smiling Mask"},{"floor":15.0,"key":"Ancient Tea Set"},{"floor":17.0,"key":"Odd Mushroom"},{"floor":21.0,"key":"Toy Ornithopter"},{"floor":21.0,"key":"Shuriken"},{"floor":21.0,"key":"Peace Pipe"},{"floor":29.0,"key":"Pear"},{"floor":32.0,"key":"Potion Belt"},{"floor":34.0,"key":"Boot"},{"floor":35.0,"key":"Incense Burner"},{"floor":37.0,"key":"Enchiridion"},{"floor":47.0,"key":"Juzu Bracelet"},{"floor":50.0,"key":"Whetstone"},{"floor":53,"key":"Happy Flower"},{"floor":63,"key":"Centennial Puzzle"}],"event_choices":[{"damage_healed":0.0,"max_hp_gain":0.0,"max_hp_loss":0.0,"gold_gain":0.0,"cards_transformed":["Defend_P"],"event_name":"Transmorgrifier","player_choice":"Transformed","floor":2.0,"gold_loss":0.0,"damage_taken":0.0,"cards_obtained":["WindmillStrike"]},{"damage_healed":0.0,"max_hp_gain":0.0,"max_hp_loss":0.0,"gold_gain":0.0,"cards_transformed":["WindmillStrike"],"event_name":"Living Wall","player_choice":"Change","floor":5.0,"gold_loss":0.0,"damage_taken":0.0,"cards_obtained":["Wallop"]},{"damage_healed":0.0,"max_hp_gain":0.0,"max_hp_loss":0.0,"gold_gain":0.0,"event_name":"The Woman in Blue","player_choice":"Bought 0 Potions","floor":8.0,"gold_loss":0.0,"damage_taken":0.0},{"damage_healed":0.0,"max_hp_gain":0.0,"max_hp_loss":0.0,"gold_gain":0.0,"event_name":"Mushrooms","player_choice":"Fought Mushrooms","floor":17.0,"gold_loss":0.0,"damage_taken":0.0},{"damage_healed":0.0,"max_hp_gain":0.0,"max_hp_loss":0.0,"gold_gain":360.0,"event_name":"Knowing Skull","player_choice":"GOLD GOLD GOLD GOLD ","floor":24.0,"potions_obtained":[],"gold_loss":0.0,"damage_taken":36.0,"cards_obtained":[]},{"damage_healed":16.0,"max_hp_gain":0.0,"max_hp_loss":0.0,"gold_gain":0.0,"event_name":"The Library","player_choice":"Heal","floor":27.0,"gold_loss":0.0,"damage_taken":0.0},{"damage_healed":0.0,"max_hp_gain":0.0,"max_hp_loss":0.0,"gold_gain":0.0,"event_name":"Cursed Tome","player_choice":"Obtained Book","floor":37.0,"gold_loss":0.0,"damage_taken":21.0},{"damage_healed":0.0,"max_hp_gain":0.0,"max_hp_loss":0.0,"gold_gain":0.0,"event_name":"Upgrade Shrine","player_choice":"Upgraded","floor":42.0,"gold_loss":0.0,"damage_taken":0.0,"cards_upgraded":["Scrawl"]},{"damage_healed":0,"gold_gain":0,"player_choice":"Ignored","damage_taken":0,"max_hp_gain":0,"max_hp_loss":0,"event_name":"SecretPortal","floor":54,"gold_loss":0}],"is_beta":false,"boss_relics":[{"not_picked":["Busted Crown","Cursed Key"],"picked":"Calling Bell"},{"not_picked":["Astrolabe","Coffee Dripper"],"picked":"Pandora\u0027s Box"}],"items_purged_floors":[18,23,55],"is_endless":false,"potions_floor_spawned":[1,6,13,16,17,20,26,29,36,39,41,43,45,50,53],"ascension_level":18}}