{"host":"8fl9fk3sx00hvnsh","time":1612820638,"event":{"mods":["BaseMod","Bestiary","Bossed Relics","Custom Start","Downfall","Minty Spire (QoL Compilation)","Reliquary","Replay The Spire","StSLib","The Blue Laboratory","The Marked","The Wild Card"],"gold_per_floor":[109,122,122,141,241,272,283,130,130,147,147,107,126,156,156,251,251,262,275,275,48,48,48,68,101,101,112,112,112,112,130,130,162,162,265,265,277,288,137,137,62,95,95,114,138,138,170,170,170],"floor_reached":48,"language":"ENG","playtime":2886,"items_purged":["Writhe"],"score":688,"play_id":"9465d90d-1175-44c9-a8fe-0e129e9eeec8","local_time":"20210208164358","is_ascension_mode":false,"campfire_choices":[{"floor":11,"key":"REST"},{"floor":15,"key":"REST"},{"floor":23,"key":"REST"},{"floor":28,"key":"REST"},{"floor":32,"key":"REST"},{"floor":43,"key":"REST"}],"circlet_count":0,"master_deck":["Strike_B","Strike_B","Strike_B","Defend_B","Defend_B","Defend_B","Defend_B","Zap","Secret Technique","Beam Cell","Stack","Bash","Scorching Beam","Scorching Beam","Fire Breathing","Scorching Beam","Sweeping Beam","Biased Cognition","Heatsinks+1","Creative AI+1","Hello World+1","ReplayTheSpireMod:GoodbyeWorld+1","Loop+1","Skim+1","Time Bomb","Fission","Static Discharge+1","Genetic Algorithm","Seek","Hologram+1","Streamline+1","BasicCrystalCard+1","Steam+1","Hyperbeam"],"relics":["Iron Core","Symbiotic Virus","DollysMirror","reliquary:PrincelyHelmet","Frozen Egg 2","Replay:Bronze Core","reliquary:LoveEmittingDiode","Art of War","reliquary:OuijaBoard","reliquary:QuartzCube","Singing Bowl","Honey Jar","MealTicket","Girya","DataDisk","Toxic Egg 2"],"acts_visited":["Exordium","TheCity","TheBeyond"],"potions_floor_usage":[16,16,16,35,35,35],"damage_taken":[{"damage":5,"enemies":"2 Louse","floor":1,"turns":3},{"damage":0,"enemies":"Cultist","floor":2,"turns":3},{"damage":7,"enemies":"Small Slimes","floor":4,"turns":3},{"damage":27,"enemies":"3 Sentries","floor":6,"turns":7},{"damage":0,"enemies":"Gremlin Gang","floor":7,"turns":2},{"damage":3,"enemies":"Red Slaver","floor":10,"turns":4},{"damage":0,"enemies":"2 Fungi Beasts","floor":13,"turns":4},{"damage":6,"enemies":"Gremlin Nob","floor":14,"turns":3},{"damage":15,"enemies":"Fading Forest","floor":16,"turns":11},{"damage":20,"enemies":"Spheric Guardian","floor":18,"turns":4},{"damage":26,"enemies":"2 Thieves","floor":19,"turns":3},{"damage":4,"enemies":"Centurion and Healer","floor":24,"turns":4},{"damage":24,"enemies":"Book of Stabbing","floor":25,"turns":4},{"damage":16,"enemies":"Cultist and Chosen","floor":27,"turns":4},{"damage":19,"enemies":"3 Cultists","floor":31,"turns":4},{"damage":17,"enemies":"Gremlin Leader","floor":33,"turns":4},{"damage":6,"enemies":"Pondfish","floor":35,"turns":7},{"damage":20,"enemies":"3 Shapes","floor":37,"turns":4},{"damage":21,"enemies":"3 Darklings","floor":38,"turns":3},{"damage":9,"enemies":"Reptomancer","floor":42,"turns":5},{"damage":17,"enemies":"Sphere and 2 Shapes","floor":44,"turns":5},{"damage":48,"enemies":"Giant Head","floor":47,"turns":7},{"damage":32,"enemies":"Transient","floor":48,"turns":4}],"seed_played":"-5615501532047831433","potions_obtained":[{"floor":1,"key":"FearPotion"},{"floor":12,"key":"blueLaboratory:BottledHope"},{"floor":12,"key":"FocusPotion"},{"floor":13,"key":"blueLaboratory:LouseDecoction"},{"floor":16,"key":"Milkshake"},{"floor":18,"key":"blueLaboratory:HummingbirdPotion"},{"floor":22,"key":"FocusPotion"},{"floor":22,"key":"FairyPotion"},{"floor":33,"key":"blueLaboratory:PlasmaFuel"},{"floor":38,"key":"blueLaboratory:NullPotion"},{"floor":47,"key":"blueLaboratory:EnragingPotion"}],"is_trial":false,"path_per_floor":["M","M","?","M","?","E","M","$","T","M","R","?","M","E","R","B",null,"M","M","T","$","?","R","M","E","T","M","R","PTL","PTL","M","R","E","R","B",null,"M","M","$","?","$","E","R","M","T","?","E","M"],"character_chosen":"DEFECT","items_purchased":["DollysMirror","Loop+1","Art of War","MealTicket"],"campfire_rested":6,"item_purchase_floors":[8,21,21,39],"current_hp_per_floor":[63,63,63,56,56,29,29,29,29,26,46,46,46,40,60,55,68,48,22,22,22,22,42,38,14,14,20,40,40,40,21,41,26,26,20,70,52,31,31,49,64,55,72,55,55,55,9,0,0],"gold":170,"neow_bonus":"RANDOM_COLORLESS_2","is_daily":false,"chose_seed":false,"campfire_upgraded":0,"win_rate":0.0,"timestamp":1612820638,"path_taken":["M","M","?","M","?","E","?","$","T","M","R","?","M","E","R","BOSS","M","?","?","$","?","R","M","E","T","?","R","PTL","PTL","M","R","E","R","BOSS","M","M","$","?","$","E","R","M","T","?","E","M"],"items_purchased_type":["Relic","Card","Relic","Relic"],"build_version":"2020-12-22","purchased_purges":1,"victory":false,"max_hp_per_floor":[68,68,68,68,68,68,68,68,68,68,68,68,68,68,68,68,68,68,68,68,68,68,68,68,68,68,68,68,68,68,68,68,70,70,70,70,72,72,72,72,72,72,72,72,72,72,74,74,74],"card_choices":[{"not_picked":["Violence","ReplayTheSpireMod:Necrogeddon"],"picked":"Secret Technique","floor":0},{"not_picked":["Steam","Streamline"],"picked":"Beam Cell","floor":1},{"not_picked":["Leap","Capacitor"],"picked":"Stack","floor":2},{"not_picked":["Rebound","Rip and Tear"],"picked":"Scorching Beam","floor":4},{"not_picked":["ReplayTheSpireMod:Muscle Training","Steam Power"],"picked":"Scorching Beam","floor":6},{"not_picked":["Sunder","Whirlwind"],"picked":"Fire Breathing","floor":7},{"not_picked":["Hologram","Steam"],"picked":"Sweeping Beam","floor":10},{"not_picked":["Iron Wave","Glacier"],"picked":"Biased Cognition","floor":13},{"not_picked":["Go for the Eyes","Panic Button"],"picked":"Heatsinks+1","floor":14},{"not_picked":["Offering","ReplayRNGCard"],"picked":"Creative AI+1","floor":16},{"not_picked":["Blizzard","Go for the Eyes+1"],"picked":"Hello World+1","floor":18},{"not_picked":["Scrape+1","Hologram"],"picked":"ReplayTheSpireMod:GoodbyeWorld+1","floor":19},{"not_picked":["Doom and Gloom","Stack"],"picked":"Skim+1","floor":24},{"not_picked":["Sweeping Beam","Redo+1"],"picked":"Time Bomb","floor":25},{"not_picked":["Rebound","Panic Button"],"picked":"Fission","floor":27},{"not_picked":["FTL","ReplayTheSpireMod:System Scan"],"picked":"Static Discharge+1","floor":31},{"not_picked":["Sweeping Beam","Conserve Battery","Coolheaded"],"picked":"Singing Bowl","floor":33},{"not_picked":["Reboot","Hyperbeam"],"picked":"Seek","floor":35},{"not_picked":["Turbo+1","Reinforced Body","Hologram+1","Panic Button+1"],"picked":"Singing Bowl","floor":37},{"not_picked":["Beam Cell+1","Barrage","Coolheaded"],"picked":"Streamline+1","floor":38},{"not_picked":["ReplayTheSpireMod:Repulse","Redo","Time Bomb"],"picked":"BasicCrystalCard+1","floor":42},{"not_picked":["Doom and Gloom","ReplayTheSpireMod:System Scan","Hologram"],"picked":"Steam+1","floor":44},{"not_picked":["Cold Snap","Darkness+1","Hyperbeam","Conserve Battery+1"],"picked":"Singing Bowl","floor":47}],"player_experience":240192,"relics_obtained":[{"floor":6,"key":"Symbiotic Virus"},{"floor":9,"key":"reliquary:PrincelyHelmet"},{"floor":14,"key":"Frozen Egg 2"},{"floor":20,"key":"reliquary:LoveEmittingDiode"},{"floor":25,"key":"reliquary:OuijaBoard"},{"floor":26,"key":"reliquary:QuartzCube"},{"floor":33,"key":"Singing Bowl"},{"floor":42,"key":"Girya"},{"floor":45,"key":"DataDisk"},{"floor":47,"key":"Toxic Egg 2"}],"event_choices":[{"damage_healed":0,"gold_gain":100,"player_choice":"Pray","damage_taken":0,"max_hp_gain":0,"max_hp_loss":0,"event_name":"Golden Shrine","floor":5,"gold_loss":0},{"damage_healed":0,"gold_gain":0,"player_choice":"Bought 3 Potions","damage_taken":0,"max_hp_gain":0,"max_hp_loss":0,"event_name":"The Woman in Blue","floor":12,"gold_loss":0},{"damage_healed":0,"gold_gain":0,"player_choice":"Got Potions","damage_taken":0,"max_hp_gain":0,"max_hp_loss":0,"event_name":"Lab","floor":22,"gold_loss":0},{"damage_healed":0,"gold_gain":0,"cards_transformed":["Strike_B"],"player_choice":"Transformed","damage_taken":0,"max_hp_gain":0,"max_hp_loss":0,"event_name":"Transmorgrifier","floor":34,"gold_loss":0,"cards_obtained":["Genetic Algorithm"]},{"damage_healed":18,"gold_gain":0,"player_choice":"Writhe","damage_taken":0,"max_hp_gain":0,"max_hp_loss":0,"event_name":"Winding Halls","floor":40,"gold_loss":0,"cards_obtained":["Writhe"]}],"is_beta":false,"boss_relics":[{"not_picked":["Busted Crown","Replay:Grab Bag"],"picked":"Replay:Bronze Core"},{"not_picked":["Runic Pyramid","reliquary:RedCape"],"picked":"Honey Jar"}],"items_purged_floors":[41],"is_endless":false,"potions_floor_spawned":[1,13,14,16,18,25,33,38,47],"killed_by":"Transient","ascension_level":0}}