{"host":"9qgbal69wq5palas","time":1612773001,"event":{"mods":["2.2 Compatiblity","Abigail Mod","AchievementEnabler","Act Like it!","Aspiration","Astrologer","Bartender","BaseMod","Better Altar","Better Note","Better Skull","Better Third Choice","Colored Powertips","Hallownest","Hermit","Highlight Path","Hubris","Infinite Spire","Jorbs\u0027s Wanderer Trilogy","Koishi","Lobotomy","Minty Spire (QoL Compilation)","Potionbrewer","Quick Restart","Random Character Button","Replay The Spire","Shade Mod","Shop Mod","Spicy Shops","StSLib","The Animator","The Bug Knight","The Cursed","The Disciple","The Exalted","The Hierophant","The Necromancer","The Servant 0.9.4","Wandering Minibosses"],"gold_per_floor":[111,111,61,61,13,45,57,68,68,102,113,147,147,180,180,180,180],"floor_reached":16,"language":"ENG","playtime":934,"items_purged":[],"score":218,"play_id":"d6d69c5d-4162-4692-9667-a320a25c0ccf","local_time":"20210208093001","is_ascension_mode":true,"campfire_choices":[{"floor":13,"key":"REST"},{"data":"TheCursedMod:CircleOfCorruption","floor":15,"key":"SMITH"}],"circlet_count":0,"master_deck":["AscendersBane","TheCursedMod:Strike_TheCursed","TheCursedMod:Strike_TheCursed","TheCursedMod:Strike_TheCursed","TheCursedMod:Defend_TheCursed","TheCursedMod:Defend_TheCursed","TheCursedMod:Defend_TheCursed","TheCursedMod:Defend_TheCursed","TheCursedMod:CursedWand","TheCursedMod:CleanUpWorkshop","TheCursedMod:Dregs","TheCursedMod:SpitefulStrike","TheCursedMod:Obscuration","TheCursedMod:CircleOfCorruption+1","TheCursedMod:SurpriseAttack","TheCursedMod:SoulReap"],"relics":["TheCursedMod:BlackMagic101","Pen Nib","hubris:Towel","Anchor","White_Cape","Replay:Kaleidoscope","WingedGreaves","Torii","infinitespire:EmpoweringShard"],"acts_visited":["Exordium"],"potions_floor_usage":[6,10,12,14],"damage_taken":[{"damage":0,"enemies":"2 Louse","floor":1,"turns":4},{"damage":27,"enemies":"Lagavulin","floor":6,"turns":9},{"damage":1,"enemies":"Jaw Worm","floor":7,"turns":5},{"damage":5,"enemies":"Small Slimes","floor":8,"turns":4},{"damage":4,"enemies":"Gremlin Nob","floor":10,"turns":4},{"damage":3,"enemies":"Blue Slaver","floor":11,"turns":5},{"damage":9,"enemies":"3 Sentries","floor":12,"turns":9},{"damage":7,"enemies":"Lagavulin","floor":14,"turns":5},{"damage":23,"enemies":"Fading Forest","floor":16,"turns":7}],"seed_played":"-5467791406055416646","potions_obtained":[{"floor":1,"key":"BlessingOfTheForge"},{"floor":11,"key":"Strength Potion"},{"floor":12,"key":"potionbrewer:EndurancePotion"}],"is_trial":false,"path_per_floor":["M","?","?","?","$","E","M","M","T","E","M","E","R","E","R","B"],"character_chosen":"THE_CURSED","items_purchased":["Block Potion"],"campfire_rested":1,"item_purchase_floors":[5],"current_hp_per_floor":[64,64,64,52,52,25,24,19,19,15,12,3,24,17,17,0,0],"gold":180,"neow_bonus":"RANDOM_COMMON_RELIC","is_daily":false,"chose_seed":false,"campfire_upgraded":1,"win_rate":0.0,"timestamp":1612773001,"path_taken":["M","?","?","?","?","E","M","M","T","E","M","E","R","E","R","BOSS"],"items_purchased_type":["Potion"],"build_version":"2020-12-22","purchased_purges":0,"victory":false,"max_hp_per_floor":[71,71,71,71,71,71,71,71,71,71,71,71,71,71,71,71,71],"card_choices":[{"not_picked":["TheCursedMod:RavingStaff","TheCursedMod:CircleOfFocus","TheCursedMod:RapidMovement"],"picked":"SKIP","floor":1},{"not_picked":["TheCursedMod:Torture","TheCursedMod:CircleOfWindfury","TheCursedMod:CursedMace"],"picked":"SKIP","floor":6},{"not_picked":["TheCursedMod:SmokeScreen","TheCursedMod:CircleOfAmplification"],"picked":"TheCursedMod:SpitefulStrike","floor":7},{"not_picked":["TheCursedMod:Stigma","TheCursedMod:SmokeScreen","TheCursedMod:CursedAmulet"],"picked":"SKIP","floor":8},{"not_picked":["TheCursedMod:CircleOfFlame","TheCursedMod:DarkBarrier"],"picked":"TheCursedMod:Obscuration","floor":10},{"not_picked":["TheCursedMod:CursedArmor","TheCursedMod:CursedMace"],"picked":"TheCursedMod:CircleOfCorruption","floor":11},{"not_picked":["TheCursedMod:SpreadPlague","TheCursedMod:SoulCrush"],"picked":"TheCursedMod:SurpriseAttack","floor":12},{"not_picked":["TheCursedMod:SaltUponWound","TheCursedMod:DarkBarrier"],"picked":"TheCursedMod:SoulReap","floor":14}],"player_experience":2734827,"relics_obtained":[{"floor":6,"key":"White_Cape"},{"floor":9,"key":"Replay:Kaleidoscope"},{"floor":10,"key":"WingedGreaves"},{"floor":12,"key":"Torii"},{"floor":14,"key":"infinitespire:EmpoweringShard"}],"event_choices":[{"cards_removed":["TheCursedMod:Strike_TheCursed"],"damage_healed":0,"gold_gain":0,"player_choice":"Card Removal","damage_taken":0,"max_hp_gain":0,"max_hp_loss":0,"event_name":"The Cleric","floor":3,"gold_loss":50},{"damage_healed":0,"gold_gain":0,"player_choice":"Relic ","damage_taken":12,"max_hp_gain":0,"max_hp_loss":0,"event_name":"betterThird:BetterScrap","floor":4,"gold_loss":0,"cards_obtained":["Sneak Up"]}],"is_beta":false,"boss_relics":[],"items_purged_floors":[],"is_endless":false,"potions_floor_spawned":[1,11,12],"killed_by":"Fading Forest","ascension_level":14}}