{"host":"06gxn1c1bsk424jw","time":1612772854,"event":{"mods":["BaseMod","DeckTracker","Minty Spire (QoL Compilation)","SuperFastMode"],"gold_per_floor":[111,130,146,146,146,176,176,202,202,127,127,143,174,188,188,188,188],"floor_reached":16,"language":"KOR","playtime":1058,"items_purged":["Strike_P"],"score":174,"play_id":"fe9cebb6-413d-4a3f-90e1-eea125489647","local_time":"20210208172734","is_ascension_mode":true,"campfire_choices":[{"data":"Eruption","floor":7,"key":"SMITH"},{"floor":11,"key":"REST"},{"floor":15,"key":"REST"}],"circlet_count":0,"master_deck":["Strike_P+1","Strike_P","Strike_P","Defend_P","Defend_P+1","Defend_P","Defend_P","Eruption+1","Vigilance","Judgement","CrushJoints","ClearTheMind","Adaptation","FlurryOfBlows","WaveOfTheHand","InnerPeace"],"relics":["PureWater","Blood Vial","Bottled Flame","Dream Catcher","Ice Cream"],"acts_visited":["Exordium"],"potions_floor_usage":[8,16],"damage_taken":[{"damage":0,"enemies":"2 Louse","floor":1,"turns":3},{"damage":0,"enemies":"Small Slimes","floor":2,"turns":3},{"damage":0,"enemies":"Jaw Worm","floor":3,"turns":2},{"damage":34,"enemies":"3 Sentries","floor":6,"turns":8},{"damage":12,"enemies":"Gremlin Nob","floor":8,"turns":4},{"damage":12,"enemies":"Large Slime","floor":12,"turns":5},{"damage":6,"enemies":"Lagavulin","floor":13,"turns":6},{"damage":0,"enemies":"Blue Slaver","floor":14,"turns":1},{"damage":52,"enemies":"Hexaghost","floor":16,"turns":11}],"seed_played":"1447053082352492397","potions_obtained":[{"floor":1,"key":"Explosive Potion"},{"floor":3,"key":"Weak Potion"},{"floor":14,"key":"AttackPotion"}],"is_trial":false,"path_per_floor":["M","M","M","?","?","E","R","E","T","$","R","M","E","M","R","B"],"character_chosen":"WATCHER","items_purchased":[],"campfire_rested":2,"item_purchase_floors":[],"current_hp_per_floor":[65,65,65,70,55,21,21,11,11,11,34,24,20,22,45,0,0],"gold":188,"neow_bonus":"ONE_RANDOM_RARE_CARD","is_daily":false,"chose_seed":false,"campfire_upgraded":1,"win_rate":0.0,"timestamp":1612772854,"path_taken":["M","M","M","?","?","E","R","E","T","?","R","M","E","M","R","BOSS"],"items_purchased_type":[],"build_version":"2020-12-22","purchased_purges":1,"victory":false,"max_hp_per_floor":[72,72,72,77,77,77,77,77,77,77,77,77,77,77,77,77,77],"card_choices":[{"not_picked":["Meditate","DeceiveReality"],"picked":"CrushJoints","floor":1},{"not_picked":["CarveReality","Consecrate","Nirvana"],"picked":"SKIP","floor":2},{"not_picked":["Wireheading","SashWhip","Protect"],"picked":"SKIP","floor":3},{"not_picked":["Prostrate","FearNoEvil"],"picked":"ClearTheMind","floor":6},{"not_picked":["Prostrate","EmptyMind","WheelKick"],"picked":"SKIP","floor":8},{"not_picked":["Evaluate","Consecrate"],"picked":"Adaptation","floor":11},{"not_picked":["FlyingSleeves","WaveOfTheHand"],"picked":"FlurryOfBlows","floor":12},{"not_picked":["Consecrate","FlurryOfBlows","Swivel"],"picked":"SKIP","floor":13},{"not_picked":["Protect","ClearTheMind"],"picked":"WaveOfTheHand","floor":14},{"not_picked":["Protect","CarveReality"],"picked":"InnerPeace","floor":15}],"player_experience":792952,"relics_obtained":[{"floor":6,"key":"Blood Vial"},{"floor":8,"key":"Bottled Flame"},{"floor":9,"key":"Dream Catcher"},{"floor":13,"key":"Ice Cream"}],"event_choices":[{"damage_healed":0,"gold_gain":0,"player_choice":"Donut","damage_taken":0,"max_hp_gain":5,"max_hp_loss":0,"event_name":"Big Fish","floor":4,"gold_loss":0},{"damage_healed":0,"gold_gain":0,"player_choice":"Entered Light","damage_taken":15,"max_hp_gain":0,"max_hp_loss":0,"event_name":"Shining Light","floor":5,"gold_loss":0,"cards_upgraded":["Defend_P","Strike_P"]}],"is_beta":false,"boss_relics":[],"items_purged_floors":[10],"is_endless":false,"potions_floor_spawned":[1,3,14],"killed_by":"Hexaghost","ascension_level":9}}