{"host":"aelxjre69umlx7r4","time":1612804449,"event":{"mods":["AchievementEnabler","BaseMod","DeckTracker","Highlight Path","Keyboard Shortcuts","Minty Spire (QoL Compilation)","Permanent Neow","SuperFastMode"],"gold_per_floor":[119,136,154,173,248,279,296,326,350,350,350,362,395,407,407,511,511,521,173,191,211,241,241,259,294,294,55,55,55,83,83,83,180,180,194,194,209,259,259,289,289,314,314,314,328,328,328,353,353,353,353,353,118,148,148],"floor_reached":56,"language":"KOR","playtime":2718,"items_purged":["Strike_B","Dualcast"],"score":1576,"play_id":"a366a627-9cd8-45f1-81bb-35cc5849c6b7","local_time":"20210209021409","is_ascension_mode":true,"campfire_choices":[{"floor":10.0,"key":"REST"},{"data":"Reboot","floor":15.0,"key":"SMITH"},{"data":"Scrape","floor":23.0,"key":"SMITH"},{"data":"Strike_B","floor":28.0,"key":"PURGE"},{"data":"Strike_B","floor":32.0,"key":"PURGE"},{"data":"Seek","floor":41.0,"key":"SMITH"},{"floor":44.0,"key":"RECALL"},{"data":"Violence","floor":46.0,"key":"SMITH"},{"data":"Skim","floor":47.0,"key":"SMITH"},{"data":"Turbo","floor":49.0,"key":"SMITH"},{"data":"Zap","floor":52.0,"key":"PURGE"}],"circlet_count":0,"master_deck":["Defend_B","Defend_B","Defend_B","Defend_B","Gash","Skim+1","Reboot+1","Go for the Eyes+1","Gash","Glacier","Beam Cell","Go for the Eyes+1","Steam","Machine Learning","CurseOfTheBell","Scrape+1","Violence+1","Turbo+1","BootSequence","Beam Cell","All For One","Gash","Beam Cell","Seek+1","Gash+1","Gash","Hologram+1","Scrape"],"relics":["Cracked Core","Centennial Puzzle","Bottled Flame","Ice Cream","Regal Pillow","Orichalcum","Calling Bell","Bag of Preparation","Gremlin Horn","TungstenRod","Red Mask","Tiny Chest","Peace Pipe","Shuriken","Bottled Tornado","Black Star","Pocketwatch","Whetstone","WingedGreaves","Vajra","Lizard Tail","Dream Catcher","Calipers","Pen Nib","FossilizedHelix","Happy Flower"],"acts_visited":["Exordium","TheCity","TheBeyond","TheEnding"],"potions_floor_usage":[55],"damage_taken":[{"damage":0.0,"enemies":"Small Slimes","floor":1.0,"turns":2.0},{"damage":1.0,"enemies":"Jaw Worm","floor":2.0,"turns":4.0},{"damage":1.0,"enemies":"Cultist","floor":3.0,"turns":3.0},{"damage":21.0,"enemies":"Gremlin Gang","floor":4.0,"turns":4.0},{"damage":24.0,"enemies":"Gremlin Nob","floor":6.0,"turns":4.0},{"damage":11.0,"enemies":"Blue Slaver","floor":7.0,"turns":3.0},{"damage":26.0,"enemies":"Lagavulin","floor":8.0,"turns":7.0},{"damage":7.0,"enemies":"Looter","floor":12.0,"turns":2.0},{"damage":12.0,"enemies":"3 Sentries","floor":13.0,"turns":9.0},{"damage":1.0,"enemies":"3 Louse","floor":14.0,"turns":2.0},{"damage":23.0,"enemies":"The Guardian","floor":16.0,"turns":11.0},{"damage":9.0,"enemies":"3 Byrds","floor":18.0,"turns":6.0},{"damage":1.0,"enemies":"Shell Parasite","floor":20.0,"turns":3.0},{"damage":13.0,"enemies":"Snake Plant","floor":21.0,"turns":5.0},{"damage":6.0,"enemies":"Masked Bandits","floor":22.0,"turns":3.0},{"damage":3.0,"enemies":"3 Cultists","floor":24.0,"turns":4.0},{"damage":0.0,"enemies":"Slavers","floor":25.0,"turns":3.0},{"damage":0.0,"enemies":"Book of Stabbing","floor":30.0,"turns":2.0},{"damage":0.0,"enemies":"Automaton","floor":33.0,"turns":3.0},{"damage":0.0,"enemies":"3 Darklings","floor":35.0,"turns":3.0},{"damage":0.0,"enemies":"3 Shapes","floor":37.0,"turns":2.0},{"damage":25.0,"enemies":"2 Orb Walkers","floor":38.0,"turns":3.0},{"damage":0.0,"enemies":"Giant Head","floor":40.0,"turns":5.0},{"damage":0.0,"enemies":"Reptomancer","floor":42.0,"turns":2.0},{"damage":0.0,"enemies":"Jaw Worm Horde","floor":45.0,"turns":1.0},{"damage":0.0,"enemies":"Giant Head","floor":48.0,"turns":2.0},{"damage":14.0,"enemies":"Awakened One","floor":50.0,"turns":4.0},{"damage":10.0,"enemies":"Shield and Spear","floor":54.0,"turns":2.0},{"damage":47,"enemies":"The Heart","floor":55,"turns":5}],"seed_played":"7308682822114325251","potions_obtained":[{"floor":1.0,"key":"SpeedPotion"},{"floor":4.0,"key":"SkillPotion"},{"floor":6.0,"key":"FairyPotion"},{"floor":7.0,"key":"LiquidBronze"},{"floor":13.0,"key":"Explosive Potion"},{"floor":22.0,"key":"BlessingOfTheForge"},{"floor":25.0,"key":"BlessingOfTheForge"},{"floor":33.0,"key":"Strength Potion"},{"floor":42.0,"key":"AttackPotion"}],"is_trial":false,"path_per_floor":["M","M","M","M","?","E","M","E","T","R","?","M","E","M","R","B",null,"M","$","M","M","?","R","M","E","T","$","R","?","E","$","R","B",null,"M","?","M","?","T","E","R","E","T","R","M","R","R","E","R","B",null,"R","$","E","B",null],"character_chosen":"DEFECT","items_purchased":["Scrape","Violence","Shuriken","Scrape","FairyPotion"],"campfire_rested":1,"item_purchase_floors":[19,19,27,53,53],"current_hp_per_floor":[75,74,73,52,41,17,6,14,14,51,51,44,32,31,31,8,75,66,66,65,52,46,46,43,43,43,43,43,43,43,43,43,43,75,75,71,71,46,46,46,46,46,46,46,46,46,46,46,46,32,71,71,71,61,14],"gold":148,"neow_bonus":"RANDOM_COMMON_RELIC","is_daily":false,"chose_seed":false,"campfire_upgraded":6,"win_rate":0.0,"timestamp":1612804449,"path_taken":["M","M","M","M","?","E","M","E","T","R","?","M","E","M","R","BOSS","M","$","?","?","?","R","M","E","T","$","R","?","E","$","R","BOSS","M","?","M","?","?","E","R","E","T","R","?","R","R","E","R","BOSS","R","$","E","BOSS"],"items_purchased_type":["Card","Card","Relic","Card","Potion"],"build_version":"2020-12-22","purchased_purges":2,"victory":true,"max_hp_per_floor":[75,75,75,75,75,75,75,75,75,75,75,75,75,75,75,75,75,75,75,75,75,75,75,75,75,75,75,75,75,75,75,75,75,75,75,71,71,71,71,71,71,71,71,71,71,71,71,71,71,71,71,71,71,71,71],"card_choices":[{"not_picked":["Rebound","Skim"],"picked":"Gash","floor":1.0},{"not_picked":["Turbo","FTL"],"picked":"Skim","floor":2.0},{"not_picked":["Steam","Undo"],"picked":"Reboot","floor":3.0},{"not_picked":["Rebound","Stack","Ball Lightning"],"picked":"SKIP","floor":4.0},{"not_picked":["Rebound","Tempest"],"picked":"Go for the Eyes","floor":6.0},{"not_picked":["Cold Snap","Chaos","Leap"],"picked":"SKIP","floor":7.0},{"not_picked":["Chaos","Buffer"],"picked":"Gash","floor":8.0},{"not_picked":["Streamline","Rebound"],"picked":"Beam Cell","floor":12.0},{"not_picked":["Reprogram","Force Field"],"picked":"Go for the Eyes","floor":13.0},{"not_picked":["Barrage","Chaos"],"picked":"Steam","floor":14.0},{"not_picked":["Amplify","Meteor Strike"],"picked":"Machine Learning","floor":16.0},{"not_picked":["Steam","Compile Driver","Aggregate"],"picked":"SKIP","floor":18.0},{"not_picked":["Sweeping Beam","Auto Shields"],"picked":"Turbo","floor":20.0},{"not_picked":["Conserve Battery","Steam Power"],"picked":"BootSequence","floor":21.0},{"not_picked":["Ball Lightning","Barrage"],"picked":"Beam Cell","floor":24.0},{"not_picked":["Scrape","Turbo"],"picked":"All For One","floor":25.0},{"not_picked":["Chaos+1","Tempest"],"picked":"Beam Cell","floor":30.0},{"not_picked":["Fission","Machine Learning"],"picked":"Seek","floor":33.0},{"not_picked":["Redo","Recycle+1"],"picked":"Gash+1","floor":35.0},{"not_picked":["Force Field+1","White Noise"],"picked":"Gash","floor":37.0},{"not_picked":["Buffer","Darkness"],"picked":"Hologram+1","floor":40.0},{"not_picked":["Doom and Gloom","Recycle","Force Field"],"picked":"SKIP","floor":42.0},{"not_picked":["Steam Power","Hologram","Leap+1"],"picked":"SKIP","floor":45.0},{"not_picked":["Cold Snap+1","Gash","Steam Power"],"picked":"SKIP","floor":48.0},{"not_picked":["Blizzard","Rebound+1","Sunder+1"],"picked":"SKIP","floor":54.0}],"player_experience":404019,"relics_obtained":[{"floor":6.0,"key":"Bottled Flame"},{"floor":8.0,"key":"Ice Cream"},{"floor":9.0,"key":"Regal Pillow"},{"floor":13.0,"key":"Orichalcum"},{"floor":17.0,"key":"Bag of Preparation"},{"floor":17.0,"key":"Gremlin Horn"},{"floor":17.0,"key":"TungstenRod"},{"floor":22.0,"key":"Red Mask"},{"floor":25.0,"key":"Tiny Chest"},{"floor":26.0,"key":"Peace Pipe"},{"floor":30.0,"key":"Bottled Tornado"},{"floor":38.0,"key":"Pocketwatch"},{"floor":39.0,"key":"Whetstone"},{"floor":40.0,"key":"WingedGreaves"},{"floor":40.0,"key":"Vajra"},{"floor":42.0,"key":"Lizard Tail"},{"floor":42.0,"key":"Dream Catcher"},{"floor":48.0,"key":"Calipers"},{"floor":48.0,"key":"Pen Nib"},{"floor":54.0,"key":"FossilizedHelix"},{"floor":54.0,"key":"Happy Flower"}],"event_choices":[{"damage_healed":0.0,"max_hp_gain":0.0,"max_hp_loss":0.0,"gold_gain":75.0,"event_name":"World of Goop","player_choice":"Gather Gold","floor":5.0,"gold_loss":0.0,"damage_taken":11.0},{"damage_healed":0.0,"max_hp_gain":0.0,"max_hp_loss":0.0,"gold_gain":0.0,"cards_transformed":["Strike_B"],"event_name":"Transmorgrifier","player_choice":"Transformed","floor":11.0,"gold_loss":0.0,"damage_taken":0.0,"cards_obtained":["Glacier"]},{"damage_healed":0.0,"max_hp_gain":0.0,"max_hp_loss":0.0,"gold_gain":0.0,"event_name":"Masked Bandits","player_choice":"Fought Bandits","floor":22.0,"gold_loss":0.0,"damage_taken":0.0},{"damage_healed":0.0,"max_hp_gain":0.0,"max_hp_loss":0.0,"gold_gain":0.0,"event_name":"The Library","player_choice":"Read","floor":29.0,"gold_loss":0.0,"damage_taken":0.0,"cards_obtained":["Gash"]},{"damage_healed":0.0,"max_hp_gain":0.0,"max_hp_loss":4.0,"gold_gain":0.0,"event_name":"Winding Halls","player_choice":"Max HP","floor":36.0,"gold_loss":0.0,"damage_taken":0.0},{"damage_healed":0.0,"max_hp_gain":0.0,"max_hp_loss":0.0,"gold_gain":0.0,"event_name":"Mysterious Sphere","player_choice":"Fight","floor":38.0,"gold_loss":0.0,"damage_taken":0.0}],"is_beta":false,"boss_relics":[{"not_picked":["Snecko Eye","Astrolabe"],"picked":"Calling Bell"},{"not_picked":["Coffee Dripper","Runic Dome"],"picked":"Black Star"}],"items_purged_floors":[19,53],"is_endless":false,"potions_floor_spawned":[1,4,6,7,13,22,25,33,35,37,42],"ascension_level":1}}