{"host":"d61fcf2p3sjwe6yo","time":1612800428,"event":{"mods":["BaseMod","Colored Map","Koishi","Marisa????????","Minty Spire (QoL Compilation)","Reimu??????","StSLib","SuperFastMode","The Servant 0.9.4"],"gold_per_floor":[116,56,56,72,72,106,106,121,202,202,212,253,5,34,34,119,119,141,165,188,200,200,200],"floor_reached":22,"language":"ENG","playtime":1296,"items_purged":["Defend_S"],"score":496,"play_id":"e46ef410-b651-4fe2-a701-82fa26ae4167","local_time":"20210208190708","is_ascension_mode":true,"campfire_choices":[{"data":"Moonlight","floor":7,"key":"SMITH"},{"data":"Hightail","floor":10,"key":"SMITH"},{"data":"KidneyShot","floor":15,"key":"SMITH"}],"circlet_count":0,"master_deck":["AscendersBane","Strike_S","Strike_S","Strike_S","Strike_S","Defend_S","Defend_S","Defend_S","KidneyShot+1","Exchange","Moonlight+1","FastForward","Hightail+1","Rearm","BottledTime","Dilation","SpecialFormula","KillingDoll+1","Ricochet+1","Gouge+1","BottledTime"],"relics":["Uniform","NeowsBlessing","PaintedHorse:ReiMu","Boot","Molten Egg 2","CeramicFish","Oddly Smooth Stone","StoneMask"],"acts_visited":["Exordium","TheCity"],"potions_floor_usage":[],"damage_taken":[{"damage":0,"enemies":"Jaw Worm","floor":1,"turns":1},{"damage":0,"enemies":"2 Louse","floor":4,"turns":1},{"damage":0,"enemies":"3 Sentries","floor":6,"turns":2},{"damage":0,"enemies":"Cultist","floor":8,"turns":2},{"damage":0,"enemies":"Gremlin Gang","floor":11,"turns":6},{"damage":0,"enemies":"Lagavulin","floor":12,"turns":8},{"damage":0,"enemies":"2 Fungi Beasts","floor":14,"turns":4},{"damage":9,"enemies":"The Guardian","floor":16,"turns":13},{"damage":13,"enemies":"3 Byrds","floor":18,"turns":5},{"damage":26,"enemies":"Shell Parasite","floor":19,"turns":9},{"damage":8,"enemies":"Centurion and Healer","floor":20,"turns":4},{"damage":14,"enemies":"Snecko","floor":21,"turns":9},{"damage":50,"enemies":"Chosen and Byrds","floor":22,"turns":7}],"seed_played":"-6952273846076729850","potions_obtained":[{"floor":1,"key":"GrandPatriotsElixir:ReiMu"},{"floor":4,"key":"CultistPotion"},{"floor":5,"key":"AttackPotion"}],"is_trial":false,"path_per_floor":["M","?","?","M","?","E","R","M","T","R","M","E","$","M","R","B",null,"M","M","M","M","M"],"character_chosen":"THE_SERVANT","items_purchased":["Oddly Smooth Stone"],"campfire_rested":0,"item_purchase_floors":[13],"current_hp_per_floor":[54,54,54,54,54,54,54,54,54,54,54,54,54,54,54,50,58,59,36,39,33,0,0],"gold":200,"neow_bonus":"THREE_ENEMY_KILL","is_daily":false,"chose_seed":false,"campfire_upgraded":3,"win_rate":0.0,"timestamp":1612800428,"path_taken":["M","?","?","M","?","E","R","M","T","R","?","E","$","M","R","BOSS","M","M","?","M","M"],"items_purchased_type":["Relic"],"build_version":"2020-12-22","purchased_purges":1,"victory":false,"max_hp_per_floor":[60,60,60,60,60,60,60,60,60,60,60,60,60,60,60,60,60,63,64,66,67,68,68],"card_choices":[{"not_picked":["MoonPhase","BottledTime"],"picked":"Moonlight","floor":1},{"not_picked":["ReturningBlade","StarChef"],"picked":"FastForward","floor":4},{"not_picked":["WasteNot","Starlight"],"picked":"Hightail","floor":6},{"not_picked":["DoubleEdge","Alleviate"],"picked":"Rearm","floor":8},{"not_picked":["ShiftingGears","DualDimension"],"picked":"BottledTime","floor":11},{"not_picked":["SpecialFormula","FastForward"],"picked":"Dilation","floor":12},{"not_picked":["Reset","Rearm"],"picked":"SpecialFormula","floor":14},{"not_picked":["Initiator+1","SoulSculpture+1"],"picked":"KillingDoll+1","floor":16},{"not_picked":["Potential+1","DoubleEdge+1"],"picked":"Ricochet+1","floor":18},{"not_picked":["Starlight+1","Sabotage+1"],"picked":"Gouge+1","floor":19},{"not_picked":["Starlight+1","Potential+1"],"picked":"BottledTime","floor":20},{"not_picked":["Comet+1","BottledTime","Gouge+1"],"picked":"SKIP","floor":21}],"player_experience":290372,"relics_obtained":[{"floor":6,"key":"Boot"},{"floor":9,"key":"Molten Egg 2"},{"floor":12,"key":"CeramicFish"}],"event_choices":[{"damage_healed":0,"gold_gain":0,"player_choice":"Donate","damage_taken":0,"relics_obtained":["PaintedHorse:ReiMu"],"max_hp_gain":0,"max_hp_loss":0,"event_name":"yidonshenshe","floor":2,"gold_loss":60},{"damage_healed":0,"gold_gain":0,"player_choice":"Leave","damage_taken":0,"max_hp_gain":0,"max_hp_loss":0,"event_name":"The Cleric","floor":3,"gold_loss":0},{"damage_healed":0,"gold_gain":0,"player_choice":"Got Potions","damage_taken":0,"max_hp_gain":0,"max_hp_loss":0,"event_name":"Lab","floor":5,"gold_loss":0}],"is_beta":false,"boss_relics":[{"not_picked":["Velvet Choker","Philosopher\u0027s Stone"],"picked":"StoneMask"}],"items_purged_floors":[13],"is_endless":false,"potions_floor_spawned":[1,4,11,14,16,18,21],"killed_by":"Chosen and Byrds","ascension_level":20}}