{"host":"j5j96s76v36ug78u","time":1612799150,"event":{"mods":["BaseMod","Better Third Choice","Highlight Path","Minty Spire (QoL Compilation)","Potion Indicator Mod","Potionbrewer","Reliquary","StSLib","The Alterego","The Blackbeard","The Hierophant","The Senshi","The Servant 0.9.4","The Showman"],"gold_per_floor":[113,113,113,125,125,125,156,156,156,191,220,236,186,199,199,297,297,309,309,309,9,37,37,37],"floor_reached":23,"language":"ENG","playtime":1662,"items_purged":[],"score":272,"play_id":"fc044a1d-49b8-42f5-b818-289398e249ce","local_time":"20210208124550","is_ascension_mode":false,"campfire_choices":[{"data":"potionbrewer:Experimentation","floor":6,"key":"SMITH"},{"data":"potionbrewer:Brandish","floor":8,"key":"SMITH"},{"floor":15,"key":"REST"}],"circlet_count":0,"master_deck":["potionbrewer:PotionbrewerStrike","potionbrewer:PotionbrewerStrike","potionbrewer:PotionbrewerStrike","potionbrewer:PotionbrewerStrike","potionbrewer:PotionbrewerDefend","potionbrewer:PotionbrewerDefend","potionbrewer:Collect","potionbrewer:ChemicalSpill","potionbrewer:Brandish+1","potionbrewer:TimeBomb","potionbrewer:Experimentation+1","potionbrewer:EmptyBottle","potionbrewer:VolatileSolution","potionbrewer:QuickStep","potionbrewer:TestFormula","potionbrewer:HazardousWaste","potionbrewer:Hoarder","potionbrewer:Prototype","potionbrewer:Contingency"],"relics":["potionbrewer:PotionKit","NeowsBlessing","potionbrewer:Torch","Torii","Bag of Marbles","reliquary:IridiumChain","Odd Mushroom","reliquary:WritOfMandamus","Vajra","Shovel"],"acts_visited":["Exordium","TheCity"],"potions_floor_usage":[10,11,16,18,18,22,22,23,23],"damage_taken":[{"damage":0,"enemies":"2 Louse","floor":1,"turns":1},{"damage":0,"enemies":"Small Slimes","floor":4,"turns":1},{"damage":0,"enemies":"Lagavulin","floor":7,"turns":1},{"damage":14,"enemies":"Gremlin Nob","floor":10,"turns":4},{"damage":9,"enemies":"The Mushroom Lair","floor":11,"turns":3},{"damage":0,"enemies":"Jaw Worm","floor":12,"turns":1},{"damage":7,"enemies":"Exordium Wildlife","floor":14,"turns":4},{"damage":0,"enemies":"Slime Boss","floor":16,"turns":5},{"damage":12,"enemies":"3 Byrds","floor":18,"turns":4},{"damage":14,"enemies":"Shell Parasite","floor":22,"turns":3},{"damage":8,"enemies":"Gremlin Leader","floor":23,"turns":3}],"seed_played":"4443641535961619363","potions_obtained":[{"floor":1,"key":"potionbrewer:QuicksilverPotion"},{"floor":10,"key":"potionbrewer:ToxicPotion"},{"floor":16,"key":"Fire Potion"},{"floor":18,"key":"potionbrewer:MidasPotion"},{"floor":22,"key":"Dexterity Potion"}],"is_trial":false,"path_per_floor":["M","?","?","M","$","R","E","R","T","E","?","M","?","M","R","B",null,"M","?","?","$","M","E"],"character_chosen":"POTIONBREWER","items_purchased":["Shovel"],"campfire_rested":1,"item_purchase_floors":[21],"current_hp_per_floor":[75,45,45,45,45,45,45,45,45,31,22,22,22,15,37,37,75,63,63,63,63,49,41,41],"gold":37,"neow_bonus":"THREE_ENEMY_KILL","is_daily":false,"chose_seed":false,"campfire_upgraded":2,"win_rate":0.0,"timestamp":1612799150,"path_taken":["M","?","?","M","$","R","E","R","T","E","?","M","?","M","R","BOSS","M","?","?","?","M","E"],"items_purchased_type":["Relic"],"build_version":"2020-12-22","purchased_purges":0,"victory":false,"max_hp_per_floor":[75,75,75,75,75,75,75,75,75,75,75,75,75,75,75,75,75,75,75,75,75,75,75,75],"card_choices":[{"not_picked":["potionbrewer:QuickStep","potionbrewer:Shovel"],"picked":"potionbrewer:Brandish","floor":1},{"not_picked":["potionbrewer:Biohazard","potionbrewer:TimeBomb"],"picked":"potionbrewer:Experimentation","floor":4},{"not_picked":["potionbrewer:IronFist","potionbrewer:AnotherRound"],"picked":"potionbrewer:EmptyBottle","floor":7},{"not_picked":["potionbrewer:FortifiedSerum","potionbrewer:Toxicity"],"picked":"potionbrewer:VolatileSolution","floor":10},{"not_picked":["potionbrewer:BlindingSpray","potionbrewer:ChemicalShroud"],"picked":"potionbrewer:QuickStep","floor":11},{"not_picked":["potionbrewer:ChemicalRage","potionbrewer:Toxicity"],"picked":"potionbrewer:TestFormula","floor":12},{"not_picked":["potionbrewer:UnstableFormula","potionbrewer:PortableLab"],"picked":"potionbrewer:HazardousWaste","floor":14},{"not_picked":["potionbrewer:BeatDown","potionbrewer:AlchemistForm","potionbrewer:Prototype"],"picked":"potionbrewer:Hoarder","floor":16},{"not_picked":["potionbrewer:ChemicalRage","potionbrewer:UnstableFormula+1","potionbrewer:BlindingSpray"],"picked":"potionbrewer:Prototype","floor":18},{"not_picked":["potionbrewer:Toxicity","potionbrewer:CausticBarrier"],"picked":"potionbrewer:Contingency","floor":22}],"player_experience":167300,"relics_obtained":[{"floor":7,"key":"Bag of Marbles"},{"floor":10,"key":"reliquary:IridiumChain"},{"floor":11,"key":"Odd Mushroom"}],"event_choices":[{"damage_healed":0,"gold_gain":1,"player_choice":"Relic Relic ","damage_taken":30,"max_hp_gain":0,"max_hp_loss":0,"event_name":"betterThird:BetterScrap","floor":2,"gold_loss":0,"cards_obtained":["Sentinel"]},{"damage_healed":0,"gold_gain":0,"cards_transformed":["potionbrewer:PotionbrewerDefend"],"player_choice":"Change","damage_taken":0,"max_hp_gain":0,"max_hp_loss":0,"event_name":"Living Wall","floor":3,"gold_loss":0,"cards_obtained":["potionbrewer:TimeBomb"]},{"damage_healed":0,"gold_gain":0,"player_choice":"Fought Mushrooms","damage_taken":0,"max_hp_gain":0,"max_hp_loss":0,"event_name":"Mushrooms","floor":11,"gold_loss":0},{"cards_removed":["potionbrewer:PotionbrewerDefend"],"damage_healed":0,"gold_gain":0,"player_choice":"Card Removal","damage_taken":0,"max_hp_gain":0,"max_hp_loss":0,"event_name":"The Cleric","floor":13,"gold_loss":50},{"damage_healed":0,"gold_gain":0,"player_choice":"Opened","damage_taken":0,"relics_obtained":["Vajra"],"max_hp_gain":0,"max_hp_loss":0,"event_name":"The Mausoleum","floor":19,"gold_loss":0}],"is_beta":false,"boss_relics":[{"not_picked":["Calling Bell","Sozu"],"picked":"reliquary:WritOfMandamus"}],"items_purged_floors":[],"is_endless":false,"potions_floor_spawned":[1,10,16,18,22],"killed_by":"Gremlin Leader","ascension_level":0}}