{"host":"9b7hrp48q3pna783","time":1612785622,"event":{"mods":["BaseMod","Colored Map","Colored Powertips","Highlight Path","Minty Spire (QoL Compilation)","Relic Stats"],"gold_per_floor":[114,114,114,129,129,163,176,176,176,190,190,206,216,216,216],"floor_reached":14,"language":"ENG","playtime":407,"items_purged":[],"score":129,"play_id":"6d0f39bb-9d56-45d7-a27a-050d9e1607be","local_time":"20210208070022","is_ascension_mode":true,"campfire_choices":[{"data":"Consume","floor":8,"key":"SMITH"}],"circlet_count":0,"master_deck":["Strike_B","Strike_B","Defend_B+1","Defend_B","Defend_B","Defend_B","Zap","Dualcast+1","Consume+1","Loop+1","Darkness","Redo","White Noise","Storm+1"],"relics":["Cracked Core","NeowsBlessing","Frozen Egg 2","MealTicket"],"acts_visited":["Exordium"],"potions_floor_usage":[10,14,14],"damage_taken":[{"damage":0,"enemies":"Cultist","floor":1,"turns":1},{"damage":0,"enemies":"Jaw Worm","floor":4,"turns":1},{"damage":0,"enemies":"Gremlin Nob","floor":6,"turns":1},{"damage":4,"enemies":"Small Slimes","floor":7,"turns":3},{"damage":26,"enemies":"Exordium Thugs","floor":10,"turns":4},{"damage":9,"enemies":"Looter","floor":12,"turns":3},{"damage":6,"enemies":"3 Louse","floor":13,"turns":3},{"damage":9,"enemies":"3 Sentries","floor":14,"turns":4}],"seed_played":"488381285448545998","potions_obtained":[{"floor":1,"key":"Swift Potion"},{"floor":10,"key":"Block Potion"},{"floor":12,"key":"Strength Potion"},{"floor":13,"key":"ColorlessPotion"}],"is_trial":false,"path_per_floor":["M","?","?","M","?","E","M","R","T","M","?","M","M","E"],"character_chosen":"DEFECT","items_purchased":[],"campfire_rested":0,"item_purchase_floors":[],"current_hp_per_floor":[75,68,53,53,53,53,49,49,49,23,23,14,8,0,0],"gold":216,"neow_bonus":"THREE_ENEMY_KILL","is_daily":false,"chose_seed":false,"campfire_upgraded":1,"win_rate":0.0,"timestamp":1612785622,"path_taken":["M","?","?","M","?","E","M","R","T","?","?","M","M","E"],"items_purchased_type":[],"build_version":"2020-12-22","purchased_purges":0,"victory":false,"max_hp_per_floor":[75,75,75,75,75,75,75,75,75,75,75,75,75,75,75],"relic_stats":{"counters":[8,19],"MealTicket":0,"obtain_stats":[{"NeowsBlessing":0,"MealTicket":9,"Frozen Egg 2":6,"Cracked Core":0},{"NeowsBlessing":0,"MealTicket":4,"Frozen Egg 2":3,"Cracked Core":0},{"NeowsBlessing":0,"MealTicket":5,"Frozen Egg 2":3,"Cracked Core":0}]},"card_choices":[{"not_picked":["Turbo","Coolheaded","Rebound"],"picked":"SKIP","floor":1},{"not_picked":["Steam","Lockon"],"picked":"Beam Cell","floor":4},{"not_picked":["Barrage","Compile Driver"],"picked":"Loop+1","floor":6},{"not_picked":["Fission","Loop+1"],"picked":"Darkness","floor":7},{"not_picked":["Darkness","Beam Cell"],"picked":"Redo","floor":10},{"not_picked":["Ball Lightning","Go for the Eyes"],"picked":"White Noise","floor":12},{"not_picked":["Beam Cell","Conserve Battery"],"picked":"Storm+1","floor":13}],"player_experience":139892,"relics_obtained":[{"floor":6,"key":"Frozen Egg 2"},{"floor":9,"key":"MealTicket"}],"event_choices":[{"cards_removed":["Strike_B"],"damage_healed":0,"gold_gain":0,"player_choice":"Card Removal","damage_taken":7,"max_hp_gain":0,"max_hp_loss":0,"event_name":"Golden Wing","floor":2,"gold_loss":0},{"damage_healed":0,"gold_gain":0,"player_choice":"Entered Light","damage_taken":15,"max_hp_gain":0,"max_hp_loss":0,"event_name":"Shining Light","floor":3,"gold_loss":0,"cards_upgraded":["Defend_B","Dualcast"]},{"damage_healed":0,"gold_gain":0,"cards_transformed":["Beam Cell"],"player_choice":"Transformed","damage_taken":0,"max_hp_gain":0,"max_hp_loss":0,"event_name":"Transmorgrifier","floor":5,"gold_loss":0,"cards_obtained":["Consume"]},{"cards_removed":["Strike_B"],"damage_healed":0,"gold_gain":0,"player_choice":"Forget","damage_taken":0,"max_hp_gain":0,"max_hp_loss":0,"event_name":"Living Wall","floor":11,"gold_loss":0}],"is_beta":false,"boss_relics":[],"items_purged_floors":[],"is_endless":false,"potions_floor_spawned":[1,10,12,13],"killed_by":"3 Sentries","ascension_level":2}}