{"host":"89iuq2p5kwriuwfq","time":1612783206,"event":{"mods":["BaseMod","Curses Come First","Minty Spire (QoL Compilation)","Permanent Neow","StSLib"],"gold_per_floor":[117,58,68,119,119,144,144,173,196,196,219,250,61,81,81,180,180,196,111,211,223,238,238,271,301,353,1,1,1],"floor_reached":28,"language":"ENG","playtime":1801,"items_purged":["Defend_G","Strike_G"],"score":422,"play_id":"135af1a6-bd10-477a-8e01-4ee7cc60fb89","local_time":"20210208112006","is_ascension_mode":true,"campfire_choices":[{"data":"Crippling Poison","floor":7.0,"key":"SMITH"},{"data":"Phantasmal Killer","floor":10.0,"key":"SMITH"},{"data":"Well Laid Plans","floor":15.0,"key":"SMITH"},{"floor":23.0,"key":"REST"}],"circlet_count":0,"master_deck":["AscendersBane","Strike_G","Strike_G","Strike_G","Strike_G","Defend_G","Defend_G","Defend_G","Defend_G","Survivor","Neutralize","Crippling Poison+1","Phantasmal Killer+1","Blur","Poisoned Stab","Slice","Well Laid Plans+1","Catalyst","Escape Plan","Envenom","Deadly Poison","Poisoned Stab","Calculated Gamble+1","Footwork","Quick Slash","Backflip"],"relics":["Ring of the Snake","WingedGreaves","Vajra","Ancient Tea Set","Eternal Feather","Happy Flower","Centennial Puzzle","Odd Mushroom","Art of War","Sozu","White Beast Statue","Dead Branch","Juzu Bracelet","Dream Catcher","Membership Card","Pantograph"],"acts_visited":["Exordium","TheCity"],"potions_floor_usage":[],"damage_taken":[{"damage":4.0,"enemies":"Jaw Worm","floor":1.0,"turns":6.0},{"damage":2.0,"enemies":"Cultist","floor":3.0,"turns":4.0},{"damage":30.0,"enemies":"3 Sentries","floor":6.0,"turns":13.0},{"damage":10.0,"enemies":"Gremlin Nob","floor":8.0,"turns":4.0},{"damage":9.0,"enemies":"The Mushroom Lair","floor":11.0,"turns":3.0},{"damage":11.0,"enemies":"3 Sentries","floor":12.0,"turns":12.0},{"damage":0.0,"enemies":"2 Louse","floor":14.0,"turns":3.0},{"damage":14.0,"enemies":"Hexaghost","floor":16.0,"turns":9.0},{"damage":8.0,"enemies":"2 Thieves","floor":18.0,"turns":3.0},{"damage":11.0,"enemies":"Shell Parasite","floor":21.0,"turns":6.0},{"damage":21.0,"enemies":"Shelled Parasite and Fungi","floor":22.0,"turns":5.0},{"damage":22.0,"enemies":"Gremlin Leader","floor":24.0,"turns":5.0},{"damage":13.0,"enemies":"Book of Stabbing","floor":25.0,"turns":4.0},{"damage":13,"enemies":"Slavers","floor":28,"turns":2}],"seed_played":"-2092077930068583148","potions_obtained":[{"floor":1.0,"key":"Poison Potion"},{"floor":8.0,"key":"Explosive Potion"},{"floor":12.0,"key":"CunningPotion"}],"is_trial":false,"path_per_floor":["M","?","M","T","?","E","R","E","T","R","?","E","$","M","R","B",null,"M","?","?","M","M","R","E","E","T","$","E"],"character_chosen":"THE_SILENT","items_purchased":["Well Laid Plans","Catalyst","Membership Card","Pantograph","Backflip"],"campfire_rested":1,"item_purchase_floors":[13,13,27,27,27],"current_hp_per_floor":[59,59,57,57,57,27,36,26,26,35,26,15,15,15,27,13,56,48,48,48,37,16,49,27,14,14,14,1,1],"gold":1,"neow_bonus":"ONE_RARE_RELIC","is_daily":false,"chose_seed":false,"campfire_upgraded":3,"win_rate":0.0,"timestamp":1612783206,"path_taken":["M","?","?","?","?","E","R","E","T","R","?","E","$","M","R","BOSS","M","?","?","M","M","R","E","E","T","$","E"],"items_purchased_type":["Card","Card","Relic","Relic","Card"],"build_version":"2020-12-22","purchased_purges":2,"victory":false,"max_hp_per_floor":[70,70,70,70,70,70,70,70,70,70,70,70,70,70,70,70,70,70,70,70,70,70,70,70,70,70,70,70,70],"card_choices":[{"not_picked":["Masterful Stab","PiercingWail"],"picked":"Crippling Poison","floor":1.0},{"not_picked":["Sucker Punch","Flying Knee","Bane"],"picked":"SKIP","floor":3.0},{"not_picked":["Acrobatics","Choke"],"picked":"Phantasmal Killer","floor":6.0},{"not_picked":["Expertise","Calculated Gamble"],"picked":"Blur","floor":8.0},{"not_picked":["Dagger Spray","Deadly Poison"],"picked":"Poisoned Stab","floor":11.0},{"not_picked":["Leg Sweep","Flying Knee"],"picked":"Slice","floor":12.0},{"not_picked":["Underhanded Strike","Distraction"],"picked":"Escape Plan","floor":14.0},{"not_picked":["Storm of Steel","Tools of the Trade"],"picked":"Envenom","floor":16.0},{"not_picked":["Quick Slash","Deflect+1"],"picked":"Deadly Poison","floor":18.0},{"not_picked":["Sucker Punch","Tools of the Trade"],"picked":"Poisoned Stab","floor":21.0},{"not_picked":["Accuracy","Masterful Stab+1"],"picked":"Calculated Gamble+1","floor":22.0},{"not_picked":["Bullet Time","Deflect"],"picked":"Footwork","floor":24.0},{"not_picked":["Predator","Flying Knee"],"picked":"Quick Slash","floor":25.0}],"player_experience":641862,"relics_obtained":[{"floor":4.0,"key":"Ancient Tea Set"},{"floor":6.0,"key":"Eternal Feather"},{"floor":8.0,"key":"Happy Flower"},{"floor":9.0,"key":"Centennial Puzzle"},{"floor":11.0,"key":"Odd Mushroom"},{"floor":12.0,"key":"Art of War"},{"floor":24.0,"key":"Dead Branch"},{"floor":25.0,"key":"Juzu Bracelet"},{"floor":26.0,"key":"Dream Catcher"}],"event_choices":[{"damage_healed":0.0,"max_hp_gain":0.0,"max_hp_loss":0.0,"gold_gain":0.0,"event_name":"WeMeetAgain","player_choice":"Paid Gold","floor":2.0,"gold_loss":59.0,"damage_taken":0.0,"relics_obtained":["Vajra"]},{"cards_removed":["Decay"],"damage_healed":0.0,"max_hp_gain":0.0,"max_hp_loss":0.0,"gold_gain":0.0,"event_name":"Living Wall","player_choice":"Forget","floor":5.0,"gold_loss":0.0,"damage_taken":0.0},{"damage_healed":0.0,"max_hp_gain":0.0,"max_hp_loss":0.0,"gold_gain":0.0,"event_name":"Mushrooms","player_choice":"Fought Mushrooms","floor":11.0,"gold_loss":0.0,"damage_taken":0.0},{"damage_healed":0.0,"max_hp_gain":0.0,"max_hp_loss":0.0,"gold_gain":0.0,"event_name":"Addict","player_choice":"Obtained Relic","floor":19.0,"gold_loss":85.0,"damage_taken":0.0,"relics_obtained":["White Beast Statue"]},{"damage_healed":0.0,"max_hp_gain":0.0,"max_hp_loss":0.0,"gold_gain":100.0,"event_name":"Golden Shrine","player_choice":"Pray","floor":20.0,"gold_loss":0.0,"damage_taken":0.0}],"is_beta":false,"boss_relics":[{"not_picked":["Calling Bell","Coffee Dripper"],"picked":"Sozu"}],"items_purged_floors":[13,27],"is_endless":false,"potions_floor_spawned":[1,8,12,21,22,24,25],"killed_by":"Slavers","ascension_level":11}}