{"host":"zs3tguvuxkh90jf4","time":1612805070,"event":{"mods":["AchievementEnabler","BaseMod","Better Silent Start","Better-Laid Plans","BetterRewards","Block Reminder","Colored Map","Colored Powertips","Gold Saver","Minty Spire (QoL Compilation)","Shop Mod","StSLib","Transform Curses"],"gold_per_floor":[3012,3012,3026,3026,3045,3076,3076,3111,3111,3111,3111,3111,2070,2081,3005,3084,3084,3096,3011,3011,1970,1987,2013,2013,2040,2040,2040,2040,930,930,947,947,1018,1018,2600,5,22,34,53,81,81,97,170,187,219,219,219,676,676,676],"floor_reached":51,"language":"ENG","playtime":3120,"items_purged":["Clumsy","Strike_G","Strike_G","Strike_G"],"score":1672,"play_id":"25197a68-cb22-49f2-a650-fe95ba1dd44c","local_time":"20210208092430","is_ascension_mode":true,"campfire_choices":[{"floor":7.0,"key":"REST"},{"floor":10.0,"key":"REST"},{"floor":12.0,"key":"REST"},{"floor":15.0,"key":"REST"},{"floor":24.0,"key":"REST"},{"floor":28.0,"key":"REST"},{"data":"Secret Technique","floor":30.0,"key":"SMITH"},{"floor":32.0,"key":"REST"},{"data":"After Image","floor":41.0,"key":"SMITH"},{"data":"Neutralize","floor":46.0,"key":"SMITH"},{"data":"Catalyst","floor":49,"key":"SMITH"}],"circlet_count":0,"master_deck":["AscendersBane","Strike_G+1","Defend_G+1","Defend_G","Defend_G","Defend_G","Survivor","Neutralize+1","Accuracy","Sucker Punch+1","Deadly Poison","Bouncing Flask","Deadly Poison","Blade Dance","Caltrops","Blade Dance","Corpse Explosion","A Thousand Cuts","Backflip","Necronomicurse","Adrenaline","Burst","Noxious Fumes","Secret Technique+1","After Image+1","Bane+1","Footwork","Terror+1","Distraction","Mind Blast+1","Dagger Spray+1","Phantasmal Killer","Backstab+1","Deadly Poison+1","Catalyst+1","Deflect+1","Adrenaline+1"],"relics":["Ring of the Snake","NeowsBlessing","Incense Burner","Gremlin Horn","Singing Bowl","Turnip","Boot","HandDrill","MerchantsRug","Philosopher\u0027s Stone","Girya","Necronomicon","Calipers","Eternal Feather","Sling","Torii","Omamori","Dream Catcher","Shuriken","Centennial Puzzle","Toolbox","Snake Skull","The Courier","TungstenRod","Membership Card","HornCleat","Regal Pillow","Bottled Flame","Lantern","Kunai","Juzu Bracelet","Sundial","Matryoshka","Ancient Tea Set","Darkstone Periapt","White Beast Statue","War Paint","Mercury Hourglass","Blood Vial","Ice Cream","Bronze Scales","Potion Belt","Ornamental Fan","Meat on the Bone","MealTicket","Happy Flower","Orichalcum","Vajra","Blue Candle","Molten Egg 2","Question Card","Nunchaku","Pantograph","Whetstone","Pen Nib","Pear","Bag of Marbles","Chemical X","Oddly Smooth Stone","Bottled Lightning","Ninja Scroll","Toxic Egg 2","Letter Opener","StoneCalendar","Lizard Tail","FossilizedHelix","Anchor","The Specimen","Frozen Egg 2","PreservedInsect","Toy Ornithopter","Bag of Preparation","Strawberry","Mummified Hand","Paper Crane","Mango"],"acts_visited":["Exordium","TheCity","TheBeyond"],"potions_floor_usage":[],"damage_taken":[{"damage":0.0,"enemies":"Jaw Worm","floor":1.0,"turns":1.0},{"damage":0.0,"enemies":"Cultist","floor":3.0,"turns":1.0},{"damage":0.0,"enemies":"Small Slimes","floor":5.0,"turns":1.0},{"damage":33.0,"enemies":"3 Sentries","floor":6.0,"turns":10.0},{"damage":37.0,"enemies":"Lagavulin","floor":8.0,"turns":6.0},{"damage":0.0,"enemies":"Exordium Wildlife","floor":14.0,"turns":4.0},{"damage":28.0,"enemies":"The Guardian","floor":16.0,"turns":6.0},{"damage":0.0,"enemies":"Spheric Guardian","floor":18.0,"turns":2.0},{"damage":4.0,"enemies":"Chosen","floor":22.0,"turns":4.0},{"damage":23.0,"enemies":"Slavers","floor":23.0,"turns":3.0},{"damage":27.0,"enemies":"Book of Stabbing","floor":25.0,"turns":4.0},{"damage":2.0,"enemies":"Colosseum Slavers","floor":27.0,"turns":3.0},{"damage":32.0,"enemies":"Sentry and Sphere","floor":31.0,"turns":4.0},{"damage":15.0,"enemies":"Collector","floor":33.0,"turns":6.0},{"damage":17.0,"enemies":"Orb Walker","floor":35.0,"turns":4.0},{"damage":0.0,"enemies":"3 Darklings","floor":37.0,"turns":2.0},{"damage":22.0,"enemies":"Spire Growth","floor":38.0,"turns":4.0},{"damage":6.0,"enemies":"Maw","floor":39.0,"turns":5.0},{"damage":5.0,"enemies":"Nemesis","floor":40.0,"turns":5.0},{"damage":20.0,"enemies":"4 Shapes","floor":42.0,"turns":4.0},{"damage":0.0,"enemies":"3 Darklings","floor":44.0,"turns":2.0},{"damage":0.0,"enemies":"Giant Head","floor":45.0,"turns":6.0},{"damage":0,"enemies":"Awakened One","floor":50,"turns":7}],"seed_played":"889670932801526230","potions_obtained":[{"floor":4.0,"key":"Swift Potion"},{"floor":4.0,"key":"Fruit Juice"},{"floor":5.0,"key":"EntropicBrew"},{"floor":8.0,"key":"BlessingOfTheForge"},{"floor":22.0,"key":"DuplicationPotion"},{"floor":23.0,"key":"BlessingOfTheForge"},{"floor":37.0,"key":"Dexterity Potion"},{"floor":38.0,"key":"Regen Potion"},{"floor":39.0,"key":"CunningPotion"},{"floor":40.0,"key":"SkillPotion"},{"floor":42.0,"key":"Swift Potion"},{"floor":44.0,"key":"Block Potion"},{"floor":45.0,"key":"DuplicationPotion"}],"is_trial":false,"path_per_floor":["M","?","M","?","M","E","R","E","T","R","?","R","$","M","R","B",null,"M","?","?","$","M","E","R","E","T","?","R","$","R","M","R","B",null,"M","$","M","M","M","E","R","M","T","M","E","R","?","$","R","B",null],"character_chosen":"THE_SILENT","items_purchased":["Turnip","Boot","HandDrill","Caltrops","Blade Dance","MerchantsRug","PowerPotion","Calipers","Eternal Feather","Sling","GhostInAJar","FearPotion","Shuriken","Centennial Puzzle","Toolbox","Noxious Fumes","SkillPotion","AttackPotion","Secret Technique","Membership Card","HornCleat","Regal Pillow","Bottled Flame","Lantern","Kunai","Footwork","Terror","Distraction","Juzu Bracelet","Sundial","Matryoshka","Ancient Tea Set","Darkstone Periapt","White Beast Statue","War Paint","Mercury Hourglass","Blood Vial","Ice Cream","Bronze Scales","Potion Belt","Ornamental Fan","Meat on the Bone","MealTicket","Happy Flower","Orichalcum","Vajra","Blue Candle","Molten Egg 2","Mind Blast+1","GhostInAJar","Question Card","Nunchaku","Pantograph","Catalyst","Chemical X","Oddly Smooth Stone","Bottled Lightning","Ninja Scroll","Toxic Egg 2","Letter Opener","StoneCalendar","Lizard Tail","FossilizedHelix","Anchor","The Specimen","Frozen Egg 2","PreservedInsect","Deflect+1","Adrenaline+1","Toy Ornithopter","Bag of Preparation","Strawberry","Mummified Hand","Paper Crane","Mango"],"campfire_rested":7,"item_purchase_floors":[13,13,13,13,13,13,13,21,21,21,21,21,29,29,29,29,29,29,29,36,36,36,36,36,36,36,36,36,36,36,36,36,36,36,36,36,36,36,36,36,36,36,36,36,36,36,36,36,36,36,36,36,36,48,48,48,48,48,48,48,48,48,48,48,48,48,48,48,48,48,48,48,48,48,48],"current_hp_per_floor":[59,59,59,64,64,31,52,15,15,36,36,57,57,57,71,43,64,64,64,43,43,41,18,51,24,24,22,57,57,72,42,79,64,75,58,58,60,42,54,51,69,51,61,63,67,88,95,116,116,116],"gold":676,"neow_bonus":"THREE_ENEMY_KILL","is_daily":false,"chose_seed":false,"campfire_upgraded":4,"win_rate":0.0,"timestamp":1612805070,"path_taken":["M","?","?","?","?","E","R","E","T","R","?","R","$","M","R","BOSS","M","?","?","?","?","E","R","E","T","?","R","$","R","M","R","BOSS","M","$","M","M","M","E","R","M","T","M","E","R","?","?","R","BOSS"],"items_purchased_type":["Relic","Relic","Relic","Card","Card","Relic","Potion","Relic","Relic","Relic","Potion","Potion","Relic","Relic","Relic","Card","Potion","Potion","Card","Relic","Relic","Relic","Relic","Relic","Relic","Card","Card","Card","Relic","Relic","Relic","Relic","Relic","Relic","Relic","Relic","Relic","Relic","Relic","Relic","Relic","Relic","Relic","Relic","Relic","Relic","Relic","Relic","Card","Potion","Relic","Relic","Relic","Card","Relic","Relic","Relic","Relic","Relic","Relic","Relic","Relic","Relic","Relic","Relic","Relic","Relic","Card","Card","Relic","Relic","Relic","Relic","Relic","Relic"],"build_version":"2020-12-22","purchased_purges":4,"victory":true,"max_hp_per_floor":[66,66,66,71,71,71,71,71,71,71,71,71,71,71,71,71,71,71,71,71,71,73,73,73,73,73,73,75,75,75,77,79,79,79,79,79,79,81,83,83,83,83,93,93,95,95,95,116,116,116],"card_choices":[{"not_picked":["Poisoned Stab","Endless Agony"],"picked":"Accuracy","floor":1.0},{"not_picked":["Masterful Stab","Dagger Spray"],"picked":"Deadly Poison","floor":3.0},{"not_picked":["Quick Slash","Heel Hook"],"picked":"Bouncing Flask","floor":5.0},{"not_picked":["Dagger Throw","Acrobatics"],"picked":"Deadly Poison","floor":6.0},{"not_picked":["PiercingWail","Deflect"],"picked":"Blade Dance","floor":8.0},{"not_picked":["Calculated Gamble","Caltrops"],"picked":"Corpse Explosion","floor":14.0},{"not_picked":["Doppelganger","Bullet Time"],"picked":"A Thousand Cuts","floor":16.0},{"not_picked":["Dodge and Roll","Bane"],"picked":"Backflip","floor":18.0},{"not_picked":["Dash+1","Dodge and Roll","Slice"],"picked":"Singing Bowl","floor":22.0},{"not_picked":["All Out Attack","Masterful Stab+1"],"picked":"Adrenaline","floor":23.0},{"not_picked":["Leg Sweep","Caltrops"],"picked":"Burst","floor":25.0},{"not_picked":["Deflect","Leg Sweep","Dodge and Roll"],"picked":"Singing Bowl","floor":28.0},{"not_picked":["Flying Knee","Backflip","Masterful Stab+1"],"picked":"Singing Bowl","floor":31.0},{"not_picked":["Deadly Poison","Well Laid Plans","Choke+1"],"picked":"Singing Bowl","floor":32.0},{"not_picked":["Burst","A Thousand Cuts"],"picked":"After Image","floor":33.0},{"not_picked":["Bouncing Flask","Sucker Punch+1"],"picked":"Bane+1","floor":35.0},{"not_picked":["Prepared","Expertise","Dagger Throw+1"],"picked":"Dagger Spray+1","floor":37.0},{"not_picked":["Unload+1","Bane+1","Underhanded Strike+1","Flying Knee+1"],"picked":"Singing Bowl","floor":38.0},{"not_picked":["Flying Knee+1","Sucker Punch+1","Heel Hook+1","Distraction"],"picked":"Singing Bowl","floor":39.0},{"not_picked":["Grand Finale+1","Adrenaline","Backstab+1"],"picked":"Phantasmal Killer","floor":40.0},{"not_picked":["Bouncing Flask","Flying Knee+1","Backflip"],"picked":"Backstab+1","floor":42.0},{"not_picked":["Dagger Throw+1","Bane+1","Calculated Gamble"],"picked":"Deadly Poison+1","floor":44.0},{"not_picked":["Terror+1","All Out Attack+1","Sucker Punch+1","Bane+1"],"picked":"Singing Bowl","floor":45.0}],"player_experience":553669,"relics_obtained":[{"floor":6.0,"key":"Incense Burner"},{"floor":8.0,"key":"Gremlin Horn"},{"floor":9.0,"key":"Singing Bowl"},{"floor":20.0,"key":"Necronomicon"},{"floor":23.0,"key":"Torii"},{"floor":25.0,"key":"Omamori"},{"floor":26.0,"key":"Dream Catcher"},{"floor":34.0,"key":"Snake Skull"},{"floor":34.0,"key":"The Courier"},{"floor":34.0,"key":"TungstenRod"},{"floor":40.0,"key":"Whetstone"},{"floor":43.0,"key":"Pen Nib"},{"floor":43.0,"key":"Pear"},{"floor":45.0,"key":"Bag of Marbles"}],"event_choices":[{"damage_healed":0.0,"max_hp_gain":0.0,"max_hp_loss":0.0,"gold_gain":0.0,"event_name":"Match and Keep!","player_choice":"2 cards matched","floor":2.0,"gold_loss":0.0,"damage_taken":0.0,"cards_obtained":["Clumsy","Sucker Punch"]},{"damage_healed":0.0,"max_hp_gain":0.0,"max_hp_loss":0.0,"gold_gain":0.0,"event_name":"Lab","player_choice":"Got Potions","floor":4.0,"gold_loss":0.0,"damage_taken":0.0},{"damage_healed":0.0,"max_hp_gain":0.0,"max_hp_loss":0.0,"gold_gain":0.0,"event_name":"Shining Light","player_choice":"Ignored","floor":11.0,"gold_loss":0.0,"damage_taken":0.0},{"damage_healed":0.0,"max_hp_gain":0.0,"max_hp_loss":0.0,"gold_gain":0.0,"event_name":"Addict","player_choice":"Obtained Relic","floor":19.0,"gold_loss":85.0,"damage_taken":0.0,"relics_obtained":["Girya"]},{"damage_healed":0.0,"max_hp_gain":0.0,"max_hp_loss":0.0,"gold_gain":0.0,"event_name":"Cursed Tome","player_choice":"Obtained Book","floor":20.0,"gold_loss":0.0,"damage_taken":21.0},{"damage_healed":0.0,"max_hp_gain":0.0,"max_hp_loss":0.0,"gold_gain":0.0,"event_name":"Colosseum","player_choice":"Fight","floor":27.0,"gold_loss":0.0,"damage_taken":0.0},{"damage_healed":0.0,"max_hp_gain":0.0,"max_hp_loss":0.0,"gold_gain":0.0,"event_name":"Colosseum","player_choice":"Fled From Nobs","floor":27.0,"gold_loss":0.0,"damage_taken":0.0},{"damage_healed":7.0,"max_hp_gain":0.0,"max_hp_loss":0.0,"gold_gain":0.0,"event_name":"Wheel of Change","player_choice":"Full Heal","floor":47.0,"gold_loss":0.0,"damage_taken":0.0}],"is_beta":false,"boss_relics":[{"not_picked":["Pandora\u0027s Box","Snecko Eye"],"picked":"Philosopher\u0027s Stone"},{"not_picked":["Coffee Dripper","Fusion Hammer"],"picked":"Calling Bell"}],"items_purged_floors":[13,21,29,48],"is_endless":false,"potions_floor_spawned":[5,8,14,22,23,27,31,37,38,39,40,42,44,45],"ascension_level":18}}