{"host":"ky7z67tg8zpdk0g7","time":1612800209,"event":{"mods":["BaseMod","CapriCore","Energized Spire","Halation","Hubris","Minty Spire (QoL Compilation)","Replay The Spire","StSLib","The Construct"],"gold_per_floor":[111,111,111,128,128,156,232,272,295,295,308,327,327,346,346,443,443,470,486,165,165,165,165,190,213,239,278,278,278,301,324,324,436,436,457,475,33,59,59,59,59,65,65],"floor_reached":42,"language":"RUS","playtime":1889,"items_purged":["construct:LaserCore","construct:ScopeCore"],"score":528,"play_id":"19997ecf-e3e4-438a-91cd-75ad69aad782","local_time":"20210208230329","is_ascension_mode":false,"campfire_choices":[{"data":"construct:CreateCores","floor":13,"key":"SMITH"},{"data":"construct:CreateCores+1","floor":15,"key":"SMITH"},{"data":"construct:Electrocute","floor":23,"key":"SMITH"},{"data":"construct:Electrocute+1","floor":28,"key":"SMITH"},{"data":"construct:PointDefense","floor":32,"key":"SMITH"},{"data":"construct:Autoturret+1","floor":40,"key":"SMITH"},{"data":"construct:Autoturret","floor":40,"key":"SMITH"}],"circlet_count":0,"master_deck":["construct:Strike_Gold","construct:Strike_Gold","construct:Strike_Gold","construct:Strike_Gold","construct:Strike_Gold","construct:Defend_Gold","construct:Defend_Gold","construct:Defend_Gold","construct:Defend_Gold","construct:Defend_Gold","construct:AttackMode","construct:DefenseMode","construct:Failsafe","construct:CreateCores+2","construct:Electrocute+2","construct:Meltdown","construct:Rollout","construct:Implosion+1","construct:PointDefense+1","construct:DarkFlames","construct:Autoturret+2","construct:Autoturret+1","construct:ShiftStrike"],"relics":["construct:ClockworkPhoenix","NeowsBlessing","hubris:Icosahedron","halation:EternalFortune","halation:IllGainedPizza","Bag of Preparation","ReplayTheSpireMod:Lightbulb","Ancient Tea Set","halation:PinkAlligatorPlush","Medical Kit","hubris:BottledHeart","hubris:ClockworkCow","hubris:Towel","construct:ClawGrip","Replay:Arrowhead"],"acts_visited":["Exordium","TheCity","TheBeyond"],"potions_floor_usage":[18,27,27,27,27,33],"damage_taken":[{"damage":0,"enemies":"Small Slimes","floor":1,"turns":1},{"damage":0,"enemies":"Jaw Worm","floor":4,"turns":1},{"damage":0,"enemies":"Lagavulin","floor":6,"turns":2},{"damage":42,"enemies":"3 Sentries","floor":8,"turns":9},{"damage":0,"enemies":"2 Louse","floor":11,"turns":2},{"damage":6,"enemies":"Red Slaver","floor":12,"turns":3},{"damage":2,"enemies":"Large Slime","floor":14,"turns":5},{"damage":0,"enemies":"Slime Boss","floor":16,"turns":4},{"damage":38,"enemies":"2 Thieves","floor":18,"turns":4},{"damage":8,"enemies":"Chosen","floor":19,"turns":4},{"damage":0,"enemies":"Shelled Parasite and Fungi","floor":24,"turns":5},{"damage":0,"enemies":"Centurion and Healer","floor":25,"turns":6},{"damage":0,"enemies":"Gremlin Leader","floor":27,"turns":7},{"damage":0,"enemies":"Sentry and Sphere","floor":30,"turns":4},{"damage":0,"enemies":"Cultist and Chosen","floor":31,"turns":4},{"damage":16,"enemies":"Automaton","floor":33,"turns":6},{"damage":0,"enemies":"Orb Walker","floor":35,"turns":4},{"damage":0,"enemies":"3 Shapes","floor":36,"turns":4},{"damage":0,"enemies":"Jaw Worm Horde","floor":38,"turns":5},{"damage":1,"enemies":"Spire Growth","floor":42,"turns":4}],"seed_played":"-342047551551816013","potions_obtained":[{"floor":6,"key":"SpeedPotion"},{"floor":8,"key":"SkillPotion"},{"floor":11,"key":"LiquidBronze"},{"floor":16,"key":"Dexterity Potion"},{"floor":27,"key":"Elixir"},{"floor":31,"key":"SpeedPotion"},{"floor":35,"key":"SpeedPotion"},{"floor":36,"key":"SteroidPotion"}],"is_trial":false,"path_per_floor":["M","?","?","M","T","E","?","E","T","?","M","M","R","M","R","B",null,"M","M","$","?","?","R","M","M","T","E","R","?","M","M","R","B",null,"M","M","$","M","$","R","?","M"],"character_chosen":"THE_CONSTRUCT_MOD","items_purchased":["Medical Kit","EntropicBrew","Replay:Arrowhead","construct:Autoturret"],"campfire_rested":0,"item_purchase_floors":[20,20,37,37],"current_hp_per_floor":[85,85,88,91,91,91,80,38,38,43,43,37,37,38,38,38,99,61,53,53,1,1,1,1,1,1,1,1,1,1,1,1,1,1,1,1,1,1,1,1,1,0,0],"gold":65,"neow_bonus":"THREE_ENEMY_KILL","is_daily":false,"chose_seed":false,"campfire_upgraded":7,"win_rate":0.0,"timestamp":1612800209,"path_taken":["M","?","?","M","?","E","?","E","T","?","M","?","R","M","R","BOSS","M","M","$","?","?","R","M","?","T","E","R","?","M","M","R","BOSS","M","M","$","M","$","R","?","M"],"items_purchased_type":["Relic","Potion","Relic","Card"],"build_version":"2020-12-22","purchased_purges":2,"victory":false,"max_hp_per_floor":[85,85,88,91,91,91,91,91,91,96,96,96,96,99,99,99,99,99,99,99,1,1,1,1,1,1,1,1,1,1,1,1,1,1,1,1,1,1,1,1,1,1,1],"card_choices":[{"not_picked":["construct:SaveState","construct:Dampening","construct:HardReboot"],"picked":"SKIP","floor":1},{"not_picked":["construct:Boost","construct:ClusterMines"],"picked":"construct:Failsafe","floor":4},{"not_picked":["construct:Anticipate","construct:VentSteam"],"picked":"construct:ScopeCore","floor":6},{"not_picked":["construct:Anticipate","construct:Bunker","construct:FlammableFog"],"picked":"SKIP","floor":8},{"not_picked":["construct:PointDefense","construct:Dampening"],"picked":"construct:CreateCores","floor":11},{"not_picked":["construct:Hazardproof","construct:Reinforce"],"picked":"construct:LaserCore","floor":12},{"not_picked":["construct:ClusterMines","construct:ScrapCannon"],"picked":"construct:Electrocute","floor":14},{"not_picked":["construct:DarkFlames","construct:GoldenBullet"],"picked":"construct:Meltdown","floor":16},{"not_picked":["construct:HeavyBolt","construct:Zapper","construct:Versatility"],"picked":"SKIP","floor":18},{"not_picked":["construct:Disrupt","construct:ScrapCannon"],"picked":"construct:Rollout","floor":19},{"not_picked":["construct:Boost","construct:SweepLaser"],"picked":"construct:Implosion+1","floor":24},{"not_picked":["construct:LongRangeLance","construct:ScrapCannon","construct:VentSteam"],"picked":"SKIP","floor":25},{"not_picked":["construct:ShiftGuard","construct:LongRangeLance"],"picked":"construct:PointDefense","floor":27},{"not_picked":["construct:PowerUp","construct:FlammableFog","construct:ModeShift+1"],"picked":"SKIP","floor":30},{"not_picked":["construct:Backfire","construct:Rollout"],"picked":"construct:PointDefense","floor":31},{"not_picked":["construct:SiegeForm","construct:ClockworkEgg"],"picked":"construct:DarkFlames","floor":33},{"not_picked":["construct:MoltenSmash+1","construct:Backfire","construct:SaveState"],"picked":"SKIP","floor":35},{"not_picked":["construct:NuclearCore","construct:Accumulate+1"],"picked":"construct:Autoturret+1","floor":36},{"not_picked":["construct:Tumble+1","construct:CripplingShot+1","construct:Boost+1"],"picked":"SKIP","floor":38}],"player_experience":69472,"relics_obtained":[{"floor":4,"key":"halation:EternalFortune"},{"floor":5,"key":"halation:IllGainedPizza"},{"floor":6,"key":"Bag of Preparation"},{"floor":8,"key":"ReplayTheSpireMod:Lightbulb"},{"floor":9,"key":"Ancient Tea Set"},{"floor":14,"key":"halation:EternalFortune"},{"floor":27,"key":"halation:EternalFortune"},{"floor":27,"key":"hubris:ClockworkCow"}],"event_choices":[{"damage_healed":0,"gold_gain":75,"player_choice":"Gather Gold","damage_taken":11,"max_hp_gain":0,"max_hp_loss":0,"event_name":"World of Goop","floor":7,"gold_loss":0},{"damage_healed":0,"gold_gain":0,"player_choice":"Donut","damage_taken":0,"max_hp_gain":5,"max_hp_loss":0,"event_name":"Big Fish","floor":10,"gold_loss":0},{"damage_healed":0,"gold_gain":0,"player_choice":"Ignored","damage_taken":0,"max_hp_gain":0,"max_hp_loss":0,"event_name":"NoteForYourself","floor":22,"gold_loss":0},{"damage_healed":0,"gold_gain":0,"cards_transformed":["construct:PointDefense"],"player_choice":"Transformed","damage_taken":0,"max_hp_gain":0,"max_hp_loss":0,"event_name":"Transmorgrifier","floor":41,"gold_loss":0,"cards_obtained":["construct:ShiftStrike"]}],"is_beta":false,"boss_relics":[{"not_picked":["SacredBark","Ectoplasm"],"picked":"halation:PinkAlligatorPlush"},{"not_picked":["Ring of Chaos","Velvet Choker"],"picked":"construct:ClawGrip"}],"items_purged_floors":[20,37],"is_endless":false,"potions_floor_spawned":[6,8,11,12,16,27,31,35,36],"killed_by":"Spire Growth","ascension_level":0}}