{"host":"BK","time":1612762629,"event":{"mods":["BaseMod","Highlight Path","Minty Spire (QoL Compilation)","StSLib"],"gold_per_floor":[109,128,128,138,18,18,18,43,97,97,127,127,162,182,182,261,261,261,261,261,261,96,96,96,96,96,96,96,96,96,96,96,96,96,96,96,40,0,0,0,0,0,0,0,0,0,0,0,0,0,0],"floor_reached":50,"language":"ENG","playtime":2456,"items_purged":["Strike_R"],"score":1153,"play_id":"d35d8f08-7c16-4bd7-b2c2-4832e2352700","local_time":"20210207223709","is_ascension_mode":true,"campfire_choices":[{"data":"Thunderclap","floor":7.0,"key":"SMITH"},{"data":"Flame Barrier","floor":10.0,"key":"SMITH"},{"data":"Bash","floor":12.0,"key":"SMITH"},{"data":"Bludgeon","floor":15.0,"key":"SMITH"},{"floor":23.0,"key":"RECALL"},{"floor":32.0,"key":"REST"},{"floor":41,"key":"REST"},{"floor":44,"key":"REST"},{"data":"Shrug It Off","floor":46,"key":"SMITH"},{"data":"Spot Weakness","floor":49,"key":"SMITH"}],"circlet_count":0,"master_deck":["AscendersBane","Strike_R","Strike_R","Strike_R","Defend_R","Defend_R","Defend_R","Defend_R","Bash+1","Clothesline","Headbutt","Thunderclap+1","Flame Barrier+1","Pummel","Bludgeon+1","Anger","Feed","Dropkick","Shrug It Off+1","Demon Form","Shrug It Off+1","Fire Breathing+1","Juggernaut","Armaments+1","True Grit","Impervious","Battle Trance+1","Spot Weakness+1"],"relics":["Burning Blood","Art of War","Toy Ornithopter","Vajra","Nunchaku","Pocketwatch","Ectoplasm","Medical Kit","Juzu Bracelet","Mummified Hand","StrikeDummy","SlaversCollar","Red Mask","Gambling Chip","Centennial Puzzle","Lantern","Smiling Mask"],"acts_visited":["Exordium","TheCity","TheBeyond"],"potions_floor_usage":[36,40,50],"damage_taken":[{"damage":7.0,"enemies":"Small Slimes","floor":1.0,"turns":4.0},{"damage":3.0,"enemies":"Cultist","floor":2.0,"turns":4.0},{"damage":8.0,"enemies":"Jaw Worm","floor":4.0,"turns":4.0},{"damage":25.0,"enemies":"3 Sentries","floor":8.0,"turns":7.0},{"damage":8.0,"enemies":"Gremlin Nob","floor":11.0,"turns":3.0},{"damage":19.0,"enemies":"Lagavulin","floor":13.0,"turns":7.0},{"damage":0.0,"enemies":"Exordium Wildlife","floor":14.0,"turns":3.0},{"damage":10.0,"enemies":"The Guardian","floor":16.0,"turns":11.0},{"damage":0.0,"enemies":"Shell Parasite","floor":18.0,"turns":1.0},{"damage":4.0,"enemies":"Spheric Guardian","floor":19.0,"turns":4.0},{"damage":16.0,"enemies":"Cultist and Chosen","floor":20.0,"turns":4.0},{"damage":1.0,"enemies":"Shelled Parasite and Fungi","floor":21.0,"turns":3.0},{"damage":44.0,"enemies":"Gremlin Leader","floor":24.0,"turns":6.0},{"damage":13.0,"enemies":"Chosen and Byrds","floor":25.0,"turns":5.0},{"damage":6.0,"enemies":"Snake Plant","floor":27.0,"turns":3.0},{"damage":18.0,"enemies":"Centurion and Healer","floor":28.0,"turns":5.0},{"damage":23.0,"enemies":"3 Cultists","floor":29.0,"turns":5.0},{"damage":38.0,"enemies":"Book of Stabbing","floor":30.0,"turns":6.0},{"damage":6.0,"enemies":"Snake Plant","floor":31.0,"turns":4.0},{"damage":28,"enemies":"Champ","floor":33,"turns":11},{"damage":11,"enemies":"3 Shapes","floor":35,"turns":3},{"damage":6,"enemies":"3 Darklings","floor":36,"turns":3},{"damage":0,"enemies":"Mind Bloom Boss Battle","floor":39,"turns":3},{"damage":66,"enemies":"Giant Head","floor":40,"turns":7},{"damage":26,"enemies":"Sphere and 2 Shapes","floor":42,"turns":6},{"damage":7,"enemies":"Nemesis","floor":47,"turns":5},{"damage":20,"enemies":"Transient","floor":48,"turns":6},{"damage":88,"enemies":"Awakened One","floor":50,"turns":11}],"seed_played":"7776458923527905618","potions_obtained":[{"floor":2.0,"key":"BloodPotion"},{"floor":8.0,"key":"FearPotion"},{"floor":18.0,"key":"LiquidMemories"},{"floor":21.0,"key":"CultistPotion"},{"floor":30.0,"key":"GamblersBrew"},{"floor":33,"key":"DistilledChaos"},{"floor":42,"key":"BloodPotion"},{"floor":47,"key":"EssenceOfSteel"}],"is_trial":false,"path_per_floor":["M","M","?","M","$","?","R","E","T","R","E","R","E","M","R","B",null,"M","M","M","M","$","R","E","M","T","M","M","M","E","M","R","B",null,"M","M","$","?","?","E","R","M","T","R","T","R","E","M","R","B"],"character_chosen":"IRONCLAD","items_purchased":["Flame Barrier","Medical Kit","PowerPotion"],"campfire_rested":3,"item_purchase_floors":[5,22,37],"current_hp_per_floor":[67,70,63,61,61,61,61,42,42,42,40,40,27,33,33,29,64,78,78,71,84,84,84,49,45,45,45,36,22,19,24,52,30,80,75,83,83,83,89,34,63,46,46,76,76,76,75,61,61,0,0],"gold":0,"neow_bonus":"RANDOM_COMMON_RELIC","is_daily":false,"chose_seed":false,"campfire_upgraded":6,"win_rate":0.0,"timestamp":1612762629,"path_taken":["M","M","?","M","$","?","R","E","T","R","E","R","E","M","R","BOSS","M","M","M","M","$","R","E","M","T","M","M","M","E","M","R","BOSS","M","M","$","?","?","E","R","M","T","R","?","R","E","M","R","BOSS"],"items_purchased_type":["Card","Relic","Potion"],"build_version":"2020-12-18","purchased_purges":1,"victory":false,"max_hp_per_floor":[75,75,75,75,75,75,75,75,75,75,75,75,75,75,75,75,75,78,78,81,84,84,84,87,90,90,90,93,96,96,96,96,96,96,96,99,99,99,99,99,99,102,102,102,102,102,102,102,102,102,102],"card_choices":[{"not_picked":["Cleave","Armaments"],"picked":"Clothesline","floor":1.0},{"not_picked":["Havoc","Clash"],"picked":"Headbutt","floor":2.0},{"not_picked":["Dark Embrace","Heavy Blade"],"picked":"Thunderclap","floor":4.0},{"not_picked":["Burning Pact","Clash"],"picked":"Bludgeon","floor":8.0},{"not_picked":["Blood for Blood","Thunderclap"],"picked":"Anger","floor":11.0},{"not_picked":["Clash","Flex","Pommel Strike"],"picked":"SKIP","floor":13.0},{"not_picked":["Rage","Thunderclap","Fiend Fire"],"picked":"SKIP","floor":14.0},{"not_picked":["Juggernaut","Bludgeon"],"picked":"Feed","floor":16.0},{"not_picked":["Entrench","Clash","Headbutt"],"picked":"SKIP","floor":18.0},{"not_picked":["Anger","Clothesline","Iron Wave+1"],"picked":"SKIP","floor":19.0},{"not_picked":["Flex","Havoc+1"],"picked":"Dropkick","floor":20.0},{"not_picked":["True Grit+1","Body Slam"],"picked":"Shrug It Off","floor":21.0},{"not_picked":["Intimidate","Fire Breathing"],"picked":"Demon Form","floor":24.0},{"not_picked":["Flex+1","Perfected Strike","Iron Wave"],"picked":"SKIP","floor":25.0},{"not_picked":["Clash","Heavy Blade"],"picked":"Shrug It Off+1","floor":27.0},{"not_picked":["Perfected Strike","Armaments","Uppercut"],"picked":"SKIP","floor":28.0},{"not_picked":["Body Slam","Clothesline","Hemokinesis"],"picked":"SKIP","floor":29.0},{"not_picked":["Clothesline+1","Body Slam","Heavy Blade"],"picked":"SKIP","floor":30.0},{"not_picked":["Twin Strike","Heavy Blade"],"picked":"Fire Breathing+1","floor":31.0},{"not_picked":["Demon Form","Exhume"],"picked":"Juggernaut","floor":33},{"not_picked":["Clash+1","Cleave"],"picked":"Armaments+1","floor":35},{"not_picked":["Intimidate+1","Anger","Rampage"],"picked":"SKIP","floor":36},{"not_picked":["Sword Boomerang+1","Warcry"],"picked":"True Grit","floor":39},{"not_picked":["Metallicize","Evolve"],"picked":"Impervious","floor":40},{"not_picked":["Body Slam","Clothesline","Blood for Blood"],"picked":"SKIP","floor":42},{"not_picked":["Spot Weakness","Warcry+1"],"picked":"Battle Trance+1","floor":47},{"not_picked":["Dual Wield+1","Shrug It Off"],"picked":"Spot Weakness","floor":48}],"player_experience":2523770,"relics_obtained":[{"floor":8.0,"key":"Toy Ornithopter"},{"floor":9.0,"key":"Vajra"},{"floor":11.0,"key":"Nunchaku"},{"floor":13.0,"key":"Pocketwatch"},{"floor":24.0,"key":"Juzu Bracelet"},{"floor":26.0,"key":"Mummified Hand"},{"floor":30.0,"key":"StrikeDummy"},{"floor":39,"key":"Gambling Chip"},{"floor":40,"key":"Centennial Puzzle"},{"floor":45,"key":"Lantern"},{"floor":47,"key":"Smiling Mask"}],"event_choices":[{"cards_removed":["Strike_R"],"damage_healed":0.0,"max_hp_gain":0.0,"max_hp_loss":0.0,"gold_gain":0.0,"event_name":"Golden Wing","player_choice":"Card Removal","floor":3.0,"gold_loss":0.0,"damage_taken":7.0},{"damage_healed":0.0,"max_hp_gain":0.0,"max_hp_loss":0.0,"gold_gain":0.0,"event_name":"Match and Keep!","player_choice":"1 cards matched","floor":6.0,"gold_loss":0.0,"damage_taken":0.0,"cards_obtained":["Pummel"]},{"damage_healed":0,"gold_gain":0,"player_choice":"Paid","damage_taken":0,"relics_obtained":["Red Mask"],"max_hp_gain":0,"max_hp_loss":0,"event_name":"Tomb of Lord Red Mask","floor":38,"gold_loss":40},{"damage_healed":0,"gold_gain":0,"player_choice":"Fight","damage_taken":0,"max_hp_gain":0,"max_hp_loss":0,"event_name":"MindBloom","floor":39,"gold_loss":0}],"is_beta":true,"boss_relics":[{"not_picked":["Runic Pyramid","Black Blood"],"picked":"Ectoplasm"},{"not_picked":["SacredBark","Sozu"],"picked":"SlaversCollar"}],"items_purged_floors":[5],"is_endless":false,"potions_floor_spawned":[2,8,16,18,20,21,28,30,33,42,47,48],"killed_by":"Awakened One","ascension_level":20}}