{"host":"pgm1p3lvdjflie30","time":1612773590,"event":{"mods":["AchievementEnabler","Alarm Clock","Aspiration","BaseMod","Challenge The Spire","Colored Map","Colored Powertips","Dark Map","Energized Spire","Hermit","HornydragonMod","Minty Spire (QoL Compilation)","Quarter Circle Forward PUNCH!","Quick Restart","Relic Stats","Robot Space Explorer","Spicy Shops","StSLib","The Blackbeard","The IronCluck","Waifu the Spire","【功能Mod】混沌之?修复?丁","篝火指南"],"gold_per_floor":[110,129,129,15,33,33,50,69,69,69,69,85,85,105,105,209,209,223,223,237,19,19,33,33,33,33,33,46,62,62,62,62,62,62],"floor_reached":33,"language":"ZHS","playtime":1691,"items_purged":[],"score":289,"play_id":"2aeeec3f-b21e-4742-b13e-b64e65d76476","local_time":"20210208163950","is_ascension_mode":false,"campfire_choices":[{"data":"Static Discharge","floor":6,"key":"SMITH"},{"data":"Genetic Algorithm","floor":10,"key":"SMITH"},{"data":"Hyperbeam","floor":13,"key":"SMITH"},{"data":"Auto Shields","floor":15,"key":"SMITH"},{"data":"Ghostly","floor":25,"key":"SMITH"},{"data":"Ghostly","floor":27,"key":"SMITH"},{"floor":30,"key":"REST"},{"floor":32,"key":"REST"}],"circlet_count":0,"master_deck":["Strike_B","Strike_B","Strike_B","Strike_B","Defend_B","Defend_B","Defend_B","Defend_B","Zap","Dualcast","Redo","Turbo","Swift Strike","Static Discharge+1","Sweeping Beam","Go for the Eyes","Genetic Algorithm+1","Hyperbeam+1","Auto Shields+1","Reboot","Conserve Battery","Steam","Cold Snap+1","Capacitor","Conserve Battery","Turbo","Cold Snap","Ghostly+1","Ghostly","Ghostly","Ghostly","Ghostly+1","Redo+1","Beam Cell","Ball Lightning"],"relics":["Cracked Core"],"acts_visited":["Exordium","TheCity"],"potions_floor_usage":[18,28,33],"damage_taken":[{"damage":5,"enemies":"Small Slimes","floor":1,"turns":3},{"damage":1,"enemies":"Cultist","floor":2,"turns":3},{"damage":6,"enemies":"Jaw Worm","floor":5,"turns":3},{"damage":13,"enemies":"2 Fungi Beasts","floor":7,"turns":2},{"damage":0,"enemies":"Large Slime","floor":8,"turns":4},{"damage":8,"enemies":"Exordium Wildlife","floor":12,"turns":3},{"damage":5,"enemies":"3 Louse","floor":14,"turns":2},{"damage":32,"enemies":"Hexaghost","floor":16,"turns":9},{"damage":12,"enemies":"Chosen","floor":18,"turns":5},{"damage":29,"enemies":"3 Byrds","floor":20,"turns":4},{"damage":18,"enemies":"3 Cultists","floor":23,"turns":4},{"damage":6,"enemies":"Snake Plant","floor":28,"turns":3},{"damage":13,"enemies":"Chosen and Byrds","floor":29,"turns":8},{"damage":71,"enemies":"Automaton","floor":33,"turns":12}],"seed_played":"-7333825126705916900","potions_obtained":[{"floor":5,"key":"DuplicationPotion"},{"floor":14,"key":"FearPotion"},{"floor":16,"key":"BlessingOfTheForge"},{"floor":28,"key":"Block Potion"}],"is_trial":false,"path_per_floor":["M","M","?","$","M","R","M","M","T","R","T","M","R","M","R","B",null,"M","?","M","$","?","M","?","R","T","R","M","M","R","?","R","B"],"character_chosen":"DEFECT","items_purchased":["DistilledChaos","Capacitor","Conserve Battery","Turbo","Cold Snap"],"campfire_rested":2,"item_purchase_floors":[4,21,21,21,21],"current_hp_per_floor":[77,76,76,76,70,70,57,57,57,57,57,49,49,44,44,12,82,70,70,41,41,41,23,23,23,23,23,17,4,16,16,28,0,0],"gold":62,"neow_bonus":"TEN_PERCENT_HP_BONUS","is_daily":false,"chose_seed":false,"campfire_upgraded":6,"win_rate":0.0,"timestamp":1612773590,"path_taken":["M","M","?","$","?","R","M","M","T","R","?","M","R","M","R","BOSS","M","?","M","$","?","M","?","R","T","R","M","?","R","?","R","BOSS"],"items_purchased_type":["Potion","Card","Card","Card","Card"],"build_version":"2020-12-22","purchased_purges":0,"victory":false,"max_hp_per_floor":[82,82,82,82,82,82,82,82,82,82,82,82,82,82,82,82,82,82,82,82,82,41,41,41,41,41,41,41,41,41,41,41,41,41],"relic_stats":{"counters":[14,65],"obtain_stats":[{"Cracked Core":0},{"Cracked Core":0},{"Cracked Core":0}]},"card_choices":[{"not_picked":["Loop","Compile Driver"],"picked":"Redo","floor":1},{"not_picked":["Go for the Eyes","Coolheaded"],"picked":"Turbo","floor":2},{"not_picked":["Reinforced Body","Coolheaded"],"picked":"Sweeping Beam","floor":5},{"not_picked":["Darkness","Rebound"],"picked":"Go for the Eyes","floor":7},{"not_picked":["Self Repair","Ball Lightning"],"picked":"Genetic Algorithm","floor":8},{"not_picked":["Compile Driver","Darkness"],"picked":"Hyperbeam","floor":12},{"not_picked":["Leap","Stack"],"picked":"Auto Shields","floor":14},{"not_picked":["Meteor Strike","Amplify"],"picked":"Reboot","floor":16},{"not_picked":["Heatsinks","Auto Shields"],"picked":"Conserve Battery","floor":18},{"not_picked":["Steam","Doom and Gloom"],"picked":"Cold Snap+1","floor":20},{"not_picked":["Turbo","Cold Snap"],"picked":"Redo+1","floor":23},{"not_picked":["Heatsinks","Blizzard"],"picked":"Beam Cell","floor":28},{"not_picked":["Rebound","Coolheaded+1"],"picked":"Ball Lightning","floor":29}],"player_experience":368896,"relics_obtained":[],"event_choices":[{"damage_healed":0,"gold_gain":0,"player_choice":"2 cards matched","damage_taken":0,"max_hp_gain":0,"max_hp_loss":0,"event_name":"Match and Keep!","floor":3,"gold_loss":0,"cards_obtained":["Swift Strike","Static Discharge"]},{"damage_healed":0,"gold_gain":0,"player_choice":"Read","damage_taken":0,"max_hp_gain":0,"max_hp_loss":0,"event_name":"The Library","floor":19,"gold_loss":0,"cards_obtained":["Steam"]},{"damage_healed":0,"gold_gain":0,"player_choice":"Became a Ghost","damage_taken":0,"max_hp_gain":0,"max_hp_loss":41,"event_name":"Ghosts","floor":22,"gold_loss":0,"cards_obtained":["Ghostly","Ghostly","Ghostly","Ghostly","Ghostly"]},{"damage_healed":0,"gold_gain":0,"player_choice":"Ignored","damage_taken":0,"max_hp_gain":0,"max_hp_loss":0,"event_name":"blackbeard:ShipwreckEvent","floor":24,"gold_loss":0}],"is_beta":false,"boss_relics":[{"not_picked":["aspiration:RitualDagger","Ectoplasm","SlaversCollar"]}],"items_purged_floors":[],"is_endless":false,"potions_floor_spawned":[5,14,16,28],"killed_by":"Automaton","ascension_level":0}}