{"host":"djoj10dqzzvtkauc","time":1612775951,"event":{"mods":["2.2 Compatiblity","BaseMod","Colored Map","DeckTracker","Highlight Path","Keyboard Shortcuts","Marisa£¨Ùöéë¡¡Øª×âÞÞ£©","Minty Spire (QoL Compilation)","Permanent Neow","Quick Restart","Random Character Button","StSLib","SuperFastMode","everything is the same but u backflip on backflip"],"gold_per_floor":[118,129,31,31,41,41,41,41,41,51,51,71,71,84,84,184,184,202,202,218,68,68,96,110,142,142,155,169,129,129,141,141,141,141],"floor_reached":33,"language":"KOR","playtime":1030,"items_purged":["Defend_G"],"score":496,"play_id":"31d8c2cd-faeb-447d-923a-86a943b3efc9","local_time":"20210208181911","is_ascension_mode":true,"campfire_choices":[{"data":"Dodge and Roll","floor":6.0,"key":"SMITH"},{"data":"Footwork","floor":8.0,"key":"SMITH"},{"data":"Bouncing Flask","floor":11.0,"key":"SMITH"},{"data":"Masterful Stab","floor":13.0,"key":"SMITH"},{"data":"Footwork","floor":15.0,"key":"SMITH"},{"floor":30.0,"key":"REST"},{"data":"A Thousand Cuts","floor":32,"key":"SMITH"}],"circlet_count":0,"master_deck":["Survivor","Neutralize","Dodge and Roll+1","Slice","Backflip","Endless Agony","Footwork+1","Bouncing Flask+1","Masterful Stab+1","Footwork+1","A Thousand Cuts+1","Caltrops","PiercingWail","Blur","Dagger Throw","Footwork+1","Bane","Dodge and Roll","Sucker Punch+1","Die Die Die","Dash","Noxious Fumes","Crippling Poison","PiercingWail","Cloak And Dagger+1","Dagger Spray","Prepared","Choke+1"],"relics":["Ring of the Snake","Strawberry","Bag of Marbles","Vajra","Pandora\u0027s Box","Happy Flower","Bag of Preparation","Darkstone Periapt"],"acts_visited":["Exordium","TheCity"],"potions_floor_usage":[33],"damage_taken":[{"damage":0.0,"enemies":"2 Louse","floor":1.0,"turns":4.0},{"damage":0.0,"enemies":"Cultist","floor":2.0,"turns":4.0},{"damage":0.0,"enemies":"Small Slimes","floor":5.0,"turns":4.0},{"damage":0.0,"enemies":"2 Fungi Beasts","floor":10.0,"turns":3.0},{"damage":3.0,"enemies":"Lots of Slimes","floor":12.0,"turns":4.0},{"damage":0.0,"enemies":"3 Louse","floor":14.0,"turns":2.0},{"damage":0.0,"enemies":"The Guardian","floor":16.0,"turns":10.0},{"damage":10.0,"enemies":"Shell Parasite","floor":18.0,"turns":4.0},{"damage":6.0,"enemies":"3 Byrds","floor":20.0,"turns":5.0},{"damage":8.0,"enemies":"Book of Stabbing","floor":23.0,"turns":7.0},{"damage":15.0,"enemies":"Snake Plant","floor":24.0,"turns":6.0},{"damage":0.0,"enemies":"Gremlin Leader","floor":25.0,"turns":7.0},{"damage":6.0,"enemies":"Shelled Parasite and Fungi","floor":27.0,"turns":5.0},{"damage":9.0,"enemies":"Snecko","floor":28.0,"turns":5.0},{"damage":0,"enemies":"Centurion and Healer","floor":31,"turns":7},{"damage":53,"enemies":"Collector","floor":33,"turns":5}],"seed_played":"-4182661049747453887","potions_obtained":[{"floor":2.0,"key":"SkillPotion"},{"floor":12.0,"key":"GhostInAJar"},{"floor":14.0,"key":"BlessingOfTheForge"},{"floor":20.0,"key":"Block Potion"},{"floor":23.0,"key":"EntropicBrew"},{"floor":28.0,"key":"Fruit Juice"}],"is_trial":false,"path_per_floor":["M","M","$","?","M","R","?","R","T","M","R","M","R","M","R","B",null,"M","?","M","$","?","E","M","E","T","M","M","?","R","M","R","B"],"character_chosen":"THE_SILENT","items_purchased":["Backflip","Dash","Noxious Fumes"],"campfire_rested":1,"item_purchase_floors":[3,21,21],"current_hp_per_floor":[70,70,70,58,58,58,58,58,58,58,58,55,55,55,55,55,72,62,62,56,56,56,48,33,33,33,27,23,23,47,47,47,0,0],"gold":141,"neow_bonus":"RANDOM_COMMON_RELIC","is_daily":false,"chose_seed":false,"campfire_upgraded":6,"win_rate":0.0,"timestamp":1612775951,"path_taken":["M","M","$","?","M","R","?","R","T","M","R","M","R","?","R","BOSS","M","?","M","$","?","E","M","E","T","M","M","?","R","M","R","BOSS"],"items_purchased_type":["Card","Card","Card"],"build_version":"2020-12-22","purchased_purges":1,"victory":false,"max_hp_per_floor":[77,77,77,77,77,77,77,77,77,77,77,77,77,77,77,77,77,77,77,77,77,77,77,77,77,77,77,82,82,82,82,82,82,82],"card_choices":[{"not_picked":["All Out Attack","Blade Dance"],"picked":"Dodge and Roll","floor":1.0},{"not_picked":["Dagger Throw","Dodge and Roll"],"picked":"Slice","floor":2.0},{"not_picked":["Infinite Blades","Blur"],"picked":"Endless Agony","floor":5.0},{"not_picked":["Blade Dance","Concentrate"],"picked":"Bouncing Flask","floor":10.0},{"not_picked":["Predator","Sucker Punch"],"picked":"Masterful Stab","floor":12.0},{"not_picked":["Deflect","Underhanded Strike"],"picked":"Footwork","floor":14.0},{"not_picked":["Bullet Time","Wraith Form v2"],"picked":"A Thousand Cuts","floor":16.0},{"not_picked":["Acrobatics","Dodge and Roll"],"picked":"Sucker Punch","floor":18.0},{"not_picked":["Sucker Punch","Underhanded Strike+1"],"picked":"Die Die Die","floor":20.0},{"not_picked":["Poisoned Stab","Escape Plan"],"picked":"Crippling Poison","floor":23.0},{"not_picked":["Blur","Heel Hook+1"],"picked":"PiercingWail","floor":24.0},{"not_picked":["Grand Finale","Catalyst"],"picked":"Cloak And Dagger+1","floor":25.0},{"not_picked":["Slice","Backflip"],"picked":"Dagger Spray","floor":27.0},{"not_picked":["Riddle With Holes","Accuracy"],"picked":"Prepared","floor":28.0},{"not_picked":["Deflect","Bane"],"picked":"Choke+1","floor":31}],"player_experience":196183,"relics_obtained":[{"floor":9.0,"key":"Vajra"},{"floor":23.0,"key":"Happy Flower"},{"floor":25.0,"key":"Bag of Preparation"},{"floor":26.0,"key":"Darkstone Periapt"}],"event_choices":[{"damage_healed":0.0,"max_hp_gain":0.0,"max_hp_loss":0.0,"gold_gain":0.0,"event_name":"Scrap Ooze","player_choice":"Success","floor":4.0,"gold_loss":0.0,"damage_taken":12.0,"relics_obtained":["Bag of Marbles"]},{"damage_healed":0.0,"max_hp_gain":0.0,"max_hp_loss":0.0,"gold_gain":0.0,"cards_transformed":["Strike_G"],"event_name":"Transmorgrifier","player_choice":"Transformed","floor":7.0,"gold_loss":0.0,"damage_taken":0.0,"cards_obtained":["Footwork"]},{"damage_healed":0.0,"max_hp_gain":0.0,"max_hp_loss":0.0,"gold_gain":0.0,"event_name":"Ghosts","player_choice":"Ignored","floor":19.0,"gold_loss":0.0,"damage_taken":0.0},{"cards_removed":["Caltrops"],"damage_healed":0.0,"max_hp_gain":0.0,"max_hp_loss":0.0,"gold_gain":0.0,"event_name":"Back to Basics","player_choice":"Elegance","floor":22.0,"gold_loss":0.0,"damage_taken":0.0},{"damage_healed":0.0,"max_hp_gain":0.0,"max_hp_loss":0.0,"gold_gain":0.0,"event_name":"Designer","player_choice":"Upgraded Two","floor":29.0,"gold_loss":40.0,"damage_taken":0.0,"cards_upgraded":["Footwork","Sucker Punch"]}],"is_beta":false,"boss_relics":[{"not_picked":["Fusion Hammer","Velvet Choker"],"picked":"Pandora\u0027s Box"}],"items_purged_floors":[3],"is_endless":false,"potions_floor_spawned":[2,12,14,16,20,23,24,28],"killed_by":"Collector","ascension_level":8}}