{"host":"m4pe905ae9bldoe7","time":1612790324,"event":{"mods":["BaseMod","Bestiary","Block Reminder","Downfall","Minty Spire (QoL Compilation)","StSLib"],"gold_per_floor":[116,191,93,93,93,137,38,53,53,53,69,69,100,121,121,220,220,236,257,257,257],"floor_reached":20,"language":"ENG","playtime":554,"items_purged":["Defend_R"],"score":352,"play_id":"c8a30e47-f60e-4f5c-99b7-9fb174485cf9","local_time":"20210208141844","is_ascension_mode":true,"campfire_choices":[{"floor":10.0,"key":"REST"},{"floor":15.0,"key":"REST"}],"circlet_count":0,"master_deck":["AscendersBane","Strike_R","Strike_R","Strike_R","Strike_R","Strike_R","Defend_R","Defend_R","Defend_R","Bash","Thunderclap","Flex","Injury","Headbutt+1","Heavy Blade+1","Flex","Armaments","Cleave+1","Spot Weakness","Bloodletting"],"relics":["Philosopher\u0027s Stone","Golden Idol","Molten Egg 2","Matryoshka","InkBottle","Bottled Flame","Calipers","Mark of Pain"],"acts_visited":["Exordium","TheCity"],"potions_floor_usage":[20,20],"damage_taken":[{"damage":6.0,"enemies":"Small Slimes","floor":1.0,"turns":4.0},{"damage":40.0,"enemies":"3 Sentries","floor":6.0,"turns":6.0},{"damage":0.0,"enemies":"2 Louse","floor":8.0,"turns":2.0},{"damage":3.0,"enemies":"Jaw Worm","floor":11.0,"turns":2.0},{"damage":0.0,"enemies":"Gremlin Nob","floor":13.0,"turns":2.0},{"damage":10.0,"enemies":"Red Slaver","floor":14.0,"turns":4.0},{"damage":38.0,"enemies":"The Guardian","floor":16.0,"turns":10.0},{"damage":4.0,"enemies":"Chosen","floor":18.0,"turns":3.0},{"damage":24.0,"enemies":"Shell Parasite","floor":19.0,"turns":4.0},{"damage":32,"enemies":"Shelled Parasite and Fungi","floor":20,"turns":2}],"seed_played":"-590918503962396118","potions_obtained":[{"floor":1.0,"key":"champ:CounterPotion"},{"floor":11.0,"key":"LiquidBronze"},{"floor":16.0,"key":"hexamod:SoulburnPotion"},{"floor":19.0,"key":"GamblersBrew"}],"is_trial":false,"path_per_floor":["M","?","$","?","T","E","$","M","T","R","M","$","E","M","R","B",null,"M","M","M"],"character_chosen":"IRONCLAD","items_purchased":["Flex","Heavy Blade+1","Flex"],"campfire_rested":2,"item_purchase_floors":[3,7,7],"current_hp_per_floor":[62,51,51,51,51,11,11,11,11,33,30,30,30,20,42,4,57,53,29,0,0],"gold":257,"neow_bonus":"BOSS_RELIC","is_daily":false,"chose_seed":false,"campfire_upgraded":0,"win_rate":0.0,"timestamp":1612790324,"path_taken":["M","?","$","?","?","E","$","?","T","R","M","$","E","M","R","BOSS","M","M","M"],"items_purchased_type":["Card","Card","Card"],"build_version":"2020-12-22","purchased_purges":1,"victory":false,"max_hp_per_floor":[75,75,75,75,75,75,75,75,75,75,75,75,75,75,75,75,75,75,75,75,75],"card_choices":[{"not_picked":["Whirlwind","Intimidate"],"picked":"Thunderclap","floor":1.0},{"not_picked":["Anger+1","Second Wind"],"picked":"Headbutt+1","floor":6.0},{"not_picked":["Searing Blow+1","Sentinel"],"picked":"Armaments","floor":8.0},{"not_picked":["Shrug It Off","Armaments","Wild Strike+1"],"picked":"SKIP","floor":11.0},{"not_picked":["Pommel Strike+1","Ghostly Armor"],"picked":"Cleave+1","floor":13.0},{"not_picked":["Searing Blow+1","Metallicize"],"picked":"Spot Weakness","floor":14.0},{"not_picked":["Body Slam+1","Carnage+1","Havoc"],"picked":"SKIP","floor":18.0},{"not_picked":["Wild Strike+1","Thunderclap+1"],"picked":"Bloodletting","floor":19.0}],"player_experience":528495,"relics_obtained":[{"floor":5.0,"key":"Molten Egg 2"},{"floor":6.0,"key":"Matryoshka"},{"floor":9.0,"key":"InkBottle"},{"floor":9.0,"key":"Bottled Flame"},{"floor":13.0,"key":"Calipers"}],"event_choices":[{"damage_healed":0.0,"max_hp_gain":0.0,"max_hp_loss":0.0,"gold_gain":75.0,"event_name":"World of Goop","player_choice":"Gather Gold","floor":2.0,"gold_loss":0.0,"damage_taken":11.0},{"damage_healed":0.0,"max_hp_gain":0.0,"max_hp_loss":0.0,"gold_gain":0.0,"event_name":"Golden Idol","player_choice":"Take Wound","floor":4.0,"gold_loss":0.0,"damage_taken":0.0,"relics_obtained":["Golden Idol"],"cards_obtained":["Injury"]}],"is_beta":false,"boss_relics":[{"not_picked":["Black Star","Runic Pyramid"],"picked":"Mark of Pain"}],"items_purged_floors":[3],"is_endless":false,"potions_floor_spawned":[1,11,16,19],"killed_by":"Shelled Parasite and Fungi","ascension_level":14}}