{"host":"khkox7sggahain0a","time":1612757938,"event":{"mods":["100% Spire Juice","Act Like it!","Arknights","BaseMod","Downfall","Gensokyo","Lobotomy","LobotomyExtend","Marisa£®ÏF”Í°°ƒß¿Ì…≥£©","Minty Spire (QoL Compilation)","Quick Restart","StSLib","The Animator","Waifu the Spire","°æ“≈ŒÔø®≈∆°øREMEMod"],"gold_per_floor":[111,36,36,36,36,36,67,67,67,17,17,46,76,114,114,215,215,233,133,48,48,67,101,101,135,214,214,214],"floor_reached":27,"language":"ZHS","playtime":1209,"items_purged":["animator:Strike","animator:Strike"],"score":369,"play_id":"6a205d3a-0edf-4f09-ba70-d0050863e314","local_time":"20210208121858","is_ascension_mode":true,"campfire_choices":[{"floor":6,"key":"RECALL"},{"data":"animator:Shinoa","floor":11,"key":"SMITH"},{"data":"animator:Shizu","floor":15,"key":"SMITH"},{"data":"CasketOfStar","floor":24,"key":"SMITH"}],"circlet_count":0,"master_deck":["animator:Strike_TenSura","animator:Defend_TenSura","animator:Defend","animator:Defend+1","animator:Defend","animator:Benimaru","animator:Shuna","animator:Yoichi","Regret","animator:Shinoa+1","animator:Megumin+1","animator:YachiyoNanami","animator:Shizu+1","animator:Biyorigo","CurseOfTheBell","CasketOfStar+1","animator:Emonzaemon","animator:Darkness+1","animator:Millim","animator:Eris"],"relics":["animator:LivingPicture","animator:TheMissingPiece","REME_ComplimentaryCards","NeowsBlessing","LetterFromLob","animator:WizardHat","REME_HourglassOfDeath","Lizard Tail","Meat on the Bone","Strawberry","Paper Crane","Calling Bell","MealTicket","animator:BattleDrones","animator:AlchemistGlove","StoneCalendar","Blue Candle","Pear","animator:WornHelmet"],"acts_visited":["Exordium","TheCity"],"potions_floor_usage":[16,25],"damage_taken":[{"damage":0,"enemies":"Jaw Worm","floor":1,"turns":1},{"damage":0,"enemies":"3 Sentries","floor":7,"turns":1},{"damage":0,"enemies":"Lagavulin","floor":12,"turns":1},{"damage":0,"enemies":"2 Louse","floor":13,"turns":3},{"damage":24,"enemies":"Gremlin Nob","floor":14,"turns":5},{"damage":49,"enemies":"Slime Boss","floor":16,"turns":8},{"damage":8,"enemies":"Spheric Guardian","floor":18,"turns":5},{"damage":18,"enemies":"Chosen","floor":22,"turns":5},{"damage":29,"enemies":"Gremlin Leader","floor":23,"turns":7},{"damage":40,"enemies":"Slavers","floor":25,"turns":4},{"damage":29,"enemies":"REME_1_Revenger","floor":27,"turns":3}],"seed_played":"5393799560653192452","potions_obtained":[{"floor":7,"key":"ColorlessPotion"},{"floor":16,"key":"Explosive Potion"},{"floor":22,"key":"FearPotion"}],"is_trial":false,"path_per_floor":["M","$","?","?","?","R","E","?","T","?","R","E","M","E","R","B",null,"M","$","?","?","M","E","R","E","T","E"],"character_chosen":"THE_ANIMATOR","items_purchased":[],"campfire_rested":0,"item_purchase_floors":[],"current_hp_per_floor":[66,66,66,48,35,35,35,43,43,43,43,50,50,38,38,48,73,65,73,73,68,50,44,44,16,16,0,0],"gold":214,"neow_bonus":"THREE_ENEMY_KILL","is_daily":false,"chose_seed":false,"campfire_upgraded":3,"win_rate":0.0,"timestamp":1612757938,"path_taken":["M","$","?","?","?","R","E","?","T","?","R","E","M","E","R","BOSS","M","$","?","?","?","E","R","E","T","E"],"items_purchased_type":[],"build_version":"2020-12-22","purchased_purges":2,"victory":false,"max_hp_per_floor":[66,66,66,66,66,66,66,66,66,66,66,73,73,73,73,73,73,73,73,73,73,73,84,84,84,84,84,84],"card_choices":[{"not_picked":["animator:Hakurou","animator:Souei"],"picked":"animator:Yoichi","floor":1},{"not_picked":["animator:Kaijin","animator:Benimaru"],"picked":"animator:Shinoa","floor":7},{"not_picked":["animator:Mikaela","animator:DolaCouronne"],"picked":"animator:Megumin","floor":12},{"not_picked":["animator:KyokoSakura","animator:OrikoMikuni"],"picked":"animator:YachiyoNanami","floor":13},{"not_picked":["animator:SayakaMiki","animator:ZankiKiguchi"],"picked":"animator:Shizu","floor":14},{"not_picked":["animator:Shizu","animator:Hans"],"picked":"animator:Biyorigo","floor":16},{"not_picked":["animator:DolaCouronne","animator:Vanir+1"],"picked":"animator:Emonzaemon","floor":18},{"not_picked":["animator:Gluttony","animator:ZankiKiguchi+1"],"picked":"animator:Darkness+1","floor":22},{"not_picked":["animator:Shuna","animator:Benimaru"],"picked":"animator:Millim","floor":23},{"not_picked":["animator:Shichika+1","animator:Scar"],"picked":"animator:Eris","floor":25}],"player_experience":328070,"relics_obtained":[{"floor":1,"key":"LetterFromLob"},{"floor":7,"key":"Lizard Tail"},{"floor":9,"key":"Meat on the Bone"},{"floor":12,"key":"Strawberry"},{"floor":14,"key":"Paper Crane"},{"floor":17,"key":"MealTicket"},{"floor":17,"key":"animator:BattleDrones"},{"floor":17,"key":"animator:AlchemistGlove"},{"floor":23,"key":"Pear"},{"floor":25,"key":"animator:WornHelmet"}],"event_choices":[{"damage_healed":0,"gold_gain":0,"player_choice":"Box","damage_taken":0,"relics_obtained":["animator:WizardHat"],"max_hp_gain":0,"max_hp_loss":0,"event_name":"Big Fish","floor":3,"gold_loss":0,"cards_obtained":["Regret"]},{"damage_healed":0,"gold_gain":0,"player_choice":"Success","damage_taken":18,"relics_obtained":["REME_HourglassOfDeath"],"max_hp_gain":0,"max_hp_loss":0,"event_name":"Scrap Ooze","floor":4,"gold_loss":0},{"damage_healed":0,"gold_gain":0,"player_choice":"Entered Light","damage_taken":13,"max_hp_gain":0,"max_hp_loss":0,"event_name":"Shining Light","floor":5,"gold_loss":0,"cards_upgraded":["animator:Strike","animator:Defend"]},{"cards_removed":["animator:Strike"],"damage_healed":0,"gold_gain":0,"player_choice":"Card Removal","damage_taken":0,"max_hp_gain":0,"max_hp_loss":0,"event_name":"The Cleric","floor":10,"gold_loss":50},{"damage_healed":0,"gold_gain":0,"player_choice":"Obtained Relic","damage_taken":0,"relics_obtained":["StoneCalendar"],"max_hp_gain":0,"max_hp_loss":0,"event_name":"Addict","floor":20,"gold_loss":85}],"is_beta":false,"boss_relics":[{"not_picked":["SacredBark","Empty Cage"],"picked":"Calling Bell"}],"items_purged_floors":[2,19],"is_endless":false,"potions_floor_spawned":[7,16,22],"killed_by":"REME_1_Revenger","ascension_level":2}}