{"host":"roto7j7840a50pxh","time":1612795399,"event":{"mods":["Act Like it!","BaseMod","Better Altar","Better Note","Better Sensory Stone","Better Skull","Better Third Choice","BetterRewards","Colored Map","Colored Powertips","Downfall","Elementarium","Hermit","Highlight Path","Hubris","Infinite Spire","Minty Spire (QoL Compilation)","Replay The Spire","Robot Space Explorer","Shade Mod","Spicy Shops","StSLib","The Construct","The Cursed","The Dragon Tamer","The Hierophant","The Necromancer","The Runesmith","The Servant 0.9.4","TheVacant"],"gold_per_floor":[110,122,134,134,153,153,182,196,196,215,246,18,18,33,33,138,138,148,161,161,236,252,284,284,313,359,377,392,352,430,462,462,558,558,570,670,683,698,698,712,712,712,736,765,782,782,782],"floor_reached":46,"language":"ENG","playtime":5628,"items_purged":[],"score":949,"play_id":"60eaa11f-524c-4063-aa90-adec7ff7ca0f","local_time":"20210208094319","is_ascension_mode":true,"campfire_choices":[{"floor":6.0,"key":"REST"},{"data":"construct:Autoturret","floor":13.0,"key":"SMITH"},{"data":"construct:Reinforce","floor":15.0,"key":"SMITH"},{"data":"construct:BatteryCore","floor":24.0,"key":"SMITH"},{"floor":32.0,"key":"REST"},{"floor":42.0,"key":"REST"}],"circlet_count":0,"master_deck":["construct:Strike_Gold","construct:Strike_Gold","construct:Strike_Gold","construct:Strike_Gold","construct:Strike_Gold","construct:Defend_Gold","construct:Defend_Gold","construct:Defend_Gold","construct:Defend_Gold","construct:Defend_Gold","construct:AttackMode","construct:DefenseMode","construct:ChargeShot","construct:Anticipate","construct:SuppressiveFire+1","construct:Tumble","construct:Accumulate","construct:Boost","construct:MetalShell","construct:Versatility","construct:ScopeCore+1","construct:ModeShift","construct:Reinforce+1","construct:Autoturret+1","construct:QuickAttack","construct:Stasis","construct:BatteryCore+1","CurseOfTheBell","construct:Versatility","construct:UnbalancingBlast","infinitespire:Collect","construct:Versatility","construct:HyperBeam","construct:PowerUp+1","construct:Stasis+1","construct:ClusterMines","construct:Bunker","Injury","Sickly","construct:MetalShell","construct:Reinforce+1","Parasite","construct:ReactiveShield","construct:VentSteam","hubris:DuctTapeCard","construct:Disrupt+1"],"relics":["construct:Cogwheel","construct:MasterCore","Eternal Feather","ReplayTheSpireMod:TigerMarble","Membership Card","Frozen Eye","Ancient Tea Set","Replay:Bottled Flurry","construct:FoamFinger","HornCleat","Medical Kit","Ornamental Fan","Calling Bell","Replay:Baseball","hubris:BottledRain","champ:DuelingGlove","Happy Flower","hubris:Backtick","hubris:Potato","Anchor","Potion Belt","infinitespire:WardingShard","Tiny Chest","Replay:Ancient Bell","bronze:BronzeIdol","Chameleon Ring","Replay:Kaleidoscope","Quantum Egg","Counterbalance","infinitespire:Beetle Shell","hubris:DuctTape"],"acts_visited":["Exordium","TheCity","TheBeyond"],"potions_floor_usage":[45],"damage_taken":[{"damage":2.0,"enemies":"Jaw Worm","floor":1.0,"turns":3.0},{"damage":0.0,"enemies":"Cultist","floor":2.0,"turns":3.0},{"damage":16.0,"enemies":"infinitespire:Voidling","floor":3.0,"turns":4.0},{"damage":7.0,"enemies":"Exordium Wildlife","floor":5.0,"turns":3.0},{"damage":6.0,"enemies":"3 Sentries","floor":7.0,"turns":7.0},{"damage":0.0,"enemies":"3 Louse","floor":8.0,"turns":3.0},{"damage":11.0,"enemies":"Exordium Thugs","floor":10.0,"turns":4.0},{"damage":0.0,"enemies":"Gremlin Nob","floor":11.0,"turns":3.0},{"damage":0.0,"enemies":"2 Fungi Beasts","floor":14.0,"turns":2.0},{"damage":10.0,"enemies":"Hexaghost","floor":16.0,"turns":15.0},{"damage":11.0,"enemies":"2 Thieves","floor":18.0,"turns":2.0},{"damage":0.0,"enemies":"Chosen","floor":19.0,"turns":4.0},{"damage":8.0,"enemies":"Snake Plant","floor":22.0,"turns":7.0},{"damage":12.0,"enemies":"Book of Stabbing","floor":23.0,"turns":6.0},{"damage":12.0,"enemies":"Replay:Snechameleon","floor":25.0,"turns":7.0},{"damage":5.0,"enemies":"Sentry and Sphere","floor":27.0,"turns":5.0},{"damage":4.0,"enemies":"Centurion and Healer","floor":28.0,"turns":4.0},{"damage":2.0,"enemies":"Book of Stabbing","floor":31.0,"turns":6.0},{"damage":42.0,"enemies":"Collector","floor":33.0,"turns":13.0},{"damage":1.0,"enemies":"3 Shapes","floor":35.0,"turns":6.0},{"damage":58.0,"enemies":"3 Darklings","floor":37.0,"turns":10.0},{"damage":0.0,"enemies":"Writhing Mass","floor":38.0,"turns":12.0},{"damage":10.0,"enemies":"Jaw Worm Horde","floor":40.0,"turns":5.0},{"damage":24.0,"enemies":"R_Hoarder","floor":44.0,"turns":12.0},{"damage":22,"enemies":"Transient","floor":45,"turns":5},{"damage":27,"enemies":"Reptomancer","floor":46,"turns":5}],"seed_played":"-1125692053068255017","potions_obtained":[{"floor":1.0,"key":"FearPotion"},{"floor":3.0,"key":"SteroidPotion"},{"floor":8.0,"key":"hexamod:SoulburnPotion"},{"floor":10.0,"key":"Death Potion"},{"floor":18.0,"key":"ColorlessPotion"},{"floor":19.0,"key":"Fruit Juice"},{"floor":27.0,"key":"Flashbang"},{"floor":28.0,"key":"LiquidBronze"},{"floor":44.0,"key":"SkillPotion"}],"is_trial":false,"path_per_floor":["M","M","M","?","M","R","E","M","T","M","E","$","R","M","R","B",null,"M","M","AVR","?","M","E","R","E","T","M","M","?","T","E","R","B",null,"M","?","M","M","T","M","T","R","T","E","M","E"],"character_chosen":"THE_CONSTRUCT_MOD","items_purchased":["construct:ChargeShot","construct:Anticipate","construct:MasterCore","Eternal Feather","ReplayTheSpireMod:TigerMarble","Membership Card","construct:SuppressiveFire+1","Frozen Eye","construct:Tumble","construct:Autoturret","construct:QuickAttack","Medical Kit","Ornamental Fan"],"campfire_rested":3,"item_purchase_floors":[0,0,0,0,0,0,0,0,0,12,12,12,12],"current_hp_per_floor":[37,41,25,25,18,52,46,46,46,35,35,35,50,50,65,55,78,67,72,72,63,55,43,61,49,49,44,40,40,40,38,86,48,80,79,79,21,21,21,11,11,65,65,41,19,0,0],"gold":782,"neow_bonus":"","is_daily":false,"chose_seed":false,"campfire_upgraded":3,"win_rate":0.0,"timestamp":1612795399,"path_taken":["M","M","M","?","M","R","E","M","T","M","E","?","R","M","R","BOSS","M","?","AVR","?","M","E","R","E","T","?","M","?","?","E","R","BOSS","M","?","M","?","?","M","?","R","T","E","M","E"],"items_purchased_type":["Card","Card","Relic","Relic","Relic","Relic","Card","Relic","Card","Card","Card","Relic","Relic"],"build_version":"2020-12-22","purchased_purges":0,"victory":false,"max_hp_per_floor":[85,85,85,85,85,85,85,85,85,85,85,85,85,85,85,85,85,85,90,90,90,90,90,90,90,90,90,90,90,90,90,90,90,90,90,90,90,90,90,90,90,90,90,90,90,90,90],"card_choices":[{"not_picked":["construct:Boost","construct:Anticipate"],"picked":"construct:Accumulate","floor":1.0},{"not_picked":["construct:ShiftGuard","construct:HardReboot"],"picked":"construct:Boost","floor":2.0},{"not_picked":["construct:Stasis","construct:Failsafe"],"picked":"construct:FlakBarrage","floor":3.0},{"not_picked":["construct:HardReboot","construct:SaveState"],"picked":"construct:MetalShell","floor":5.0},{"not_picked":["construct:ChargeShot","construct:ClusterMines"],"picked":"construct:Versatility","floor":7.0},{"not_picked":["construct:ScrapCannon","construct:Versatility"],"picked":"construct:ScopeCore","floor":8.0},{"not_picked":["construct:VentSteam","construct:SuppressiveFire"],"picked":"construct:ModeShift","floor":10.0},{"not_picked":["construct:ShieldGenerator","construct:FocusedBeam"],"picked":"construct:Reinforce","floor":11.0},{"not_picked":["construct:Backup","construct:Analyze"],"picked":"construct:Stasis","floor":14.0},{"not_picked":["construct:ShieldGenerator","construct:HastyRepair"],"picked":"construct:BatteryCore","floor":16.0},{"not_picked":["construct:FlakBarrage","construct:Anticipate"],"picked":"construct:Versatility","floor":18.0},{"not_picked":["construct:Isolate","construct:FierceBash"],"picked":"construct:UnbalancingBlast","floor":19.0},{"not_picked":["construct:UnbalancingBlast","construct:ModeShift"],"picked":"construct:Versatility","floor":22.0},{"not_picked":["construct:Analyze","construct:VentSteam+1"],"picked":"construct:PointDefense+1","floor":23.0},{"not_picked":["construct:Accumulate","construct:FierceBash"],"picked":"construct:HyperBeam","floor":25.0},{"not_picked":["construct:SaveState","construct:OmegaCannon+1"],"picked":"construct:PowerUp+1","floor":27.0},{"not_picked":["construct:ModeShift","construct:ClockworkEgg"],"picked":"construct:Stasis+1","floor":28.0},{"not_picked":["construct:Forcefield+1","construct:SuppressiveFire"],"picked":"construct:ClusterMines","floor":31.0},{"not_picked":["construct:PanicFire","construct:SpinDrive"],"picked":"construct:Bunker","floor":33.0},{"not_picked":["hubris:Lust","Sickly"],"picked":"Elementarium:StickyTar","floor":34.0},{"not_picked":["hubris:Compulsion","hubris:Sloth"],"picked":"Injury","floor":34.0},{"not_picked":["Doubt","TheCursedMod:Dregs"],"picked":"Sickly","floor":34.0},{"not_picked":["construct:CriticalHit","construct:HastyRepair"],"picked":"construct:MetalShell","floor":35.0},{"not_picked":["construct:Anticipate","construct:Versatility+1"],"picked":"construct:Reinforce+1","floor":37.0},{"not_picked":["construct:GuardCore","construct:Accumulate"],"picked":"construct:ReactiveShield","floor":38.0},{"not_picked":["construct:Zapper+1","construct:FierceBash"],"picked":"construct:Autoturret+1","floor":40.0},{"not_picked":["construct:ShiftingStance","construct:FierceBash+1"],"picked":"construct:VentSteam","floor":44.0},{"not_picked":["construct:Zapper","construct:CriticalHit"],"picked":"construct:Disrupt+1","floor":45}],"player_experience":1924029,"relics_obtained":[{"floor":7.0,"key":"Replay:Bottled Flurry"},{"floor":9.0,"key":"construct:FoamFinger"},{"floor":11.0,"key":"HornCleat"},{"floor":17.0,"key":"Replay:Baseball"},{"floor":17.0,"key":"hubris:BottledRain"},{"floor":17.0,"key":"champ:DuelingGlove"},{"floor":23.0,"key":"Anchor"},{"floor":26.0,"key":"Potion Belt"},{"floor":30.0,"key":"infinitespire:WardingShard"},{"floor":31.0,"key":"Tiny Chest"},{"floor":39.0,"key":"Quantum Egg"},{"floor":41.0,"key":"Counterbalance"},{"floor":43.0,"key":"infinitespire:Beetle Shell"},{"floor":44.0,"key":"hubris:DuctTape"}],"event_choices":[{"cards_removed":["construct:FlakBarrage"],"damage_healed":0.0,"max_hp_gain":0.0,"max_hp_loss":0.0,"gold_gain":0.0,"event_name":"WeMeetAgain","player_choice":"Gave Card","floor":4.0,"gold_loss":0.0,"damage_taken":0.0,"relics_obtained":["Ancient Tea Set"]},{"damage_healed":0.0,"max_hp_gain":0.0,"max_hp_loss":0.0,"gold_gain":75.0,"event_name":"FaceTrader","player_choice":"Touch","floor":21.0,"gold_loss":0.0,"damage_taken":9.0},{"damage_healed":0.0,"max_hp_gain":0.0,"max_hp_loss":0.0,"gold_gain":0.0,"event_name":"Designer","player_choice":"Upgrade","floor":29.0,"gold_loss":40.0,"damage_taken":0.0,"cards_upgraded":["construct:ScopeCore"]},{"damage_healed":0.0,"max_hp_gain":0.0,"max_hp_loss":0.0,"gold_gain":100.0,"event_name":"Golden Shrine","player_choice":"Pray","floor":36.0,"gold_loss":0.0,"damage_taken":0.0}],"is_beta":false,"boss_relics":[{"not_picked":["Ectoplasm","Fusion Hammer"],"picked":"Calling Bell"},{"not_picked":["Philosopher\u0027s Stone","hubris:RunicObelisk"],"picked":"Replay:Ancient Bell"},{"not_picked":["Replay:Bandana","Vajra"],"picked":"bronze:BronzeIdol"},{"not_picked":["Kunai","Molten Egg 2"],"picked":"Chameleon Ring"},{"not_picked":["infinitespire:CursedDice","Dead Branch"],"picked":"Replay:Kaleidoscope"}],"items_purged_floors":[],"is_endless":false,"potions_floor_spawned":[1,3,8,10,18,19,27,28,44],"killed_by":"Reptomancer","ascension_level":5}}