{"host":"f5n4tidiz2n5sooh","time":1612777774,"event":{"mods":["BaseMod","Colored Map","Minty Spire (QoL Compilation)","Relic Stats","StSLib"],"gold_per_floor":[109,259,275,6,20,53,53,53,53,78,78,78,117,130,130,221,221,240,240,265,9,9,9],"floor_reached":22,"language":"ENG","playtime":808,"items_purged":["Doubt"],"score":388,"play_id":"e92f135f-61a4-44b4-a524-69f01bbb3a3d","local_time":"20210208034934","is_ascension_mode":true,"campfire_choices":[{"data":"Glass Knife","floor":11,"key":"SMITH"},{"data":"Predator","floor":12,"key":"SMITH"},{"data":"Footwork","floor":15,"key":"SMITH"}],"circlet_count":0,"master_deck":["AscendersBane","Strike_G","Defend_G","Defend_G","Defend_G","Defend_G","Defend_G","Survivor","Neutralize","Flying Knee","Poisoned Stab","Footwork+1","Dagger Throw","Predator+1","Footwork","Glass Knife+1","Blur","Night Terror","Flechettes+1","Eviscerate+1","Noxious Fumes"],"relics":["Ring of the Snake","WingedGreaves","Bottled Tornado","Golden Idol","Question Card","Meat on the Bone","Astrolabe","TwistedFunnel"],"acts_visited":["Exordium","TheCity"],"potions_floor_usage":[6,6,13,14,16,22],"damage_taken":[{"damage":3,"enemies":"Jaw Worm","floor":1,"turns":5},{"damage":5,"enemies":"Small Slimes","floor":3,"turns":4},{"damage":0,"enemies":"2 Louse","floor":5,"turns":3},{"damage":20,"enemies":"Lagavulin","floor":6,"turns":5},{"damage":0,"enemies":"Exordium Wildlife","floor":10,"turns":3},{"damage":4,"enemies":"Gremlin Nob","floor":13,"turns":3},{"damage":5,"enemies":"Gremlin Gang","floor":14,"turns":5},{"damage":5,"enemies":"The Guardian","floor":16,"turns":14},{"damage":36,"enemies":"3 Byrds","floor":18,"turns":6},{"damage":15,"enemies":"Shell Parasite","floor":20,"turns":8},{"damage":34,"enemies":"Centurion and Healer","floor":22,"turns":6}],"seed_played":"8277424263135680989","potions_obtained":[{"floor":5,"key":"Weak Potion"},{"floor":10,"key":"EssenceOfSteel"},{"floor":13,"key":"Regen Potion"},{"floor":14,"key":"Fire Potion"}],"is_trial":false,"path_per_floor":["M","?","M","$","M","E","?","?","T","M","R","R","E","M","R","B",null,"M","?","M","$","M"],"character_chosen":"THE_SILENT","items_purchased":["Footwork","Dagger Throw","Strength Potion","TwistedFunnel","GamblersBrew"],"campfire_rested":0,"item_purchase_floors":[4,4,4,21,21],"current_hp_per_floor":[56,56,51,51,51,31,24,24,24,24,24,24,20,29,29,36,50,26,26,23,23,0,0],"gold":9,"neow_bonus":"ONE_RARE_RELIC","is_daily":false,"chose_seed":false,"campfire_upgraded":3,"win_rate":0.0,"timestamp":1612777774,"path_taken":["M","?","M","$","M","E","?","?","T","?","R","R","E","M","R","BOSS","M","?","?","$","M"],"items_purchased_type":["Card","Card","Potion","Relic","Potion"],"build_version":"2020-12-22","purchased_purges":1,"victory":false,"max_hp_per_floor":[60,60,60,60,60,60,60,54,54,54,54,54,54,54,54,54,54,54,54,54,54,54,54],"relic_stats":{"counters":[11,62],"Golden Idol":43,"Astrolabe":["Flechettes","Eviscerate","Accuracy"],"Question Card":6,"obtain_stats":[{"TwistedFunnel":21,"Golden Idol":8,"Astrolabe":17,"WingedGreaves":0,"Bottled Tornado":6,"Question Card":9,"Ring of the Snake":0,"Meat on the Bone":13},{"TwistedFunnel":10,"Golden Idol":4,"Astrolabe":8,"WingedGreaves":0,"Bottled Tornado":4,"Question Card":4,"Ring of the Snake":0,"Meat on the Bone":6},{"TwistedFunnel":56,"Golden Idol":17,"Astrolabe":42,"WingedGreaves":0,"Bottled Tornado":17,"Question Card":17,"Ring of the Snake":0,"Meat on the Bone":23}],"Ring of the Snake":[22],"Meat on the Bone":36},"card_choices":[{"not_picked":["Sucker Punch","Cloak And Dagger"],"picked":"Flying Knee","floor":1},{"not_picked":["Acrobatics","Prepared"],"picked":"Poisoned Stab","floor":3},{"not_picked":["Prepared","Dagger Throw"],"picked":"Predator","floor":5},{"not_picked":["Sucker Punch","Calculated Gamble"],"picked":"Footwork","floor":6},{"not_picked":["Tactician","Blade Dance","Escape Plan"],"picked":"Glass Knife","floor":10},{"not_picked":["Sucker Punch","Cloak And Dagger","Flechettes","Underhanded Strike"],"picked":"SKIP","floor":13},{"not_picked":["Bane","Escape Plan","Prepared"],"picked":"Blur","floor":14},{"not_picked":["Tools of the Trade","Unload","Doppelganger"],"picked":"Night Terror","floor":16},{"not_picked":["PiercingWail","Dodge and Roll+1","Choke"],"picked":"Noxious Fumes","floor":18},{"not_picked":["Caltrops","Deadly Poison","Slice","Deflect"],"picked":"SKIP","floor":20}],"player_experience":2043236,"relics_obtained":[{"floor":6,"key":"Bottled Tornado"},{"floor":9,"key":"Question Card"},{"floor":13,"key":"Meat on the Bone"}],"event_choices":[{"damage_healed":0,"gold_gain":150,"player_choice":"AGREE","damage_taken":0,"max_hp_gain":0,"max_hp_loss":0,"event_name":"Liars Game","floor":2,"gold_loss":0,"cards_obtained":["Doubt"]},{"cards_removed":["Strike_G"],"damage_healed":0,"gold_gain":0,"player_choice":"Card Removal","damage_taken":7,"max_hp_gain":0,"max_hp_loss":0,"event_name":"Golden Wing","floor":7,"gold_loss":0},{"damage_healed":0,"gold_gain":0,"player_choice":"Lose Max HP","damage_taken":0,"relics_obtained":["Golden Idol"],"max_hp_gain":0,"max_hp_loss":6,"event_name":"Golden Idol","floor":8,"gold_loss":0},{"cards_removed":["Accuracy"],"damage_healed":0,"gold_gain":0,"player_choice":"Purged","damage_taken":0,"max_hp_gain":0,"max_hp_loss":0,"event_name":"Purifier","floor":19,"gold_loss":0}],"is_beta":false,"boss_relics":[{"not_picked":["Empty Cage","Busted Crown"],"picked":"Astrolabe"}],"items_purged_floors":[4],"is_endless":false,"potions_floor_spawned":[5,10,13,14],"killed_by":"Centurion and Healer","ascension_level":20}}