{"host":"22ezjknwheybwqtz","time":1612800110,"event":{"mods":["BaseMod","Downfall","Minty Spire (QoL Compilation)","Shop Mod","StSLib","The Necromancer","The Poker Player"],"gold_per_floor":[113,113,113,75,75,89,107,107,107,141,164,164,202,202,202,321,321,344,368,69,69,69,69,85,10,37,50,50,50,50,64,64,184,184,204,537,537,537,307,307,4,24,24,24,81,115,115,128,128,128,128],"floor_reached":50,"language":"ENG","playtime":2494,"items_purged":["Life_Tap"],"score":547,"play_id":"1ab8dd97-301c-45bb-a0e8-f3ab5d09bbf0","local_time":"20210209000150","daily_mods":["Draft"],"is_ascension_mode":false,"campfire_choices":[{"data":"Life_Drain","floor":8,"key":"SMITH"},{"data":"Negative_Energy_Mist","floor":12,"key":"SMITH"},{"data":"Bone_Prison","floor":15,"key":"SMITH"},{"data":"Summon_Death_Knight","floor":23,"key":"SMITH"},{"data":"Blood_Is_Power","floor":28,"key":"SMITH"},{"data":"Bone_Shift","floor":30,"key":"SMITH"},{"data":"Blood_Curse","floor":32,"key":"SMITH"},{"data":"Exploit","floor":40,"key":"SMITH"},{"data":"Siphon_Strength","floor":44,"key":"SMITH"},{"floor":49,"key":"REST"}],"circlet_count":0,"master_deck":["Death_March_Dance+1","Negative_Energy_Burst+1","Bone_Prison+1","Finger_Of_Death+1","Negative_Energy_Mist+1","Blood_for_Blood+1","Negative_Energy_Mist+1","Negative_Energy_Shield+1","Bone_Spikes+1","Negative_Energy_Javelin+1","Bone_Shift+1","Exploit+1","Life_Drain+1","Blood_Is_Power+1","Blood_Shield+1","Bone_Prison+1","Blood_Wake+1","Exploit+1","Summon_Death_Knight+1","Blood_Curse+1","Negative_Energy_Mist+1","Negative_Energy_Shield+1","Negative_Energy_Sphere+1","Negative_Energy_Bomb+1","Blood_Whip+1","Violence+1","Negative_Energy_Sphere+1","Uncharnel+1","Siphon_Strength+1","Negative_Energy_Sphere+1"],"relics":["Vampire_Amulet","Eternal Feather","Blood Vial","Akabeko","Oddly Smooth Stone","SlaversCollar","Shuriken","Tiny Chest","expansioncontent:StudyCardRelic","HornCleat","Whetstone","CeramicFish","Peace Pipe","Smiling Mask","Mark of the Bloom"],"acts_visited":["Exordium","TheCity","TheBeyond"],"potions_floor_usage":[33,33,45,50,50,50],"damage_taken":[{"damage":3,"enemies":"Jaw Worm","floor":1,"turns":4},{"damage":2,"enemies":"2 Louse","floor":6,"turns":4},{"damage":2,"enemies":"Small Slimes","floor":7,"turns":4},{"damage":26,"enemies":"3 Sentries","floor":10,"turns":8},{"damage":24,"enemies":"Lagavulin","floor":13,"turns":10},{"damage":34,"enemies":"Slime Boss","floor":16,"turns":11},{"damage":19,"enemies":"Shell Parasite","floor":18,"turns":7},{"damage":22,"enemies":"2 Thieves","floor":19,"turns":5},{"damage":12,"enemies":"3 Cultists","floor":24,"turns":5},{"damage":19,"enemies":"Shelled Parasite and Fungi","floor":27,"turns":9},{"damage":4,"enemies":"Centurion and Healer","floor":31,"turns":8},{"damage":17,"enemies":"Champ","floor":33,"turns":15},{"damage":37,"enemies":"3 Shapes","floor":35,"turns":4},{"damage":8,"enemies":"3 Darklings","floor":42,"turns":3},{"damage":31,"enemies":"2 Orb Walkers","floor":45,"turns":4},{"damage":32,"enemies":"Giant Head","floor":46,"turns":7},{"damage":11,"enemies":"Maw","floor":48,"turns":8},{"damage":25,"enemies":"Time Eater","floor":50,"turns":6}],"seed_played":"-1828465034692182166","potions_obtained":[{"floor":7,"key":"SpeedPotion"},{"floor":19,"key":"SteroidPotion"},{"floor":24,"key":"Explosive Potion"},{"floor":35,"key":"Slimebound:ThreeZeroPotion"},{"floor":46,"key":"Swift Potion"},{"floor":48,"key":"DuplicationPotion"}],"is_trial":true,"path_per_floor":["M","?","?","$","?","M","M","R","T","E","T","R","E","?","R","B",null,"M","M","$","?","$","R","M","$","T","M","R","?","R","M","R","B",null,"M","?","?","T","$","R","$","M","T","R","?","E","?","M","R","B"],"character_chosen":"NECROMANCER","items_purchased":["Blood_Shield","Shuriken","Block Potion","Violence","Negative_Energy_Sphere","Whetstone","Uncharnel","Siphon_Strength"],"campfire_rested":1,"item_purchase_floors":[4,20,20,39,39,41,41,41],"current_hp_per_floor":[75,80,60,60,60,68,76,76,76,56,56,68,58,58,70,54,80,75,59,59,59,59,71,77,77,77,73,80,80,80,80,80,77,80,49,49,49,49,49,64,64,66,66,80,53,31,31,20,20,0,0],"gold":128,"neow_bonus":"","is_daily":false,"chose_seed":true,"campfire_upgraded":9,"win_rate":0.0,"timestamp":1612800110,"path_taken":["M","?","?","$","?","M","M","R","T","E","?","R","E","?","R","BOSS","M","?","$","?","?","R","?","$","T","M","R","?","R","M","R","BOSS","M","?","?","?","$","R","$","?","T","R","?","E","?","M","R","BOSS"],"items_purchased_type":["Card","Relic","Potion","Card","Card","Relic","Card","Card"],"build_version":"2020-12-22","purchased_purges":1,"victory":false,"max_hp_per_floor":[75,80,80,80,80,80,80,80,80,80,80,80,80,80,80,80,80,80,80,80,80,80,80,80,80,80,80,80,80,80,80,80,80,80,80,80,80,80,80,80,80,80,80,80,80,80,80,80,80,80,80],"card_choices":[{"not_picked":["Consume_Illness","Death_Coil"],"picked":"Death_March_Dance","floor":0},{"not_picked":["Blood_Curse","Negative_Energy_Shield"],"picked":"Negative_Energy_Burst","floor":0},{"not_picked":["Violent_Necrosis","Spectral_Walk"],"picked":"Bone_Prison","floor":0},{"not_picked":["Consume_Illness","Shackles_Of_Pain"],"picked":"Finger_Of_Death","floor":0},{"not_picked":["Death_Knell","Toxic_Smoke_Screen"],"picked":"Negative_Energy_Mist","floor":0},{"not_picked":["Flesh_Made_Foul","Bones_to_Steel"],"picked":"Blood_for_Blood","floor":0},{"not_picked":["Death_Coil","Chill_Blood"],"picked":"Blood_Whip","floor":0},{"not_picked":["Necromantic_Selection","Bone_Shift"],"picked":"Negative_Energy_Mist","floor":0},{"not_picked":["Necrotic_Claws","Deaths_Shadow"],"picked":"Negative_Energy_Shield","floor":0},{"not_picked":["Negative_Energy_Mist","Vampiric_Strike"],"picked":"Bone_Spikes","floor":0},{"not_picked":["Whirlwind_of_Bones","Acid_Javelin"],"picked":"Negative_Energy_Javelin","floor":0},{"not_picked":["Blood_Whip","Consume_Illness"],"picked":"Bone_Shift","floor":0},{"not_picked":["Negative_Energy_Mist","Blood_Shield"],"picked":"Exploit","floor":0},{"not_picked":["Scare","Chill_Blood"],"picked":"Life_Drain","floor":0},{"not_picked":["Death_March_Dance","Necromantic_Selection"],"picked":"Life_Tap","floor":0},{"not_picked":["Vampiric_Strike","Exploit"],"picked":"Blood_Is_Power","floor":1},{"not_picked":["Summon_Undead_Army","Death_Knell"],"picked":"Bone_Prison","floor":6},{"not_picked":["Negative_Energy_Shield","Finger_Of_Death"],"picked":"Bone_Armor","floor":7},{"not_picked":["Vampiric_Strike","Death_Coil"],"picked":"Blood_Wake","floor":10},{"not_picked":["Blood_Curse","Toxic_Smoke_Screen"],"picked":"Exploit","floor":13},{"not_picked":["Detonate_Bones","Blood_Wake"],"picked":"Summon_Death_Knight","floor":16},{"not_picked":["Bones_to_Steel","Plague_Bolt"],"picked":"Blood_Curse","floor":18},{"not_picked":["Plague_Bolt","Negative_Energy_Mist","Shackles_Of_Pain"],"picked":"SKIP","floor":19},{"not_picked":["Bone_Shift","Chill_Blood"],"picked":"Negative_Energy_Mist+1","floor":24},{"not_picked":["Negative_Energy_Javelin+1","Blood_Curse"],"picked":"Negative_Energy_Shield+1","floor":27},{"not_picked":["Negative_Energy_Javelin+1","Summon_Lich"],"picked":"Negative_Energy_Sphere","floor":31},{"not_picked":["Grasp_Heart","Reap_The_Weak"],"picked":"Negative_Energy_Bomb","floor":33},{"not_picked":["Blood_Curse+1","Shackles_Of_Pain+1"],"picked":"Blood_Whip+1","floor":35},{"not_picked":["Blood_Curse","Blood_Whip+1","Death_March_Dance"],"picked":"SKIP","floor":42},{"not_picked":["Requiem","Summon_Undead_Army"],"picked":"Negative_Energy_Sphere+1","floor":45},{"not_picked":["Epidemic+1","Whirlwind_of_Bones","Cloudkill"],"picked":"SKIP","floor":46},{"not_picked":["Exploit","Blood_Curse","Blood_for_Blood+1"],"picked":"SKIP","floor":48}],"player_experience":105584,"relics_obtained":[{"floor":9,"key":"Eternal Feather"},{"floor":10,"key":"Blood Vial"},{"floor":11,"key":"Akabeko"},{"floor":13,"key":"Oddly Smooth Stone"},{"floor":26,"key":"Tiny Chest"},{"floor":38,"key":"HornCleat"},{"floor":43,"key":"CeramicFish"},{"floor":45,"key":"Peace Pipe"},{"floor":46,"key":"Smiling Mask"}],"event_choices":[{"damage_healed":0,"gold_gain":0,"player_choice":"Donut","damage_taken":0,"max_hp_gain":5,"max_hp_loss":0,"event_name":"Big Fish","floor":2,"gold_loss":0},{"damage_healed":0,"gold_gain":0,"player_choice":"Take Damage","damage_taken":20,"relics_obtained":["Golden Idol"],"max_hp_gain":0,"max_hp_loss":0,"event_name":"Golden Idol","floor":3,"gold_loss":0},{"damage_healed":0,"gold_gain":0,"player_choice":"Grow","damage_taken":0,"max_hp_gain":0,"max_hp_loss":0,"event_name":"Living Wall","floor":5,"gold_loss":0,"cards_upgraded":["Blood_for_Blood"]},{"damage_healed":0,"gold_gain":0,"player_choice":"Upgraded","damage_taken":0,"max_hp_gain":0,"max_hp_loss":0,"event_name":"Upgrade Shrine","floor":14,"gold_loss":0,"cards_upgraded":["Exploit"]},{"cards_removed":["Bone_Armor"],"damage_healed":0,"gold_gain":0,"player_choice":"Elegance","damage_taken":0,"max_hp_gain":0,"max_hp_loss":0,"event_name":"Back to Basics","floor":29,"gold_loss":0},{"damage_healed":0,"gold_gain":333,"player_choice":"Gave Idol","damage_taken":0,"max_hp_gain":0,"max_hp_loss":0,"event_name":"The Moai Head","floor":36,"relics_lost":["Golden Idol"],"gold_loss":0},{"cards_removed":["Blood_Whip"],"damage_healed":0,"gold_gain":0,"player_choice":"Purged","damage_taken":0,"max_hp_gain":0,"max_hp_loss":0,"event_name":"Purifier","floor":37,"gold_loss":0},{"damage_healed":0,"gold_gain":0,"player_choice":"Fight","damage_taken":0,"max_hp_gain":0,"max_hp_loss":0,"event_name":"Mysterious Sphere","floor":45,"gold_loss":0},{"damage_healed":0,"gold_gain":0,"player_choice":"Upgrade","damage_taken":0,"relics_obtained":["Mark of the Bloom"],"max_hp_gain":0,"max_hp_loss":0,"event_name":"MindBloom","floor":47,"gold_loss":0,"cards_upgraded":["Death_March_Dance","Negative_Energy_Burst","Bone_Prison","Finger_Of_Death","Negative_Energy_Mist","Negative_Energy_Shield","Bone_Spikes","Negative_Energy_Javelin","Blood_Shield","Negative_Energy_Bomb","Violence","Negative_Energy_Sphere","Uncharnel"]}],"is_beta":false,"boss_relics":[{"not_picked":["Runic Dome","Ectoplasm"],"picked":"SlaversCollar"},{"not_picked":["Empty Cage","Fusion Hammer"],"picked":"expansioncontent:StudyCardRelic"}],"items_purged_floors":[25],"is_endless":false,"potions_floor_spawned":[6,7,19,24,31,35,46,48],"killed_by":"Time Eater","ascension_level":0}}