{"host":"oiw60b5ins9fyx34","time":1612763412,"event":{"mods":["BaseMod","Colored Map","Colored Powertips","Minty Spire (QoL Compilation)","Permanent Neow","Quick Restart","Rare Cards Sparkle","Relic Stats","StSLib","The Cursed"],"gold_per_floor":[109,119,119,119,129,129,155,155,155,182,182,182,202,237,237,237,237],"floor_reached":16,"language":"JPN","playtime":382,"items_purged":[],"score":148,"play_id":"f5955339-355c-4f64-8aa0-fad096c020c4","local_time":"20210208145012","is_ascension_mode":true,"campfire_choices":[{"data":"Bash","floor":6,"key":"SMITH"},{"data":"Infernal Blade","floor":8,"key":"SMITH"},{"data":"Shockwave","floor":12,"key":"SMITH"},{"floor":15,"key":"REST"}],"circlet_count":0,"master_deck":["Strike_R","Strike_R","Strike_R+1","Strike_R","Strike_R","Defend_R","Defend_R","Defend_R","Defend_R","Bash+1","Infernal Blade+1","Wild Strike+1","Sentinel","Feel No Pain","Shockwave+1","Havoc"],"relics":["Burning Blood","Du-Vu Doll","CultistMask","Matryoshka","Strawberry","Regal Pillow","Singing Bowl","Potion Belt","Meat on the Bone"],"acts_visited":["Exordium"],"potions_floor_usage":[7,10,14],"damage_taken":[{"damage":0,"enemies":"Small Slimes","floor":1,"turns":3},{"damage":2,"enemies":"2 Louse","floor":2,"turns":2},{"damage":0,"enemies":"Cultist","floor":5,"turns":2},{"damage":20,"enemies":"3 Sentries","floor":7,"turns":6},{"damage":16,"enemies":"Gremlin Nob","floor":10,"turns":3},{"damage":0,"enemies":"Exordium Wildlife","floor":13,"turns":2},{"damage":20,"enemies":"3 Sentries","floor":14,"turns":5},{"damage":74,"enemies":"Hexaghost","floor":16,"turns":10}],"seed_played":"6491070603301161537","potions_obtained":[{"floor":1,"key":"FearPotion"},{"floor":2,"key":"Strength Potion"},{"floor":10,"key":"ColorlessPotion"}],"is_trial":false,"path_per_floor":["M","M","?","?","M","R","E","R","T","E","?","R","M","E","R","B"],"character_chosen":"IRONCLAD","items_purchased":[],"campfire_rested":1,"item_purchase_floors":[],"current_hp_per_floor":[72,72,58,58,64,64,50,50,57,47,40,40,48,34,73,0,0],"gold":237,"neow_bonus":"ONE_RARE_RELIC","is_daily":false,"chose_seed":false,"campfire_upgraded":3,"win_rate":0.0,"timestamp":1612763412,"path_taken":["M","M","?","?","?","R","E","R","T","E","?","R","M","E","R","BOSS"],"items_purchased_type":[],"build_version":"2020-12-22","purchased_purges":0,"victory":false,"max_hp_per_floor":[72,72,72,72,72,72,72,72,79,79,79,79,81,81,81,81,81],"relic_stats":{"Regal Pillow":15,"Singing Bowl":2,"counters":[8,33],"obtain_stats":[{"Du-Vu Doll":0,"Potion Belt":11,"Regal Pillow":9,"Matryoshka":7,"Singing Bowl":10,"Strawberry":9,"CultistMask":4,"Burning Blood":0,"Meat on the Bone":14},{"Du-Vu Doll":0,"Potion Belt":5,"Regal Pillow":4,"Matryoshka":4,"Singing Bowl":5,"Strawberry":4,"CultistMask":2,"Burning Blood":0,"Meat on the Bone":7},{"Du-Vu Doll":0,"Potion Belt":16,"Regal Pillow":13,"Matryoshka":13,"Singing Bowl":16,"Strawberry":13,"CultistMask":5,"Burning Blood":0,"Meat on the Bone":23}],"Burning Blood":32,"Meat on the Bone":0},"card_choices":[{"not_picked":["Iron Wave","Searing Blow"],"picked":"Infernal Blade","floor":1},{"not_picked":["Anger","Entrench"],"picked":"Wild Strike","floor":2},{"not_picked":["Entrench","Iron Wave"],"picked":"Sentinel","floor":5},{"not_picked":["Limit Break","Flex"],"picked":"Feel No Pain","floor":7},{"not_picked":["Armaments","Clash"],"picked":"Shockwave","floor":10},{"not_picked":["Infernal Blade","Ghostly Armor","Evolve"],"picked":"Singing Bowl","floor":13},{"not_picked":["Anger","Bloodletting"],"picked":"Havoc","floor":14}],"player_experience":709121,"relics_obtained":[{"floor":7,"key":"Matryoshka"},{"floor":9,"key":"Strawberry"},{"floor":9,"key":"Regal Pillow"},{"floor":10,"key":"Singing Bowl"},{"floor":14,"key":"Meat on the Bone"}],"event_choices":[{"damage_healed":0,"gold_gain":0,"player_choice":"Entered Light","damage_taken":14,"max_hp_gain":0,"max_hp_loss":0,"event_name":"Shining Light","floor":3,"gold_loss":0,"cards_upgraded":["Strike_R","Wild Strike"]},{"damage_healed":0,"gold_gain":0,"player_choice":"Trade","damage_taken":0,"relics_obtained":["CultistMask"],"max_hp_gain":0,"max_hp_loss":0,"event_name":"FaceTrader","floor":4,"gold_loss":0},{"damage_healed":0,"gold_gain":0,"player_choice":"Success","damage_taken":7,"relics_obtained":["Potion Belt"],"max_hp_gain":0,"max_hp_loss":0,"event_name":"Scrap Ooze","floor":11,"gold_loss":0}],"is_beta":false,"boss_relics":[],"items_purged_floors":[],"is_endless":false,"potions_floor_spawned":[1,2,10],"killed_by":"Hexaghost","ascension_level":5}}