{"host":"ymw71f7rc9ndansy","time":1612751138,"event":{"mods":["ATMod(阿瑾Mod)","Act Like it!","Arknights","Aspiration","BaseMod","DeckTracker","Hubris","Library of Ruina","Library of Ruina Extra","Minty Spire (QoL Compilation)","MostiFishMod","Relic Filter Mod","Remove Card Discount Mod","Replay The Spire","RumiaBox-露米娅的神秘盒子","StSLib","TestMod","【功能Mod】精心准备","【遗物卡牌】REMEMod"],"gold_per_floor":[112,127,113,128,178,206,206,194,221,237,253,249,259,277,277,355,355,355],"floor_reached":17,"language":"ZHS","playtime":501,"items_purged":["Strike_R","Strike_R","Strike_R","Defend_R","AT_LightSaberMaster","Strike_R","Strike_R","Bash","Defend_R"],"score":538,"play_id":"e2243b9c-07fa-40ef-ae19-58385b5caa83","local_time":"20210208102538","is_ascension_mode":true,"campfire_choices":[{"data":"MostiFishMod:UltimateDefense","floor":7,"key":"SMITH"},{"data":"Armaments","floor":15,"key":"SMITH"}],"circlet_count":0,"master_deck":["AscendersBane","AT_FamilyPortrait","MostiFishMod:UltimateDefense+1","AT_BodySlamDance","Armaments+1","Dark Embrace","Entrench","MostiFishMod:DarkDeal","Brutality","REME_ACTH"],"relics":["testmod-TestBox","DaveBox","REME_ComplimentaryCards","AT_ATBox","PageOfThreeBirds","testmod-TimeTraveler","GuanYuAspect","SynthV:TestCard","Ccalipers","testmod-Motorcycle","aspiration:ChemicalBlood","Baka2","Pandora\u0027s Box"],"acts_visited":["Exordium","TheCity"],"potions_floor_usage":[8,16],"damage_taken":[{"damage":7,"enemies":"2 Louse","floor":1,"turns":4},{"damage":0,"enemies":"Cultist","floor":2,"turns":3},{"damage":7,"enemies":"Jaw Worm","floor":4,"turns":4},{"damage":0,"enemies":"Lagavulin","floor":6,"turns":3},{"damage":0,"enemies":"3 Sentries","floor":8,"turns":4},{"damage":0,"enemies":"Looter","floor":10,"turns":2},{"damage":0,"enemies":"Large Slime","floor":11,"turns":1},{"damage":0,"enemies":"2 Fungi Beasts","floor":13,"turns":3},{"damage":0,"enemies":"3 Louse","floor":14,"turns":1},{"damage":0,"enemies":"The Guardian","floor":16,"turns":3}],"seed_played":"-2346664418757994095","potions_obtained":[{"floor":2,"key":"Elixir"},{"floor":13,"key":"REME_GoldPotion"},{"floor":14,"key":"DuplicationPotion"},{"floor":16,"key":"Languid Potion"}],"is_trial":false,"path_per_floor":["M","M","$","M","?","E","R","E","T","M","M","$","M","M","R","B",null],"character_chosen":"IRONCLAD","items_purchased":[],"campfire_rested":0,"item_purchase_floors":[],"current_hp_per_floor":[36,38,38,42,42,47,47,53,53,55,57,57,66,68,68,68,68,68],"gold":355,"neow_bonus":"ONE_RANDOM_RARE_CARD","is_daily":false,"chose_seed":false,"campfire_upgraded":2,"win_rate":0.0,"timestamp":1612751138,"path_taken":["M","M","$","M","?","E","R","E","T","?","M","$","M","M","R","BOSS"],"items_purchased_type":[],"build_version":"2020-12-22","purchased_purges":9,"victory":false,"max_hp_per_floor":[38,68,68,68,68,68,68,68,68,68,68,68,68,68,68,68,68,68],"card_choices":[{"not_picked":["Havoc","Run Through","Intimidate"],"picked":"SKIP","floor":1},{"not_picked":["Heavy Blade","Headbutt","Battle Trance","hubris:ReadiedAction"],"picked":"AT_BodySlamDance","floor":2},{"not_picked":["Perfected Strike","Rupture","AT_GerminateFire","hubris:ReadiedAction","hubris:StunningStrike"],"picked":"SKIP","floor":4},{"not_picked":["Anger","AT_BodySlamDance","Ghostly Armor","ReplayTheSpireMod:Limb From Limb","Headbutt"],"picked":"SKIP","floor":6},{"not_picked":["Pommel Strike","hubris:ReadiedAction","Iron Wave","Sword Boomerang"],"picked":"Armaments","floor":8},{"not_picked":["Second Wind","ReplayTheSpireMod:Corrosion Curse","Immolate","Spot Weakness"],"picked":"Dark Embrace","floor":10},{"not_picked":["hubris:ReadiedAction","Pommel Strike","REME_FearOfPain","REME_Scribble","Sentinel"],"picked":"SKIP","floor":11},{"not_picked":["Thunderclap","Pummel","Defy Death","Metallicize","Clothesline"],"picked":"SKIP","floor":13},{"not_picked":["Twin Strike","Havoc","Pommel Strike","Clothesline"],"picked":"Entrench","floor":14},{"not_picked":["Demonic Infusion","Fiend Fire","Exhume","MostiFishMod:NewArrival"],"picked":"MostiFishMod:DarkDeal","floor":16}],"player_experience":1083248,"relics_obtained":[{"floor":1,"key":"SynthV:TestCard"},{"floor":1,"key":"Baka"},{"floor":6,"key":"Ccalipers"},{"floor":8,"key":"testmod-Motorcycle"},{"floor":9,"key":"aspiration:ChemicalBlood"},{"floor":16,"key":"Baka2"}],"event_choices":[{"damage_healed":0,"gold_gain":50,"player_choice":"Pray","damage_taken":0,"max_hp_gain":0,"max_hp_loss":0,"event_name":"Golden Shrine","floor":5,"gold_loss":0}],"is_beta":false,"boss_relics":[{"not_picked":["hubris:BlackHole","Abe\u0027s Treasure"],"picked":"Pandora\u0027s Box"}],"items_purged_floors":[3,3,3,3,3,3,3,12,12],"is_endless":false,"potions_floor_spawned":[2,13,14,16],"ascension_level":20}}