{"host":"8a3jzv7qxg3y7b6t","time":1612808164,"event":{"mods":["BaseMod","Better Third Choice","Downfall","Hermit","Minty Spire (QoL Compilation)","Relic Stats","StSLib","The Bug Knight","The Cursed"],"gold_per_floor":[117,134,134,153,9,9,35,5,5,30,30,47,47,77,77,173,173,183,201,201,201,212,239,239,239,289,316,316,316,316,329,329,329,329],"floor_reached":33,"language":"ENG","playtime":1688,"items_purged":[],"score":391,"play_id":"407e4302-b75f-4e74-9cb1-80972137dff0","local_time":"20210208101604","is_ascension_mode":true,"campfire_choices":[{"floor":6,"key":"RECALL"},{"data":"Neutralize","floor":11,"key":"SMITH"},{"floor":15,"key":"REST"},{"floor":25,"key":"REST"},{"floor":29,"key":"REST"},{"data":"Backstab","floor":32,"key":"SMITH"}],"circlet_count":0,"master_deck":["Strike_G+1","Strike_G+1","Strike_G+1","Strike_G+1","Strike_G+1","Defend_G+1","Defend_G+1","Defend_G+1","Defend_G+1","Defend_G+1","Survivor","Neutralize+1","Crippling Poison","Dagger Spray+1","Footwork","Footwork","Slice","Tools of the Trade","Apotheosis+1","Riddle With Holes","Corpse Explosion","Bane","Backstab+1","Writhe","Dagger Spray+1","Masterful Stab","downfall:Bewildered","Cloak And Dagger","Slice+1"],"relics":["Ring of the Snake","Snake Skull","Torii","Tough Bandages","Ice Cream","Runic Dome","HollowMod:QueensCombRelic","Question Card","sneckomod:BabySnecko","Nunchaku","Omamori","Nilry\u0027s Codex"],"acts_visited":["Exordium","TheCity"],"potions_floor_usage":[7,7,7,8,12,14,16,16],"damage_taken":[{"damage":2,"enemies":"Small Slimes","floor":1,"turns":3},{"damage":0,"enemies":"Cultist","floor":2,"turns":5},{"damage":0,"enemies":"2 Louse","floor":4,"turns":1},{"damage":2,"enemies":"3 Sentries","floor":7,"turns":9},{"damage":0,"enemies":"Looter","floor":8,"turns":4},{"damage":32,"enemies":"Gremlin Nob","floor":10,"turns":5},{"damage":1,"enemies":"Large Slime","floor":12,"turns":7},{"damage":0,"enemies":"Lagavulin","floor":14,"turns":7},{"damage":7,"enemies":"Hexaghost","floor":16,"turns":11},{"damage":7,"enemies":"Chosen","floor":18,"turns":5},{"damage":1,"enemies":"Shell Parasite","floor":19,"turns":6},{"damage":25,"enemies":"Snake Plant","floor":22,"turns":5},{"damage":14,"enemies":"HollowMod:Nosk","floor":23,"turns":8},{"damage":12,"enemies":"Book of Stabbing","floor":27,"turns":5},{"damage":10,"enemies":"Snecko","floor":31,"turns":4},{"damage":63,"enemies":"Automaton","floor":33,"turns":6}],"seed_played":"-5258102644864790323","potions_obtained":[{"floor":1,"key":"GhostInAJar"},{"floor":2,"key":"EntropicBrew"},{"floor":10,"key":"Block Potion"},{"floor":12,"key":"SkillPotion"},{"floor":14,"key":"champ:CounterPotion"},{"floor":27,"key":"SpeedPotion"},{"floor":31,"key":"Guardian:BlockOnCardUsePotion"}],"is_trial":false,"path_per_floor":["M","M","?","M","$","R","E","M","T","E","R","M","?","E","R","B",null,"M","M","?","?","M","E","?","R","T","E","?","R","?","M","R","B"],"character_chosen":"THE_SILENT","items_purchased":["Snake Skull"],"campfire_rested":3,"item_purchase_floors":[5],"current_hp_per_floor":[75,75,75,75,75,75,73,73,73,41,41,40,40,40,63,56,77,70,69,69,50,25,19,19,34,34,34,18,33,50,40,40,0,0],"gold":329,"neow_bonus":"TEN_PERCENT_HP_BONUS","is_daily":false,"chose_seed":false,"campfire_upgraded":2,"win_rate":0.0,"timestamp":1612808164,"path_taken":["M","M","?","M","?","R","E","?","T","E","R","M","?","E","R","BOSS","M","M","?","?","M","E","?","R","T","E","?","R","?","M","R","BOSS"],"items_purchased_type":["Relic"],"build_version":"2020-12-22","purchased_purges":0,"victory":false,"max_hp_per_floor":[77,77,77,77,77,77,77,77,77,77,77,77,77,77,77,77,77,77,77,77,50,50,50,50,50,50,50,50,50,50,50,50,50,50],"relic_stats":{"Tough Bandages":[108],"Nunchaku":[3],"Torii":28,"counters":[16,91],"Snake Skull":[17],"Question Card":2,"obtain_stats":[{"Ice Cream":14,"Runic Dome":17,"HollowMod:QueensCombRelic":21,"sneckomod:BabySnecko":24,"Tough Bandages":10,"Nunchaku":26,"Torii":7,"Nilry\u0027s Codex":28,"Snake Skull":5,"Omamori":27,"Question Card":23,"Ring of the Snake":0},{"Ice Cream":8,"Runic Dome":9,"HollowMod:QueensCombRelic":11,"sneckomod:BabySnecko":13,"Tough Bandages":6,"Nunchaku":13,"Torii":4,"Nilry\u0027s Codex":14,"Snake Skull":3,"Omamori":14,"Question Card":13,"Ring of the Snake":0},{"Ice Cream":41,"Runic Dome":52,"HollowMod:QueensCombRelic":63,"sneckomod:BabySnecko":76,"Tough Bandages":27,"Nunchaku":76,"Torii":18,"Nilry\u0027s Codex":81,"Snake Skull":9,"Omamori":81,"Question Card":76,"Ring of the Snake":0}],"Ring of the Snake":[32]},"card_choices":[{"not_picked":["Bouncing Flask","Riddle With Holes"],"picked":"Crippling Poison","floor":1},{"not_picked":["Deadly Poison","Prepared"],"picked":"Dagger Spray","floor":2},{"not_picked":["Dagger Throw","Concentrate"],"picked":"Footwork","floor":4},{"not_picked":["Concentrate","Infinite Blades"],"picked":"Footwork","floor":7},{"not_picked":["Acrobatics","Outmaneuver"],"picked":"Slice","floor":8},{"not_picked":["Prepared","PiercingWail","Expertise"],"picked":"SKIP","floor":10},{"not_picked":["Setup","Sucker Punch"],"picked":"Tools of the Trade","floor":12},{"not_picked":["Dagger Throw","Calculated Gamble"],"picked":"Riddle With Holes","floor":14},{"not_picked":["Doppelganger","Bullet Time"],"picked":"Corpse Explosion","floor":16},{"not_picked":["Riddle With Holes","Well Laid Plans"],"picked":"Bane","floor":18},{"not_picked":["Deflect+1","Backflip"],"picked":"Backstab","floor":19},{"not_picked":["Expertise+1","All Out Attack"],"picked":"Dagger Spray+1","floor":22},{"not_picked":["Riddle With Holes+1","Bouncing Flask+1"],"picked":"Masterful Stab","floor":23},{"not_picked":["Dagger Throw","Glass Knife","Tactician"],"picked":"Cloak And Dagger","floor":27},{"not_picked":["Deflect","Backflip+1","Catalyst+1"],"picked":"Slice+1","floor":31}],"player_experience":671365,"relics_obtained":[{"floor":7,"key":"Torii"},{"floor":10,"key":"Tough Bandages"},{"floor":14,"key":"Ice Cream"},{"floor":23,"key":"Question Card"},{"floor":26,"key":"Nunchaku"},{"floor":27,"key":"Omamori"},{"floor":28,"key":"Nilry\u0027s Codex"}],"event_choices":[{"damage_healed":0,"gold_gain":0,"player_choice":"Upgraded","damage_taken":0,"max_hp_gain":0,"max_hp_loss":0,"event_name":"Upgrade Shrine","floor":3,"gold_loss":0,"cards_upgraded":["Dagger Spray"]},{"damage_healed":40,"gold_gain":0,"player_choice":"Embrace","damage_taken":0,"max_hp_gain":0,"max_hp_loss":77,"event_name":"betterThird:BetterShining","floor":13,"gold_loss":0},{"damage_healed":0,"gold_gain":0,"player_choice":"Simplicity","damage_taken":0,"max_hp_gain":0,"max_hp_loss":10,"event_name":"betterThird:BetterWriting","floor":20,"gold_loss":0},{"damage_healed":0,"gold_gain":0,"player_choice":"Opened","damage_taken":0,"relics_obtained":["HollowMod:QueensCombRelic"],"max_hp_gain":0,"max_hp_loss":0,"event_name":"The Mausoleum","floor":21,"gold_loss":0,"cards_obtained":["Writhe"]},{"damage_healed":0,"gold_gain":0,"player_choice":"Obtained Book","damage_taken":16,"max_hp_gain":0,"max_hp_loss":0,"event_name":"Cursed Tome","floor":28,"gold_loss":0},{"damage_healed":17,"gold_gain":0,"player_choice":"Heal","damage_taken":0,"max_hp_gain":0,"max_hp_loss":0,"event_name":"The Library","floor":30,"gold_loss":0}],"is_beta":false,"boss_relics":[{"not_picked":["Snecko Eye","Ring of the Serpent"],"picked":"Runic Dome"}],"items_purged_floors":[],"is_endless":false,"potions_floor_spawned":[1,2,10,12,14,27,31],"killed_by":"Automaton","ascension_level":4}}