{"host":"aelxjre69umlx7r4","time":1612770358,"event":{"mods":["AchievementEnabler","BaseMod","DeckTracker","Highlight Path","Keyboard Shortcuts","Minty Spire (QoL Compilation)","Permanent Neow","SuperFastMode"],"gold_per_floor":[110,125,300,319,221,256,256,256,256,281,281,292,318,332,332,432,432,444,220,238,418,428,428,439,439,439,439,439,467,467,467,467],"floor_reached":31,"language":"KOR","playtime":1162,"items_purged":["Doubt","Strike_R"],"score":287,"play_id":"ec5b75f3-a014-4738-b4d2-b291f9572a56","local_time":"20210208164558","is_ascension_mode":true,"campfire_choices":[{"data":"Battle Trance","floor":8,"key":"SMITH"},{"data":"Spot Weakness","floor":11,"key":"SMITH"},{"floor":15,"key":"REST"},{"data":"Juggernaut","floor":23,"key":"SMITH"},{"data":"True Grit","floor":25,"key":"SMITH"},{"data":"Armaments","floor":27,"key":"SMITH"}],"circlet_count":0,"master_deck":["Strike_R","Strike_R","Strike_R","Strike_R","Defend_R","Defend_R","Defend_R","Defend_R","Bash","Second Wind","Seeing Red","True Grit+1","Battle Trance+1","Spot Weakness+1","Spot Weakness","Sword Boomerang","Juggernaut+1","Metallicize","Armaments+1","Barricade","Metallicize","J.A.X.","Body Slam"],"relics":["Burning Blood","Bronze Scales","Mummified Hand","Matryoshka","HornCleat","Red Skull","Sundial","Pen Nib","SlaversCollar","Meat on the Bone","MealTicket","Charon\u0027s Ashes"],"acts_visited":["Exordium","TheCity"],"potions_floor_usage":[6,10,13,16,29],"damage_taken":[{"damage":10,"enemies":"Cultist","floor":1,"turns":4},{"damage":6,"enemies":"Jaw Worm","floor":2,"turns":3},{"damage":0,"enemies":"2 Louse","floor":4,"turns":2},{"damage":31,"enemies":"3 Sentries","floor":6,"turns":11},{"damage":39,"enemies":"Lagavulin","floor":10,"turns":7},{"damage":11,"enemies":"Large Slime","floor":12,"turns":4},{"damage":13,"enemies":"3 Sentries","floor":13,"turns":4},{"damage":0,"enemies":"Exordium Wildlife","floor":14,"turns":4},{"damage":27,"enemies":"The Guardian","floor":16,"turns":6},{"damage":10,"enemies":"Chosen","floor":18,"turns":4},{"damage":15,"enemies":"2 Thieves","floor":20,"turns":3},{"damage":19,"enemies":"Centurion and Healer","floor":22,"turns":5},{"damage":11,"enemies":"Snake Plant","floor":24,"turns":2},{"damage":16,"enemies":"Gremlin Leader","floor":29,"turns":5},{"damage":32,"enemies":"Slavers","floor":31,"turns":1}],"seed_played":"-3716167089744561666","potions_obtained":[{"floor":1,"key":"BlessingOfTheForge"},{"floor":6,"key":"Fruit Juice"},{"floor":12,"key":"ColorlessPotion"},{"floor":13,"key":"PowerPotion"},{"floor":18,"key":"FearPotion"}],"is_trial":false,"path_per_floor":["M","M","?","M","$","E","T","R","T","E","R","M","E","M","R","B",null,"M","$","M","?","M","R","M","R","T","R","?","E","?","E"],"character_chosen":"IRONCLAD","items_purchased":["True Grit","Metallicize","Armaments"],"campfire_rested":1,"item_purchase_floors":[5,19,19],"current_hp_per_floor":[76,76,76,80,80,55,55,55,55,27,27,22,15,21,46,25,85,81,81,72,53,40,40,35,35,35,35,35,37,21,0,0],"gold":467,"neow_bonus":"RANDOM_COMMON_RELIC","is_daily":false,"chose_seed":false,"campfire_upgraded":5,"win_rate":0.0,"timestamp":1612770358,"path_taken":["M","M","?","M","$","E","?","R","T","E","R","M","E","M","R","BOSS","M","$","?","?","?","R","M","R","T","R","?","E","?","E"],"items_purchased_type":["Card","Card","Card"],"build_version":"2020-12-22","purchased_purges":2,"victory":false,"max_hp_per_floor":[80,80,80,80,80,80,80,80,80,85,85,85,85,85,85,85,85,85,85,85,85,85,85,85,85,85,85,85,85,90,90,90],"card_choices":[{"not_picked":["Reckless Charge","Iron Wave"],"picked":"Second Wind","floor":1},{"not_picked":["True Grit","Bloodletting"],"picked":"Seeing Red","floor":2},{"not_picked":["Anger","Clothesline","Inflame"],"picked":"SKIP","floor":4},{"not_picked":["Feel No Pain","Searing Blow"],"picked":"Battle Trance","floor":6},{"not_picked":["Bludgeon","Headbutt"],"picked":"Spot Weakness","floor":10},{"not_picked":["Warcry","True Grit"],"picked":"Spot Weakness","floor":12},{"not_picked":["Cleave","Twin Strike","Clothesline"],"picked":"SKIP","floor":13},{"not_picked":["Shrug It Off","Feed"],"picked":"Sword Boomerang","floor":14},{"not_picked":["Reaper","Feed"],"picked":"Juggernaut","floor":16},{"not_picked":["True Grit+1","Rampage+1","Clash"],"picked":"SKIP","floor":18},{"not_picked":["Rage+1","Rupture","Headbutt"],"picked":"SKIP","floor":20},{"not_picked":["Second Wind+1","Shrug It Off"],"picked":"Barricade","floor":22},{"not_picked":["Warcry","Sword Boomerang"],"picked":"Metallicize","floor":24},{"not_picked":["Rampage","Brutality"],"picked":"Body Slam","floor":29}],"player_experience":397640,"relics_obtained":[{"floor":6,"key":"Mummified Hand"},{"floor":7,"key":"Matryoshka"},{"floor":9,"key":"HornCleat"},{"floor":9,"key":"Red Skull"},{"floor":10,"key":"Sundial"},{"floor":13,"key":"Pen Nib"},{"floor":26,"key":"Meat on the Bone"},{"floor":26,"key":"MealTicket"},{"floor":29,"key":"Charon\u0027s Ashes"}],"event_choices":[{"damage_healed":0,"gold_gain":175,"player_choice":"AGREE","damage_taken":0,"max_hp_gain":0,"max_hp_loss":0,"event_name":"Liars Game","floor":3,"gold_loss":0,"cards_obtained":["Doubt"]},{"damage_healed":0,"gold_gain":180,"player_choice":"GOLD GOLD ","damage_taken":19,"max_hp_gain":0,"max_hp_loss":0,"event_name":"Knowing Skull","floor":21,"potions_obtained":[],"gold_loss":0,"cards_obtained":[]},{"damage_healed":0,"gold_gain":0,"player_choice":"Obtain J.A.X.","damage_taken":0,"max_hp_gain":0,"max_hp_loss":0,"event_name":"Drug Dealer","floor":28,"gold_loss":0,"cards_obtained":["J.A.X."]},{"damage_healed":0,"gold_gain":0,"player_choice":"Shed Blood","damage_taken":21,"max_hp_gain":5,"max_hp_loss":0,"event_name":"Forgotten Altar","floor":30,"gold_loss":0}],"is_beta":false,"boss_relics":[{"not_picked":["Runic Cube","SacredBark"],"picked":"SlaversCollar"}],"items_purged_floors":[5,19],"is_endless":false,"potions_floor_spawned":[1,6,12,13,18],"killed_by":"Slavers","ascension_level":1}}