{"host":"kaame4qwxxqnygv7","time":1612770346,"event":{"mods":["AchievementEnabler","BaseMod","Better Match","Better Skull","Better Third Choice","Block Reminder","DeckTracker","Energized Spire","GungeonMod","Minty Spire (QoL Compilation)","Quick Restart","Red Circlet Mod","StSLib","SuperFastMode","The Blue Laboratory"],"gold_per_floor":[211,211,63,30,48,76,76,101,127,161,161,175,199,219,219,324,324,344,344,344,220,253,253,288,303,303,320,419,10,10,24,24,121,121,137,157,170,170,190,190,217,217,242,261,261,278,295,517,517,517],"floor_reached":51,"language":"KOR","playtime":2316,"items_purged":["Writhe","Shame"],"score":1302,"play_id":"605097aa-cafc-4d2f-8aa1-74fd3ad9ca3a","local_time":"20210208164546","is_ascension_mode":true,"campfire_choices":[{"floor":7.0,"key":"REST"},{"floor":11.0,"key":"REST"},{"floor":15.0,"key":"REST"},{"data":"Tools of the Trade","floor":23.0,"key":"SMITH"},{"data":"Blade Dance","floor":32.0,"key":"SMITH"},{"data":"Storm of Steel","floor":40,"key":"SMITH"},{"data":"Accuracy","floor":42,"key":"SMITH"},{"data":"Dodge and Roll","floor":49,"key":"SMITH"}],"circlet_count":0,"master_deck":["Strike_G","Strike_G","Strike_G","Strike_G","Defend_G","Defend_G","Defend_G","Defend_G","Defend_G","Survivor","Neutralize+1","Escape Plan","Dodge and Roll+1","Corpse Explosion","Flying Knee","Calculated Gamble","Blur","Tools of the Trade+1","Blur","Blade Dance+1","Infinite Blades+1","Backflip","Accuracy+1","Accuracy+1","Acrobatics+1","Storm of Steel+1","Terror+1","Blur"],"relics":["Ring of the Snake","DemoMod:ClearGuonStone","betterThird:SlimedRelic","DemoMod:SuperHotWatch","DemoMod:JetPack","PreservedInsect","Potion Belt","Odd Mushroom","WristBlade","Dream Catcher","Lantern","Red Mask","Nunchaku","White Beast Statue","Toy Ornithopter","DemoMod:MeatBun","DemoMod:GlassGuonStoneRelic","DemoMod:RiddleOfLead","Frozen Egg 2","Happy Flower"],"acts_visited":["Exordium","TheCity","TheBeyond"],"potions_floor_usage":[41,50],"damage_taken":[{"damage":1.0,"enemies":"Small Slimes","floor":1.0,"turns":4.0},{"damage":0.0,"enemies":"Cultist","floor":5.0,"turns":4.0},{"damage":37.0,"enemies":"Gremlin Nob","floor":6.0,"turns":7.0},{"damage":1.0,"enemies":"3 Sentries","floor":8.0,"turns":20.0},{"damage":8.0,"enemies":"Lagavulin","floor":10.0,"turns":17.0},{"damage":0.0,"enemies":"2 Louse","floor":12.0,"turns":4.0},{"damage":0.0,"enemies":"The Mushroom Lair","floor":13.0,"turns":3.0},{"damage":8.0,"enemies":"Large Slime","floor":14.0,"turns":10.0},{"damage":0.0,"enemies":"Hexaghost","floor":16.0,"turns":17.0},{"damage":7.0,"enemies":"2 Thieves","floor":18.0,"turns":5.0},{"damage":11.0,"enemies":"Masked Bandits","floor":22.0,"turns":4.0},{"damage":3.0,"enemies":"Book of Stabbing","floor":24.0,"turns":6.0},{"damage":0.0,"enemies":"Spheric Guardian","floor":25.0,"turns":4.0},{"damage":6.0,"enemies":"Snake Plant","floor":27.0,"turns":6.0},{"damage":0.0,"enemies":"Snecko","floor":31.0,"turns":2.0},{"damage":0.0,"enemies":"Automaton","floor":33.0,"turns":5.0},{"damage":0.0,"enemies":"3 Shapes","floor":35.0,"turns":4.0},{"damage":0.0,"enemies":"3 Darklings","floor":36.0,"turns":3.0},{"damage":0.0,"enemies":"Maw","floor":37.0,"turns":3.0},{"damage":0,"enemies":"Spire Growth","floor":39,"turns":2},{"damage":0,"enemies":"Nemesis","floor":41,"turns":5},{"damage":0,"enemies":"4 Shapes","floor":44,"turns":3},{"damage":0,"enemies":"Transient","floor":46,"turns":5},{"damage":0,"enemies":"Sphere and 2 Shapes","floor":47,"turns":3},{"damage":0,"enemies":"Donu and Deca","floor":50,"turns":4}],"seed_played":"9095987274874832129","potions_obtained":[{"floor":5.0,"key":"blueLaboratory:SuffocatingSmog"},{"floor":12.0,"key":"blueLaboratory:LouseDecoction"},{"floor":13.0,"key":"blueLaboratory:HorrorPotion"},{"floor":22.0,"key":"blueLaboratory:AbyssPotion"},{"floor":24.0,"key":"blueLaboratory:PhilterOfMotion"},{"floor":27.0,"key":"DemoMod:LeadSkinPotion"},{"floor":31.0,"key":"blueLaboratory:RememoryPotion"},{"floor":33.0,"key":"BlessingOfTheForge"},{"floor":35.0,"key":"blueLaboratory:BlinkPotion"},{"floor":36.0,"key":"Poison Potion"},{"floor":37.0,"key":"blueLaboratory:SavagePotion"},{"floor":39,"key":"Dexterity Potion"},{"floor":41,"key":"blueLaboratory:Moonshine"},{"floor":44,"key":"Energy Potion"}],"is_trial":false,"path_per_floor":["M","?","$","?","M","E","R","E","T","E","R","M","?","M","R","B",null,"M","?","?","$","?","R","E","M","T","M","?","$","?","M","R","B",null,"M","M","M","?","M","R","E","R","T","M","?","M","M","?","R","B",null],"character_chosen":"THE_SILENT","items_purchased":["DemoMod:ClearGuonStone","Blade Dance","Toy Ornithopter","DemoMod:MeatBun"],"campfire_rested":3,"item_purchase_floors":[3,21,29,29],"current_hp_per_floor":[62,62,62,51,51,14,35,34,34,26,47,47,47,39,60,60,68,61,61,61,61,50,50,47,47,47,41,41,55,55,55,55,65,80,80,80,80,76,76,76,76,76,76,76,76,76,76,76,76,76],"gold":517,"neow_bonus":"HUNDRED_GOLD","is_daily":false,"chose_seed":false,"campfire_upgraded":5,"win_rate":0.0,"timestamp":1612770346,"path_taken":["M","?","?","?","M","E","R","E","T","E","R","M","?","M","R","BOSS","M","?","?","$","?","R","E","M","T","?","?","?","?","M","R","BOSS","M","M","?","?","M","R","E","R","T","M","?","M","?","?","R","BOSS"],"items_purchased_type":["Relic","Card","Relic","Relic"],"build_version":"2020-12-22","purchased_purges":2,"victory":true,"max_hp_per_floor":[70,70,70,70,70,70,70,70,70,70,70,70,70,70,70,70,70,70,70,70,70,70,70,70,70,70,70,70,70,70,70,70,70,80,80,80,80,76,76,76,76,76,76,76,76,76,76,76,76,76],"card_choices":[{"not_picked":["Dodge and Roll","Caltrops","Predator"],"picked":"SKIP","floor":1.0},{"not_picked":["Skewer","Caltrops","Quick Slash"],"picked":"SKIP","floor":5.0},{"not_picked":["Heel Hook","Dagger Spray"],"picked":"Escape Plan","floor":6.0},{"not_picked":["Underhanded Strike","Deadly Poison"],"picked":"Dodge and Roll","floor":8.0},{"not_picked":["Expertise","Dagger Spray"],"picked":"Corpse Explosion","floor":10.0},{"not_picked":["Quick Slash","Deadly Poison"],"picked":"Flying Knee","floor":12.0},{"not_picked":["Die Die Die","Bane"],"picked":"Calculated Gamble","floor":13.0},{"not_picked":["Blade Dance","Sucker Punch"],"picked":"Blur","floor":14.0},{"not_picked":["Malaise","Grand Finale"],"picked":"Tools of the Trade","floor":16.0},{"not_picked":["Bouncing Flask+1","Concentrate"],"picked":"Blur","floor":18.0},{"not_picked":["Poisoned Stab+1","Backflip"],"picked":"Infinite Blades+1","floor":22.0},{"not_picked":["Catalyst","Reflex"],"picked":"Backflip","floor":24.0},{"not_picked":["Flechettes","Bane+1"],"picked":"Accuracy","floor":25.0},{"not_picked":["Dagger Spray+1","Dodge and Roll"],"picked":"Accuracy+1","floor":27.0},{"not_picked":["Dodge and Roll","All Out Attack+1"],"picked":"Acrobatics","floor":31.0},{"not_picked":["Venomology","Wraith Form v2"],"picked":"Storm of Steel","floor":33.0},{"not_picked":["Underhanded Strike+1","Dagger Spray"],"picked":"Terror+1","floor":35.0},{"not_picked":["PiercingWail","Flying Knee+1","Poisoned Stab"],"picked":"SKIP","floor":36.0},{"not_picked":["PiercingWail+1","Footwork"],"picked":"Blur","floor":37.0},{"not_picked":["Tools of the Trade","Predator+1","Concentrate+1"],"picked":"SKIP","floor":39},{"not_picked":["Slice+1","Catalyst+1","Flying Knee+1"],"picked":"SKIP","floor":41},{"not_picked":["Leg Sweep","Underhanded Strike+1","Catalyst"],"picked":"SKIP","floor":44},{"not_picked":["Slice+1","Predator+1","Poisoned Stab"],"picked":"SKIP","floor":46},{"not_picked":["Acrobatics","Underhanded Strike+1","PiercingWail"],"picked":"SKIP","floor":47}],"player_experience":259541,"relics_obtained":[{"floor":6.0,"key":"DemoMod:SuperHotWatch"},{"floor":8.0,"key":"DemoMod:JetPack"},{"floor":9.0,"key":"PreservedInsect"},{"floor":10.0,"key":"Potion Belt"},{"floor":13.0,"key":"Odd Mushroom"},{"floor":22.0,"key":"Red Mask"},{"floor":24.0,"key":"Nunchaku"},{"floor":26.0,"key":"White Beast Statue"},{"floor":41,"key":"Frozen Egg 2"},{"floor":43,"key":"Happy Flower"}],"event_choices":[{"cards_removed":["Strike_G"],"damage_healed":0.0,"max_hp_gain":0.0,"max_hp_loss":0.0,"gold_gain":0.0,"event_name":"Wheel of Change","player_choice":"Card Removal","floor":2.0,"gold_loss":0.0,"damage_taken":0.0},{"damage_healed":0.0,"max_hp_gain":0.0,"max_hp_loss":0.0,"gold_gain":0.0,"event_name":"betterThird:BetterGoop","player_choice":"Slimed","floor":4.0,"gold_loss":33.0,"damage_taken":11.0},{"damage_healed":0.0,"max_hp_gain":0.0,"max_hp_loss":0.0,"gold_gain":0.0,"event_name":"Mushrooms","player_choice":"Fought Mushrooms","floor":13.0,"gold_loss":0.0,"damage_taken":0.0},{"damage_healed":0.0,"max_hp_gain":0.0,"max_hp_loss":0.0,"gold_gain":0.0,"event_name":"The Mausoleum","player_choice":"Opened","floor":19.0,"gold_loss":0.0,"damage_taken":0.0,"relics_obtained":["Dream Catcher"],"cards_obtained":["Writhe"]},{"damage_healed":0.0,"max_hp_gain":0.0,"max_hp_loss":0.0,"gold_gain":0.0,"event_name":"Addict","player_choice":"Stole Relic","floor":20.0,"gold_loss":0.0,"damage_taken":0.0,"relics_obtained":["Lantern"],"cards_obtained":["Shame"]},{"damage_healed":0.0,"max_hp_gain":0.0,"max_hp_loss":0.0,"gold_gain":0.0,"event_name":"Masked Bandits","player_choice":"Fought Bandits","floor":22.0,"gold_loss":0.0,"damage_taken":0.0},{"damage_healed":0.0,"max_hp_gain":0.0,"max_hp_loss":0.0,"gold_gain":99.0,"event_name":"betterThird:BetterNest","player_choice":"Steal","floor":28.0,"gold_loss":0.0,"damage_taken":0.0},{"damage_healed":0.0,"max_hp_gain":0.0,"max_hp_loss":0.0,"gold_gain":0.0,"event_name":"Upgrade Shrine","player_choice":"Upgraded","floor":30.0,"gold_loss":0.0,"damage_taken":0.0,"cards_upgraded":["Neutralize"]},{"damage_healed":0.0,"max_hp_gain":0.0,"max_hp_loss":4.0,"gold_gain":0.0,"event_name":"Winding Halls","player_choice":"Max HP","floor":38.0,"gold_loss":0.0,"damage_taken":0.0},{"damage_healed":0,"gold_gain":0,"player_choice":"Upgraded","damage_taken":0,"max_hp_gain":0,"max_hp_loss":0,"event_name":"Upgrade Shrine","floor":45,"gold_loss":0,"cards_upgraded":["Acrobatics"]},{"damage_healed":0,"gold_gain":222,"player_choice":"Wore Mask","damage_taken":0,"max_hp_gain":0,"max_hp_loss":0,"event_name":"Tomb of Lord Red Mask","floor":48,"gold_loss":0}],"is_beta":false,"boss_relics":[{"not_picked":["Runic Pyramid","Empty Cage"],"picked":"WristBlade"},{"not_picked":["Cursed Key","energizedSpire:StickyHand"],"picked":"DemoMod:RiddleOfLead"}],"items_purged_floors":[21,29],"is_endless":false,"potions_floor_spawned":[5,12,13,22,24,27,31,33,35,36,37,39,41,44,46,47],"ascension_level":7}}