{"host":"d8cz15m779bv9isj","time":1612812789,"event":{"mods":["Aspiration","BaseMod","Colored Map","Colored Powertips","DeckTracker","Downfall","Hermit","Highlight Path","Hubris","Infinite Spire","Minty Spire (QoL Compilation)","Quick Restart","Random Character Button","Relic Sorter","Replay The Spire","StSLib","SuperFastMode","Synergy Search","The Cursed","The Disciple","The Jungle","The Runesmith"],"gold_per_floor":[109,109,34,34,50,84,104,104,104,123,138,155,210,18,18,18,18],"floor_reached":16,"language":"ENG","playtime":476,"items_purged":["Strike_G"],"score":127,"play_id":"76070c70-e73b-4414-baab-f8de5894dd2b","local_time":"20210208203309","is_ascension_mode":false,"campfire_choices":[{"data":"Prepared","floor":8,"key":"SMITH"},{"data":"Fluid Movement","floor":15,"key":"SMITH"}],"circlet_count":0,"master_deck":["Strike_G","Strike_G","Strike_G","Strike_G","Defend_G","Defend_G","Defend_G","Defend_G","Defend_G","Survivor","Neutralize","Acrobatics","Prepared+1","Underhanded Strike","Outmaneuver","Flying Knee","Burst","Escape Plan","Fluid Movement+1"],"relics":["Replay:M_StaffOfTheSnake","hubris:Reverence","NeowsBlessing","infinitespire:WardingShard","infinitespire:Cubic Diamond","ReplayTheSpireMod:TigerMarble","Pantograph","Tiny Chest"],"acts_visited":["Exordium"],"potions_floor_usage":[],"damage_taken":[{"damage":0,"enemies":"Jaw Worm","floor":1,"turns":1},{"damage":0,"enemies":"2 Louse","floor":5,"turns":1},{"damage":0,"enemies":"Lagavulin","floor":6,"turns":1},{"damage":0,"enemies":"Small Slimes","floor":7,"turns":5},{"damage":0,"enemies":"Blue Slaver","floor":10,"turns":5},{"damage":1,"enemies":"3 Louse","floor":11,"turns":5},{"damage":1,"enemies":"Looter","floor":12,"turns":3},{"damage":49,"enemies":"Hexaghost","floor":16,"turns":16}],"seed_played":"65664403315102798","potions_obtained":[{"floor":1,"key":"Strength Potion"},{"floor":10,"key":"Energy Potion"},{"floor":11,"key":"Strength Potion"},{"floor":13,"key":"Energy Potion"}],"is_trial":false,"path_per_floor":["M","?","$","?","M","E","M","R","T","M","M","M","?","$","R","B"],"character_chosen":"THE_SILENT","items_purchased":["Fluid Movement","Tiny Chest"],"campfire_rested":0,"item_purchase_floors":[14,14],"current_hp_per_floor":[70,63,63,63,63,63,63,63,63,63,62,61,44,44,44,20,20],"gold":18,"neow_bonus":"THREE_ENEMY_KILL","is_daily":false,"chose_seed":false,"campfire_upgraded":2,"win_rate":0.0,"timestamp":1612812789,"path_taken":["M","?","$","?","M","E","M","R","T","M","M","M","?","?","R","BOSS"],"items_purchased_type":["Card","Relic"],"build_version":"2020-12-22","purchased_purges":1,"victory":false,"max_hp_per_floor":[70,70,70,70,70,70,70,70,70,70,70,70,70,70,70,70,70],"card_choices":[{"not_picked":["ReplayTheSpireMod:Tripwire","Choke"],"picked":"Acrobatics","floor":1},{"not_picked":["Flying Knee","Dagger Throw"],"picked":"Prepared","floor":5},{"not_picked":["Terror","Nirvana"],"picked":"Underhanded Strike","floor":6},{"not_picked":["Deadly Poison","hubris:SlightOfHand"],"picked":"Outmaneuver","floor":7},{"not_picked":["ReplayTheSpireMod:The Works","WaveOfTheHand","PiercingWail"],"picked":"SKIP","floor":10},{"not_picked":["Endless Agony","Setup"],"picked":"Flying Knee","floor":11},{"not_picked":["Distraction","Deadly Poison"],"picked":"Burst","floor":12},{"not_picked":["Deflect","Masterful Stab"],"picked":"Escape Plan","floor":13}],"player_experience":232865,"relics_obtained":[{"floor":6,"key":"hubris:Reverence"},{"floor":9,"key":"ReplayTheSpireMod:TigerMarble"},{"floor":13,"key":"Pantograph"}],"event_choices":[{"damage_healed":0,"gold_gain":0,"player_choice":"Success","damage_taken":7,"relics_obtained":["infinitespire:WardingShard"],"max_hp_gain":0,"max_hp_loss":0,"event_name":"Scrap Ooze","floor":2,"gold_loss":0}],"is_beta":false,"boss_relics":[],"items_purged_floors":[3],"is_endless":false,"potions_floor_spawned":[1,10,11],"killed_by":"Hexaghost","ascension_level":0}}