{"host":"0rxdudjy6rylha1k","time":1612825314,"event":{"mods":["Aspiration","BaseMod","Colored Map","Colored Powertips","Downfall","Highlight Path","Hubris","Minty Spire (QoL Compilation)","StSLib"],"gold_per_floor":[99,99,99,99,99,99,99,127,144,161,178,178,78,109,119,219,219,119,132,132,91,91,91,91,91,91,91,222,222,248,348,359,564,564,564,577,577,190,244,244,244,258,1,1,36,36,36,66,86,86],"floor_reached":51,"language":"ENG","playtime":13675,"items_purged":[],"score":958,"play_id":"39865104-4491-4448-b701-21b4a1899e1e","local_time":"20210208160154","is_ascension_mode":true,"campfire_choices":[{"floor":1.0,"key":"RECALL"},{"data":"Guardian:HyperBeam_Guardian","floor":6.0,"key":"SMITH"},{"floor":23.0,"key":"REST"},{"data":"Guardian:CompilePackage","floor":25.0,"key":"SMITH"},{"data":"Guardian:MultiBeam","floor":29.0,"key":"SMITH"},{"data":"Guardian:TimeSifter","floor":35.0,"key":"SMITH"},{"data":"Guardian:StasisStrike","floor":47,"key":"SMITH"}],"circlet_count":0,"master_deck":["Guardian:Strike_Guardian","Guardian:Strike_Guardian","Guardian:Strike_Guardian","Guardian:Strike_Guardian","Guardian:Defend_Guardian","Guardian:Defend_Guardian","Guardian:Defend_Guardian","Guardian:Defend_Guardian","Guardian:CurlUp","Guardian:TwinSlam","Guardian:SentryBeam+1","Guardian:CurlUp","Guardian:HyperBeam_Guardian+1","Guardian:Incinerate","Guardian:CompilePackage+1","Guardian:Preprogram","Guardian:TemporalShield+1","Guardian:DecasProtection+1","Guardian:VentSteam+1","Guardian:PiercingHide+1","Guardian:MultiBeam+1","Guardian:TimeSifter+1","Guardian:SpikerProtocol","Doom and Gloom+1","Guardian:StasisStrike+1","hubris:DuctTapeCard","Biased Cognition"],"relics":["Guardian:ModeShifter","downfall:HeartsMalice","Ice Cream","aspiration:ArtOfWarUpgrade","downfall:HeartBlessingRed","Toxic Egg 2","downfall:HeartBlessingGreen","Blue Candle","aspiration:RitualStick","hexamod:CandleOfCauterizing","hubris:Icosahedron","Guardian:DefensiveModeMoreBlock","WingedGreaves","aspiration:DefectSkillbook","Blood Vial","Guardian:BottledStasis","Bird Faced Urn","Bottled Flame","Pear","hubris:DuctTape","Thread and Needle","StrikeDummy"],"acts_visited":["Exordium","TheCity","TheBeyond"],"potions_floor_usage":[45,50,50],"damage_taken":[{"damage":0.0,"enemies":"Small Slimes","floor":2.0,"turns":1.0},{"damage":0.0,"enemies":"Cultist","floor":4.0,"turns":1.0},{"damage":0.0,"enemies":"downfall:FleeingMerchant","floor":5.0,"turns":1.0},{"damage":3.0,"enemies":"Lagavulin","floor":8.0,"turns":9.0},{"damage":6.0,"enemies":"Jaw Worm","floor":9.0,"turns":3.0},{"damage":0.0,"enemies":"2 Fungi Beasts","floor":10.0,"turns":1.0},{"damage":8.0,"enemies":"3 Louse","floor":11.0,"turns":2.0},{"damage":12.0,"enemies":"Gremlin Nob","floor":14.0,"turns":3.0},{"damage":11.0,"enemies":"Large Slime","floor":15.0,"turns":3.0},{"damage":0.0,"enemies":"SI_SHIV_ARCHETYPE","floor":16.0,"turns":5.0},{"damage":14.0,"enemies":"Shell Parasite","floor":19.0,"turns":7.0},{"damage":0.0,"enemies":"downfall:FleeingMerchant","floor":21.0,"turns":4.0},{"damage":0.0,"enemies":"Chosen","floor":26.0,"turns":1.0},{"damage":2.0,"enemies":"Gremlin Leader","floor":28.0,"turns":5.0},{"damage":12.0,"enemies":"Book of Stabbing","floor":30.0,"turns":4.0},{"damage":0.0,"enemies":"Snecko","floor":32.0,"turns":4.0},{"damage":48.0,"enemies":"DF_ARCHETYPE_CLAW","floor":33.0,"turns":6.0},{"damage":0.0,"enemies":"3 Darklings","floor":36.0,"turns":4.0},{"damage":0.0,"enemies":"downfall:FleeingMerchant","floor":38.0,"turns":4.0},{"damage":0.0,"enemies":"2 Orb Walkers","floor":39.0,"turns":4.0},{"damage":15.0,"enemies":"Orb Walker","floor":42.0,"turns":3.0},{"damage":3.0,"enemies":"downfall:FleeingMerchant","floor":43.0,"turns":4.0},{"damage":0,"enemies":"Nemesis","floor":45,"turns":5},{"damage":7,"enemies":"Giant Head","floor":48,"turns":6},{"damage":0,"enemies":"Maw","floor":49,"turns":5},{"damage":95,"enemies":"WA_ARCHETYPE_DIVINITY","floor":50,"turns":7}],"seed_played":"-5259504221163719827","potions_obtained":[{"floor":9.0,"key":"ColorlessPotion"},{"floor":11.0,"key":"PowerPotion"},{"floor":14.0,"key":"Fruit Juice"},{"floor":15.0,"key":"PowerPotion"},{"floor":19.0,"key":"DuplicationPotion"},{"floor":28.0,"key":"Slimebound:ThreeZeroPotion"},{"floor":30.0,"key":"SteroidPotion"},{"floor":33.0,"key":"FearPotion"},{"floor":39.0,"key":"Explosive Potion"},{"floor":45,"key":"GamblersBrew"}],"is_trial":false,"path_per_floor":["R","M","?","M","$","R","T","E","M","M","M","?","R","E","M","B",null,"R","M","?","$","?","R","T","R","M","?","E","R","E","?","M","B",null,"R","M","?","$","?","?","T","M","$","T","E","R","R","E","M","B",null],"character_chosen":"GUARDIAN","items_purchased":["Guardian:VentSteam+1","Blood Vial","Guardian:BottledStasis","Guardian:SpikerProtocol","Redo+1","Pear"],"campfire_rested":1,"item_purchase_floors":[21,38,38,38,38,43],"current_hp_per_floor":[80,80,80,80,80,80,80,77,71,71,63,63,63,51,45,45,85,85,71,66,66,49,74,74,74,74,74,72,72,60,60,85,37,85,85,85,85,85,85,85,85,70,83,83,91,91,91,88,95,7],"gold":86,"neow_bonus":"THREE_ENEMY_KILL","is_daily":false,"chose_seed":false,"campfire_upgraded":5,"win_rate":0.0,"timestamp":1612825314,"path_taken":["R","M","?","M","$","R","T","E","M","M","?","?","R","E","M","BOSS","R","M","?","$","?","R","T","R","M","?","E","R","E","?","M","BOSS","R","M","?","$","?","?","T","M","?","?","E","R","R","E","M","BOSS"],"items_purchased_type":["Card","Relic","Relic","Card","Card","Relic"],"build_version":"2020-12-22","purchased_purges":0,"victory":true,"max_hp_per_floor":[80,80,80,80,80,80,80,80,80,80,80,80,80,80,85,85,85,85,85,85,85,85,85,85,85,85,85,85,85,85,85,85,85,85,85,85,85,85,85,85,85,85,95,95,95,95,95,95,95,95],"card_choices":[{"not_picked":["Guardian:ChargeCore","Guardian:ChargeUp"],"picked":"Guardian:SentryBeam","floor":2.0},{"not_picked":["Guardian:ChargeCore","Guardian:Gem_Green","Guardian:Suspension"],"picked":"SKIP","floor":4.0},{"not_picked":["Guardian:Incinerate","Guardian:SentryBeam"],"picked":"Guardian:HyperBeam_Guardian","floor":5.0},{"not_picked":["Guardian:TemporalStrike","Guardian:Recover"],"picked":"Guardian:Incinerate","floor":8.0},{"not_picked":["Guardian:VentSteam","Guardian:Incinerate"],"picked":"Guardian:CompilePackage","floor":9.0},{"not_picked":["Guardian:TemporalShield","Guardian:Preprogram"],"picked":"Guardian:Gem_Fragmented","floor":10.0},{"not_picked":["Guardian:BodySlam","Guardian:Recover"],"picked":"Guardian:Preprogram","floor":11.0},{"not_picked":["Guardian:PrismaticBarrier+1","Guardian:Gem_Lightblue"],"picked":"Guardian:TemporalShield+1","floor":14.0},{"not_picked":["Guardian:PrismaticBarrier+1","Guardian:RollAttack"],"picked":"Guardian:DecasProtection+1","floor":15.0},{"not_picked":["Guardian:StasisStrike","Guardian:CompilePackage+1"],"picked":"Guardian:Gem_Synthetic","floor":16.0},{"not_picked":["Guardian:RollAttack","Guardian:ChargeCore"],"picked":"Guardian:Suspension+1","floor":19.0},{"not_picked":["Guardian:TemporalShield+1","Guardian:Suspension+1"],"picked":"Guardian:Gem_Crimson","floor":21.0},{"not_picked":["Guardian:Incinerate","Guardian:Gem_Red"],"picked":"Guardian:PiercingHide+1","floor":26.0},{"not_picked":["Guardian:DecasProtection+1","Guardian:Reroute+1"],"picked":"Guardian:MultiBeam","floor":28.0},{"not_picked":["Guardian:Gem_Lightblue","Guardian:PrimingBeam"],"picked":"Guardian:Gem_White","floor":30.0},{"not_picked":["Guardian:SentryBeam","Guardian:PrimingBeam","Guardian:PolyBeam"],"picked":"SKIP","floor":32.0},{"not_picked":["Guardian:SphericShield+1","Guardian:ExploitGems+1"],"picked":"Guardian:TimeSifter","floor":33.0},{"not_picked":["Guardian:DonusPower+1","Guardian:Gem_Green","Guardian:PrimingBeam","Tempest+1"],"picked":"SKIP","floor":36.0},{"not_picked":["Guardian:ChargeCore+1","Guardian:ShieldCharger+1","Recycle+1"],"picked":"Guardian:Gem_Fragmented","floor":38.0},{"not_picked":["Guardian:Recover+1","Guardian:Gem_White","Guardian:Gem_Cyan"],"picked":"Doom and Gloom+1","floor":39.0},{"not_picked":["Steam+1","Guardian:Gem_Cyan","Compile Driver+1"],"picked":"Guardian:StasisStrike","floor":42.0},{"not_picked":["Guardian:ChargeCore+1","Reinforced Body+1","Undo+1","Guardian:ShieldSpikes+1"],"picked":"SKIP","floor":43.0},{"not_picked":["Redo+1","Guardian:TemporalStrike","Guardian:WalkerClaw","Guardian:Incinerate"],"picked":"SKIP","floor":45},{"not_picked":["Capacitor+1","Reprogram+1","Guardian:ShieldCharger+1"],"picked":"Biased Cognition","floor":48},{"not_picked":["Guardian:TemporalStrike","Guardian:Gem_Lightblue","Chaos+1","Sweeping Beam+1"],"picked":"SKIP","floor":49}],"player_experience":2841198,"relics_obtained":[{"floor":7.0,"key":"Ice Cream"},{"floor":8.0,"key":"Art of War"},{"floor":14.0,"key":"Toxic Egg 2"},{"floor":24.0,"key":"hexamod:CandleOfCauterizing"},{"floor":28.0,"key":"Guardian:DefensiveModeMoreBlock"},{"floor":30.0,"key":"WingedGreaves"},{"floor":39.0,"key":"Bird Faced Urn"},{"floor":40.0,"key":"Bottled Flame"},{"floor":44.0,"key":"hubris:DuctTape"},{"floor":45,"key":"Thread and Needle"},{"floor":48,"key":"StrikeDummy"}],"event_choices":[{"damage_healed":0.0,"max_hp_gain":0.0,"max_hp_loss":0.0,"gold_gain":0.0,"event_name":"Mysterious Sphere","player_choice":"Fight","floor":39.0,"gold_loss":0.0,"damage_taken":0.0}],"is_beta":false,"boss_relics":[{"not_picked":["Guardian:StasisSlotReductionRelic","Runic Dome","hubris:RunicObelisk"]},{"not_picked":["Cursed Key","SlaversCollar"],"picked":"aspiration:DefectSkillbook"}],"items_purged_floors":[],"is_endless":false,"potions_floor_spawned":[9,11,14,15,19,28,30,33,39,42,45,49],"ascension_level":1}}