{"host":"mg3e76uznu9x14du","time":1612759826,"event":{"mods":["BaseMod","Colored Map","Downfall","Minty Spire (QoL Compilation)","Permanent Neow","Relic Stats","Spire Arcade","StSLib","Waifu the Spire","everything is the same but u backflip on backflip"],"gold_per_floor":[99,109,127,141,157,168,247,275,275,285,315,215,5,15,28,129,129,29,41,51,151,169,169,169,169,169,169,169],"floor_reached":26,"language":"ENG","playtime":1543,"items_purged":["champ:Strike"],"score":296,"play_id":"bf47df4d-47ef-4197-adef-e8d0d254c956","local_time":"20210207235026","is_ascension_mode":true,"campfire_choices":[{"floor":1,"key":"RECALL"},{"data":"champ:FanOfKnives","floor":12,"key":"SMITH"},{"data":"champ:EnchantSword","floor":18,"key":"SMITH"}],"circlet_count":0,"master_deck":["champ:Strike","champ:Strike","champ:Defend","champ:Defend","champ:Defend","champ:Execute","champ:Taunt+1","champ:FaceSlap","champ:ShieldSigil","champ:FanOfKnives+1","champ:Lariat","champ:AdrenalArmor","champ:Haymaker","champ:FaceSlap","champ:EnragedBash","champ:HeartStrike","champ:BerserkersShout","champ:ShieldWall","champ:EnchantSword+1","CurseOfTheBell","champ:CrownThrow","champ:FanOfKnives","J.A.X.","champ:EndlessRage","champ:EnchantShield","champ:SwordThrow","champ:SwordThrow"],"relics":["champ:ChampionCrown","Mango","Centennial Puzzle","downfall:HeartBlessingRed","Calling Bell","Pen Nib","Question Card","StoneCalendar","downfall:HeartBlessingGreen","MutagenicStrength"],"acts_visited":["Exordium","TheCity"],"potions_floor_usage":[8,10,11,11,16,16,21],"damage_taken":[{"damage":22,"enemies":"Cultist","floor":2,"turns":4},{"damage":12,"enemies":"Jaw Worm","floor":3,"turns":4},{"damage":7,"enemies":"Small Slimes","floor":4,"turns":3},{"damage":15,"enemies":"2 Fungi Beasts","floor":5,"turns":3},{"damage":45,"enemies":"Lots of Slimes","floor":6,"turns":3},{"damage":56,"enemies":"Gremlin Nob","floor":8,"turns":5},{"damage":25,"enemies":"Gremlin Gang","floor":10,"turns":4},{"damage":55,"enemies":"3 Sentries","floor":11,"turns":8},{"damage":40,"enemies":"downfall:FleeingMerchant","floor":13,"turns":4},{"damage":0,"enemies":"3 Louse","floor":14,"turns":2},{"damage":15,"enemies":"Red Slaver","floor":15,"turns":3},{"damage":56,"enemies":"SI_SHIV_ARCHETYPE","floor":16,"turns":5},{"damage":40,"enemies":"Chosen","floor":19,"turns":4},{"damage":73,"enemies":"Centurion and Healer","floor":20,"turns":6},{"damage":52,"enemies":"downfall:Augmenter","floor":21,"turns":5},{"damage":72,"enemies":"Cultist and Chosen","floor":22,"turns":5},{"damage":34,"enemies":"Snake Plant","floor":26,"turns":2}],"seed_played":"-8803660001144342314","potions_obtained":[{"floor":4,"key":"Dexterity Potion"},{"floor":5,"key":"Energy Potion"},{"floor":8,"key":"Fire Potion"},{"floor":10,"key":"Energy Potion"},{"floor":15,"key":"Regen Potion"},{"floor":20,"key":"Weak Potion"},{"floor":21,"key":"champ:CounterPotion"},{"floor":23,"key":"CultistPotion"}],"is_trial":false,"path_per_floor":["R","M","M","M","M","M","T","E","?","M","E","R","$","M","M","B",null,"R","M","M","?","M","?","T","?","M"],"character_chosen":"THE_CHAMP","items_purchased":["champ:HeartStrike","ColorlessPotion"],"campfire_rested":0,"item_purchase_floors":[13,13],"current_hp_per_floor":[90,88,86,79,79,64,64,57,57,57,37,37,32,32,32,30,104,104,104,81,59,22,22,22,22,0,0,0],"gold":169,"neow_bonus":"UPGRADE_CARD","is_daily":false,"chose_seed":false,"campfire_upgraded":2,"win_rate":0.0,"timestamp":1612759826,"path_taken":["R","M","M","M","M","?","T","E","?","M","E","R","$","M","M","BOSS","R","M","M","?","M","?","T","?","?"],"items_purchased_type":["Card","Potion"],"build_version":"2020-12-22","purchased_purges":1,"victory":false,"max_hp_per_floor":[90,90,90,90,90,90,90,104,104,104,104,104,104,104,104,104,104,104,104,104,104,104,104,104,104,104,104,104],"relic_stats":{"Centennial Puzzle":[24],"counters":[17,70],"StoneCalendar":[0],"Pen Nib":[3],"Question Card":7,"obtain_stats":[{"Calling Bell":17,"Centennial Puzzle":11,"Gremlin Horn":7,"downfall:HeartBlessingRed":12,"MutagenicStrength":21,"champ:ChampionCrown":0,"Mango":8,"StoneCalendar":17,"downfall:HeartBlessingGreen":18,"Pen Nib":17,"Question Card":17},{"Calling Bell":12,"Centennial Puzzle":8,"Gremlin Horn":5,"downfall:HeartBlessingRed":8,"MutagenicStrength":15,"champ:ChampionCrown":0,"Mango":6,"StoneCalendar":12,"downfall:HeartBlessingGreen":12,"Pen Nib":12,"Question Card":12},{"Calling Bell":48,"Centennial Puzzle":34,"Gremlin Horn":17,"downfall:HeartBlessingRed":34,"MutagenicStrength":63,"champ:ChampionCrown":0,"Mango":22,"StoneCalendar":48,"downfall:HeartBlessingGreen":48,"Pen Nib":48,"Question Card":48}]},"card_choices":[{"not_picked":["champ:Circumvent","champ:StanceDance"],"picked":"champ:FaceSlap","floor":2},{"not_picked":["champ:FlashCut","champ:GladiatorStyle"],"picked":"champ:ShieldSigil","floor":3},{"not_picked":["champ:Circumvent","champ:SetATrap"],"picked":"champ:FanOfKnives","floor":4},{"not_picked":["champ:PerfectedStrike","champ:StrikeOfGenius"],"picked":"champ:Lariat","floor":5},{"not_picked":["champ:PreciseThrust","champ:CrownThrow"],"picked":"champ:AdrenalArmor","floor":6},{"not_picked":["champ:PreciseThrust","champ:ViciousMockery","champ:FaceSlap"],"picked":"SKIP","floor":8},{"not_picked":["champ:FaceSlap","champ:TornadoPunch"],"picked":"champ:Haymaker","floor":10},{"not_picked":["champ:SetATrap","champ:PreciseThrust"],"picked":"champ:FaceSlap","floor":11},{"not_picked":["champ:AdrenalArmor","champ:CrownThrow"],"picked":"champ:EnragedBash","floor":13},{"not_picked":["champ:IronFortress","champ:Haymaker"],"picked":"champ:BerserkersShout","floor":14},{"not_picked":["champ:PerfectedStrike","champ:FlashCut"],"picked":"champ:ShieldWall","floor":15},{"not_picked":["champ:ShieldThrow","champ:UltimateStance"],"picked":"champ:EnchantSword","floor":16},{"not_picked":["champ:FlashCut","champ:BladeFlurry","champ:Parry","champ:GutPunch+1"],"picked":"SKIP","floor":19},{"not_picked":["champ:FlashCut","champ:Haymaker+1","champ:SkillfulDodge"],"picked":"champ:CrownThrow","floor":20},{"not_picked":["champ:TornadoPunch","champ:FlashCut","champ:Shatter+1"],"picked":"champ:FanOfKnives","floor":21},{"not_picked":[],"picked":"J.A.X.","floor":21},{"not_picked":["champ:DeathBlow","champ:FocusedBerserking+1","champ:StanceDance"],"picked":"champ:SwordThrow","floor":22}],"player_experience":517870,"relics_obtained":[{"floor":7,"key":"Gremlin Horn"},{"floor":8,"key":"Mango"},{"floor":11,"key":"Centennial Puzzle"},{"floor":17,"key":"Pen Nib"},{"floor":17,"key":"Question Card"},{"floor":17,"key":"StoneCalendar"},{"floor":21,"key":"MutagenicStrength"}],"event_choices":[],"is_beta":false,"boss_relics":[{"not_picked":["Busted Crown","champ:PowerArmor"],"picked":"Calling Bell"}],"items_purged_floors":[13],"is_endless":false,"potions_floor_spawned":[4,5,8,10,15,20,21],"killed_by":"Snake Plant","ascension_level":4}}