{"host":"i70yit5z0kpl303k","time":1612750769,"event":{"mods":["2.2 Compatiblity","Act Like it!","BaseMod","BetterRewards","Evolution","Infinite Spire","Ironclad Rager","Koishi","Marked Mod","Minty Spire (QoL Compilation)","Relic Stats","Reliquary","Replay The Spire","StSLib","The Blue Laboratory","The Marked"],"gold_per_floor":[14,89,107,107,33,66,66,78,78,98,98,98,98,58,58,157,157,172,132,50,66,66,92,108,108,133,144,161,161,175,275,275,379,379,399,268,281,301,315,315,315,315],"floor_reached":41,"language":"ENG","playtime":1129,"items_purged":[],"score":463,"play_id":"dc76f96d-255b-4a7a-8a2c-cfd442fa23a4","local_time":"20210207181929","is_ascension_mode":false,"campfire_choices":[{"floor":7,"key":"REST"},{"data":"Consume","floor":11,"key":"SMITH"},{"floor":13,"key":"REST"},{"data":"Capacitor","floor":15,"key":"SMITH"},{"floor":25,"key":"REST"},{"floor":29,"key":"REST"},{"floor":32,"key":"REST"},{"floor":40,"key":"REST"}],"circlet_count":0,"master_deck":["Barrage","Barrage","Barrage","Barrage","Zap","Dualcast","Leap","Leap","Leap","Leap","Cold Snap","Barrage","Capacitor+1","Cold Snap+1","Consume+1","Electrodynamics+1","Gash","Gash","ReplayRNGCard","ICR:FrostFall+1","FIFO Queue","Rip and Tear+1","Cold Snap+1","Beam Cell+1","Cold Snap+1","Rip and Tear","Leap","Echo Form","Loop","Darkness+1","FIFO Queue","Lockon+1","Stack+1","Stack"],"relics":["Cracked Core","EVO:Axolotl","reliquary:RoseTintedGlasses","Mango","Replay:Bottled Steam","Philosopher\u0027s Stone","reliquary:SilkGlove","reliquary:ExpiredCoupon","Nuclear Battery"],"acts_visited":["Exordium","TheCity","TheBeyond"],"potions_floor_usage":[6,21,24],"damage_taken":[{"damage":0,"enemies":"Small Slimes","floor":1,"turns":2},{"damage":0,"enemies":"Jaw Worm","floor":3,"turns":4},{"damage":15,"enemies":"Gremlin Nob","floor":6,"turns":5},{"damage":4,"enemies":"Cultist","floor":8,"turns":3},{"damage":0,"enemies":"Looter","floor":10,"turns":3},{"damage":12,"enemies":"Hexaghost","floor":16,"turns":9},{"damage":0,"enemies":"3 Byrds","floor":18,"turns":4},{"damage":26,"enemies":"Shell Parasite","floor":21,"turns":5},{"damage":27,"enemies":"Gremlin Leader","floor":23,"turns":7},{"damage":16,"enemies":"Snake Plant","floor":24,"turns":5},{"damage":12,"enemies":"Chosen and Byrds","floor":27,"turns":3},{"damage":8,"enemies":"Sentry and Sphere","floor":28,"turns":5},{"damage":24,"enemies":"Centurion and Healer","floor":30,"turns":4},{"damage":17,"enemies":"Champ","floor":33,"turns":8},{"damage":0,"enemies":"3 Shapes","floor":35,"turns":2},{"damage":16,"enemies":"Orb Walker","floor":37,"turns":4},{"damage":27,"enemies":"Writhing Mass","floor":38,"turns":5},{"damage":30,"enemies":"Spire Growth","floor":39,"turns":4},{"damage":40,"enemies":"Nightmare","floor":41,"turns":6}],"seed_played":"4440744388168826631","potions_obtained":[{"floor":1,"key":"Weak Potion"},{"floor":10,"key":"blueLaboratory:RelayPotion"},{"floor":16,"key":"blueLaboratory:Moonshine"},{"floor":18,"key":"blueLaboratory:NullPotion"},{"floor":23,"key":"Languid Potion"},{"floor":24,"key":"DuplicationPotion"}],"is_trial":false,"path_per_floor":["M","?","M","?","$","E","R","M","T","M","R","?","R","$","R","B",null,"M","?","$","M","?","E","M","R","T","M","M","R","M","?","R","B",null,"M","$","M","M","M","R","NM"],"character_chosen":"DEFECT","items_purchased":["Capacitor","Gash","FIFO Queue","Darkness+1","FIFO Queue"],"campfire_rested":6,"item_purchase_floors":[5,14,20,36,36],"current_hp_per_floor":[50,39,39,39,39,24,44,40,54,54,54,29,53,53,53,41,82,82,82,82,56,56,29,13,37,37,25,17,41,17,17,41,24,82,82,82,66,39,9,33,0,0],"gold":315,"neow_bonus":"DEFECT_STORMLORD","is_daily":false,"chose_seed":false,"campfire_upgraded":2,"win_rate":0.0,"timestamp":1612750769,"path_taken":["M","?","M","?","?","E","R","M","T","?","R","?","R","$","R","BOSS","M","?","?","M","?","E","M","R","T","?","M","R","?","?","R","BOSS","M","$","M","M","M","R","NM"],"items_purchased_type":["Card","Card","Card","Card","Card"],"build_version":"2020-12-22","purchased_purges":0,"victory":false,"max_hp_per_floor":[68,68,68,68,68,68,68,68,82,82,82,82,82,82,82,82,82,82,82,82,82,82,82,82,82,82,82,82,82,82,82,82,82,82,82,82,82,82,82,82,82,82],"relic_stats":{"counters":[19,86],"obtain_stats":[{"reliquary:ExpiredCoupon":26,"reliquary:SilkGlove":23,"Mango":9,"Philosopher\u0027s Stone":17,"reliquary:RoseTintedGlasses":6,"EVO:Axolotl":0,"Cracked Core":0,"Replay:Bottled Steam":12,"Nuclear Battery":34},{"reliquary:ExpiredCoupon":10,"reliquary:SilkGlove":9,"Mango":4,"Philosopher\u0027s Stone":6,"reliquary:RoseTintedGlasses":3,"EVO:Axolotl":0,"Cracked Core":0,"Replay:Bottled Steam":5,"Nuclear Battery":14},{"reliquary:ExpiredCoupon":45,"reliquary:SilkGlove":40,"Mango":14,"Philosopher\u0027s Stone":26,"reliquary:RoseTintedGlasses":11,"EVO:Axolotl":0,"Cracked Core":0,"Replay:Bottled Steam":17,"Nuclear Battery":65}]},"card_choices":[{"not_picked":["Coolheaded","FTL"],"picked":"Cold Snap","floor":1},{"not_picked":["Go for the Eyes","Melter"],"picked":"Barrage","floor":3},{"not_picked":["Compile Driver","Rebound"],"picked":"Cold Snap","floor":6},{"not_picked":["Undo","Fusion"],"picked":"Consume","floor":8},{"not_picked":["Sweeping Beam","Chaos"],"picked":"Electrodynamics","floor":10},{"not_picked":["Machine Learning","ReplayTheSpireMod:Omega Cannon"],"picked":"ReplayRNGCard","floor":16},{"not_picked":["Glacier","ICR:ChainLightning"],"picked":"ICR:FrostFall","floor":18},{"not_picked":["Coolheaded","Heatsinks"],"picked":"Rip and Tear+1","floor":21},{"not_picked":["Hello World","Redo"],"picked":"Cold Snap+1","floor":23},{"not_picked":["Streamline","BasicCrystalCard"],"picked":"Beam Cell+1","floor":24},{"not_picked":["Meteor Strike","Ball Lightning"],"picked":"Cold Snap+1","floor":27},{"not_picked":["Coolheaded","Streamline"],"picked":"Rip and Tear","floor":28},{"not_picked":["Streamline+1","Reprogram"],"picked":"Leap","floor":30},{"not_picked":["Mirror Shield","Electrodynamics"],"picked":"Echo Form","floor":33},{"not_picked":["ReplayGash+1","Doom and Gloom"],"picked":"Loop","floor":35},{"not_picked":["Undo+1","Compile Driver+1"],"picked":"Lockon+1","floor":37},{"not_picked":["Hologram","Steam"],"picked":"Stack+1","floor":38},{"not_picked":["ReplayTheSpireMod:Repulse","BasicCrystalCard"],"picked":"Stack","floor":39}],"player_experience":264282,"relics_obtained":[{"floor":6,"key":"reliquary:RoseTintedGlasses"},{"floor":9,"key":"Mango"},{"floor":23,"key":"reliquary:SilkGlove"},{"floor":26,"key":"reliquary:ExpiredCoupon"}],"event_choices":[{"damage_healed":0,"gold_gain":75,"player_choice":"Gather Gold","damage_taken":11,"max_hp_gain":0,"max_hp_loss":0,"event_name":"World of Goop","floor":2,"gold_loss":0},{"damage_healed":0,"gold_gain":0,"player_choice":"Success","damage_taken":25,"relics_obtained":["Replay:Bottled Steam"],"max_hp_gain":0,"max_hp_loss":0,"event_name":"Scrap Ooze","floor":12,"gold_loss":0},{"damage_healed":0,"gold_gain":0,"player_choice":"Upgraded Two","damage_taken":0,"max_hp_gain":0,"max_hp_loss":0,"event_name":"Designer","floor":19,"gold_loss":40,"cards_upgraded":["Electrodynamics","Cold Snap"]},{"damage_healed":0,"gold_gain":0,"player_choice":"Forge","damage_taken":0,"max_hp_gain":0,"max_hp_loss":0,"event_name":"Accursed Blacksmith","floor":22,"gold_loss":0,"cards_upgraded":["ICR:FrostFall"]},{"damage_healed":0,"gold_gain":100,"player_choice":"Pray","damage_taken":0,"max_hp_gain":0,"max_hp_loss":0,"event_name":"Golden Shrine","floor":31,"gold_loss":0}],"is_beta":false,"boss_relics":[{"not_picked":["reliquary:RedPaperclip","Astrolabe"],"picked":"Philosopher\u0027s Stone"},{"not_picked":["SacredBark","Abe\u0027s Treasure"],"picked":"Nuclear Battery"}],"items_purged_floors":[],"is_endless":false,"potions_floor_spawned":[1,10,16,18,23,24,33],"killed_by":"Nightmare","ascension_level":0}}