{"host":"w8xisjf5mgmfjvmt","time":1612754509,"event":{"mods":["BaseMod","BetterRewards","Challenge The Spire","Conspire","Energized Spire","Filter the Spire","Minty Spire (QoL Compilation)","Quarter Circle Forward PUNCH!","Quick Restart","Relic Filter Mod","Relic Stats","Reliquary","Replay The Spire","Shop Mod","Spicy Shops","StSLib","Thieving Mod","¡¾ÒÅÎï¿¨ÅÆ¡¿REMEMod","óô»ðÖ¸ÄÏ"],"gold_per_floor":[111,20,30,42,61,89,89,123,178,207,226,258,287,320,320,394,394,409,18,18,37,48,48,82,82,82,82,110,110,130,143,143,222,172,187,187,37,49,0,32,32,66,66,98,122,145,167,189,201,213,225,225],"floor_reached":51,"language":"ZHS","playtime":2383,"items_purged":["Spreading Infection","Strike_G","Strike_G","Strike_G"],"score":2105,"play_id":"24b67816-c06f-44f6-91b5-9c9e5da322f0","local_time":"20210208112149","is_ascension_mode":true,"campfire_choices":[{"data":"Sadistic Nature","floor":7.0,"key":"SMITH"},{"data":"Adrenaline","floor":23.0,"key":"SMITH"},{"data":"Draining Mist","floor":29.0,"key":"SMITH"},{"data":"Malaise","floor":32.0,"key":"SMITH"},{"floor":41,"key":"REST"},{"floor":49,"key":"RECALL"}],"circlet_count":0,"master_deck":["AscendersBane","Defend_G","Defend_G","Defend_G","Defend_G","Defend_G","Survivor","Neutralize","Poison Darts+1","Sadistic Nature+1","ReplayTheSpireMod:Tripwire","Crippling Poison","Tactician","Adrenaline+1","Draining Mist+1","Noxious Fumes","Malaise+1","Wraith Form v2+1","Predator+1","Tools of the Trade+1","Deflect+1","Ghostly","Ghostly","Ghostly","Calculated Gamble","Acrobatics","After Image+1","ReplayTheSpireMod:The Works","Acrobatics+1","PiercingWail+1"],"relics":["Ring of the Snake","REME_ComplimentaryCards","ReplayTheSpireMod:CursedCoin","Bag of Preparation","Blue Doll","Replay:Bottled Flurry","Tiny Chest","reliquary:SilkGlove","Sundial","qcfpunch:Combat_Fatigues","reliquary:WeakTea","Astrolabe","conspire:TreasureMap","qcfpunch:Army_Boots","Snack Pack","Gremlin Food","energizedSpire:HugeHouse","Red Mask","Boot","The Courier","Garlic","conspire:GlowingRock","MawBank"],"acts_visited":["Exordium","TheCity","TheBeyond"],"potions_floor_usage":[],"damage_taken":[{"damage":0.0,"enemies":"Small Slimes","floor":1.0,"turns":2.0},{"damage":0.0,"enemies":"2 Louse","floor":3.0,"turns":3.0},{"damage":0.0,"enemies":"Jaw Worm","floor":4.0,"turns":3.0},{"damage":0.0,"enemies":"Looter","floor":5.0,"turns":2.0},{"damage":8.0,"enemies":"Gremlin Nob","floor":6.0,"turns":3.0},{"damage":10.0,"enemies":"Lagavulin","floor":8.0,"turns":7.0},{"damage":7.0,"enemies":"3 Sentries","floor":10.0,"turns":5.0},{"damage":5.0,"enemies":"Exordium Wildlife","floor":11.0,"turns":3.0},{"damage":12.0,"enemies":"Gremlin Nob","floor":12.0,"turns":3.0},{"damage":9.0,"enemies":"conspire:MimicChest","floor":13.0,"turns":6.0},{"damage":0.0,"enemies":"Replay:BlueRogue","floor":14.0,"turns":4.0},{"damage":4.0,"enemies":"Hexaghost","floor":16.0,"turns":7.0},{"damage":0.0,"enemies":"conspire:FuzzyDice","floor":18.0,"turns":3.0},{"damage":0.0,"enemies":"Chosen","floor":21.0,"turns":3.0},{"damage":0.0,"enemies":"conspire:HollyBat","floor":22.0,"turns":6.0},{"damage":7.0,"enemies":"Book of Stabbing","floor":24.0,"turns":4.0},{"damage":4.0,"enemies":"Slavers","floor":28.0,"turns":5.0},{"damage":1.0,"enemies":"Shelled Parasite and Fungi","floor":30.0,"turns":4.0},{"damage":0.0,"enemies":"Centurion and Healer","floor":31.0,"turns":4.0},{"damage":15.0,"enemies":"Pondfish","floor":33.0,"turns":9.0},{"damage":8.0,"enemies":"3 Shapes","floor":35.0,"turns":3.0},{"damage":0,"enemies":"Orb Walker","floor":38,"turns":2},{"damage":0,"enemies":"R_Hoarder","floor":40,"turns":7},{"damage":0,"enemies":"Nemesis","floor":42,"turns":7},{"damage":13,"enemies":"Giant Head","floor":44,"turns":9},{"damage":0,"enemies":"Jaw Worm Horde","floor":46,"turns":3},{"damage":0,"enemies":"Sphere and 2 Shapes","floor":47,"turns":3},{"damage":0,"enemies":"Transient","floor":48,"turns":6},{"damage":2,"enemies":"Donu and Deca","floor":50,"turns":10},{"damage":9,"enemies":"conspire:OrnateMirror","floor":51,"turns":3}],"seed_played":"-1758255948949902941","potions_obtained":[{"floor":1.0,"key":"Fire Potion"},{"floor":4.0,"key":"CunningPotion"},{"floor":6.0,"key":"LiquidMemories"},{"floor":10.0,"key":"BlessingOfTheForge"},{"floor":12.0,"key":"FearPotion"},{"floor":16.0,"key":"Energy Potion"},{"floor":24.0,"key":"Strength Potion"},{"floor":42,"key":"LiquidBronze"},{"floor":44,"key":"ColorlessPotion"},{"floor":47,"key":"Weak Potion"}],"is_trial":false,"path_per_floor":["M","$","M","M","M","E","R","E","T","E","M","E","?","E","R","B",null,"M","$","?","M","M","R","E","?","T","T","E","R","M","M","R","B",null,"M","?","$","M","?","E","R","E","T","E","T","M","M","M","R","B","B"],"character_chosen":"THE_SILENT","items_purchased":["ReplayTheSpireMod:CursedCoin","Bag of Preparation","conspire:TreasureMap"],"campfire_rested":1,"item_purchase_floors":[2,2,19],"current_hp_per_floor":[59,59,59,59,59,51,51,41,41,34,29,17,8,8,26,22,51,51,51,35,35,35,35,28,28,28,28,24,24,23,23,23,8,22,14,14,14,14,14,16,24,24,24,11,11,11,11,11,11,9,0,0],"gold":225,"neow_bonus":"THREE_RARE_CARDS","is_daily":false,"chose_seed":false,"campfire_upgraded":4,"win_rate":0.0,"timestamp":1612754509,"path_taken":["M","$","M","M","M","E","R","E","T","E","M","E","?","E","R","BOSS","M","$","?","M","M","R","E","?","T","?","E","R","?","M","R","BOSS","M","?","$","M","?","E","R","E","T","E","?","M","M","M","R","BOSS","BOSS"],"items_purchased_type":["Relic","Relic","Relic"],"build_version":"2020-12-22","purchased_purges":4,"victory":false,"max_hp_per_floor":[60,60,60,60,60,60,60,60,60,60,60,60,60,60,60,60,60,60,60,65,65,65,65,65,32,32,32,32,32,32,32,32,32,27,27,27,27,27,27,27,27,27,27,27,27,27,27,27,27,27,27,27],"relic_stats":{"counters":[30,139],"Sundial":[24],"Astrolabe":["Wraith Form v2","Predator","Tools of the Trade"],"Tiny Chest":2,"Bag of Preparation":[58],"Boot":[16],"MawBank":72,"obtain_stats":[{"Gremlin Food":28,"qcfpunch:Army_Boots":24,"conspire:TreasureMap":19,"reliquary:SilkGlove":10,"ReplayTheSpireMod:CursedCoin":2,"Astrolabe":17,"Blue Doll":6,"The Courier":42,"Bag of Preparation":2,"reliquary:WeakTea":14,"Boot":40,"MawBank":45,"qcfpunch:Combat_Fatigues":13,"conspire:GlowingRock":44,"Sundial":12,"Tiny Chest":9,"Replay:Bottled Flurry":8,"Snack Pack":27,"energizedSpire:HugeHouse":34,"Red Mask":39,"Garlic":43,"Ring of the Snake":0,"REME_ComplimentaryCards":0},{"Gremlin Food":17,"qcfpunch:Army_Boots":16,"conspire:TreasureMap":13,"reliquary:SilkGlove":7,"ReplayTheSpireMod:CursedCoin":1,"Astrolabe":12,"Blue Doll":5,"The Courier":24,"Bag of Preparation":1,"reliquary:WeakTea":11,"Boot":23,"MawBank":25,"qcfpunch:Combat_Fatigues":10,"conspire:GlowingRock":25,"Sundial":9,"Tiny Chest":6,"Replay:Bottled Flurry":6,"Snack Pack":16,"energizedSpire:HugeHouse":20,"Red Mask":22,"Garlic":24,"Ring of the Snake":0,"REME_ComplimentaryCards":0},{"Gremlin Food":69,"qcfpunch:Army_Boots":64,"conspire:TreasureMap":51,"reliquary:SilkGlove":25,"ReplayTheSpireMod:CursedCoin":2,"Astrolabe":48,"Blue Doll":13,"The Courier":105,"Bag of Preparation":2,"reliquary:WeakTea":41,"Boot":98,"MawBank":114,"qcfpunch:Combat_Fatigues":37,"conspire:GlowingRock":114,"Sundial":31,"Tiny Chest":20,"Replay:Bottled Flurry":20,"Snack Pack":64,"energizedSpire:HugeHouse":86,"Red Mask":91,"Garlic":105,"Ring of the Snake":0,"REME_ComplimentaryCards":0}],"Ring of the Snake":[60]},"card_choices":[{"not_picked":["Burst","Die Die Die"],"picked":"Poison Darts","floor":0.0},{"not_picked":["Concentrate","Hidden Blade"],"picked":"ReplayTheSpireMod:Tripwire","floor":1.0},{"not_picked":["Deflect","Dagger Spray"],"picked":"Crippling Poison","floor":3.0},{"not_picked":["ReplayTheSpireMod:Shiv Toss","Underhanded Strike","Dagger Throw"],"picked":"SKIP","floor":4.0},{"not_picked":["Finisher","Deflect","Crippling Poison"],"picked":"SKIP","floor":5.0},{"not_picked":["Crippling Poison","Underhanded Strike"],"picked":"Tactician","floor":6.0},{"not_picked":["Backflip","Slice"],"picked":"Adrenaline","floor":8.0},{"not_picked":["A Thousand Cuts","Hidden Blade"],"picked":"Draining Mist","floor":10.0},{"not_picked":["Terror","Choke","ReplayTheSpireMod:Shiv Toss"],"picked":"SKIP","floor":11.0},{"not_picked":["Dash","Dagger Throw"],"picked":"Noxious Fumes","floor":12.0},{"not_picked":["Blade Dance","Dagger Throw"],"picked":"All Out Attack","floor":14.0},{"not_picked":["Grand Finale","ReplayTheSpireMod:From All Sides"],"picked":"Malaise","floor":16.0},{"not_picked":["Dagger Throw+1","Flying Knee"],"picked":"Deflect+1","floor":18.0},{"not_picked":["Dagger Spray","Poisoned Stab","Cloak And Dagger"],"picked":"SKIP","floor":21.0},{"not_picked":["Bane","Bouncing Flask","Heel Hook"],"picked":"SKIP","floor":22.0},{"not_picked":["Slice","Bouncing Flask","Predator"],"picked":"SKIP","floor":24.0},{"not_picked":["Riddle With Holes","Bouncing Flask","Deadly Poison"],"picked":"SKIP","floor":28.0},{"not_picked":["Flying Knee","Blur"],"picked":"Calculated Gamble","floor":30.0},{"not_picked":["Well Laid Plans","Prepared"],"picked":"Acrobatics","floor":31.0},{"not_picked":["ReplayTheSpireMod:Necrosis","Storm of Steel"],"picked":"After Image","floor":33.0},{"not_picked":["Blur","Dagger Throw"],"picked":"Acrobatics+1","floor":35.0},{"not_picked":["Dagger Spray+1","ReplayTheSpireMod:Shiv Toss+1","All Out Attack"],"picked":"SKIP","floor":38},{"not_picked":["Acrobatics","Dodge and Roll","Toxin Wave"],"picked":"SKIP","floor":40},{"not_picked":["Deadly Poison","Blade Dance","Acrobatics"],"picked":"SKIP","floor":42},{"not_picked":["Acrobatics","Expertise+1","Bane"],"picked":"SKIP","floor":44},{"not_picked":["REME_SpectralBlade","Setup"],"picked":"PiercingWail+1","floor":46},{"not_picked":["Dagger Spray","Masterful Stab","Blade Dance"],"picked":"SKIP","floor":47},{"not_picked":["Outmaneuver+1","ReplayTheSpireMod:The Works","Prepared"],"picked":"SKIP","floor":48}],"player_experience":1303802,"relics_obtained":[{"floor":6.0,"key":"Blue Doll"},{"floor":8.0,"key":"Replay:Bottled Flurry"},{"floor":9.0,"key":"Tiny Chest"},{"floor":10.0,"key":"reliquary:SilkGlove"},{"floor":12.0,"key":"Sundial"},{"floor":13.0,"key":"qcfpunch:Combat_Fatigues"},{"floor":14.0,"key":"reliquary:WeakTea"},{"floor":24.0,"key":"qcfpunch:Army_Boots"},{"floor":27.0,"key":"Snack Pack"},{"floor":28.0,"key":"Gremlin Food"},{"floor":40,"key":"Boot"},{"floor":42,"key":"The Courier"},{"floor":43,"key":"Garlic"},{"floor":44,"key":"conspire:GlowingRock"},{"floor":45,"key":"MawBank"}],"event_choices":[{"damage_healed":0.0,"max_hp_gain":5.0,"max_hp_loss":0.0,"gold_gain":0.0,"event_name":"Forgotten Altar","player_choice":"Shed Blood","floor":20.0,"gold_loss":0.0,"damage_taken":21.0},{"damage_healed":0.0,"max_hp_gain":0.0,"max_hp_loss":33.0,"gold_gain":0.0,"event_name":"Ghosts","player_choice":"Became a Ghost","floor":25.0,"gold_loss":0.0,"damage_taken":0.0,"cards_obtained":["Ghostly","Ghostly","Ghostly"]},{"damage_healed":0,"gold_gain":0,"player_choice":"Paid","damage_taken":0,"relics_obtained":["Red Mask"],"max_hp_gain":0,"max_hp_loss":0,"event_name":"Tomb of Lord Red Mask","floor":39,"gold_loss":49}],"is_beta":false,"boss_relics":[{"not_picked":["Runic Dome","energizedSpire:NeverEndingSparkler"],"picked":"Astrolabe"},{"not_picked":["qcfpunch:Killian_Engine_Alpha","REME_ChargedStone"],"picked":"energizedSpire:HugeHouse"}],"items_purged_floors":[2,19,19,37],"is_endless":false,"potions_floor_spawned":[1,4,6,10,12,16,18,21,24,31,42,44,46,47],"killed_by":"conspire:OrnateMirror","ascension_level":20}}