{"host":"5jdby9iqu3ct6557","time":1612755458,"event":{"mods":["BaseMod","DeckTracker","Highlight Path","Minty Spire (QoL Compilation)","Relic Stats","StSLib"],"gold_per_floor":[110,127,144,16,30,30,59,77,77,77,112,124,124,134,134,134,134],"floor_reached":16,"language":"ENG","playtime":1995,"items_purged":["Strike_R"],"score":228,"play_id":"f54a3a8e-2af3-4d1b-b7cf-cdde07002034","local_time":"20210207223738","is_ascension_mode":true,"campfire_choices":[{"data":"Carnage","floor":6.0,"key":"SMITH"},{"floor":10.0,"key":"REST"},{"floor":15,"key":"DIG"}],"circlet_count":0,"master_deck":["AscendersBane","Strike_R","Strike_R","Strike_R","Defend_R","Defend_R","Defend_R","Defend_R","Bash","Searing Blow","Armaments","Carnage+1","Spot Weakness","Pommel Strike","Thunderclap","Brutality"],"relics":["Burning Blood","Shovel","Blue Candle","Meat on the Bone","Frozen Egg 2"],"acts_visited":["Exordium"],"potions_floor_usage":[16],"damage_taken":[{"damage":19.0,"enemies":"Small Slimes","floor":1.0,"turns":6.0},{"damage":2.0,"enemies":"2 Louse","floor":2.0,"turns":4.0},{"damage":4.0,"enemies":"Jaw Worm","floor":3.0,"turns":5.0},{"damage":9.0,"enemies":"3 Louse","floor":5.0,"turns":4.0},{"damage":30.0,"enemies":"3 Sentries","floor":7.0,"turns":10.0},{"damage":21.0,"enemies":"Lots of Slimes","floor":8.0,"turns":6.0},{"damage":34.0,"enemies":"Gremlin Nob","floor":11.0,"turns":4.0},{"damage":1.0,"enemies":"Looter","floor":12.0,"turns":2.0},{"damage":24,"enemies":"Large Slime","floor":14,"turns":4},{"damage":66,"enemies":"Hexaghost","floor":16,"turns":9}],"seed_played":"-7950633465583926102","potions_obtained":[{"floor":3.0,"key":"ColorlessPotion"},{"floor":5.0,"key":"Strength Potion"},{"floor":11.0,"key":"FairyPotion"}],"is_trial":false,"path_per_floor":["M","M","M","$","M","R","E","M","T","R","E","M","?","M","R","B"],"character_chosen":"IRONCLAD","items_purchased":["Fire Potion"],"campfire_rested":1,"item_purchase_floors":[4],"current_hp_per_floor":[62,66,68,68,65,65,41,26,26,50,22,39,39,33,33,0,0],"gold":134,"neow_bonus":"TEN_PERCENT_HP_BONUS","is_daily":false,"chose_seed":false,"campfire_upgraded":1,"win_rate":0.0,"timestamp":1612755458,"path_taken":["M","M","M","$","M","R","E","M","T","R","E","M","?","M","R","BOSS"],"items_purchased_type":["Potion"],"build_version":"2020-12-22","purchased_purges":1,"victory":false,"max_hp_per_floor":[82,82,82,82,82,82,82,82,82,82,82,82,82,82,82,82,82],"relic_stats":{"Shovel":1,"counters":[10,54],"Blue Candle":[0],"obtain_stats":[{"Shovel":7,"Blue Candle":9,"Frozen Egg 2":15,"Burning Blood":0,"Meat on the Bone":11},{"Shovel":5,"Blue Candle":6,"Frozen Egg 2":9,"Burning Blood":0,"Meat on the Bone":7},{"Shovel":29,"Blue Candle":35,"Frozen Egg 2":45,"Burning Blood":0,"Meat on the Bone":39}],"Burning Blood":54,"Meat on the Bone":24},"card_choices":[{"not_picked":["Headbutt","Metallicize"],"picked":"Searing Blow","floor":1.0},{"not_picked":["True Grit","Infernal Blade"],"picked":"Armaments","floor":2.0},{"not_picked":["Reckless Charge","Twin Strike"],"picked":"Carnage","floor":3.0},{"not_picked":["Havoc","Dual Wield"],"picked":"Spot Weakness","floor":5.0},{"not_picked":["Rage","Corruption"],"picked":"Pommel Strike","floor":7.0},{"not_picked":["Sword Boomerang","Armaments"],"picked":"Thunderclap","floor":8.0}],"player_experience":2576750,"relics_obtained":[{"floor":7.0,"key":"Shovel"},{"floor":9.0,"key":"Blue Candle"},{"floor":11.0,"key":"Meat on the Bone"},{"floor":15,"key":"Frozen Egg 2"}],"event_choices":[{"damage_healed":0.0,"max_hp_gain":0.0,"max_hp_loss":0.0,"gold_gain":0.0,"cards_transformed":["Strike_R"],"event_name":"Living Wall","player_choice":"Change","floor":13.0,"gold_loss":0.0,"damage_taken":0.0,"cards_obtained":["Brutality"]}],"is_beta":false,"boss_relics":[],"items_purged_floors":[4],"is_endless":false,"potions_floor_spawned":[3,5,11,14],"killed_by":"Hexaghost","ascension_level":20}}