{"host":"8kd0mw0b4mjhs7vl","time":1612804951,"event":{"mods":["BaseMod","Bestiary","Colored Map","Friendly Minions","Minty Spire (QoL Compilation)","Morshu Shopkeeper - ENHANCED","StSLib","SuperFastMode"],"gold_per_floor":[113,188,188,188,200,226,226,255,255,269,269,594,607,607,607,710,710,721,203,203,203,27,62,62,88,113,113,87,87,117,133,133,133,133],"floor_reached":33,"language":"ENG","playtime":731,"items_purged":["Strike_R","Defend_R"],"score":493,"play_id":"592d6dd8-adda-41d7-8c32-ffae98341a01","local_time":"20210208172231","is_ascension_mode":true,"campfire_choices":[{"data":"Bash","floor":7,"key":"SMITH"},{"data":"Twin Strike","floor":15,"key":"SMITH"},{"data":"Strike_R","floor":24,"key":"PURGE"},{"floor":27,"key":"REST"},{"data":"Immolate","floor":32,"key":"SMITH"}],"circlet_count":0,"master_deck":["Strike_R","Strike_R+1","Defend_R","Defend_R","Defend_R","Bash+1","Shrug It Off+1","Thunderclap","Twin Strike+1","Evolve+1","Juggernaut+1","Immolate","Clothesline+1","Immolate+1","Fire Breathing+1","Headbutt+1","Warcry+1","Wild Strike+1"],"relics":["Burning Blood","NeowsBlessing","Frozen Egg 2","Pen Nib","Anchor","Old Coin","Pear","Velvet Choker","Peace Pipe","Molten Egg 2","Oddly Smooth Stone","Torii"],"acts_visited":["Exordium","TheCity"],"potions_floor_usage":[12,13,13,16,21,23],"damage_taken":[{"damage":0,"enemies":"Jaw Worm","floor":1,"turns":1},{"damage":0,"enemies":"2 Louse","floor":5,"turns":1},{"damage":0,"enemies":"Gremlin Nob","floor":6,"turns":1},{"damage":24,"enemies":"3 Sentries","floor":8,"turns":10},{"damage":1,"enemies":"Cultist","floor":10,"turns":3},{"damage":36,"enemies":"Lagavulin","floor":12,"turns":6},{"damage":0,"enemies":"Gremlin Gang","floor":13,"turns":4},{"damage":0,"enemies":"Slime Boss","floor":16,"turns":7},{"damage":2,"enemies":"Chosen","floor":18,"turns":4},{"damage":0,"enemies":"2 Thieves","floor":21,"turns":1},{"damage":47,"enemies":"Slavers","floor":23,"turns":4},{"damage":29,"enemies":"Book of Stabbing","floor":25,"turns":5},{"damage":19,"enemies":"Slavers","floor":30,"turns":3},{"damage":0,"enemies":"Centurion and Healer","floor":31,"turns":4},{"damage":52,"enemies":"Champ","floor":33,"turns":9}],"seed_played":"-8641177056669865140","potions_obtained":[{"floor":8,"key":"FearPotion"},{"floor":12,"key":"EntropicBrew"},{"floor":16,"key":"SmokeBomb"}],"is_trial":false,"path_per_floor":["M","?","?","?","M","E","R","E","T","M","?","E","M","T","R","B",null,"M","$","?","M","$","E","R","E","T","R","$","$","E","M","R","B"],"character_chosen":"IRONCLAD","items_purchased":["Peace Pipe","Immolate","Fire Breathing+1","Wild Strike+1"],"campfire_rested":1,"item_purchase_floors":[19,19,22,28],"current_hp_per_floor":[80,69,53,53,59,65,65,47,47,52,52,22,28,38,38,44,79,83,83,83,89,89,48,48,25,25,52,52,52,39,45,45,0,0],"gold":133,"neow_bonus":"THREE_ENEMY_KILL","is_daily":false,"chose_seed":false,"campfire_upgraded":3,"win_rate":0.0,"timestamp":1612804951,"path_taken":["M","?","?","?","?","E","R","E","T","?","?","E","M","?","R","BOSS","M","$","?","M","$","E","R","E","T","R","?","$","E","M","R","BOSS"],"items_purchased_type":["Relic","Card","Card","Card"],"build_version":"2020-12-22","purchased_purges":2,"victory":false,"max_hp_per_floor":[80,80,80,80,80,80,80,80,80,80,80,80,80,90,90,90,90,90,90,90,90,90,90,90,90,90,90,90,90,90,90,90,90,90],"card_choices":[{"not_picked":["Clash","Sever Soul"],"picked":"Shrug It Off","floor":1},{"not_picked":["Headbutt","Clash"],"picked":"Thunderclap","floor":5},{"not_picked":["Body Slam","Havoc","Rupture+1"],"picked":"SKIP","floor":6},{"not_picked":["Clothesline","Havoc","Warcry"],"picked":"SKIP","floor":8},{"not_picked":["Headbutt","Warcry"],"picked":"Twin Strike","floor":10},{"not_picked":["Seeing Red","Shockwave"],"picked":"Evolve+1","floor":12},{"not_picked":["Headbutt","Clash"],"picked":"Juggernaut+1","floor":13},{"not_picked":["Fiend Fire","Double Tap"],"picked":"Immolate","floor":16},{"not_picked":["Shrug It Off","Dual Wield"],"picked":"Clothesline+1","floor":18},{"not_picked":["Disarm+1","Cleave+1"],"picked":"Headbutt+1","floor":23},{"not_picked":["Dark Embrace+1","Searing Blow+1"],"picked":"Warcry+1","floor":25},{"not_picked":["Whirlwind+1","Sentinel+1","Perfected Strike+1"],"picked":"SKIP","floor":30},{"not_picked":["Combust+1","Heavy Blade+1","Seeing Red+1"],"picked":"SKIP","floor":31}],"player_experience":277423,"relics_obtained":[{"floor":6,"key":"Frozen Egg 2"},{"floor":8,"key":"Pen Nib"},{"floor":9,"key":"Anchor"},{"floor":12,"key":"Old Coin"},{"floor":14,"key":"Pear"},{"floor":23,"key":"Molten Egg 2"},{"floor":25,"key":"Oddly Smooth Stone"},{"floor":30,"key":"Torii"}],"event_choices":[{"damage_healed":0,"gold_gain":75,"player_choice":"Gather Gold","damage_taken":11,"max_hp_gain":0,"max_hp_loss":0,"event_name":"World of Goop","floor":2,"gold_loss":0},{"damage_healed":0,"gold_gain":0,"player_choice":"Entered Light","damage_taken":16,"max_hp_gain":0,"max_hp_loss":0,"event_name":"Shining Light","floor":3,"gold_loss":0,"cards_upgraded":["Shrug It Off","Strike_R"]},{"cards_removed":["Strike_R"],"damage_healed":0,"gold_gain":0,"player_choice":"Offered Basic","damage_taken":0,"max_hp_gain":0,"max_hp_loss":0,"event_name":"Bonfire Elementals","floor":4,"gold_loss":0},{"damage_healed":0,"gold_gain":0,"player_choice":"Ignored","damage_taken":0,"max_hp_gain":0,"max_hp_loss":0,"event_name":"Liars Game","floor":11,"gold_loss":0},{"damage_healed":0,"gold_gain":0,"player_choice":"0 cards matched","damage_taken":0,"max_hp_gain":0,"max_hp_loss":0,"event_name":"Match and Keep!","floor":20,"gold_loss":0,"cards_obtained":[]}],"is_beta":false,"boss_relics":[{"not_picked":["SacredBark","Calling Bell"],"picked":"Velvet Choker"}],"items_purged_floors":[19,22],"is_endless":false,"potions_floor_spawned":[8,12,16,21],"killed_by":"Champ","ascension_level":5}}