{"host":"k7udt7atmcuzf6l0","time":1612788715,"event":{"mods":["AchievementEnabler","BaseMod","BetterRewards","Colored Map","Colored Powertips","Highlight Path","Minty Spire (QoL Compilation)","Quick Restart","Rare Cards Sparkle","Relic Stats","StSLib","UnlockEverythingMod"],"gold_per_floor":[115,69,86,14,65,65,76,102,102,121,121,146,146,158,158,258,258,276,46,46,63,75,75,93,93,118,20,40,40,58,69,69,69,69],"floor_reached":33,"language":"ZHS","playtime":691,"items_purged":[],"score":284,"play_id":"f73ce66b-ec1f-4ebf-ba86-b7b01a6c4356","local_time":"20210208205155","is_ascension_mode":false,"campfire_choices":[{"data":"Flex","floor":6.0,"key":"SMITH"},{"data":"Berserk","floor":11.0,"key":"SMITH"},{"data":"Armaments","floor":13.0,"key":"SMITH"},{"data":"Rage","floor":15.0,"key":"SMITH"},{"data":"Bludgeon","floor":23,"key":"SMITH"},{"data":"Immolate","floor":25,"key":"SMITH"},{"data":"Jack Of All Trades","floor":29,"key":"SMITH"},{"data":"Seeing Red","floor":32,"key":"SMITH"}],"circlet_count":0,"master_deck":["Strike_R","Strike_R","Strike_R","Strike_R","Strike_R","Defend_R","Defend_R","Defend_R","Defend_R","Bash","Thunderclap","Clash","Flex+1","Spot Weakness","Armaments+1","Rage+1","Berserk+1","Bludgeon+1","Bloodletting","Immolate+1","Seeing Red+1","Reaper","Intimidate+1","Jack Of All Trades+1","Armaments+1","Clash+1"],"relics":["Burning Blood","NeowsBlessing","Mercury Hourglass","Singing Bowl","Akabeko","Sozu","Bag of Preparation","Strawberry"],"acts_visited":["Exordium","TheCity"],"potions_floor_usage":[],"damage_taken":[{"damage":0.0,"enemies":"Cultist","floor":1.0,"turns":1.0},{"damage":0.0,"enemies":"Jaw Worm","floor":3.0,"turns":1.0},{"damage":0.0,"enemies":"2 Louse","floor":7.0,"turns":2.0},{"damage":12.0,"enemies":"Gremlin Nob","floor":8.0,"turns":3.0},{"damage":3.0,"enemies":"Lots of Slimes","floor":10.0,"turns":2.0},{"damage":27.0,"enemies":"3 Sentries","floor":12.0,"turns":8.0},{"damage":0.0,"enemies":"3 Louse","floor":14.0,"turns":1.0},{"damage":43.0,"enemies":"The Guardian","floor":16.0,"turns":6.0},{"damage":19.0,"enemies":"2 Thieves","floor":18.0,"turns":4.0},{"damage":0,"enemies":"3 Byrds","floor":21,"turns":1},{"damage":20,"enemies":"3 Cultists","floor":22,"turns":4},{"damage":16,"enemies":"Centurion and Healer","floor":24,"turns":3},{"damage":10,"enemies":"Snecko","floor":28,"turns":3},{"damage":4,"enemies":"Snake Plant","floor":30,"turns":3},{"damage":0,"enemies":"Sentry and Sphere","floor":31,"turns":2},{"damage":84,"enemies":"Collector","floor":33,"turns":5}],"seed_played":"-915859099067080534","potions_obtained":[{"floor":7.0,"key":"Weak Potion"},{"floor":8.0,"key":"FearPotion"},{"floor":10.0,"key":"Regen Potion"},{"floor":14.0,"key":"Dexterity Potion"}],"is_trial":false,"path_per_floor":["M","$","M","$","?","R","M","E","T","M","R","E","R","M","R","B",null,"M","$","?","M","M","R","M","R","T","$","M","R","M","M","R","B"],"character_chosen":"IRONCLAD","items_purchased":["Clash","Spot Weakness","Bag of Preparation","Seeing Red","Jack Of All Trades"],"campfire_rested":0,"item_purchase_floors":[2,4,19,19,27],"current_hp_per_floor":[80,80,80,80,80,80,80,74,74,77,77,71,71,77,77,40,80,69,69,69,77,72,72,64,64,71,71,69,69,71,77,77,0,0],"gold":69,"neow_bonus":"THREE_ENEMY_KILL","is_daily":false,"chose_seed":false,"campfire_upgraded":8,"win_rate":0.0,"timestamp":1612788715,"path_taken":["M","?","M","$","?","R","M","E","T","M","R","E","R","M","R","BOSS","M","$","?","M","M","R","M","R","T","$","?","R","M","M","R","BOSS"],"items_purchased_type":["Card","Card","Relic","Card","Card"],"build_version":"2020-12-22","purchased_purges":0,"victory":false,"max_hp_per_floor":[80,80,80,80,80,80,80,80,80,80,80,80,80,80,80,80,80,82,82,82,84,86,86,86,86,93,93,95,95,95,95,95,95,95],"relic_stats":{"Sozu":2,"Singing Bowl":8,"counters":[16,48],"Bag of Preparation":[14],"obtain_stats":[{"Sozu":17,"NeowsBlessing":0,"Singing Bowl":9,"Strawberry":26,"Bag of Preparation":19,"Burning Blood":0,"Akabeko":12,"Mercury Hourglass":8},{"Sozu":8,"NeowsBlessing":0,"Singing Bowl":4,"Strawberry":12,"Bag of Preparation":9,"Burning Blood":0,"Akabeko":6,"Mercury Hourglass":4},{"Sozu":24,"NeowsBlessing":0,"Singing Bowl":7,"Strawberry":36,"Bag of Preparation":28,"Burning Blood":0,"Akabeko":17,"Mercury Hourglass":7}],"Burning Blood":72,"Mercury Hourglass":[232]},"card_choices":[{"not_picked":["True Grit","Clothesline"],"picked":"Thunderclap","floor":1.0},{"not_picked":["Warcry","Reckless Charge"],"picked":"Flex","floor":3.0},{"not_picked":["Second Wind","Fire Breathing"],"picked":"Armaments","floor":7.0},{"not_picked":["Rupture","Clash"],"picked":"Rage","floor":8.0},{"not_picked":["Shrug It Off","Rupture"],"picked":"Berserk","floor":10.0},{"not_picked":["Body Slam","Wild Strike"],"picked":"Bludgeon","floor":12.0},{"not_picked":["Shrug It Off","Body Slam"],"picked":"Bloodletting","floor":14.0},{"not_picked":["Brutality","Double Tap"],"picked":"Immolate","floor":16.0},{"not_picked":["Shrug It Off","Sentinel","Reckless Charge"],"picked":"Singing Bowl","floor":18.0},{"not_picked":["Havoc","Flex","Warcry"],"picked":"Singing Bowl","floor":21},{"not_picked":["Warcry","Power Through+1","Anger"],"picked":"Singing Bowl","floor":22},{"not_picked":["Heavy Blade+1","Rage+1"],"picked":"Intimidate+1","floor":24},{"not_picked":["Clothesline","Metallicize","Sword Boomerang"],"picked":"Singing Bowl","floor":28},{"not_picked":["Dark Embrace","Metallicize"],"picked":"Armaments+1","floor":30},{"not_picked":["Havoc","Body Slam"],"picked":"Clash+1","floor":31}],"player_experience":72308,"relics_obtained":[{"floor":8.0,"key":"Mercury Hourglass"},{"floor":9.0,"key":"Singing Bowl"},{"floor":12.0,"key":"Akabeko"},{"floor":26,"key":"Strawberry"}],"event_choices":[{"damage_healed":0.0,"max_hp_gain":0.0,"max_hp_loss":0.0,"gold_gain":51.0,"event_name":"Golden Wing","player_choice":"Gained Gold","floor":5.0,"gold_loss":0.0,"damage_taken":0.0},{"damage_healed":0,"gold_gain":0,"player_choice":"1 cards matched","damage_taken":0,"max_hp_gain":0,"max_hp_loss":0,"event_name":"Match and Keep!","floor":20,"gold_loss":0,"cards_obtained":["Reaper"]}],"is_beta":false,"boss_relics":[{"not_picked":["Runic Pyramid","Snecko Eye"],"picked":"Sozu"}],"items_purged_floors":[],"is_endless":false,"potions_floor_spawned":[7,8,10,14,28,30],"killed_by":"Collector","ascension_level":0}}