{"host":"0slg84fqeut6oegf","time":1612788764,"event":{"mods":["BaseMod","Colored Map","Downfall","Minty Spire (QoL Compilation)","StSLib","slay the spire mod where everything is the same but ironclad has a cowboy hat"],"gold_per_floor":[99,112,128,428,443,458,510,520,105,105,105,105,116,149,164,164,164,164],"floor_reached":16,"language":"ENG","playtime":1187,"items_purged":["downfall:Icky"],"score":104,"play_id":"bd485825-f7ed-46f3-b3e2-9a412b874380","local_time":"20210208075244","is_ascension_mode":false,"campfire_choices":[{"data":"bronze:Break","floor":1,"key":"SMITH"},{"data":"bronze:Verify","floor":10,"key":"SMITH"},{"floor":12,"key":"REST"}],"circlet_count":0,"master_deck":["bronze:Strike","bronze:Strike","bronze:Strike","bronze:Strike","bronze:Defend","bronze:Defend","bronze:Defend","bronze:Defend","bronze:Replicate","bronze:Goto","bronze:Break+1","bronze:Frontload","bronze:FineTuning","bronze:DigitalCarnage","bronze:Branch","bronze:Verify+1","bronze:FollowUp","bronze:Repulsor","bronze:Terminator","bronze:Repulsor","bronze:ChosenStrike","bronze:WildBeam"],"relics":["bronze:BronzeCore","PreservedInsect","Membership Card","HornCleat","Strawberry"],"acts_visited":["Exordium"],"potions_floor_usage":[14,16,16],"damage_taken":[{"damage":0,"enemies":"Cultist","floor":2,"turns":2},{"damage":2,"enemies":"2 Louse","floor":3,"turns":3},{"damage":12,"enemies":"Small Slimes","floor":5,"turns":3},{"damage":0,"enemies":"3 Louse","floor":6,"turns":2},{"damage":12,"enemies":"Exordium Thugs","floor":8,"turns":6},{"damage":0,"enemies":"downfall:FleeingMerchant","floor":9,"turns":4},{"damage":2,"enemies":"Large Slime","floor":13,"turns":5},{"damage":5,"enemies":"3 Sentries","floor":14,"turns":6},{"damage":1,"enemies":"3 Louse","floor":15,"turns":4},{"damage":58,"enemies":"IC_STATUS_ARCHETYPE","floor":16,"turns":10}],"seed_played":"-4751502266119372684","potions_obtained":[{"floor":2,"key":"GamblersBrew"},{"floor":6,"key":"PowerPotion"},{"floor":13,"key":"GamblersBrew"},{"floor":14,"key":"EssenceOfSteel"}],"is_trial":false,"path_per_floor":["R","M","M","?","M","M","T","M","$","R","?","R","M","E","M","B"],"character_chosen":"THE_AUTOMATON","items_purchased":["Membership Card","bronze:FollowUp","HornCleat","bronze:Repulsor"],"campfire_rested":1,"item_purchase_floors":[9,9,9,9],"current_hp_per_floor":[63,63,61,61,49,49,49,37,37,37,37,55,53,55,54,0,0,0],"gold":164,"neow_bonus":"THREE_RARE_CARDS","is_daily":false,"chose_seed":false,"campfire_upgraded":2,"win_rate":0.0,"timestamp":1612788764,"path_taken":["R","M","?","?","M","M","T","M","$","R","?","R","M","E","M","BOSS"],"items_purchased_type":["Relic","Card","Relic","Card"],"build_version":"2020-12-22","purchased_purges":1,"victory":false,"max_hp_per_floor":[63,63,63,63,63,63,63,63,63,63,63,63,63,70,70,70,70,70],"card_choices":[{"not_picked":["bronze:FindAndReplace","bronze:Virus"],"picked":"bronze:Break","floor":0},{"not_picked":["bronze:GetLatest","bronze:WildBeam"],"picked":"bronze:Frontload","floor":2},{"not_picked":["bronze:GetLatest","bronze:DelayedSlice"],"picked":"bronze:FineTuning","floor":3},{"not_picked":["bronze:GetLatest","bronze:MaxOutput","bronze:BuggyMess"],"picked":"SKIP","floor":5},{"not_picked":["bronze:BronzeOrb","bronze:BuggyMess"],"picked":"bronze:DigitalCarnage","floor":6},{"not_picked":["bronze:Deprecate","bronze:Flail"],"picked":"bronze:Branch","floor":8},{"not_picked":["bronze:ClassDefault","bronze:NullPointer"],"picked":"bronze:Verify","floor":9},{"not_picked":["bronze:Deprecate","bronze:Invalidate"],"picked":"bronze:Repulsor","floor":13},{"not_picked":["bronze:WildBeam","bronze:WhirlingStrike"],"picked":"bronze:ChosenStrike","floor":14},{"not_picked":["bronze:Turbo","bronze:Invalidate"],"picked":"bronze:WildBeam","floor":15}],"player_experience":441776,"relics_obtained":[{"floor":7,"key":"PreservedInsect"},{"floor":14,"key":"Strawberry"}],"event_choices":[],"is_beta":false,"boss_relics":[],"items_purged_floors":[9],"is_endless":false,"potions_floor_spawned":[2,6,13,14],"killed_by":"IC_STATUS_ARCHETYPE","ascension_level":0}}