{"host":"kaame4qwxxqnygv7","time":1612752795,"event":{"mods":["AchievementEnabler","BaseMod","Better Match","Better Skull","Better Third Choice","Block Reminder","DeckTracker","Energized Spire","GungeonMod","Minty Spire (QoL Compilation)","Quick Restart","Red Circlet Mod","StSLib","SuperFastMode","The Blue Laboratory","The Runesmith"],"gold_per_floor":[117,67,67,93,63,94,94,128,155,167,167,197,197,217,217,313,313,354,354,354,375,375,375,3,33,33,63,75,75,92,105,105,239,239,265,265,282,508,68,68,84,84,148,198,198,236,236,253,253,253,253,253,74,139,139],"floor_reached":56,"language":"KOR","playtime":2475,"items_purged":["DemoMod:Strike_Huntress","DemoMod:RustySidearm"],"score":1547,"play_id":"f710c8b1-d25f-42d2-a729-52cd694d3fea","local_time":"20210208115315","is_ascension_mode":true,"campfire_choices":[{"data":"DemoMod:ManualReload","floor":7.0,"key":"SMITH"},{"floor":11.0,"key":"RECALL"},{"floor":15.0,"key":"REST"},{"floor":23.0,"key":"REST"},{"floor":29.0,"key":"REST"},{"data":"DemoMod:CursedBullets","floor":32.0,"key":"SMITH"},{"data":"DemoMod:LifeOrb","floor":40.0,"key":"SMITH"},{"data":"DemoMod:CursedBullets","floor":47.0,"key":"SMITH"},{"data":"DemoMod:Roll","floor":49.0,"key":"SMITH"},{"data":"DemoMod:DirectionalPad","floor":52.0,"key":"SMITH"}],"circlet_count":0,"master_deck":["DemoMod:Defend_Huntress","DemoMod:Defend_Huntress","DemoMod:Defend_Huntress","DemoMod:Defend_Huntress","DemoMod:Roll+1","DemoMod:ManualReload+1","DemoMod:CrossBow","DemoMod:CursedBullets+1","DemoMod:DirectionalPad+1","DemoMod:LifeOrb+1","DemoMod:Gungine","CurseOfTheBell","DemoMod:CursedBullets+1","DemoMod:Gungine","DemoMod:PotionOfGunFriendShip+1","DemoMod:ConditionalReflex+1","DemoMod:TableSutra+1","DemoMod:HardPowerCard+1","DemoMod:PotionOfGunFriendShip+1","DemoMod:CursedBullets"],"relics":["DemoMod:Dog","NeowsBlessing","DemoMod:WhiteGuonStone","DemoMod:LamentConfigurum","Toxic Egg 2","Bronze Scales","DemoMod:Plus1Bullets","Calling Bell","Akabeko","Meat on the Bone","Mango","DemoMod:DecoyRelic","HandDrill","Omamori","Pocketwatch","DemoMod:JetPack","DemoMod:Bottle","energizedSpire:OgreHead","DemoMod:RingOfEthereal","Oddly Smooth Stone","DemoMod:MeatBun","DemoMod:SuperHotWatch","Du-Vu Doll","Incense Burner","FossilizedHelix","HornCleat","Happy Flower","DemoMod:BigBoy"],"acts_visited":["Exordium","TheCity","TheBeyond","TheEnding"],"potions_floor_usage":[55,55,55],"damage_taken":[{"damage":0.0,"enemies":"Small Slimes","floor":1.0,"turns":1.0},{"damage":0.0,"enemies":"3 Sentries","floor":6.0,"turns":1.0},{"damage":2.0,"enemies":"Gremlin Nob","floor":8.0,"turns":3.0},{"damage":3.0,"enemies":"2 Louse","floor":10.0,"turns":2.0},{"damage":46.0,"enemies":"Lagavulin","floor":12.0,"turns":12.0},{"damage":0.0,"enemies":"Jaw Worm","floor":14.0,"turns":3.0},{"damage":23.0,"enemies":"Hexaghost","floor":16.0,"turns":10.0},{"damage":0.0,"enemies":"Spheric Guardian","floor":18.0,"turns":7.0},{"damage":6.0,"enemies":"Shell Parasite","floor":21.0,"turns":4.0},{"damage":22.0,"enemies":"Gremlin Leader","floor":25.0,"turns":5.0},{"damage":0.0,"enemies":"Book of Stabbing","floor":27.0,"turns":3.0},{"damage":0.0,"enemies":"Snake Plant","floor":28.0,"turns":1.0},{"damage":0.0,"enemies":"Chosen and Byrds","floor":30.0,"turns":2.0},{"damage":0.0,"enemies":"Centurion and Healer","floor":31.0,"turns":4.0},{"damage":14.0,"enemies":"Automaton","floor":33.0,"turns":6.0},{"damage":5.0,"enemies":"3 Darklings","floor":35.0,"turns":3.0},{"damage":8.0,"enemies":"3 Shapes","floor":37.0,"turns":5.0},{"damage":0.0,"enemies":"Jaw Worm Horde","floor":41.0,"turns":2.0},{"damage":0.0,"enemies":"Maw","floor":43.0,"turns":4.0},{"damage":0.0,"enemies":"Mind Bloom Boss Battle","floor":44.0,"turns":2.0},{"damage":0.0,"enemies":"Maw","floor":46.0,"turns":4.0},{"damage":0.0,"enemies":"Maw","floor":48.0,"turns":5.0},{"damage":0.0,"enemies":"Donu and Deca","floor":50.0,"turns":7.0},{"damage":0.0,"enemies":"Shield and Spear","floor":54.0,"turns":3.0},{"damage":11,"enemies":"The Heart","floor":55,"turns":5}],"seed_played":"1814602183566385840","potions_obtained":[{"floor":5.0,"key":"SpeedPotion"},{"floor":5.0,"key":"EntropicBrew"},{"floor":12.0,"key":"blueLaboratory:EmptyBottle"},{"floor":14.0,"key":"blueLaboratory:Moonshine"},{"floor":22.0,"key":"SmokeBomb"},{"floor":25.0,"key":"LiquidBronze"},{"floor":30.0,"key":"Ancient Potion"},{"floor":31.0,"key":"FearPotion"},{"floor":33.0,"key":"ColorlessPotion"},{"floor":54.0,"key":"Regen Potion"}],"is_trial":false,"path_per_floor":["M","?","?","T","?","E","R","E","T","M","R","E","?","M","R","B",null,"M","?","?","M","?","R","$","E","T","E","M","R","M","M","R","B",null,"M","?","M","?","$","R","M","?","T","?","T","?","R","M","R","B",null,"R","$","E","B",null],"character_chosen":"HUNTRESS","items_purchased":["HandDrill","Omamori","Oddly Smooth Stone","DemoMod:MeatBun","Strength Potion","Happy Flower","DemoMod:CursedBullets"],"campfire_rested":3,"item_purchase_floors":[24,24,39,39,39,53,53],"current_hp_per_floor":[63,63,63,63,63,63,63,61,61,58,58,12,12,12,33,10,69,69,69,53,47,47,73,73,51,51,51,51,77,77,77,77,63,83,78,78,70,70,84,84,87,87,87,87,87,87,87,87,87,87,89,89,89,89,78],"gold":139,"neow_bonus":"THREE_ENEMY_KILL","is_daily":false,"chose_seed":false,"campfire_upgraded":6,"win_rate":0.0,"timestamp":1612752795,"path_taken":["M","?","?","?","?","E","R","E","T","?","R","E","?","?","R","BOSS","M","?","?","?","?","R","$","E","T","E","?","R","M","M","R","BOSS","M","?","M","?","$","R","M","?","T","?","?","?","R","M","R","BOSS","R","$","E","BOSS"],"items_purchased_type":["Relic","Relic","Relic","Relic","Potion","Relic","Card"],"build_version":"2020-12-22","purchased_purges":2,"victory":true,"max_hp_per_floor":[70,70,70,70,70,70,70,70,70,70,70,70,70,70,70,70,84,84,84,89,89,89,89,89,89,89,89,89,89,89,89,89,89,89,89,89,89,89,89,89,89,89,89,89,89,89,89,89,89,89,89,89,89,89,89],"card_choices":[{"not_picked":["DemoMod:Unmoved","DemoMod:MegaHand","DemoMod:Camera"],"picked":"SKIP","floor":1.0},{"not_picked":["DemoMod:HuntsMan","DemoMod:Unmoved","DemoMod:Ejector"],"picked":"SKIP","floor":6.0},{"not_picked":["DemoMod:FeignSurrender+1","DemoMod:Polaris"],"picked":"DemoMod:CursedBullets","floor":8.0},{"not_picked":["DemoMod:TeaPot","DemoMod:DoubleSwitch+1","DemoMod:Replace+1"],"picked":"SKIP","floor":10.0},{"not_picked":["DemoMod:BoxingGlove","DemoMod:Ejector+1"],"picked":"DemoMod:DirectionalPad","floor":12.0},{"not_picked":["DemoMod:Desperate+1","DemoMod:FortunesFavor+1"],"picked":"DemoMod:LifeOrb","floor":14.0},{"not_picked":["DemoMod:Elimentaler","DemoMod:BulletBore"],"picked":"DemoMod:Gungine","floor":16.0},{"not_picked":["DemoMod:Unmoved+1","DemoMod:LifeOrb"],"picked":"DemoMod:CursedBullets","floor":18.0},{"not_picked":["DemoMod:AWP","DemoMod:ZorGun","DemoMod:StickyCrossBow"],"picked":"SKIP","floor":21.0},{"not_picked":["DemoMod:MegaHand","DemoMod:TeaPot+1"],"picked":"DemoMod:Gungine","floor":25.0},{"not_picked":["DemoMod:SniperShot+1","DemoMod:AC15","DemoMod:Slinger"],"picked":"SKIP","floor":27.0},{"not_picked":["DemoMod:ProbeStrike+1","DemoMod:Ejector+1"],"picked":"DemoMod:PotionOfGunFriendShip+1","floor":28.0},{"not_picked":["DemoMod:Casey","DemoMod:SAA+1","DemoMod:DirectionalPad"],"picked":"SKIP","floor":28.0},{"not_picked":["DemoMod:Casey","DemoMod:SAA+1","DemoMod:DirectionalPad"],"picked":"SKIP","floor":28.0},{"not_picked":["DemoMod:BoxingGlove","DemoMod:GunShield+1"],"picked":"DemoMod:ConditionalReflex+1","floor":30.0},{"not_picked":["DemoMod:SpreadAmmo+1","DemoMod:FeignSurrender+1","DemoMod:ShadowBullets"],"picked":"SKIP","floor":31.0},{"not_picked":["DemoMod:SAA","DemoMod:Ejector+1","DemoMod:DoubleSwitch+1"],"picked":"SKIP","floor":35.0},{"not_picked":["DemoMod:HuntsMan","DemoMod:DirectionalPad","DemoMod:SAA"],"picked":"SKIP","floor":35.0},{"not_picked":["DemoMod:SniperShot+1","DemoMod:FeignSurrender+1"],"picked":"DemoMod:TableSutra+1","floor":37.0},{"not_picked":["DemoMod:Casey+1","DemoMod:Replace+1"],"picked":"DemoMod:HardPowerCard+1","floor":41.0},{"not_picked":["DemoMod:GunstockTap+1","DemoMod:AC15+1","DemoMod:HuntsMan+1"],"picked":"SKIP","floor":43.0},{"not_picked":["DemoMod:Ejector+1","DemoMod:FightSabre"],"picked":"DemoMod:PotionOfGunFriendShip+1","floor":46.0},{"not_picked":["DemoMod:SkilledReload","DemoMod:HighKaliber","DemoMod:Camera+1"],"picked":"SKIP","floor":48.0},{"not_picked":["DemoMod:SpreadAmmo+1","DemoMod:MachoBrace+1","DemoMod:PotionOfGunFriendShip+1"],"picked":"SKIP","floor":54.0}],"player_experience":257038,"relics_obtained":[{"floor":6.0,"key":"DemoMod:LamentConfigurum"},{"floor":8.0,"key":"Toxic Egg 2"},{"floor":9.0,"key":"Bronze Scales"},{"floor":12.0,"key":"DemoMod:Plus1Bullets"},{"floor":17.0,"key":"Akabeko"},{"floor":17.0,"key":"Meat on the Bone"},{"floor":17.0,"key":"Mango"},{"floor":25.0,"key":"Pocketwatch"},{"floor":26.0,"key":"DemoMod:JetPack"},{"floor":27.0,"key":"DemoMod:Bottle"},{"floor":43.0,"key":"DemoMod:SuperHotWatch"},{"floor":44.0,"key":"Du-Vu Doll"},{"floor":45.0,"key":"Incense Burner"},{"floor":46.0,"key":"FossilizedHelix"},{"floor":54.0,"key":"DemoMod:BigBoy"}],"event_choices":[{"cards_removed":["DemoMod:Strike_Huntress"],"damage_healed":0.0,"max_hp_gain":0.0,"max_hp_loss":0.0,"gold_gain":0.0,"event_name":"The Cleric","player_choice":"Card Removal","floor":2.0,"gold_loss":50.0,"damage_taken":0.0},{"damage_healed":0.0,"max_hp_gain":0.0,"max_hp_loss":0.0,"gold_gain":0.0,"event_name":"Big Fish","player_choice":"Box","floor":3.0,"gold_loss":0.0,"damage_taken":0.0,"relics_obtained":["DemoMod:WhiteGuonStone"],"cards_obtained":["Regret"]},{"damage_healed":0.0,"max_hp_gain":0.0,"max_hp_loss":0.0,"gold_gain":0.0,"event_name":"The Woman in Blue","player_choice":"Bought 2 Potions","floor":5.0,"gold_loss":0.0,"damage_taken":0.0},{"cards_removed":["Regret"],"damage_healed":0.0,"max_hp_gain":0.0,"max_hp_loss":0.0,"gold_gain":0.0,"event_name":"Fountain of Cleansing","player_choice":"Removed Curses","floor":13.0,"gold_loss":0.0,"damage_taken":0.0},{"cards_removed":["DemoMod:Strike_Huntress"],"damage_healed":0.0,"max_hp_gain":0.0,"max_hp_loss":0.0,"gold_gain":0.0,"event_name":"betterThird:BetterWriting","player_choice":"Elegance","floor":19.0,"gold_loss":0.0,"damage_taken":0.0},{"damage_healed":0.0,"max_hp_gain":5.0,"max_hp_loss":0.0,"gold_gain":0.0,"event_name":"Forgotten Altar","player_choice":"Shed Blood","floor":20.0,"gold_loss":0.0,"damage_taken":21.0},{"damage_healed":0.0,"max_hp_gain":0.0,"max_hp_loss":0.0,"gold_gain":0.0,"event_name":"Lab","player_choice":"Got Potions","floor":22.0,"gold_loss":0.0,"damage_taken":0.0},{"damage_healed":0.0,"max_hp_gain":0.0,"max_hp_loss":0.0,"gold_gain":0.0,"event_name":"Tomb of Lord Red Mask","player_choice":"Ignored","floor":36.0,"gold_loss":0.0,"damage_taken":0.0},{"damage_healed":0.0,"max_hp_gain":0.0,"max_hp_loss":0.0,"gold_gain":0.0,"event_name":"SensoryStone","player_choice":"Memory 1","floor":42.0,"gold_loss":0.0,"damage_taken":0.0},{"damage_healed":0.0,"max_hp_gain":0.0,"max_hp_loss":0.0,"gold_gain":0.0,"event_name":"MindBloom","player_choice":"Fight","floor":44.0,"gold_loss":0.0,"damage_taken":0.0}],"is_beta":false,"boss_relics":[{"not_picked":["Fusion Hammer","Runic Dome"],"picked":"Calling Bell"},{"not_picked":["energizedSpire:RedRose","Runic Pyramid"],"picked":"energizedSpire:OgreHead"}],"items_purged_floors":[24,39],"is_endless":false,"potions_floor_spawned":[6,12,14,25,30,31,33,41,44,54],"ascension_level":9}}