{"host":"qrt7o4dq2qslzw13","time":1612798521,"event":{"mods":["AchievementEnabler","BaseMod","Colored Map","Colored Powertips","Minty Spire (QoL Compilation)","Quick Restart","StSLib","SuperFastMode"],"gold_per_floor":[114,131,131,145,164,164,179,179,179,198,198,210,70,101,101,196,196,209,209,134,49,67,67,92,92,92,110,128,158,174,21,21,21,21],"floor_reached":33,"language":"ENG","playtime":848,"items_purged":[],"score":462,"play_id":"349fcc56-d48d-437f-bcfb-73a3c4d9d997","local_time":"20210208103521","is_ascension_mode":true,"campfire_choices":[{"floor":6.0,"key":"REST"},{"data":"Flechettes","floor":8.0,"key":"SMITH"},{"data":"Bane","floor":11.0,"key":"SMITH"},{"data":"Deadly Poison","floor":15.0,"key":"SMITH"},{"data":"Catalyst","floor":23.0,"key":"SMITH"},{"data":"Adrenaline","floor":25.0,"key":"SMITH"},{"floor":32,"key":"REST"}],"circlet_count":0,"master_deck":["AscendersBane","Strike_G","Strike_G","Strike_G","Defend_G","Defend_G","Defend_G","Defend_G","Defend_G","Survivor","Neutralize","Footwork","Backstab","Footwork","Deadly Poison+1","Flechettes+1","Bane+1","Burst","Adrenaline+1","Catalyst+1","Dash","Poisoned Stab","Escape Plan","Concentrate+1"],"relics":["Ring of the Snake","Bird Faced Urn","Mummified Hand","Bag of Preparation","Sozu","The Specimen","Eternal Feather","Calipers","Art of War","Snake Skull"],"acts_visited":["Exordium","TheCity"],"potions_floor_usage":[30],"damage_taken":[{"damage":3.0,"enemies":"Cultist","floor":1.0,"turns":5.0},{"damage":0.0,"enemies":"Small Slimes","floor":2.0,"turns":4.0},{"damage":2.0,"enemies":"Jaw Worm","floor":4.0,"turns":5.0},{"damage":18.0,"enemies":"Large Slime","floor":5.0,"turns":13.0},{"damage":4.0,"enemies":"Looter","floor":7.0,"turns":4.0},{"damage":8.0,"enemies":"Exordium Wildlife","floor":10.0,"turns":6.0},{"damage":0.0,"enemies":"Gremlin Gang","floor":12.0,"turns":4.0},{"damage":26.0,"enemies":"3 Sentries","floor":14.0,"turns":12.0},{"damage":37.0,"enemies":"Slime Boss","floor":16.0,"turns":21.0},{"damage":0.0,"enemies":"Shell Parasite","floor":18.0,"turns":4.0},{"damage":2.0,"enemies":"3 Byrds","floor":22.0,"turns":6.0},{"damage":9.0,"enemies":"Slavers","floor":24.0,"turns":4.0},{"damage":19.0,"enemies":"Snecko","floor":27.0,"turns":5.0},{"damage":8,"enemies":"Centurion and Healer","floor":28,"turns":6},{"damage":31,"enemies":"Book of Stabbing","floor":29,"turns":6},{"damage":6,"enemies":"3 Cultists","floor":30,"turns":5},{"damage":50,"enemies":"Champ","floor":33,"turns":6}],"seed_played":"1706227342773239936","potions_obtained":[{"floor":1.0,"key":"ColorlessPotion"},{"floor":4.0,"key":"Energy Potion"},{"floor":7.0,"key":"Poison Potion"},{"floor":16.0,"key":"Block Potion"}],"is_trial":false,"path_per_floor":["M","M","?","M","M","R","M","R","T","M","R","M","$","E","R","B",null,"M","?","?","?","M","R","E","R","T","M","M","E","M","$","R","B"],"character_chosen":"THE_SILENT","items_purchased":["Burst","Snake Skull"],"campfire_rested":2,"item_purchase_floors":[13,31],"current_hp_per_floor":[60,62,62,61,45,63,59,59,59,55,55,57,57,35,35,2,48,52,52,52,52,54,54,49,61,61,44,40,13,11,11,41,0,0],"gold":21,"neow_bonus":"ONE_RARE_RELIC","is_daily":false,"chose_seed":false,"campfire_upgraded":5,"win_rate":0.0,"timestamp":1612798521,"path_taken":["M","?","?","M","?","R","M","R","T","M","R","?","?","E","R","BOSS","M","?","?","?","?","R","E","R","T","M","?","E","M","$","R","BOSS"],"items_purchased_type":["Card","Relic"],"build_version":"2020-12-22","purchased_purges":0,"victory":false,"max_hp_per_floor":[63,63,63,63,63,63,63,63,63,63,63,63,63,63,63,63,63,63,63,63,63,63,63,63,63,63,63,63,63,63,63,63,63,63],"card_choices":[{"not_picked":["Acrobatics","Masterful Stab"],"picked":"Footwork","floor":1.0},{"not_picked":["Concentrate","Deflect","Dagger Throw"],"picked":"SKIP","floor":2.0},{"not_picked":["Outmaneuver","Deflect"],"picked":"Footwork","floor":4.0},{"not_picked":["Backstab","Underhanded Strike"],"picked":"Deadly Poison","floor":5.0},{"not_picked":["Backflip","Outmaneuver"],"picked":"Flechettes","floor":7.0},{"not_picked":["Sucker Punch","Acrobatics"],"picked":"Bane","floor":10.0},{"not_picked":["Blade Dance","Dagger Throw","Deflect"],"picked":"SKIP","floor":12.0},{"not_picked":["Sucker Punch","All Out Attack","Underhanded Strike"],"picked":"SKIP","floor":14.0},{"not_picked":["Venomology","Grand Finale"],"picked":"Adrenaline","floor":16.0},{"not_picked":["Deflect","Dagger Spray","Eviscerate"],"picked":"SKIP","floor":18.0},{"not_picked":["Dagger Spray","Underhanded Strike"],"picked":"Dash","floor":22.0},{"not_picked":["Infinite Blades","Deflect","Flechettes"],"picked":"SKIP","floor":24.0},{"not_picked":["Flying Knee","Backflip"],"picked":"Poisoned Stab","floor":27.0},{"not_picked":["Eviscerate","Reflex"],"picked":"Escape Plan","floor":28},{"not_picked":["Endless Agony","Sucker Punch+1"],"picked":"Concentrate+1","floor":29},{"not_picked":["Quick Slash","Sucker Punch","Accuracy"],"picked":"SKIP","floor":30}],"player_experience":630464,"relics_obtained":[{"floor":9.0,"key":"Mummified Hand"},{"floor":14.0,"key":"Bag of Preparation"},{"floor":24.0,"key":"Eternal Feather"},{"floor":26.0,"key":"Calipers"},{"floor":29,"key":"Art of War"}],"event_choices":[{"damage_healed":0.0,"max_hp_gain":0.0,"max_hp_loss":0.0,"gold_gain":0.0,"cards_transformed":["Strike_G"],"event_name":"Transmorgrifier","player_choice":"Transformed","floor":3.0,"gold_loss":0.0,"damage_taken":0.0,"cards_obtained":["Backstab"]},{"damage_healed":0.0,"max_hp_gain":0.0,"max_hp_loss":0.0,"gold_gain":0.0,"event_name":"The Library","player_choice":"Read","floor":19.0,"gold_loss":0.0,"damage_taken":0.0,"cards_obtained":["Catalyst"]},{"cards_removed":["Strike_G"],"damage_healed":0.0,"max_hp_gain":0.0,"max_hp_loss":0.0,"gold_gain":0.0,"event_name":"Beggar","player_choice":"Gave Gold","floor":20.0,"gold_loss":75.0,"damage_taken":0.0},{"damage_healed":0.0,"max_hp_gain":0.0,"max_hp_loss":0.0,"gold_gain":0.0,"event_name":"Addict","player_choice":"Obtained Relic","floor":21.0,"gold_loss":85.0,"damage_taken":0.0,"relics_obtained":["The Specimen"]}],"is_beta":false,"boss_relics":[{"not_picked":["Coffee Dripper","Fusion Hammer"],"picked":"Sozu"}],"items_purged_floors":[],"is_endless":false,"potions_floor_spawned":[1,4,7,16,24,27,28,29],"killed_by":"Champ","ascension_level":12}}