{"host":"xwgrz7y3g1a3iikb","time":1612755600,"event":{"mods":["BaseMod","Bestiary","Minty Spire (QoL Compilation)","Permanent Neow","Quick Restart","Relic Stats","StSLib","ojb\u0027s Info Mod"],"gold_per_floor":[111,111,178,228,278,310,310,310,310],"floor_reached":8,"language":"ENG","playtime":249,"items_purged":[],"score":108,"play_id":"9ef4a805-c74c-470e-bc94-ba5322161219","local_time":"20210207194000","is_ascension_mode":true,"campfire_choices":[{"floor":7,"key":"REST"}],"circlet_count":0,"master_deck":["AscendersBane","Strike_G","Strike_G","Strike_G","Strike_G","Defend_G","Defend_G","Defend_G","Defend_G","Defend_G","Survivor","Neutralize","Finisher","Riddle With Holes","Underhanded Strike"],"relics":["Snecko Eye","SsserpentHead","Darkstone Periapt"],"acts_visited":["Exordium"],"potions_floor_usage":[],"damage_taken":[{"damage":4,"enemies":"Jaw Worm","floor":1,"turns":7},{"damage":1,"enemies":"Cultist","floor":3,"turns":4},{"damage":27,"enemies":"3 Sentries","floor":6,"turns":8},{"damage":54,"enemies":"Gremlin Nob","floor":8,"turns":4}],"seed_played":"1800627380604233112","potions_obtained":[],"is_trial":false,"path_per_floor":["M","?","M","?","?","E","R","E"],"character_chosen":"THE_SILENT","items_purchased":[],"campfire_rested":1,"item_purchase_floors":[],"current_hp_per_floor":[55,55,54,59,59,32,53,0,0],"gold":310,"neow_bonus":"BOSS_RELIC","is_daily":false,"chose_seed":false,"campfire_upgraded":0,"win_rate":0.0,"timestamp":1612755600,"path_taken":["M","?","?","?","?","E","R","E"],"items_purchased_type":[],"build_version":"2020-12-22","purchased_purges":0,"victory":false,"max_hp_per_floor":[66,66,66,71,71,71,71,71,71],"relic_stats":{"Darkstone Periapt":0,"SsserpentHead":150,"counters":[4,23],"Snecko Eye":[44,27,30,40],"obtain_stats":[{"Darkstone Periapt":6,"SsserpentHead":2,"Snecko Eye":0,"Ring of the Snake":0},{"Darkstone Periapt":3,"SsserpentHead":1,"Snecko Eye":0,"Ring of the Snake":0},{"Darkstone Periapt":19,"SsserpentHead":7,"Snecko Eye":0,"Ring of the Snake":0}]},"card_choices":[{"not_picked":["PiercingWail","Dodge and Roll"],"picked":"Finisher","floor":1},{"not_picked":["Backflip","Deadly Poison"],"picked":"Riddle With Holes","floor":3},{"not_picked":["Acrobatics","Well Laid Plans"],"picked":"Underhanded Strike","floor":6}],"player_experience":323945,"relics_obtained":[{"floor":6,"key":"Darkstone Periapt"}],"event_choices":[{"damage_healed":0,"gold_gain":0,"player_choice":"Trade","damage_taken":0,"relics_obtained":["SsserpentHead"],"max_hp_gain":0,"max_hp_loss":0,"event_name":"FaceTrader","floor":2,"gold_loss":0},{"damage_healed":0,"gold_gain":0,"player_choice":"Donut","damage_taken":0,"max_hp_gain":5,"max_hp_loss":0,"event_name":"Big Fish","floor":4,"gold_loss":0},{"cards_removed":["Strike_G"],"damage_healed":0,"gold_gain":0,"player_choice":"Purged","damage_taken":0,"max_hp_gain":0,"max_hp_loss":0,"event_name":"Purifier","floor":5,"gold_loss":0}],"is_beta":false,"boss_relics":[],"items_purged_floors":[],"is_endless":false,"potions_floor_spawned":[],"killed_by":"Gremlin Nob","ascension_level":20}}