{"host":"344lv32hnei0mdhu","time":1612752706,"event":{"mods":["Act Like it!","BaseMod","Better Match","Better Sensory Stone","Better Skull","Better Third Choice","Better Vampires","Colored Powertips","Highlight Path","Minty Spire (QoL Compilation)","Quick Restart","Random Character Button","Rare Cards Sparkle","StSLib"],"gold_per_floor":[112,112,112,123,133,167,167],"floor_reached":6,"language":"ENG","playtime":222,"items_purged":[],"score":71,"play_id":"175ac745-4cb7-44f7-be5b-81ba60a811b3","local_time":"20210207205146","is_ascension_mode":true,"campfire_choices":[],"circlet_count":0,"master_deck":["AscendersBane","Zap","Dualcast","Reprogram","Undo","Scrape","Echo Form+1","Electrodynamics","Barrage","Hyperbeam","Glacier","Glacier","Chill","Genetic Algorithm"],"relics":["Pandora\u0027s Box","Singing Bowl"],"acts_visited":["Exordium"],"potions_floor_usage":[],"damage_taken":[{"damage":12,"enemies":"Small Slimes","floor":1,"turns":3},{"damage":2,"enemies":"2 Louse","floor":4,"turns":3},{"damage":10,"enemies":"Jaw Worm","floor":5,"turns":5},{"damage":25,"enemies":"Gremlin Nob","floor":6,"turns":5}],"seed_played":"-1391714170152035407","potions_obtained":[{"floor":4,"key":"Strength Potion"},{"floor":6,"key":"Ancient Potion"}],"is_trial":false,"path_per_floor":["M","?","?","M","M","E"],"character_chosen":"DEFECT","items_purchased":[],"campfire_rested":0,"item_purchase_floors":[],"current_hp_per_floor":[56,61,61,59,49,26,26],"gold":167,"neow_bonus":"BOSS_RELIC","is_daily":false,"chose_seed":false,"campfire_upgraded":0,"win_rate":0.0,"timestamp":1612752706,"path_taken":["M","?","?","M","M","E"],"items_purchased_type":[],"build_version":"2020-12-22","purchased_purges":0,"victory":false,"max_hp_per_floor":[75,80,80,80,80,82,82],"card_choices":[{"not_picked":["Sweeping Beam","Steam"],"picked":"Glacier","floor":1},{"not_picked":["Compile Driver","Recycle"],"picked":"Chill","floor":4},{"not_picked":["Gash","Compile Driver"],"picked":"Genetic Algorithm","floor":5},{"not_picked":["Steam","Ball Lightning","Reinforced Body"],"picked":"Singing Bowl","floor":6}],"player_experience":416238,"relics_obtained":[{"floor":6,"key":"Singing Bowl"}],"event_choices":[{"damage_healed":0,"gold_gain":0,"player_choice":"Donut","damage_taken":0,"max_hp_gain":5,"max_hp_loss":0,"event_name":"Big Fish","floor":2,"gold_loss":0},{"damage_healed":0,"gold_gain":0,"player_choice":"Grow","damage_taken":0,"max_hp_gain":0,"max_hp_loss":0,"event_name":"Living Wall","floor":3,"gold_loss":0,"cards_upgraded":["Echo Form"]}],"is_beta":false,"boss_relics":[],"items_purged_floors":[],"is_endless":false,"potions_floor_spawned":[4,6],"killed_by":"Gremlin Nob","ascension_level":11}}