{"host":"rw1trt79hfpl7pom","time":1612785199,"event":{"mods":["BaseMod","Bestiary","Colored Map","Minty Spire (QoL Compilation)","Relic Stats","StSLib","SuperFastMode"],"gold_per_floor":[117,131,131,141,158,158,158,171,171,171,203,213,224,253,253,330,330,330,48,48,48,48,48,48,48,48,48,48,48,48,48,48,48,48,48,48,48,48,48,48,48,48,48,48,48,48,48,0,0,0,0],"floor_reached":50,"language":"ENG","playtime":2572,"items_purged":[],"score":1450,"play_id":"2793c28c-2a9f-4499-ab24-8118518a940f","local_time":"20210208035319","is_ascension_mode":true,"campfire_choices":[{"data":"Fiend Fire","floor":7.0,"key":"SMITH"},{"data":"Hemokinesis","floor":10.0,"key":"SMITH"},{"data":"Bash","floor":15.0,"key":"SMITH"},{"floor":27.0,"key":"REST"},{"floor":32.0,"key":"REST"},{"floor":41.0,"key":"REST"},{"floor":46.0,"key":"REST"},{"floor":49.0,"key":"RECALL"}],"circlet_count":0,"master_deck":["AscendersBane","Bash+1","Hemokinesis+1","Pain","Clothesline","Fiend Fire+1","Bloodletting","Exhume","Demon Form","Battle Trance","Heavy Blade+1","Double Tap","Second Wind","Armaments","Dark Embrace","Shockwave","Spot Weakness","Limit Break","Havoc","Intimidate","Seeing Red","Whirlwind","Juggernaut","Shrug It Off","Entrench","Intimidate","Flame Barrier","Heavy Blade+1","Havoc+1","Sword Boomerang","Burning Pact","Entrench+1","Feed"],"relics":["Runic Cube","WarpedTongs","Question Card","Whetstone","Pocketwatch","Ectoplasm","Self Forming Clay","Girya","White Beast Statue","Vajra","Happy Flower","Boot","Pandora\u0027s Box","Champion Belt","Bottled Tornado","Centennial Puzzle","Juzu Bracelet","Red Mask"],"acts_visited":["Exordium","TheCity","TheBeyond"],"potions_floor_usage":[50],"damage_taken":[{"damage":4.0,"enemies":"Small Slimes","floor":1.0,"turns":5.0},{"damage":0.0,"enemies":"Cultist","floor":2.0,"turns":2.0},{"damage":2.0,"enemies":"2 Louse","floor":4.0,"turns":3.0},{"damage":11.0,"enemies":"2 Fungi Beasts","floor":5.0,"turns":4.0},{"damage":2.0,"enemies":"Exordium Wildlife","floor":8.0,"turns":2.0},{"damage":3.0,"enemies":"Gremlin Nob","floor":11.0,"turns":2.0},{"damage":2.0,"enemies":"Looter","floor":12.0,"turns":4.0},{"damage":10.0,"enemies":"2 Fungi Beasts","floor":13.0,"turns":3.0},{"damage":6.0,"enemies":"Lagavulin","floor":14.0,"turns":4.0},{"damage":3.0,"enemies":"Slime Boss","floor":16.0,"turns":3.0},{"damage":2.0,"enemies":"Chosen","floor":18.0,"turns":3.0},{"damage":7.0,"enemies":"Spheric Guardian","floor":21.0,"turns":3.0},{"damage":15.0,"enemies":"Slavers","floor":23.0,"turns":4.0},{"damage":12.0,"enemies":"3 Cultists","floor":24.0,"turns":4.0},{"damage":14.0,"enemies":"Gremlin Leader","floor":25.0,"turns":4.0},{"damage":5.0,"enemies":"Snecko","floor":28.0,"turns":2.0},{"damage":6.0,"enemies":"Sentry and Sphere","floor":29.0,"turns":4.0},{"damage":11.0,"enemies":"Book of Stabbing","floor":30.0,"turns":4.0},{"damage":36.0,"enemies":"Champ","floor":33.0,"turns":6.0},{"damage":11.0,"enemies":"Orb Walker","floor":35.0,"turns":3.0},{"damage":4.0,"enemies":"Mind Bloom Boss Battle","floor":36.0,"turns":5.0},{"damage":19.0,"enemies":"3 Darklings","floor":39.0,"turns":5.0},{"damage":10.0,"enemies":"Giant Head","floor":40.0,"turns":5.0},{"damage":4.0,"enemies":"Nemesis","floor":42.0,"turns":5.0},{"damage":15.0,"enemies":"Transient","floor":44.0,"turns":6.0},{"damage":14.0,"enemies":"Giant Head","floor":45.0,"turns":4.0},{"damage":35,"enemies":"Awakened One","floor":50,"turns":2}],"seed_played":"-7329837297707132669","potions_obtained":[{"floor":2.0,"key":"SneckoOil"},{"floor":5.0,"key":"SneckoOil"},{"floor":8.0,"key":"ColorlessPotion"},{"floor":16.0,"key":"Block Potion"},{"floor":23.0,"key":"Block Potion"},{"floor":25.0,"key":"ColorlessPotion"},{"floor":29.0,"key":"CultistPotion"},{"floor":30.0,"key":"SmokeBomb"},{"floor":33.0,"key":"PowerPotion"},{"floor":42.0,"key":"SteroidPotion"},{"floor":44.0,"key":"DuplicationPotion"}],"is_trial":false,"path_per_floor":["M","M","?","M","M","?","R","M","T","R","E","M","M","E","R","B",null,"M","$","?","M","T","E","M","E","T","R","M","M","E","?","R","B",null,"M","?","?","?","M","E","R","E","T","M","E","R","$","?","R","B"],"character_chosen":"IRONCLAD","items_purchased":["Self Forming Clay"],"campfire_rested":4,"item_purchase_floors":[19],"current_hp_per_floor":[64,64,64,62,51,56,56,54,54,54,51,49,39,33,33,30,68,66,66,66,59,59,44,32,18,18,42,37,31,20,20,44,8,62,51,47,47,47,28,18,40,36,36,21,7,29,29,29,29,0,0],"gold":0,"neow_bonus":"BOSS_RELIC","is_daily":false,"chose_seed":false,"campfire_upgraded":3,"win_rate":0.0,"timestamp":1612785199,"path_taken":["M","M","?","?","M","?","R","M","T","R","E","M","M","E","R","BOSS","M","$","?","M","?","E","M","E","T","R","?","M","E","?","R","BOSS","M","?","?","?","M","E","R","E","T","M","E","R","?","?","R","BOSS"],"items_purchased_type":["Relic"],"build_version":"2020-12-22","purchased_purges":0,"victory":false,"max_hp_per_floor":[75,75,75,75,75,80,80,80,80,80,80,80,80,80,80,80,80,80,80,80,80,80,80,80,80,80,80,80,80,80,80,80,80,80,80,80,76,76,76,76,76,76,76,76,76,76,76,76,76,79,79],"relic_stats":{"Happy Flower":[17],"counters":[27,101],"Self Forming Clay":[240],"Juzu Bracelet":0,"Whetstone":["Anger","Strike_R"],"Question Card":21,"Boot":[17],"WarpedTongs":[94],"Centennial Puzzle":[9],"Pandora\u0027s Box":["Havoc","Intimidate","Seeing Red","Whirlwind","Juggernaut","Shrug It Off","Entrench","Intimidate","Flame Barrier"],"Ectoplasm":415,"Champion Belt":[8],"obtain_stats":[{"Girya":22,"Happy Flower":26,"Self Forming Clay":19,"Vajra":25,"Juzu Bracelet":45,"Whetstone":11,"Bottled Tornado":40,"Question Card":9,"Boot":30,"Burning Blood":0,"White Beast Statue":23,"WarpedTongs":3,"Centennial Puzzle":42,"Pandora\u0027s Box":34,"Ectoplasm":17,"Red Mask":48,"Champion Belt":36,"Runic Cube":0,"Pocketwatch":14},{"Girya":12,"Happy Flower":15,"Self Forming Clay":11,"Vajra":15,"Juzu Bracelet":26,"Whetstone":6,"Bottled Tornado":23,"Question Card":5,"Boot":18,"Burning Blood":0,"White Beast Statue":13,"WarpedTongs":2,"Centennial Puzzle":24,"Pandora\u0027s Box":19,"Ectoplasm":10,"Red Mask":26,"Champion Belt":21,"Runic Cube":0,"Pocketwatch":9},{"Girya":38,"Happy Flower":50,"Self Forming Clay":35,"Vajra":50,"Juzu Bracelet":99,"Whetstone":18,"Bottled Tornado":84,"Question Card":16,"Boot":60,"Burning Blood":0,"White Beast Statue":42,"WarpedTongs":7,"Centennial Puzzle":89,"Pandora\u0027s Box":66,"Ectoplasm":32,"Red Mask":99,"Champion Belt":74,"Runic Cube":0,"Pocketwatch":29}],"Runic Cube":[115],"Pocketwatch":[88]},"card_choices":[{"not_picked":["Iron Wave","Wild Strike"],"picked":"Anger","floor":1.0},{"not_picked":["Burning Pact","Perfected Strike"],"picked":"Hemokinesis","floor":2.0},{"not_picked":["True Grit","Havoc"],"picked":"Clothesline","floor":4.0},{"not_picked":["Thunderclap","Armaments"],"picked":"Fiend Fire","floor":5.0},{"not_picked":["Cleave","Clothesline","Dark Embrace"],"picked":"SKIP","floor":8.0},{"not_picked":["Dual Wield","Cleave","Havoc","Pummel"],"picked":"SKIP","floor":11.0},{"not_picked":["Havoc","Intimidate","Fire Breathing"],"picked":"Bloodletting","floor":12.0},{"not_picked":["Flex","Perfected Strike","Clash","Warcry"],"picked":"SKIP","floor":13.0},{"not_picked":["Metallicize","Limit Break","Evolve"],"picked":"Exhume","floor":14.0},{"not_picked":["Double Tap","Barricade","Limit Break"],"picked":"Demon Form","floor":16.0},{"not_picked":["Thunderclap","Inflame","Sword Boomerang"],"picked":"Battle Trance","floor":18.0},{"not_picked":["Entrench","Havoc","Carnage"],"picked":"Heavy Blade+1","floor":21.0},{"not_picked":["Iron Wave","Cleave","Armaments+1"],"picked":"Double Tap","floor":23.0},{"not_picked":["Wild Strike","Bloodletting","Sentinel"],"picked":"Second Wind","floor":24.0},{"not_picked":["Barricade","Body Slam+1","Cleave"],"picked":"Armaments","floor":25.0},{"not_picked":["Combust","Perfected Strike","Body Slam"],"picked":"Dark Embrace","floor":28.0},{"not_picked":["Fire Breathing","Reckless Charge","Clash"],"picked":"Shockwave","floor":29.0},{"not_picked":["Clash","Anger","Perfected Strike"],"picked":"Spot Weakness","floor":30.0},{"not_picked":["Offering","Bludgeon","Impervious"],"picked":"Limit Break","floor":33.0},{"not_picked":["Warcry","Clash","Wild Strike+1"],"picked":"Heavy Blade+1","floor":35.0},{"not_picked":["Clash","Cleave","Ghostly Armor"],"picked":"Havoc+1","floor":36.0},{"not_picked":["Armaments","Seeing Red+1","Wild Strike"],"picked":"Sword Boomerang","floor":39.0},{"not_picked":["Twin Strike","Warcry","Thunderclap","True Grit"],"picked":"SKIP","floor":40.0},{"not_picked":["Body Slam","Headbutt","Rage"],"picked":"Burning Pact","floor":42.0},{"not_picked":["Wild Strike","Fire Breathing","Perfected Strike"],"picked":"Entrench+1","floor":44.0},{"not_picked":["Wild Strike+1","Sword Boomerang","Carnage"],"picked":"Feed","floor":45.0}],"player_experience":2642542,"relics_obtained":[{"floor":9.0,"key":"Question Card"},{"floor":11.0,"key":"Whetstone"},{"floor":14.0,"key":"Pocketwatch"},{"floor":22.0,"key":"Girya"},{"floor":23.0,"key":"White Beast Statue"},{"floor":25.0,"key":"Vajra"},{"floor":26.0,"key":"Happy Flower"},{"floor":30.0,"key":"Boot"},{"floor":36.0,"key":"Champion Belt"},{"floor":40.0,"key":"Bottled Tornado"},{"floor":42.0,"key":"Centennial Puzzle"},{"floor":45.0,"key":"Juzu Bracelet"}],"event_choices":[{"damage_healed":0.0,"max_hp_gain":0.0,"max_hp_loss":0.0,"gold_gain":0.0,"event_name":"Accursed Blacksmith","player_choice":"Rummage","floor":3.0,"gold_loss":0.0,"damage_taken":0.0,"relics_obtained":["WarpedTongs"],"cards_obtained":["Pain"]},{"damage_healed":0.0,"max_hp_gain":5.0,"max_hp_loss":0.0,"gold_gain":0.0,"event_name":"Big Fish","player_choice":"Donut","floor":6.0,"gold_loss":0.0,"damage_taken":0.0},{"damage_healed":0.0,"max_hp_gain":0.0,"max_hp_loss":0.0,"gold_gain":0.0,"event_name":"Vampires","player_choice":"Ignored","floor":20.0,"gold_loss":0.0,"damage_taken":0.0},{"damage_healed":0.0,"max_hp_gain":0.0,"max_hp_loss":0.0,"gold_gain":0.0,"event_name":"MindBloom","player_choice":"Fight","floor":36.0,"gold_loss":0.0,"damage_taken":0.0},{"damage_healed":0.0,"max_hp_gain":0.0,"max_hp_loss":4.0,"gold_gain":0.0,"event_name":"Winding Halls","player_choice":"Max HP","floor":37.0,"gold_loss":0.0,"damage_taken":0.0},{"cards_removed":["Anger"],"damage_healed":0.0,"max_hp_gain":0.0,"max_hp_loss":0.0,"gold_gain":0.0,"event_name":"Falling","player_choice":"Removed Attack","floor":38.0,"gold_loss":0.0,"damage_taken":0.0},{"damage_healed":0.0,"max_hp_gain":0.0,"max_hp_loss":0.0,"gold_gain":0.0,"event_name":"Tomb of Lord Red Mask","player_choice":"Paid","floor":48.0,"gold_loss":48.0,"damage_taken":0.0,"relics_obtained":["Red Mask"]}],"is_beta":false,"boss_relics":[{"not_picked":["Busted Crown","Astrolabe"],"picked":"Ectoplasm"},{"not_picked":["Velvet Choker","Empty Cage"],"picked":"Pandora\u0027s Box"}],"items_purged_floors":[],"is_endless":false,"potions_floor_spawned":[2,5,8,11,16,23,24,25,28,29,30,33,35,36,39,40,42,44,45],"killed_by":"Awakened One","ascension_level":20}}