{"host":"oeh4wb93hhtrshvk","time":1612811605,"event":{"mods":["2.2 Compatiblity","AchievementEnabler","Act Like it!","Aspiration","BaseMod","Better Skull","Better Third Choice","Block Reminder","Bossed Relics","Card Filter","Colored Powertips","Conspire","Curses Come First","Defuse TimeMaze Blight","Displayed Cursed Tome","Downfall","Energized Spire","GifTheSpireLib","Hermit","Hubris","Infinite Spire","Marisa????????","Minty Spire (QoL Compilation)","Pale of the Ancients","Quick Restart","Rare Cards Sparkle","Relic Filter","Reliquary","Replay The Spire","Shop Mod","Spicy Shops","StS++","StSLib","The Blue Laboratory","The Cursed","Transform Curses","Wandering Minibosses","Weighted Paths","Wide Potions"],"gold_per_floor":[114,13,13,13,13,48,48,87,87,87,102,126,126,120,120,250,250,271,271,295,295,313,313,349,349,374,417,417,26,57,57,57,181,181,206,206,206,240,240,240,276,276,276,276,609,609,681,736,736,736],"floor_reached":51,"language":"FRA","playtime":2643,"items_purged":["Strike_B"],"score":1168,"play_id":"b1933d11-78c5-4e66-9f89-af7e4d5527ed","local_time":"20210208201325","daily_mods":["Heirloom","DeadlyEvents"],"is_ascension_mode":false,"campfire_choices":[{"floor":7,"key":"REST"},{"floor":10,"key":"REST"},{"floor":15,"key":"DIG"},{"floor":23,"key":"DIG"},{"floor":25,"key":"DIG"},{"floor":28,"key":"DIG"},{"floor":32,"key":"DIG"},{"data":"StSpp:Pointer","floor":40,"key":"SMITH"},{"floor":42,"key":"DIG"},{"floor":44,"key":"DIG"},{"floor":46,"key":"DIG"},{"floor":49,"key":"DIG"}],"circlet_count":0,"master_deck":["Strike_B","Strike_B","Strike_B","Defend_B","Defend_B","Defend_B","Defend_B","Zap","Dualcast","BootSequence","Gash","Ball Lightning","Auto Shields","Ball Lightning","Echo Form+1","StSpp:Pointer+1","Impervious","StSpp:Fierceness","Feed","StSpp:Betrayal","Searing Blow","Enlightenment","Secret Weapon","Bandage Up","infinitespire:Oblivion","infinitespire:Execution"],"relics":["Cracked Core","champ:DuelingGlove","ReplayFunnel","Shovel","TungstenRod","Incense Burner","Bag of Preparation","Replay:Towering Pillar of Hats","aspiration:IroncladSkillbook","MutagenicStrength","Replay:Bottled Flurry","Question Card","Mirror","Guardian:PocketSentry","Bird Faced Urn","hubris:Metronome","conspire:DeflatedDodgeball","ClockworkSouvenir","infinitespire:ShieldingShard","FossilizedHelix","reliquary:RoseTintedGlasses","aspiration:BursterCore","aspiration:AnachronicSnailShell","Bottled Lightning","aspiration:Headhunter","SlaversCollar","reliquary:Sideboard","Meat on the Bone","Mummified Hand","Potion Belt","hubris:PeanutButter","infinitespire:EvilPickle","Akabeko","Art of War"],"acts_visited":["Exordium","TheCity","TheBeyond"],"potions_floor_usage":[16,16,22,24,33],"damage_taken":[{"damage":0,"enemies":"Small Slimes","floor":1,"turns":3},{"damage":21,"enemies":"Lagavulin","floor":6,"turns":6},{"damage":16,"enemies":"Gremlin Nob","floor":8,"turns":4},{"damage":2,"enemies":"2 Louse","floor":11,"turns":2},{"damage":0,"enemies":"Jaw Worm","floor":12,"turns":2},{"damage":6,"enemies":"Exordium Thugs","floor":14,"turns":6},{"damage":12,"enemies":"Hexaghost","floor":16,"turns":10},{"damage":0,"enemies":"Chosen","floor":18,"turns":4},{"damage":17,"enemies":"Shell Parasite","floor":20,"turns":5},{"damage":9,"enemies":"Snake Plant","floor":22,"turns":4},{"damage":24,"enemies":"Gremlin Leader","floor":24,"turns":8},{"damage":14,"enemies":"conspire:SneckoGhost","floor":27,"turns":6},{"damage":5,"enemies":"conspire:Head Lice","floor":30,"turns":5},{"damage":22,"enemies":"Pondfish","floor":33,"turns":9},{"damage":0,"enemies":"Orb Walker","floor":35,"turns":3},{"damage":0,"enemies":"R_Hoarder","floor":38,"turns":7},{"damage":0,"enemies":"Reptomancer","floor":41,"turns":5},{"damage":0,"enemies":"Nemesis","floor":47,"turns":3},{"damage":0,"enemies":"3 Shapes","floor":48,"turns":3},{"damage":1,"enemies":"Time Eater","floor":50,"turns":9}],"seed_played":"-1655690334112384299","potions_obtained":[{"floor":11,"key":"blueLaboratory:CreativityPotion"},{"floor":12,"key":"Energy Potion"},{"floor":14,"key":"blueLaboratory:PhilterOfMotion"},{"floor":16,"key":"DistilledChaos"},{"floor":18,"key":"blueLaboratory:SavagePotion"},{"floor":20,"key":"FocusPotion"},{"floor":30,"key":"FocusPotion"},{"floor":33,"key":"PowerPotion"},{"floor":38,"key":"Venom Potion"},{"floor":48,"key":"blueLaboratory:PhilterOfMotion"}],"is_trial":true,"path_per_floor":["M","$","?","?","?","E","R","E","T","R","M","M","$","M","R","B",null,"M","?","M","?","M","R","E","R","T","E","R","$","E","T","R","B",null,"M","?","T","E","AVR","R","E","R","T","R","?","R","E","M","R","B",null],"character_chosen":"DEFECT","items_purchased":["Gash","Ball Lightning","conspire:DeflatedDodgeball","ClockworkSouvenir"],"campfire_rested":2,"item_purchase_floors":[2,2,29,29],"current_hp_per_floor":[75,75,28,28,28,7,27,11,11,31,29,29,29,23,23,11,69,69,69,56,56,51,51,31,31,31,21,21,21,22,22,22,9,72,72,63,63,75,75,75,78,78,78,78,78,78,78,81,81,81],"gold":736,"neow_bonus":"","is_daily":false,"chose_seed":false,"campfire_upgraded":1,"win_rate":0.0,"timestamp":1612811605,"path_taken":["M","$","?","?","?","E","R","?","T","R","M","?","?","M","R","BOSS","M","?","M","?","M","R","?","R","T","E","R","?","?","?","R","BOSS","M","?","?","?","AVR","R","E","R","T","R","?","R","E","?","R","BOSS"],"items_purchased_type":["Card","Card","Relic","Relic"],"build_version":"2020-12-22","purchased_purges":1,"victory":true,"max_hp_per_floor":[75,75,75,75,69,69,69,69,69,69,69,69,69,69,69,69,69,69,69,69,69,69,69,69,69,69,69,69,69,69,69,69,72,72,72,72,72,75,75,75,78,78,78,78,78,78,78,81,81,81],"card_choices":[{"not_picked":["Go for the Eyes","Auto Shields"],"picked":"BootSequence","floor":1},{"not_picked":["Streamline","Redo","Chill"],"picked":"SKIP","floor":6},{"not_picked":["StSpp:Mask","Streamline","Doom and Gloom"],"picked":"SKIP","floor":8},{"not_picked":["Consume","Turbo"],"picked":"Auto Shields","floor":11},{"not_picked":["Compile Driver","Streamline","Auto Shields"],"picked":"SKIP","floor":12},{"not_picked":["Reinforced Body","Go for the Eyes"],"picked":"Ball Lightning","floor":14},{"not_picked":["Core Surge","Reboot"],"picked":"Echo Form","floor":16},{"not_picked":["Beam Cell","Hemokinesis","Rebound","StSpp:CounterStrike"],"picked":"SKIP","floor":18},{"not_picked":["Battle Trance","Leap+1","Redo"],"picked":"StSpp:Pointer","floor":20},{"not_picked":["Sweeping Beam","Redo","Cold Snap"],"picked":"Impervious","floor":22},{"not_picked":["Clothesline","Skim","Turbo"],"picked":"StSpp:Fierceness","floor":24},{"not_picked":["Clash","conspire:ExplosiveBarrier","Havoc","StSpp:BladeOfBlood","Go for the Eyes+1"],"picked":"SKIP","floor":27},{"not_picked":["Flex+1","Gash","Dark Embrace","StSpp:Vengeance"],"picked":"Feed","floor":30},{"not_picked":["Thunder Strike","hubris:StunningStrike","conspire:Purge","Multi-Cast"],"picked":"StSpp:Betrayal","floor":33},{"not_picked":["Perfected Strike","Genetic Algorithm+1","Headbutt","StSpp:MuscleMemory"],"picked":"Searing Blow","floor":35},{"not_picked":["Transmutation","Impatience","Deep Breath","hubris:Insight"],"picked":"Enlightenment","floor":36},{"not_picked":["Thinking Ahead","Mind Blast","StSpp:Unbreakable","Violence"],"picked":"Secret Weapon","floor":36},{"not_picked":["Dramatic Entrance","Purity","StSpp:MakeshiftWeapon","Forethought"],"picked":"Bandage Up","floor":36},{"not_picked":["StSpp:TheBiggerTheyAre+1","Chaos+1","Anger+1","conspire:Charge","Stack"],"picked":"SKIP","floor":38},{"not_picked":["Hologram","Wild Strike+1","StSpp:TheBiggerTheyAre+1","Redo","True Grit+1"],"picked":"SKIP","floor":41},{"not_picked":["Hologram","Combust+1","Feel No Pain+1","Fire Breathing"],"picked":"Inflame+1","floor":47},{"not_picked":["White Noise+1","Ball Lightning","Sweeping Beam+1","Redo"],"picked":"Storm+1","floor":48}],"player_experience":668760,"relics_obtained":[{"floor":6,"key":"TungstenRod"},{"floor":8,"key":"Incense Burner"},{"floor":9,"key":"Bag of Preparation"},{"floor":15,"key":"Replay:Towering Pillar of Hats"},{"floor":23,"key":"Replay:Bottled Flurry"},{"floor":24,"key":"Question Card"},{"floor":25,"key":"Mirror"},{"floor":26,"key":"Guardian:PocketSentry"},{"floor":27,"key":"Bird Faced Urn"},{"floor":28,"key":"hubris:Metronome"},{"floor":30,"key":"infinitespire:ShieldingShard"},{"floor":31,"key":"FossilizedHelix"},{"floor":32,"key":"reliquary:RoseTintedGlasses"},{"floor":37,"key":"aspiration:AnachronicSnailShell"},{"floor":38,"key":"Bottled Lightning"},{"floor":41,"key":"reliquary:Sideboard"},{"floor":42,"key":"Meat on the Bone"},{"floor":43,"key":"Mummified Hand"},{"floor":44,"key":"Potion Belt"},{"floor":46,"key":"hubris:PeanutButter"},{"floor":47,"key":"Akabeko"},{"floor":49,"key":"Art of War"}],"event_choices":[{"damage_healed":0,"gold_gain":1,"player_choice":"Relic Relic ","damage_taken":47,"max_hp_gain":0,"max_hp_loss":0,"event_name":"betterThird:BetterScrap","floor":3,"gold_loss":0,"cards_obtained":["Brutality"]},{"damage_healed":0,"gold_gain":0,"player_choice":"Lose Max HP","damage_taken":0,"relics_obtained":["Golden Idol"],"max_hp_gain":0,"max_hp_loss":6,"event_name":"Golden Idol","floor":5,"gold_loss":0},{"damage_healed":0,"gold_gain":0,"player_choice":"Inject Mutagens","damage_taken":0,"relics_obtained":["MutagenicStrength"],"max_hp_gain":0,"max_hp_loss":0,"event_name":"Drug Dealer","floor":21,"gold_loss":0},{"damage_healed":0,"gold_gain":0,"player_choice":"Memory 3","damage_taken":10,"max_hp_gain":0,"max_hp_loss":0,"event_name":"SensoryStone","floor":36,"gold_loss":0},{"damage_healed":0,"gold_gain":333,"player_choice":"Gave Idol","damage_taken":0,"max_hp_gain":0,"max_hp_loss":0,"event_name":"The Moai Head","floor":45,"relics_lost":["Golden Idol"],"gold_loss":0}],"is_beta":false,"boss_relics":[{"not_picked":["aspiration:SilentSkillbook","StSpp:Balance"],"picked":"aspiration:IroncladSkillbook"},{"not_picked":["energizedSpire:RedRose","FrozenCore"],"picked":"aspiration:BursterCore"}],"items_purged_floors":[39],"is_endless":false,"potions_floor_spawned":[11,12,14,16,18,20,30,33,38,48],"ascension_level":0}}