{"host":"f5gffvlv6a66yqkd","time":1612802772,"event":{"mods":["2.2 Compatiblity","BaseMod","Colored Map","Custom Start","DeckTracker","Keyboard Shortcuts","Minty Spire (QoL Compilation)","Permanent Neow","Quick Restart","Relic Stats","StSLib","SuperFastMode"],"gold_per_floor":[109,127,138,138,150,179,35,35,35,35,52,52,68,79,79,151,151,163,92,17,67,82,82,99,99,151,151,151,168,168,168,168],"floor_reached":31,"language":"KOR","playtime":549,"items_purged":[],"score":474,"play_id":"75626e1d-ffaf-4c65-aab7-55c4ebfddaff","local_time":"20210209014612","is_ascension_mode":true,"campfire_choices":[{"floor":8.0,"key":"REST"},{"data":"Storm","floor":12.0,"key":"SMITH"},{"data":"Hello World","floor":15.0,"key":"SMITH"},{"data":"Defragment","floor":23,"key":"SMITH"},{"data":"Turbo","floor":27,"key":"SMITH"},{"data":"Creative AI","floor":30,"key":"SMITH"}],"circlet_count":0,"master_deck":["AscendersBane","Defend_B","Defend_B","Defend_B","Zap","Dualcast","Electrodynamics","Coolheaded","Barrage","Defragment+1","Ball Lightning","Storm+1","Turbo+1","Coolheaded","White Noise","Hello World+1","Creative AI+1","Glacier+1","Machine Learning+1","Buffer+1","Coolheaded","Defragment+1"],"relics":["Cracked Core","The Courier","Kunai","Astrolabe"],"acts_visited":["Exordium","TheCity"],"potions_floor_usage":[30,31],"damage_taken":[{"damage":1.0,"enemies":"Cultist","floor":1.0,"turns":3.0},{"damage":2.0,"enemies":"Small Slimes","floor":2.0,"turns":3.0},{"damage":10.0,"enemies":"2 Louse","floor":3.0,"turns":2.0},{"damage":17.0,"enemies":"Lots of Slimes","floor":5.0,"turns":3.0},{"damage":21.0,"enemies":"Lagavulin","floor":6.0,"turns":6.0},{"damage":0.0,"enemies":"3 Louse","floor":11.0,"turns":1.0},{"damage":14.0,"enemies":"Exordium Thugs","floor":13.0,"turns":2.0},{"damage":8.0,"enemies":"Blue Slaver","floor":14.0,"turns":3.0},{"damage":7.0,"enemies":"Slime Boss","floor":16.0,"turns":6.0},{"damage":0,"enemies":"Chosen","floor":18,"turns":3},{"damage":6,"enemies":"3 Byrds","floor":22,"turns":2},{"damage":13,"enemies":"Centurion and Healer","floor":24,"turns":6},{"damage":9,"enemies":"Cultist and Chosen","floor":29,"turns":4},{"damage":29,"enemies":"Slavers","floor":31,"turns":2}],"seed_played":"-9152510840414413815","potions_obtained":[{"floor":5.0,"key":"LiquidMemories"},{"floor":6.0,"key":"Explosive Potion"},{"floor":13.0,"key":"EssenceOfSteel"},{"floor":14.0,"key":"BlessingOfTheForge"},{"floor":22,"key":"Fire Potion"},{"floor":24,"key":"Fruit Juice"}],"is_trial":false,"path_per_floor":["M","M","M","$","M","E","$","R","T","?","M","R","M","M","R","B",null,"M","$","?","?","M","R","M","?","T","R","?","M","R","E"],"character_chosen":"DEFECT","items_purchased":["Turbo","Coolheaded","White Noise","Defragment"],"campfire_rested":1,"item_purchase_floors":[7,7,7,19],"current_hp_per_floor":[63,61,51,51,34,13,13,34,34,34,34,34,20,12,12,5,55,55,55,55,55,49,49,36,36,36,36,36,27,32,3,3],"gold":168,"neow_bonus":"ONE_RANDOM_RARE_CARD","is_daily":false,"chose_seed":false,"campfire_upgraded":5,"win_rate":0.0,"timestamp":1612802772,"path_taken":["M","?","M","$","?","E","$","R","T","?","M","R","?","M","R","BOSS","BOSS","M","$","?","?","?","R","M","?","T","R","?","M","R","E"],"items_purchased_type":["Card","Card","Card","Card"],"build_version":"2020-12-22","purchased_purges":0,"victory":false,"max_hp_per_floor":[71,71,71,71,71,71,71,71,71,71,71,71,71,71,71,71,71,71,71,71,71,71,71,71,71,71,71,71,71,76,76,76],"relic_stats":{"counters":[14,45],"Astrolabe":["Glacier","Machine Learning","Buffer"],"Kunai":[2],"obtain_stats":[{"Astrolabe":17,"The Courier":6,"Kunai":9,"Cracked Core":0},{"Astrolabe":9,"The Courier":5,"Kunai":5,"Cracked Core":0},{"Astrolabe":29,"The Courier":17,"Kunai":17,"Cracked Core":0}]},"card_choices":[{"not_picked":["Sweeping Beam","Go for the Eyes"],"picked":"Coolheaded","floor":1.0},{"not_picked":["Sweeping Beam","Heatsinks"],"picked":"Barrage","floor":2.0},{"not_picked":["Go for the Eyes","Reprogram"],"picked":"Defragment","floor":3.0},{"not_picked":["Chill","Coolheaded"],"picked":"Ball Lightning","floor":5.0},{"not_picked":["Tempest","Sunder"],"picked":"Storm","floor":6.0},{"not_picked":["Steam","Barrage","All For One"],"picked":"SKIP","floor":11.0},{"not_picked":["Turbo","Steam","Blizzard"],"picked":"SKIP","floor":13.0},{"not_picked":["Turbo","Steam"],"picked":"Hello World","floor":14.0},{"not_picked":["Reboot","All For One"],"picked":"Creative AI","floor":16},{"not_picked":["Redo","Go for the Eyes"],"picked":"Coolheaded","floor":18},{"not_picked":["Go for the Eyes","Barrage","Steam"],"picked":"SKIP","floor":22},{"not_picked":["Cold Snap","Beam Cell","Gash"],"picked":"SKIP","floor":24},{"not_picked":["Streamline","Leap","Rainbow"],"picked":"SKIP","floor":29}],"player_experience":1703520,"relics_obtained":[{"floor":6.0,"key":"The Courier"},{"floor":9.0,"key":"Kunai"}],"event_choices":[{"damage_healed":0.0,"max_hp_gain":0.0,"max_hp_loss":0.0,"gold_gain":0.0,"event_name":"Upgrade Shrine","player_choice":"Upgraded","floor":10.0,"gold_loss":0.0,"damage_taken":0.0,"cards_upgraded":["Defragment"]},{"cards_removed":["Strike_B"],"damage_healed":0,"gold_gain":0,"player_choice":"Gave Gold","damage_taken":0,"max_hp_gain":0,"max_hp_loss":0,"event_name":"Beggar","floor":20,"gold_loss":75},{"damage_healed":0,"gold_gain":50,"player_choice":"Pray","damage_taken":0,"max_hp_gain":0,"max_hp_loss":0,"event_name":"Golden Shrine","floor":21,"gold_loss":0},{"cards_removed":["Defend_B"],"damage_healed":0,"gold_gain":0,"player_choice":"Elegance","damage_taken":0,"max_hp_gain":0,"max_hp_loss":0,"event_name":"Back to Basics","floor":25,"gold_loss":0},{"damage_healed":0,"gold_gain":0,"player_choice":"Ignored","damage_taken":0,"max_hp_gain":0,"max_hp_loss":0,"event_name":"Cursed Tome","floor":28,"gold_loss":0}],"is_beta":false,"boss_relics":[{"not_picked":["Velvet Choker","Inserter"],"picked":"Astrolabe"}],"items_purged_floors":[],"is_endless":false,"potions_floor_spawned":[5,6,13,14,22,24],"killed_by":"Slavers","ascension_level":20}}