{"host":"ga4s3hj9m6nkn6gp","time":1612825353,"event":{"mods":["AchievementEnabler","BaseMod","Bestiary","Colored Powertips","Highlight Path","Minty Spire (QoL Compilation)","Relic Stats","everything is the same but u backflip on backflip"],"gold_per_floor":[118,130,142,142,159,191,203,238,264,264,264,264,276,302,302,400,400,411,411,429,449,181,211,66,84,107,107,124,49,49,64,64,166,166,178,198,1197,1211,1227,1259,1259,1284,1335,1335,1353,729,729,753,753,753,753,753,155,191,191],"floor_reached":56,"language":"ENG","playtime":2432,"items_purged":["Defend_P","Defend_P","Strike_P","Strike_P"],"score":1775,"play_id":"b28c2cf4-64f2-43e8-a6d4-329efb22957f","local_time":"20210209000233","is_ascension_mode":true,"campfire_choices":[{"data":"Vault","floor":10.0,"key":"SMITH"},{"data":"WheelKick","floor":12.0,"key":"SMITH"},{"data":"CutThroughFate","floor":15.0,"key":"SMITH"},{"data":"Halt","floor":30.0,"key":"SMITH"},{"data":"TalkToTheHand","floor":32.0,"key":"SMITH"},{"data":"Ragnarok","floor":41.0,"key":"SMITH"},{"floor":44.0,"key":"RECALL"},{"floor":47.0,"key":"DIG"},{"floor":49.0,"key":"DIG"},{"floor":52.0,"key":"DIG"}],"circlet_count":0,"master_deck":["Strike_P","Defend_P","Eruption+1","Vigilance","WheelKick+1","FlurryOfBlows","Adaptation","Halt+1","Consecrate","Vault+1","CutThroughFate+1","EmptyFist","Ragnarok+1","Indignation+1","Indignation","Dark Shackles","ClearTheMind","TalkToTheHand+1","Halt+1","FlurryOfBlows+1","EmptyMind","MentalFortress+1","FlurryOfBlows+1","Madness","Madness","PanicButton","Secret Technique","Tantrum+1","SashWhip+1"],"relics":["Coffee Dripper","TeardropLocket","Vajra","Potion Belt","Regal Pillow","Runic Pyramid","Omamori","Smiling Mask","Sozu","Darkstone Periapt","Shovel","CeramicFish","OrangePellets","Toy Ornithopter","PreservedInsect","Pen Nib","Blue Candle","Mummified Hand","TheAbacus","Boot","Letter Opener"],"acts_visited":["Exordium","TheCity","TheBeyond","TheEnding"],"potions_floor_usage":[],"damage_taken":[{"damage":7.0,"enemies":"2 Louse","floor":1.0,"turns":2.0},{"damage":0.0,"enemies":"Cultist","floor":2.0,"turns":2.0},{"damage":0.0,"enemies":"Small Slimes","floor":3.0,"turns":2.0},{"damage":0.0,"enemies":"3 Louse","floor":5.0,"turns":2.0},{"damage":0.0,"enemies":"Gremlin Nob","floor":6.0,"turns":2.0},{"damage":0.0,"enemies":"Large Slime","floor":7.0,"turns":4.0},{"damage":2.0,"enemies":"3 Sentries","floor":8.0,"turns":4.0},{"damage":1.0,"enemies":"Exordium Thugs","floor":13.0,"turns":2.0},{"damage":0.0,"enemies":"Lagavulin","floor":14.0,"turns":5.0},{"damage":11.0,"enemies":"Slime Boss","floor":16.0,"turns":7.0},{"damage":4.0,"enemies":"2 Thieves","floor":18.0,"turns":3.0},{"damage":0.0,"enemies":"Shell Parasite","floor":20.0,"turns":1.0},{"damage":2.0,"enemies":"Snecko","floor":21.0,"turns":4.0},{"damage":0.0,"enemies":"Gremlin Leader","floor":23.0,"turns":3.0},{"damage":0.0,"enemies":"Snake Plant","floor":25.0,"turns":2.0},{"damage":0.0,"enemies":"Cultist and Chosen","floor":28.0,"turns":4.0},{"damage":0.0,"enemies":"Chosen and Byrds","floor":31.0,"turns":2.0},{"damage":6.0,"enemies":"Champ","floor":33.0,"turns":6.0},{"damage":4.0,"enemies":"3 Shapes","floor":35.0,"turns":4.0},{"damage":0.0,"enemies":"3 Darklings","floor":36.0,"turns":2.0},{"damage":2.0,"enemies":"Jaw Worm Horde","floor":38.0,"turns":3.0},{"damage":0.0,"enemies":"Spire Growth","floor":39.0,"turns":3.0},{"damage":17.0,"enemies":"Reptomancer","floor":40.0,"turns":3.0},{"damage":0.0,"enemies":"Giant Head","floor":42.0,"turns":5.0},{"damage":11.0,"enemies":"Sphere and 2 Shapes","floor":48.0,"turns":3.0},{"damage":11.0,"enemies":"Awakened One","floor":50.0,"turns":5.0},{"damage":0.0,"enemies":"Shield and Spear","floor":54.0,"turns":3.0},{"damage":7,"enemies":"The Heart","floor":55,"turns":6}],"seed_played":"6966048082131743759","potions_obtained":[{"floor":3.0,"key":"Fire Potion"},{"floor":6.0,"key":"SpeedPotion"},{"floor":13.0,"key":"Strength Potion"},{"floor":16.0,"key":"Explosive Potion"},{"floor":21.0,"key":"LiquidMemories"},{"floor":23.0,"key":"Energy Potion"},{"floor":31.0,"key":"Weak Potion"}],"is_trial":false,"path_per_floor":["M","M","M","?","M","E","M","E","T","R","?","R","M","E","R","B",null,"M","?","M","M","$","E","$","M","T","?","M","?","R","M","R","B",null,"M","M","?","M","M","E","R","E","T","R","?","$","R","M","R","B",null,"R","$","E","B",null],"character_chosen":"WATCHER","items_purchased":["Indignation","Omamori","Dark Shackles","PanicButton","Secret Technique","OrangePellets","Toy Ornithopter","Mummified Hand","TheAbacus","Boot"],"campfire_rested":0,"item_purchase_floors":[22,22,24,46,46,46,46,53,53,53],"current_hp_per_floor":[58,58,58,58,58,58,58,56,56,56,56,56,55,55,55,44,65,61,61,61,59,59,59,59,59,59,59,59,59,59,59,59,53,67,63,63,63,61,61,44,44,44,44,44,35,35,35,24,24,23,60,60,60,65,58],"gold":191,"neow_bonus":"BOSS_RELIC","is_daily":false,"chose_seed":false,"campfire_upgraded":6,"win_rate":0.0,"timestamp":1612825353,"path_taken":["M","M","M","?","?","E","M","E","T","R","?","R","M","E","R","BOSS","M","?","M","M","$","E","$","M","T","?","?","?","R","M","R","BOSS","M","M","?","M","M","E","R","E","T","R","?","$","R","M","R","BOSS","R","$","E","BOSS"],"items_purchased_type":["Card","Relic","Card","Card","Card","Relic","Relic","Relic","Relic","Relic"],"build_version":"2020-12-22","purchased_purges":4,"victory":true,"max_hp_per_floor":[72,72,72,72,72,72,72,72,72,72,72,72,72,72,72,72,72,72,72,72,72,72,72,72,72,72,72,72,72,72,72,72,72,72,72,72,72,72,72,72,72,72,72,72,72,72,72,72,72,72,72,72,72,72,72],"relic_stats":{"Darkstone Periapt":0,"Regal Pillow":0,"counters":[28,94],"CeramicFish":54,"Blue Candle":[0],"PreservedInsect":68,"Pen Nib":[8],"Letter Opener":[10],"Smiling Mask":225,"Boot":[8],"Sozu":2,"OrangePellets":[1],"Shovel":3,"TheAbacus":[6],"Mummified Hand":[6],"obtain_stats":[{"Potion Belt":9,"Darkstone Periapt":40,"Regal Pillow":14,"CeramicFish":43,"Blue Candle":52,"Vajra":8,"PreservedInsect":47,"Pen Nib":49,"Omamori":22,"TeardropLocket":6,"Letter Opener":54,"Smiling Mask":23,"Boot":53,"Sozu":34,"OrangePellets":46,"Shovel":42,"TheAbacus":53,"Mummified Hand":53,"Coffee Dripper":0,"PureWater":0,"Toy Ornithopter":46,"Runic Pyramid":17},{"Potion Belt":7,"Darkstone Periapt":23,"Regal Pillow":9,"CeramicFish":24,"Blue Candle":26,"Vajra":7,"PreservedInsect":24,"Pen Nib":25,"Omamori":13,"TeardropLocket":5,"Letter Opener":27,"Smiling Mask":14,"Boot":26,"Sozu":18,"OrangePellets":24,"Shovel":24,"TheAbacus":26,"Mummified Hand":26,"Coffee Dripper":0,"PureWater":0,"Toy Ornithopter":24,"Runic Pyramid":10},{"Potion Belt":18,"Darkstone Periapt":72,"Regal Pillow":25,"CeramicFish":77,"Blue Candle":85,"Vajra":18,"PreservedInsect":77,"Pen Nib":80,"Omamori":40,"TeardropLocket":10,"Letter Opener":88,"Smiling Mask":43,"Boot":85,"Sozu":57,"OrangePellets":77,"Shovel":77,"TheAbacus":85,"Mummified Hand":85,"Coffee Dripper":0,"PureWater":0,"Toy Ornithopter":77,"Runic Pyramid":32}],"Toy Ornithopter":15},"card_choices":[{"not_picked":["Protect","SashWhip"],"picked":"WheelKick","floor":1.0},{"not_picked":["WindmillStrike","JustLucky"],"picked":"FlurryOfBlows","floor":2.0},{"not_picked":["PathToVictory","Vault"],"picked":"Adaptation","floor":3.0},{"not_picked":["PathToVictory","Protect"],"picked":"Halt","floor":5.0},{"not_picked":["ThirdEye","Prostrate"],"picked":"Consecrate","floor":6.0},{"not_picked":["JustLucky","ForeignInfluence","Protect"],"picked":"SKIP","floor":7.0},{"not_picked":["SashWhip","Crescendo"],"picked":"Vault","floor":8.0},{"not_picked":["PathToVictory","SignatureMove"],"picked":"CutThroughFate","floor":13.0},{"not_picked":["EmptyBody","Consecrate"],"picked":"EmptyFist","floor":14.0},{"not_picked":["ConjureBlade","MasterReality"],"picked":"Ragnarok","floor":16.0},{"not_picked":["BowlingBash","Prostrate","EmptyFist"],"picked":"SKIP","floor":18.0},{"not_picked":["CutThroughFate","Worship"],"picked":"Indignation+1","floor":20.0},{"not_picked":["Nirvana","CrushJoints","SandsOfTime"],"picked":"SKIP","floor":21.0},{"not_picked":["JustLucky","CutThroughFate","MasterReality"],"picked":"SKIP","floor":23.0},{"not_picked":["FlyingSleeves","EmptyBody"],"picked":"ClearTheMind","floor":25.0},{"not_picked":["Crescendo","Vengeance","Consecrate"],"picked":"SKIP","floor":28.0},{"not_picked":["Pray","SandsOfTime"],"picked":"TalkToTheHand","floor":31.0},{"not_picked":["EmptyFist","Consecrate","ThirdEye"],"picked":"SKIP","floor":35.0},{"not_picked":["Crescendo+1","FlyingSleeves+1"],"picked":"Halt+1","floor":36.0},{"not_picked":["FollowUp+1","ThirdEye"],"picked":"FlurryOfBlows+1","floor":38.0},{"not_picked":["EmptyBody+1","EmptyFist+1"],"picked":"EmptyMind","floor":39.0},{"not_picked":["Weave","FlurryOfBlows"],"picked":"MentalFortress+1","floor":40.0},{"not_picked":["Establishment","JustLucky+1"],"picked":"FlurryOfBlows+1","floor":42.0},{"not_picked":["Adaptation+1","SashWhip+1"],"picked":"Tantrum+1","floor":48.0},{"not_picked":["BowlingBash","FollowUp"],"picked":"SashWhip+1","floor":54.0}],"player_experience":756752,"relics_obtained":[{"floor":6.0,"key":"TeardropLocket"},{"floor":8.0,"key":"Vajra"},{"floor":9.0,"key":"Potion Belt"},{"floor":14.0,"key":"Regal Pillow"},{"floor":23.0,"key":"Smiling Mask"},{"floor":40.0,"key":"Darkstone Periapt"},{"floor":42.0,"key":"Shovel"},{"floor":43.0,"key":"CeramicFish"},{"floor":47.0,"key":"PreservedInsect"},{"floor":49.0,"key":"Pen Nib"},{"floor":52.0,"key":"Blue Candle"},{"floor":54.0,"key":"Letter Opener"}],"event_choices":[{"damage_healed":0.0,"max_hp_gain":0.0,"max_hp_loss":0.0,"gold_gain":0.0,"event_name":"Upgrade Shrine","player_choice":"Upgraded","floor":4.0,"gold_loss":0.0,"damage_taken":0.0,"cards_upgraded":["Eruption"]},{"cards_removed":["Defend_P"],"damage_healed":0.0,"max_hp_gain":0.0,"max_hp_loss":0.0,"gold_gain":0.0,"event_name":"Living Wall","player_choice":"Forget","floor":11.0,"gold_loss":0.0,"damage_taken":0.0},{"damage_healed":0.0,"max_hp_gain":0.0,"max_hp_loss":0.0,"gold_gain":0.0,"event_name":"Ghosts","player_choice":"Ignored","floor":19.0,"gold_loss":0.0,"damage_taken":0.0},{"damage_healed":0.0,"max_hp_gain":0.0,"max_hp_loss":0.0,"gold_gain":0.0,"event_name":"N\u0027loth","player_choice":"Ignored","floor":27.0,"gold_loss":0.0,"damage_taken":0.0},{"cards_removed":["Strike_P"],"damage_healed":0.0,"max_hp_gain":0.0,"max_hp_loss":0.0,"gold_gain":0.0,"event_name":"Beggar","player_choice":"Gave Gold","floor":29.0,"gold_loss":75.0,"damage_taken":0.0},{"damage_healed":0.0,"max_hp_gain":0.0,"max_hp_loss":0.0,"gold_gain":999.0,"event_name":"MindBloom","player_choice":"Gold","floor":37.0,"gold_loss":0.0,"damage_taken":0.0,"cards_obtained":["Normality","Normality"]},{"damage_healed":0.0,"max_hp_gain":0.0,"max_hp_loss":0.0,"gold_gain":0.0,"event_name":"Winding Halls","player_choice":"Embrace Madness","floor":45.0,"gold_loss":0.0,"damage_taken":9.0,"cards_obtained":["Madness","Madness"]}],"is_beta":false,"boss_relics":[{"not_picked":["Fusion Hammer","Snecko Eye"],"picked":"Runic Pyramid"},{"not_picked":["SlaversCollar","Busted Crown"],"picked":"Sozu"}],"items_purged_floors":[22,24,46,53],"is_endless":false,"potions_floor_spawned":[3,6,13,16,21,23,31,38,40],"ascension_level":7}}