{"host":"TheHustler","time":1612807276,"event":{"mods":["BaseMod","Block Reminder","Colored Map","Colored Powertips","Minty Spire (QoL Compilation)","Quick Restart","StSLib","SuperFastMode","Unceasing Turn Reminder"],"gold_per_floor":[116,116,127,147,19,19,52,65,146,166,166,125,44,64,64,167,167,187,18,18,28,28,57,57,88,115,115,132,132,132,132],"floor_reached":30,"language":"ENG","playtime":568,"items_purged":["Strike_B"],"score":268,"play_id":"35b98aaa-c3ed-446b-908b-7807c06e6b83","local_time":"20210208190116","is_ascension_mode":false,"campfire_choices":[{"data":"Defragment","floor":6.0,"key":"SMITH"},{"data":"Zap","floor":11.0,"key":"SMITH"},{"data":"Defragment","floor":15.0,"key":"SMITH"},{"floor":24,"key":"REST"},{"floor":27,"key":"REST"}],"circlet_count":0,"master_deck":["Strike_B","Strike_B","Defend_B","Defend_B","Zap+1","Dualcast","Amplify","Lockon","Defragment+1","Sweeping Beam","Cold Snap","Melter","Defragment+1","White Noise","Echo Form","Streamline+1","Static Discharge","Barrage","FTL","Doom and Gloom+1","Darkness","Rainbow"],"relics":["Cracked Core","Du-Vu Doll","Pantograph","Snecko Eye","Membership Card","Vajra","Ancient Tea Set","Blood Vial","FaceOfCleric"],"acts_visited":["Exordium","TheCity"],"potions_floor_usage":[],"damage_taken":[{"damage":0.0,"enemies":"Small Slimes","floor":1.0,"turns":2.0},{"damage":1.0,"enemies":"Jaw Worm","floor":3.0,"turns":3.0},{"damage":1.0,"enemies":"Cultist","floor":4.0,"turns":3.0},{"damage":21.0,"enemies":"Lagavulin","floor":7.0,"turns":5.0},{"damage":13.0,"enemies":"2 Fungi Beasts","floor":8.0,"turns":3.0},{"damage":9.0,"enemies":"3 Louse","floor":10.0,"turns":3.0},{"damage":2.0,"enemies":"Blue Slaver","floor":14.0,"turns":3.0},{"damage":4.0,"enemies":"The Guardian","floor":16.0,"turns":10.0},{"damage":25.0,"enemies":"2 Thieves","floor":18.0,"turns":3.0},{"damage":10.0,"enemies":"3 Byrds","floor":21.0,"turns":4.0},{"damage":23,"enemies":"Book of Stabbing","floor":23,"turns":4},{"damage":21,"enemies":"Gremlin Leader","floor":25,"turns":5},{"damage":12,"enemies":"3 Cultists","floor":28,"turns":3},{"damage":34,"enemies":"Shelled Parasite and Fungi","floor":30,"turns":2}],"seed_played":"4768978675196712973","potions_obtained":[{"floor":1.0,"key":"PowerPotion"},{"floor":4.0,"key":"Weak Potion"},{"floor":10.0,"key":"PotionOfCapacity"},{"floor":14.0,"key":"SkillPotion"}],"is_trial":false,"path_per_floor":["M","?","M","M","$","R","E","M","T","M","R","?","$","M","R","B",null,"M","$","?","M","?","E","R","E","T","R","M","?","M"],"character_chosen":"DEFECT","items_purchased":["Sweeping Beam","Defragment","Membership Card","Static Discharge"],"campfire_rested":2,"item_purchase_floors":[5,13,19,19],"current_hp_per_floor":[75,68,67,66,66,66,45,32,32,23,23,23,23,21,21,42,75,50,50,50,40,40,17,39,18,18,40,30,30,0,0],"gold":132,"neow_bonus":"ONE_RANDOM_RARE_CARD","is_daily":false,"chose_seed":false,"campfire_upgraded":3,"win_rate":0.0,"timestamp":1612807276,"path_taken":["M","?","M","M","$","R","E","M","T","M","R","?","$","M","R","BOSS","M","$","?","M","?","E","R","E","T","R","M","?","M"],"items_purchased_type":["Card","Card","Relic","Card"],"build_version":"2020-12-18","purchased_purges":1,"victory":false,"max_hp_per_floor":[75,75,75,75,75,75,75,75,75,75,75,75,75,75,75,75,75,75,75,75,75,75,75,75,75,75,75,75,75,75,75],"card_choices":[{"not_picked":["Go for the Eyes","Beam Cell","Turbo"],"picked":"SKIP","floor":1.0},{"not_picked":["Conserve Battery","Recycle"],"picked":"Lockon","floor":3.0},{"not_picked":["Static Discharge","Self Repair"],"picked":"Defragment","floor":4.0},{"not_picked":["Auto Shields","Turbo"],"picked":"Cold Snap","floor":7.0},{"not_picked":["Chaos","Leap","Stack"],"picked":"SKIP","floor":8.0},{"not_picked":["Redo","Steam"],"picked":"Melter","floor":10.0},{"not_picked":["Defragment","Turbo"],"picked":"White Noise","floor":14.0},{"not_picked":["Amplify","Meteor Strike"],"picked":"Echo Form","floor":16.0},{"not_picked":["Reinforced Body","Hologram+1"],"picked":"Streamline+1","floor":18.0},{"not_picked":["BootSequence","Conserve Battery"],"picked":"Doom and Gloom+1","floor":21.0},{"not_picked":["Gash","Melter"],"picked":"Darkness","floor":23},{"not_picked":["Turbo","Doom and Gloom","Static Discharge+1"],"picked":"SKIP","floor":25},{"not_picked":["Compile Driver","Barrage"],"picked":"Rainbow","floor":28}],"player_experience":668085,"relics_obtained":[{"floor":7.0,"key":"Du-Vu Doll"},{"floor":9.0,"key":"Pantograph"},{"floor":23,"key":"Vajra"},{"floor":25,"key":"Ancient Tea Set"},{"floor":26,"key":"Blood Vial"}],"event_choices":[{"cards_removed":["Strike_B"],"damage_healed":0.0,"max_hp_gain":0.0,"max_hp_loss":0.0,"gold_gain":0.0,"event_name":"Golden Wing","player_choice":"Card Removal","floor":2.0,"gold_loss":0.0,"damage_taken":7.0},{"damage_healed":0.0,"max_hp_gain":0.0,"max_hp_loss":0.0,"gold_gain":0.0,"event_name":"World of Goop","player_choice":"Left Gold","floor":12.0,"gold_loss":41.0,"damage_taken":0.0},{"damage_healed":0.0,"max_hp_gain":0.0,"max_hp_loss":0.0,"gold_gain":0.0,"cards_transformed":["Defend_B","Defend_B"],"event_name":"Drug Dealer","player_choice":"Became Test Subject","floor":20.0,"gold_loss":0.0,"damage_taken":0.0,"cards_obtained":["Barrage","FTL"]},{"damage_healed":0.0,"max_hp_gain":0.0,"max_hp_loss":0.0,"gold_gain":0.0,"event_name":"Ghosts","player_choice":"Ignored","floor":22.0,"gold_loss":0.0,"damage_taken":0.0},{"damage_healed":0,"gold_gain":0,"player_choice":"Trade","damage_taken":0,"relics_obtained":["FaceOfCleric"],"max_hp_gain":0,"max_hp_loss":0,"event_name":"FaceTrader","floor":29,"gold_loss":0}],"is_beta":true,"boss_relics":[{"not_picked":["Empty Cage","Sozu"],"picked":"Snecko Eye"}],"items_purged_floors":[5],"is_endless":false,"potions_floor_spawned":[1,4,10,14,18,28],"killed_by":"Shelled Parasite and Fungi","ascension_level":0}}