{"host":"96nkmeof81a2z72a","time":1612786687,"event":{"mods":["BaseMod","Minty Spire (QoL Compilation)","Quick Restart","StSLib"],"gold_per_floor":[109,109,184,184,199,199,233,256,337,368,392,392,431,431,431,554,554,567,635,659,659,659,659,695,695,695,730,730,745,745,788,788,919,919,944,957,1057,1057,447,487,505,536,536,569,583,223,223,242,242,242,242,242,6,39,39],"floor_reached":56,"language":"ZHS","playtime":2966,"items_purged":["Sword Boomerang","Burning Pact","Bash"],"score":1438,"play_id":"5976e8ae-2f91-4c09-a670-fd210b22fdee","local_time":"20210208201807","is_ascension_mode":true,"campfire_choices":[{"data":"Whirlwind","floor":6.0,"key":"SMITH"},{"data":"True Grit","floor":12.0,"key":"SMITH"},{"data":"Uppercut","floor":15.0,"key":"SMITH"},{"data":"Demon Form","floor":23.0,"key":"SMITH"},{"data":"Body Slam","floor":25.0,"key":"SMITH"},{"data":"Bludgeon","floor":28.0,"key":"SMITH"},{"data":"Evolve","floor":32.0,"key":"SMITH"},{"floor":49.0,"key":"RECALL"},{"data":"Metallicize","floor":52.0,"key":"SMITH"}],"circlet_count":0,"master_deck":["Bludgeon+1","Whirlwind+1","Impervious+1","Sever Soul","Body Slam+1","Disarm","Uppercut+1","Battle Trance+1","True Grit+1","Demon Form+1","Metallicize+1","Immolate+1","Headbutt+1","Evolve+1","Flame Barrier","Pummel+1","Reaper+1","Sword Boomerang+1","Shrug It Off","Wireheading+1","Blade Dance+1","Warcry+1","Second Wind","Evolve","Purity+1"],"relics":["Pandora\u0027s Box","Golden Idol","Juzu Bracelet","Nunchaku","Molten Egg 2","Philosopher\u0027s Stone","Gremlin Horn","Nilry\u0027s Codex","Potion Belt","War Paint","StrikeDummy","Meat on the Bone","Ginger","Mark of Pain","Mummified Hand","PrismaticShard","PreservedInsect","Vajra","Blood Vial","Kunai","Red Skull","InkBottle","Bird Faced Urn"],"acts_visited":["Exordium","TheCity","TheBeyond","TheEnding"],"potions_floor_usage":[55,55,55,55,55],"damage_taken":[{"damage":0.0,"enemies":"2 Louse","floor":1.0,"turns":2.0},{"damage":0.0,"enemies":"Jaw Worm","floor":5.0,"turns":2.0},{"damage":6.0,"enemies":"Gremlin Nob","floor":7.0,"turns":3.0},{"damage":0.0,"enemies":"Cultist","floor":8.0,"turns":2.0},{"damage":18.0,"enemies":"3 Sentries","floor":10.0,"turns":3.0},{"damage":8.0,"enemies":"Looter","floor":11.0,"turns":2.0},{"damage":0.0,"enemies":"Gremlin Nob","floor":13.0,"turns":2.0},{"damage":4.0,"enemies":"Hexaghost","floor":16.0,"turns":8.0},{"damage":2.0,"enemies":"Chosen","floor":18.0,"turns":4.0},{"damage":2.0,"enemies":"Spheric Guardian","floor":20.0,"turns":3.0},{"damage":31.0,"enemies":"Slavers","floor":24.0,"turns":2.0},{"damage":0.0,"enemies":"Gremlin Leader","floor":27.0,"turns":3.0},{"damage":0.0,"enemies":"Centurion and Healer","floor":29.0,"turns":2.0},{"damage":4.0,"enemies":"Book of Stabbing","floor":31.0,"turns":5.0},{"damage":33.0,"enemies":"Champ","floor":33.0,"turns":6.0},{"damage":0.0,"enemies":"Orb Walker","floor":35.0,"turns":3.0},{"damage":0.0,"enemies":"3 Shapes","floor":36.0,"turns":2.0},{"damage":0.0,"enemies":"Reptomancer","floor":40.0,"turns":2.0},{"damage":0.0,"enemies":"Jaw Worm Horde","floor":41.0,"turns":2.0},{"damage":9.0,"enemies":"Giant Head","floor":42.0,"turns":4.0},{"damage":0.0,"enemies":"Nemesis","floor":44.0,"turns":3.0},{"damage":1.0,"enemies":"4 Shapes","floor":45.0,"turns":2.0},{"damage":0.0,"enemies":"Sphere and 2 Shapes","floor":48.0,"turns":1.0},{"damage":56.0,"enemies":"Awakened One","floor":50.0,"turns":7.0},{"damage":54,"enemies":"Shield and Spear","floor":54,"turns":4},{"damage":20,"enemies":"The Heart","floor":55,"turns":5}],"seed_played":"2932984565295025664","potions_obtained":[{"floor":5.0,"key":"Strength Potion"},{"floor":8.0,"key":"BloodPotion"},{"floor":10.0,"key":"FearPotion"},{"floor":13.0,"key":"ColorlessPotion"},{"floor":24.0,"key":"ColorlessPotion"},{"floor":27.0,"key":"ElixirPotion"},{"floor":31.0,"key":"SkillPotion"},{"floor":41.0,"key":"EssenceOfSteel"},{"floor":44.0,"key":"PowerPotion"}],"is_trial":false,"path_per_floor":["M","?","?","?","M","R","E","M","T","E","M","R","E","?","R","B",null,"M","T","M","?","?","R","E","R","T","E","R","M","?","E","R","B",null,"M","M","?","?","$","E","M","E","T","E","M","$","?","M","R","B",null,"R","$","E","B",null],"character_chosen":"IRONCLAD","items_purchased":["Mummified Hand","PrismaticShard","PreservedInsect","InkBottle","Second Wind","Evolve"],"campfire_rested":0,"item_purchase_floors":[39,39,39,46,53,53],"current_hp_per_floor":[80,80,69,49,49,49,43,43,43,25,33,33,33,33,33,29,80,78,78,76,60,60,60,29,29,29,29,29,41,41,49,49,28,80,80,80,80,80,80,80,80,71,71,73,79,79,79,80,80,45,80,80,80,38,46],"gold":39,"neow_bonus":"BOSS_RELIC","is_daily":false,"chose_seed":false,"campfire_upgraded":8,"win_rate":0.0,"timestamp":1612786687,"path_taken":["M","?","?","?","M","R","E","M","T","E","M","R","E","?","R","BOSS","M","?","M","?","?","R","E","R","T","E","R","M","?","E","R","BOSS","M","M","?","?","?","E","M","E","T","E","M","?","?","M","R","BOSS","R","$","E","BOSS"],"items_purchased_type":["Relic","Relic","Relic","Relic","Card","Card"],"build_version":"2020-12-22","purchased_purges":3,"victory":true,"max_hp_per_floor":[80,80,80,80,80,80,80,80,80,80,80,80,80,80,80,80,80,80,80,80,80,80,80,80,80,80,80,80,80,80,80,80,80,80,80,80,80,80,80,80,80,80,80,80,80,80,80,80,80,80,80,80,80,80,80],"card_choices":[{"not_picked":["Flex","Blood for Blood","Anger"],"picked":"SKIP","floor":1.0},{"not_picked":["Thunderclap","Spot Weakness"],"picked":"Disarm","floor":5.0},{"not_picked":["Pummel","Spot Weakness"],"picked":"Uppercut","floor":7.0},{"not_picked":["Flex","Pummel"],"picked":"Battle Trance","floor":8.0},{"not_picked":["Perfected Strike","Whirlwind","Searing Blow"],"picked":"SKIP","floor":10.0},{"not_picked":["Heavy Blade","Fire Breathing"],"picked":"True Grit","floor":11.0},{"not_picked":["Bloodletting","Headbutt+1"],"picked":"Demon Form","floor":13.0},{"not_picked":["Bludgeon+1","Exhume"],"picked":"Immolate+1","floor":16.0},{"not_picked":["Havoc","Pommel Strike+1"],"picked":"Headbutt+1","floor":18.0},{"not_picked":["Havoc","Twin Strike+1","Pommel Strike+1"],"picked":"SKIP","floor":20.0},{"not_picked":["Sword Boomerang+1","Thunderclap+1","Perfected Strike+1"],"picked":"SKIP","floor":24.0},{"not_picked":["Clothesline+1","Cleave+1","Rage"],"picked":"SKIP","floor":27.0},{"not_picked":["Sever Soul+1","Headbutt+1"],"picked":"Evolve","floor":29.0},{"not_picked":["Rage","Disarm"],"picked":"Pummel+1","floor":31.0},{"not_picked":["Impervious","Limit Break"],"picked":"Reaper+1","floor":33.0},{"not_picked":["Rampage+1","Clothesline+1"],"picked":"Sword Boomerang+1","floor":35.0},{"not_picked":["Infernal Blade","Dark Embrace"],"picked":"Shrug It Off","floor":36.0},{"not_picked":["Halt+1","Compile Driver+1"],"picked":"Wireheading+1","floor":40.0},{"not_picked":["Heel Hook+1","Cold Snap+1","Chaos"],"picked":"SKIP","floor":41.0},{"not_picked":["Leap","FlurryOfBlows+1","ThirdEye"],"picked":"SKIP","floor":42.0},{"not_picked":["Underhanded Strike+1","Scrape+1","Multi-Cast"],"picked":"SKIP","floor":44.0},{"not_picked":["Flechettes+1","Havoc+1"],"picked":"Blade Dance+1","floor":45.0},{"not_picked":["Wild Strike+1","FlurryOfBlows+1"],"picked":"Warcry+1","floor":48.0},{"not_picked":["Heavy Blade+1","Halt"],"picked":"Purity+1","floor":54}],"player_experience":561330,"relics_obtained":[{"floor":7.0,"key":"Juzu Bracelet"},{"floor":10.0,"key":"Nunchaku"},{"floor":13.0,"key":"Molten Egg 2"},{"floor":19.0,"key":"Gremlin Horn"},{"floor":21.0,"key":"Nilry\u0027s Codex"},{"floor":24.0,"key":"War Paint"},{"floor":26.0,"key":"StrikeDummy"},{"floor":27.0,"key":"Meat on the Bone"},{"floor":31.0,"key":"Ginger"},{"floor":40.0,"key":"Vajra"},{"floor":42.0,"key":"Blood Vial"},{"floor":43.0,"key":"Kunai"},{"floor":44.0,"key":"Red Skull"},{"floor":54,"key":"Bird Faced Urn"}],"event_choices":[{"damage_healed":0.0,"max_hp_gain":0.0,"max_hp_loss":0.0,"gold_gain":0.0,"event_name":"Liars Game","player_choice":"Ignored","floor":2.0,"gold_loss":0.0,"damage_taken":0.0},{"damage_healed":0.0,"max_hp_gain":0.0,"max_hp_loss":0.0,"gold_gain":75.0,"event_name":"World of Goop","player_choice":"Gather Gold","floor":3.0,"gold_loss":0.0,"damage_taken":11.0},{"damage_healed":0.0,"max_hp_gain":0.0,"max_hp_loss":0.0,"gold_gain":0.0,"event_name":"Golden Idol","player_choice":"Take Damage","floor":4.0,"gold_loss":0.0,"damage_taken":20.0,"relics_obtained":["Golden Idol"]},{"damage_healed":0.0,"max_hp_gain":0.0,"max_hp_loss":0.0,"gold_gain":0.0,"cards_transformed":["Spot Weakness"],"event_name":"Transmorgrifier","player_choice":"Transformed","floor":14.0,"gold_loss":0.0,"damage_taken":0.0,"cards_obtained":["Metallicize"]},{"damage_healed":0.0,"max_hp_gain":0.0,"max_hp_loss":0.0,"gold_gain":0.0,"event_name":"Cursed Tome","player_choice":"Obtained Book","floor":21.0,"gold_loss":0.0,"damage_taken":16.0},{"damage_healed":0.0,"max_hp_gain":0.0,"max_hp_loss":0.0,"gold_gain":0.0,"event_name":"The Mausoleum","player_choice":"Opened","floor":22.0,"gold_loss":0.0,"damage_taken":0.0,"relics_obtained":["Potion Belt"]},{"damage_healed":0.0,"max_hp_gain":0.0,"max_hp_loss":0.0,"gold_gain":0.0,"event_name":"Match and Keep!","player_choice":"1 cards matched","floor":30.0,"gold_loss":0.0,"damage_taken":0.0,"cards_obtained":["Flame Barrier"]},{"damage_healed":0.0,"max_hp_gain":0.0,"max_hp_loss":0.0,"gold_gain":100.0,"event_name":"Golden Shrine","player_choice":"Pray","floor":37.0,"gold_loss":0.0,"damage_taken":0.0},{"damage_healed":0.0,"max_hp_gain":0.0,"max_hp_loss":0.0,"gold_gain":0.0,"event_name":"SecretPortal","player_choice":"Ignored","floor":38.0,"gold_loss":0.0,"damage_taken":0.0},{"cards_removed":["Clash"],"damage_healed":0.0,"max_hp_gain":0.0,"max_hp_loss":0.0,"gold_gain":0.0,"event_name":"Purifier","player_choice":"Purged","floor":47.0,"gold_loss":0.0,"damage_taken":0.0}],"is_beta":false,"boss_relics":[{"not_picked":["Empty Cage","Tiny House"],"picked":"Philosopher\u0027s Stone"},{"not_picked":["SlaversCollar","SacredBark"],"picked":"Mark of Pain"}],"items_purged_floors":[39,46,53],"is_endless":false,"potions_floor_spawned":[5,8,10,13,24,27,31,41,44,45],"ascension_level":1}}