{"host":"d4hjo1dp8g06u19c","time":1612769196,"event":{"mods":["Act Like it!","Arknights","BaseMod","Colored Map","Colored Powertips","Downfall","Marisa£®ÏF”Í°°ƒß¿Ì…≥£©","Minty Spire (QoL Compilation)","Quick Restart","Shop Mod","Spicy Shops","StSLib","The Animator","UnlockEverythingMod","Youmu£®ªÍ∆«—˝√Œ£©"],"gold_per_floor":[114,189,189,201,228,240,282,294,330,370,382,411,83,94,94,196,196,213,213,231,247,22,22,22,22],"floor_reached":24,"language":"ZHS","playtime":1092,"items_purged":["ats:Strike C","Shame","Decay"],"score":229,"play_id":"75be0823-6abf-48c4-916d-08a59c503c35","local_time":"20210208152636","is_ascension_mode":false,"campfire_choices":[{"data":"ats:Neurotoxin","floor":6,"key":"SMITH"},{"floor":11,"key":"REST"},{"data":"ats:Roar Of Ursus","floor":15,"key":"SMITH"},{"floor":23,"key":"REST"}],"circlet_count":0,"master_deck":["ats:Strike G+1","ats:Armor Crushing Shot+1","ats:Defend","ats:Defend","ats:Defend","ats:Defend","ats:Emotion Absorption","ats:Apocalypse","ats:Neurotoxin+1","ats:Support Order","ats:Explosion Area Strengthen","ats:Flexible Camouflage","ats:Overload","ats:Assault Order","ats:Roar Of Ursus+1","ats:Poison Spread","ats:Calcification","ats:Neurotoxin+1","ats:Composite Medical Shells+1","ats:Sword Rain","ats:Automatic Cover","ats:Revitalization+1"],"relics":["ats:Sanity","NeowsBlessing","MawBank","Letter Opener","ats:Originium","Whetstone","Blood Vial","Regal Pillow","Thread and Needle","Astrolabe"],"acts_visited":["Exordium","TheCity"],"potions_floor_usage":[10,16,16,24,24],"damage_taken":[{"damage":0,"enemies":"Jaw Worm","floor":1,"turns":1},{"damage":0,"enemies":"Small Slimes","floor":5,"turns":1},{"damage":0,"enemies":"3 Sentries","floor":7,"turns":2},{"damage":34,"enemies":"Lagavulin","floor":10,"turns":8},{"damage":2,"enemies":"2 Louse","floor":12,"turns":2},{"damage":12,"enemies":"Lots of Slimes","floor":14,"turns":3},{"damage":56,"enemies":"Hexaghost","floor":16,"turns":8},{"damage":30,"enemies":"Chosen","floor":18,"turns":6},{"damage":15,"enemies":"3 Byrds","floor":20,"turns":5},{"damage":28,"enemies":"Shelled Parasite and Fungi","floor":21,"turns":6},{"damage":66,"enemies":"Slavers","floor":24,"turns":3}],"seed_played":"396950192718945832","potions_obtained":[{"floor":1,"key":"DuplicationPotion"},{"floor":5,"key":"BlessingOfTheForge"},{"floor":14,"key":"bronze:BurnAndBuffPotion"},{"floor":20,"key":"SteroidPotion"},{"floor":21,"key":"SteroidPotion"}],"is_trial":false,"path_per_floor":["M","?","?","T","M","R","E","?","T","E","R","M","$","M","R","B",null,"M","?","M","M","$","R","E"],"character_chosen":"DOCTOR_CLASS","items_purchased":["ats:Overload","ats:Assault Order","ats:Roar Of Ursus"],"campfire_rested":2,"item_purchase_floors":[13,13,13],"current_hp_per_floor":[72,61,54,54,54,54,58,58,58,38,72,70,70,60,60,18,72,45,45,37,17,17,53,0,0],"gold":22,"neow_bonus":"THREE_ENEMY_KILL","is_daily":false,"chose_seed":false,"campfire_upgraded":2,"win_rate":0.0,"timestamp":1612769196,"path_taken":["M","?","?","?","?","R","E","?","T","E","R","M","$","M","R","BOSS","M","?","?","M","$","R","E"],"items_purchased_type":["Card","Card","Card"],"build_version":"2020-12-22","purchased_purges":3,"victory":false,"max_hp_per_floor":[72,72,72,72,72,72,72,72,72,72,72,72,72,72,72,72,72,72,72,72,72,72,72,72,72],"card_choices":[{"not_picked":["ats:Directed Diagnosis","ats:Overload"],"picked":"ats:Apocalypse","floor":1},{"not_picked":["ats:Consecutive Shot Auto","ats:Cat Scratch"],"picked":"ats:Neurotoxin","floor":5},{"not_picked":["ats:Consecutive Shot Auto","ats:Ignite"],"picked":"ats:Support Order","floor":7},{"not_picked":["ats:Powerful Strike","ats:Directed Diagnosis"],"picked":"ats:Explosion Area Strengthen","floor":10},{"not_picked":["ats:Hammer On","ats:Cat Scratch"],"picked":"ats:Flexible Camouflage","floor":12},{"not_picked":["ats:Leaping Hammer","ats:Disruption Kick"],"picked":"ats:Poison Spread","floor":14},{"not_picked":["ats:Durian","ats:Soul Rend"],"picked":"ats:Calcification","floor":16},{"not_picked":["ats:Ignite","ats:Blood Oath"],"picked":"ats:Sword Rain","floor":18},{"not_picked":["ats:Song Of Battle","ats:Revitalization"],"picked":"ats:Automatic Cover","floor":20},{"not_picked":["ats:Absolute Focus","ats:Shell Defense"],"picked":"ats:Revitalization+1","floor":21}],"player_experience":128382,"relics_obtained":[{"floor":4,"key":"Letter Opener"},{"floor":7,"key":"ats:Originium"},{"floor":7,"key":"Whetstone"},{"floor":9,"key":"Regal Pillow"},{"floor":10,"key":"ats:Originium"},{"floor":10,"key":"Thread and Needle"}],"event_choices":[{"damage_healed":0,"gold_gain":75,"player_choice":"Gather Gold","damage_taken":11,"max_hp_gain":0,"max_hp_loss":0,"event_name":"World of Goop","floor":2,"gold_loss":0},{"damage_healed":0,"gold_gain":0,"player_choice":"Success","damage_taken":7,"relics_obtained":["MawBank"],"max_hp_gain":0,"max_hp_loss":0,"event_name":"Scrap Ooze","floor":3,"gold_loss":0},{"damage_healed":0,"gold_gain":0,"player_choice":"Box","damage_taken":0,"relics_obtained":["Blood Vial"],"max_hp_gain":0,"max_hp_loss":0,"event_name":"Big Fish","floor":8,"gold_loss":0,"cards_obtained":["Regret"]},{"damage_healed":0,"gold_gain":0,"player_choice":"Cursed","damage_taken":0,"max_hp_gain":0,"max_hp_loss":0,"event_name":"Wheel of Change","floor":19,"gold_loss":0,"cards_obtained":["Decay"]}],"is_beta":false,"boss_relics":[{"not_picked":["Snecko Eye","Ectoplasm"],"picked":"Astrolabe"}],"items_purged_floors":[13,22,22],"is_endless":false,"potions_floor_spawned":[1,5,14,20,21],"killed_by":"Slavers","ascension_level":0}}