{"host":"pmmuxs046gii331m","time":1612815654,"event":{"mods":["AchievementEnabler","BaseMod","Colored Powertips","Downfall","Gold Saver","Infinite Spire","Minty Spire (QoL Compilation)","Permanent Neow","Quick Restart","StSLib"],"gold_per_floor":[332,344,220,235,235,267,267,279,325,325,22,50,66,78,78,183,183,183,183],"floor_reached":18,"language":"ENG","playtime":1869,"items_purged":["Strike_R","Strike_R"],"score":206,"play_id":"23a8d95f-6154-48bc-9869-1c4013d2a2b7","local_time":"20210208152054","is_ascension_mode":true,"campfire_choices":[{"data":"Armaments","floor":10,"key":"SMITH"},{"data":"Body Slam","floor":15,"key":"SMITH"}],"circlet_count":0,"master_deck":["Strike_R","Strike_R","Defend_R","Defend_R","Defend_R","Defend_R","Bash","Rampage","True Grit","Body Slam+1","Flex","Armaments+1","Twin Strike","Barricade","Cleave","Limit Break"],"relics":["Burning Blood","White Beast Statue","Brimstone","Blood Vial","Velvet Choker"],"acts_visited":["Exordium","TheCity"],"potions_floor_usage":[6,12,16,16,16],"damage_taken":[{"damage":0,"enemies":"Small Slimes","floor":1,"turns":3},{"damage":2,"enemies":"Jaw Worm","floor":2,"turns":4},{"damage":1,"enemies":"Cultist","floor":4,"turns":3},{"damage":48,"enemies":"Lagavulin","floor":6,"turns":7},{"damage":13,"enemies":"Red Slaver","floor":8,"turns":5},{"damage":15,"enemies":"3 Sentries","floor":12,"turns":5},{"damage":6,"enemies":"Gremlin Gang","floor":13,"turns":4},{"damage":0,"enemies":"Exordium Wildlife","floor":14,"turns":4},{"damage":43,"enemies":"The Guardian","floor":16,"turns":8},{"damage":83,"enemies":"3 Byrds","floor":18,"turns":4}],"seed_played":"-1366402544457679306","potions_obtained":[{"floor":2,"key":"ColorlessPotion"},{"floor":8,"key":"Fire Potion"},{"floor":12,"key":"PowerPotion"},{"floor":13,"key":"AttackPotion"},{"floor":16,"key":"BlessingOfTheForge"}],"is_trial":false,"path_per_floor":["M","M","$","M","?","E","?","M","T","R","$","E","M","M","R","B",null,"M"],"character_chosen":"IRONCLAD","items_purchased":["BloodPotion","Brimstone","Twin Strike"],"campfire_rested":0,"item_purchase_floors":[3,11,11],"current_hp_per_floor":[80,80,80,80,80,38,38,31,31,31,31,22,24,32,32,13,80,0,0],"gold":183,"neow_bonus":"THREE_CARDS","is_daily":false,"chose_seed":false,"campfire_upgraded":2,"win_rate":0.0,"timestamp":1612815654,"path_taken":["M","M","$","M","?","E","?","?","T","R","?","E","?","M","R","BOSS","M"],"items_purchased_type":["Potion","Relic","Card"],"build_version":"2020-12-22","purchased_purges":2,"victory":false,"max_hp_per_floor":[80,80,80,80,80,80,80,80,80,80,80,80,80,80,80,80,80,80,80],"card_choices":[{"not_picked":["Headbutt","infinitespire:OneForAll"],"picked":"Rampage","floor":0},{"not_picked":["Ghostly Armor","Clothesline"],"picked":"True Grit","floor":1},{"not_picked":["Evolve","Thunderclap"],"picked":"Body Slam","floor":2},{"not_picked":["Shockwave","Hemokinesis"],"picked":"Flex","floor":4},{"not_picked":["Spot Weakness","Clothesline"],"picked":"Armaments","floor":6},{"not_picked":["True Grit","Infernal Blade","Flex"],"picked":"SKIP","floor":8},{"not_picked":["Uppercut","Sentinel","Flex"],"picked":"SKIP","floor":12},{"not_picked":["Iron Wave","Armaments"],"picked":"Barricade","floor":13},{"not_picked":["Havoc","Perfected Strike"],"picked":"Cleave","floor":14},{"not_picked":["Fiend Fire","Feed"],"picked":"Limit Break","floor":16}],"player_experience":476877,"relics_obtained":[{"floor":6,"key":"White Beast Statue"},{"floor":12,"key":"Blood Vial"}],"event_choices":[{"damage_healed":0,"gold_gain":0,"player_choice":"Ignored","damage_taken":0,"max_hp_gain":0,"max_hp_loss":0,"event_name":"Liars Game","floor":5,"gold_loss":0},{"cards_removed":["Strike_R"],"damage_healed":0,"gold_gain":0,"player_choice":"Offered Basic","damage_taken":0,"max_hp_gain":0,"max_hp_loss":0,"event_name":"Bonfire Elementals","floor":7,"gold_loss":0}],"is_beta":false,"boss_relics":[{"not_picked":["infinitespire:Burning Sword","Black Blood"],"picked":"Velvet Choker"}],"items_purged_floors":[3,11],"is_endless":false,"potions_floor_spawned":[2,8,12,13,14,16],"killed_by":"3 Byrds","ascension_level":4}}