{"host":"zs3tguvuxkh90jf4","time":1612758673,"event":{"mods":["AchievementEnabler","BaseMod","Better Silent Start","Better-Laid Plans","BetterRewards","Block Reminder","Colored Map","Colored Powertips","Gold Saver","Minty Spire (QoL Compilation)","Shop Mod","StSLib","Transform Curses"],"gold_per_floor":[1187,1187,1200,1249,1249,1288,1313,1313,1313,1347,734,734,758,781,781,781,781],"floor_reached":16,"language":"ENG","playtime":778,"items_purged":["Regret"],"score":135,"play_id":"e7592d71-f763-4a16-b9f3-009fe8e027b7","local_time":"20210207203113","is_ascension_mode":false,"campfire_choices":[{"floor":8,"key":"REST"},{"floor":15,"key":"REST"}],"circlet_count":0,"master_deck":["Strike_P","Strike_P","Strike_P","Strike_P","Defend_P","Defend_P","Eruption","Vigilance","FollowUp","Consecrate","FlurryOfBlows","PathToVictory","CrushJoints","EmptyBody","Establishment","LessonLearned","ClearTheMind","ThirdEye"],"relics":["PureWater","PreservedInsect","Golden Idol","Centennial Puzzle","Turnip","Gambling Chip","Membership Card","Vajra","Darkstone Periapt","MerchantsRug","Matryoshka"],"acts_visited":["Exordium"],"potions_floor_usage":[11,13],"damage_taken":[{"damage":0,"enemies":"2 Louse","floor":1,"turns":2},{"damage":9,"enemies":"Jaw Worm","floor":3,"turns":3},{"damage":16,"enemies":"3 Sentries","floor":6,"turns":6},{"damage":1,"enemies":"Small Slimes","floor":7,"turns":3},{"damage":31,"enemies":"Lagavulin","floor":10,"turns":4},{"damage":17,"enemies":"Exordium Thugs","floor":13,"turns":4},{"damage":10,"enemies":"Exordium Wildlife","floor":14,"turns":5},{"damage":32,"enemies":"The Guardian","floor":16,"turns":4}],"seed_played":"-6154791714020290243","potions_obtained":[{"floor":6,"key":"SpeedPotion"}],"is_trial":false,"path_per_floor":["M","?","M","T","?","E","M","R","T","E","$","?","M","M","R","B"],"character_chosen":"WATCHER","items_purchased":["FollowUp","Membership Card","Vajra","Darkstone Periapt","Establishment","LessonLearned","Fruit Juice","MerchantsRug"],"campfire_rested":2,"item_purchase_floors":[0,11,11,11,11,11,11,11],"current_hp_per_floor":[72,82,73,73,53,37,36,60,60,29,34,31,14,4,30,0,0],"gold":781,"neow_bonus":"","is_daily":false,"chose_seed":false,"campfire_upgraded":0,"win_rate":0.0,"timestamp":1612758673,"path_taken":["M","?","M","?","?","E","M","R","T","E","$","?","M","?","R","BOSS"],"items_purchased_type":["Card","Relic","Relic","Relic","Card","Card","Potion","Relic"],"build_version":"2020-12-22","purchased_purges":1,"victory":false,"max_hp_per_floor":[72,82,82,82,82,82,82,82,82,82,87,87,87,87,87,87,87],"card_choices":[{"not_picked":["FollowUp","ThirdEye"],"picked":"Consecrate","floor":1},{"not_picked":["Tantrum","JustLucky"],"picked":"FlurryOfBlows","floor":3},{"not_picked":["Conclude","FollowUp"],"picked":"PathToVictory","floor":6},{"not_picked":["WindmillStrike","Perseverance"],"picked":"CrushJoints","floor":7},{"not_picked":["ThirdEye","Sanctity"],"picked":"EmptyBody","floor":10},{"not_picked":["FlurryOfBlows","Indignation"],"picked":"ClearTheMind","floor":13},{"not_picked":["Crescendo","EmptyFist"],"picked":"ThirdEye","floor":14}],"player_experience":552543,"relics_obtained":[{"floor":4,"key":"PreservedInsect"},{"floor":6,"key":"Centennial Puzzle"},{"floor":9,"key":"Turnip"},{"floor":10,"key":"Gambling Chip"}],"event_choices":[{"damage_healed":0,"gold_gain":0,"player_choice":"Box","damage_taken":0,"relics_obtained":["Pear"],"max_hp_gain":0,"max_hp_loss":0,"event_name":"Big Fish","floor":2,"gold_loss":0,"cards_obtained":["Regret"]},{"damage_healed":0,"gold_gain":0,"player_choice":"Take Damage","damage_taken":20,"relics_obtained":["Golden Idol"],"max_hp_gain":0,"max_hp_loss":0,"event_name":"Golden Idol","floor":5,"gold_loss":0},{"damage_healed":0,"gold_gain":0,"player_choice":"Success","damage_taken":3,"relics_obtained":["Matryoshka"],"max_hp_gain":0,"max_hp_loss":0,"event_name":"Scrap Ooze","floor":12,"gold_loss":0}],"is_beta":false,"boss_relics":[],"items_purged_floors":[11],"is_endless":false,"potions_floor_spawned":[6],"killed_by":"The Guardian","ascension_level":0}}