{"host":"350rh84kbmtekt58","time":1612778744,"event":{"mods":["AchievementEnabler","Act Like it!","BaseMod","Better Synergies","Block Reminder","CapriCore","Challenge The Spire","Colored Map","Colored Powertips","Communication Mod","Downfall","Energized Spire","Friendly Minions","GifTheSpireLib","Highlight Path","Minty Spire (QoL Compilation)","Quick Restart","Replay The Spire","Shop Mod","StSLib","The Animator","The Disciple","The Immortal","The Marked","The Runesmith","The Servant 0.9.4","The Wild Card","Transform Curses","yUi"],"gold_per_floor":[368,378,22,33,208,208,239,17,17,32,32,43,43,68,68,192,192,208,227,227,260,27,27,27],"floor_reached":23,"language":"ENG","playtime":1611,"items_purged":["Doubt"],"score":216,"play_id":"3ce48e62-5655-4a2e-bb21-e30629b393ce","local_time":"20210208040544","is_ascension_mode":false,"campfire_choices":[{"data":"Spot Weakness","floor":6,"key":"SMITH"},{"floor":15,"key":"REST"}],"circlet_count":0,"master_deck":["Strike_R","Strike_R","Strike_R","Strike_R","Strike_R","Defend_R","Defend_R","Defend_R","Defend_R","Bash","ReplayReversal","Spot Weakness+1","Infernal Blade+1","Perfected Strike","Perfected Strike","ReplayReversal+1","Limit Break+1","ReplayTheSpireMod:Brewmster","Pommel Strike+1","Run Through","Rupture","Injury","Seeing Red+1","Berserk","Armaments+1","Iron Wave","Ghostly+1","Ghostly+1","Ghostly+1","Ghostly+1","Ghostly+1","Intimidate+1","Ghostly Armor+1"],"relics":["Burning Blood","Toxic Egg 2","Thread and Needle","Letter Opener","Smiling Mask","Golden Idol","ChewingGum","Red Mask","Red Skull"],"acts_visited":["Exordium","TheCity"],"potions_floor_usage":[7,7,12,14,16,16,16,16,16,16,16,18,18,18,18,19,19,19,23,23,23],"damage_taken":[{"damage":9,"enemies":"Cultist","floor":1,"turns":4},{"damage":6,"enemies":"Jaw Worm","floor":2,"turns":4},{"damage":2,"enemies":"2 Louse","floor":4,"turns":2},{"damage":35,"enemies":"3 Sentries","floor":7,"turns":7},{"damage":3,"enemies":"Looter","floor":10,"turns":3},{"damage":10,"enemies":"Large Slime","floor":12,"turns":3},{"damage":17,"enemies":"Exordium Thugs","floor":14,"turns":4},{"damage":24,"enemies":"Fading Forest","floor":16,"turns":11},{"damage":16,"enemies":"3 Byrds","floor":18,"turns":4},{"damage":25,"enemies":"Chosen","floor":19,"turns":4},{"damage":21,"enemies":"Masked Bandits","floor":21,"turns":5},{"damage":30,"enemies":"Gremlin Leader","floor":23,"turns":3}],"seed_played":"-3023837986839779243","potions_obtained":[{"floor":1,"key":"Milkshake"},{"floor":4,"key":"LiquidMemories"},{"floor":12,"key":"PowerPotion"},{"floor":14,"key":"SmokeBomb"},{"floor":18,"key":"Swift Potion"}],"is_trial":false,"path_per_floor":["M","M","$","M","?","R","E","$","T","M","T","M","?","M","R","B",null,"M","M","?","?","$","E"],"character_chosen":"IRONCLAD","items_purchased":["Toxic Egg 2","Infernal Blade+1","Perfected Strike","ReplayTheSpireMod:Brewmster","Pommel Strike+1","Red Skull","Ghostly Armor+1"],"campfire_rested":1,"item_purchase_floors":[3,3,3,8,8,22,22],"current_hp_per_floor":[69,69,69,72,72,72,43,43,43,46,46,42,42,31,52,34,72,62,43,36,21,21,0,0],"gold":27,"neow_bonus":"TWO_FIFTY_GOLD","is_daily":false,"chose_seed":false,"campfire_upgraded":1,"win_rate":0.0,"timestamp":1612778744,"path_taken":["M","M","$","?","?","R","E","$","T","M","?","M","?","M","R","BOSS","M","M","?","?","$","E"],"items_purchased_type":["Relic","Card","Card","Card","Card","Relic","Card"],"build_version":"2020-12-22","purchased_purges":1,"victory":false,"max_hp_per_floor":[72,72,72,72,72,72,72,72,72,72,72,72,72,72,72,72,72,72,72,36,36,36,36,36],"card_choices":[{"not_picked":["Thunderclap","Entrench"],"picked":"ReplayReversal","floor":1},{"not_picked":["Sword Boomerang","Flex"],"picked":"Spot Weakness","floor":2},{"not_picked":["Headbutt","Anger"],"picked":"ReplayReversal+1","floor":4},{"not_picked":["Thunderclap","Spot Weakness+1"],"picked":"Limit Break+1","floor":7},{"not_picked":["Havoc+1","Anger"],"picked":"Run Through","floor":10},{"not_picked":["Uppercut","Iron Wave"],"picked":"Rupture","floor":12},{"not_picked":["Clothesline","Pommel Strike"],"picked":"Seeing Red+1","floor":14},{"not_picked":["Demonic Infusion+1","Limit Break+1"],"picked":"Berserk","floor":16},{"not_picked":["Perfected Strike+1","Rampage+1"],"picked":"Armaments+1","floor":18},{"not_picked":["Defy Death+1","Replay:Undeath\u0027s Touch"],"picked":"Iron Wave","floor":19},{"not_picked":["Life Link","Thunderclap"],"picked":"Intimidate+1","floor":21}],"player_experience":233725,"relics_obtained":[{"floor":7,"key":"Thread and Needle"},{"floor":9,"key":"Letter Opener"},{"floor":11,"key":"Smiling Mask"},{"floor":21,"key":"Red Mask"}],"event_choices":[{"damage_healed":0,"gold_gain":175,"player_choice":"AGREE","damage_taken":0,"max_hp_gain":0,"max_hp_loss":0,"event_name":"Liars Game","floor":5,"gold_loss":0,"cards_obtained":["Doubt"]},{"damage_healed":0,"gold_gain":0,"player_choice":"Take Wound","damage_taken":0,"relics_obtained":["Golden Idol"],"max_hp_gain":0,"max_hp_loss":0,"event_name":"Golden Idol","floor":13,"gold_loss":0,"cards_obtained":["Injury"]},{"damage_healed":0,"gold_gain":0,"player_choice":"Became a Ghost","damage_taken":0,"max_hp_gain":0,"max_hp_loss":36,"event_name":"Ghosts","floor":20,"gold_loss":0,"cards_obtained":["Ghostly","Ghostly","Ghostly","Ghostly","Ghostly"]},{"damage_healed":0,"gold_gain":0,"player_choice":"Fought Bandits","damage_taken":0,"max_hp_gain":0,"max_hp_loss":0,"event_name":"Masked Bandits","floor":21,"gold_loss":0}],"is_beta":false,"boss_relics":[{"not_picked":["Runesmith:UraniumAnvil","Ring of Chaos"],"picked":"ChewingGum"}],"items_purged_floors":[22],"is_endless":false,"potions_floor_spawned":[1,4,12,14,18],"killed_by":"Gremlin Leader","ascension_level":0}}