{"host":"bz6w3lfmpwgz81o3","time":1612796410,"event":{"mods":["BaseMod","Downfall","Hermit","Minty Spire (QoL Compilation)","StSLib"],"gold_per_floor":[99,111,96,115,134,148,197,214,229,229,254,271,82,94,104,104,104],"floor_reached":16,"language":"ENG","playtime":969,"items_purged":[],"score":108,"play_id":"38611f2a-781f-47fb-8114-8c8d1714eaeb","local_time":"20210208160010","is_ascension_mode":false,"campfire_choices":[{"data":"hermit:Snapshot","floor":1,"key":"SMITH"},{"data":"hermit:OverwhelmingPower","floor":10,"key":"SMITH"}],"circlet_count":0,"master_deck":["hermit:Strike_Hermit","hermit:Strike_Hermit","hermit:Strike_Hermit","hermit:Strike_Hermit","hermit:Defend_Hermit","hermit:Defend_Hermit","hermit:Defend_Hermit","hermit:Defend_Hermit","hermit:Snapshot+1","hermit:Covet","hermit:OverwhelmingPower+1","hermit:CalledShot","hermit:GhostlyPresence","hermit:CalledShot","expansioncontent:StudyTheSpire","hermit:Midnight"],"relics":["hermit:Momento","Centennial Puzzle","Anchor"],"acts_visited":["Exordium"],"potions_floor_usage":[8,9,11,16,16,16],"damage_taken":[{"damage":0,"enemies":"Cultist","floor":2,"turns":4},{"damage":0,"enemies":"downfall:FleeingMerchant","floor":3,"turns":4},{"damage":4,"enemies":"Small Slimes","floor":4,"turns":4},{"damage":11,"enemies":"Jaw Worm","floor":5,"turns":5},{"damage":4,"enemies":"Exordium Wildlife","floor":6,"turns":3},{"damage":0,"enemies":"3 Louse","floor":8,"turns":3},{"damage":7,"enemies":"Blue Slaver","floor":9,"turns":3},{"damage":16,"enemies":"3 Sentries","floor":11,"turns":9},{"damage":5,"enemies":"Lots of Slimes","floor":12,"turns":5},{"damage":5,"enemies":"downfall:FleeingMerchant","floor":13,"turns":4},{"damage":5,"enemies":"Exordium Wildlife","floor":14,"turns":8},{"damage":11,"enemies":"Blue Slaver","floor":15,"turns":4},{"damage":15,"enemies":"SI_SHIV_ARCHETYPE","floor":16,"turns":8}],"seed_played":"6265009716258201804","potions_obtained":[{"floor":2,"key":"sneckomod:MuddlingPotion"},{"floor":4,"key":"Guardian:BlockOnCardUsePotion"},{"floor":5,"key":"Swift Potion"},{"floor":9,"key":"DistilledChaos"},{"floor":11,"key":"hexamod:SoulburnPotion"},{"floor":15,"key":"Slimebound:ThreeZeroPotion"}],"is_trial":false,"path_per_floor":["R","M","$","M","M","M","T","M","M","R","E","M","$","M","M","B"],"character_chosen":"HERMIT","items_purchased":["expansioncontent:StudyTheSpire"],"campfire_rested":0,"item_purchase_floors":[13],"current_hp_per_floor":[82,82,82,78,67,63,63,63,56,56,40,35,30,25,14,0,0],"gold":104,"neow_bonus":"TEN_PERCENT_HP_BONUS","is_daily":false,"chose_seed":false,"campfire_upgraded":2,"win_rate":0.0,"timestamp":1612796410,"path_taken":["R","M","$","M","M","M","T","?","M","R","E","M","$","M","M","BOSS"],"items_purchased_type":["Card"],"build_version":"2020-12-22","purchased_purges":0,"victory":false,"max_hp_per_floor":[82,82,82,82,82,82,82,82,82,82,82,82,82,82,82,82,82],"card_choices":[{"not_picked":["hermit:TakeCover","hermit:ItchyTrigger","hermit:BodyArmor"],"picked":"SKIP","floor":2},{"not_picked":["hermit:SprayPray","hermit:Coalescence"],"picked":"hermit:OverwhelmingPower","floor":3},{"not_picked":["hermit:PistolWhip","hermit:Desperado"],"picked":"hermit:CalledShot","floor":4},{"not_picked":["hermit:WideOpen","hermit:TrackingShot","hermit:Spite"],"picked":"SKIP","floor":5},{"not_picked":["hermit:TrackingShot","hermit:Misfire","hermit:Snipe"],"picked":"SKIP","floor":6},{"not_picked":["hermit:Feint","hermit:Malice","hermit:Snipe"],"picked":"SKIP","floor":8},{"not_picked":["hermit:Vantage","hermit:Showdown","hermit:FullyLoaded"],"picked":"SKIP","floor":9},{"not_picked":["hermit:BodyArmor","hermit:Desperado","hermit:Roulette"],"picked":"SKIP","floor":11},{"not_picked":["hermit:HoleUp","hermit:Reprieve"],"picked":"hermit:GhostlyPresence","floor":12},{"not_picked":["hermit:LowProfile","hermit:Showdown"],"picked":"hermit:CalledShot","floor":13},{"not_picked":["hermit:WideOpen","hermit:Coalescence"],"picked":"hermit:Midnight","floor":14},{"not_picked":["hermit:Manifest","hermit:Glare","hermit:Ricochet"],"picked":"SKIP","floor":15}],"player_experience":19235,"relics_obtained":[{"floor":7,"key":"Centennial Puzzle"},{"floor":11,"key":"Anchor"}],"event_choices":[],"is_beta":false,"boss_relics":[],"items_purged_floors":[],"is_endless":false,"potions_floor_spawned":[2,4,5,9,11,15],"killed_by":"SI_SHIV_ARCHETYPE","ascension_level":0}}