{"host":"fv4u04bzswzfg5qa","time":1612746147,"event":{"mods":["BaseMod","Colored Map","Colored Powertips","Highlight Path","Minty Spire (QoL Compilation)","StSLib","Synergy Search"],"gold_per_floor":[113,113,129,129,147,147,147,147,147,168,188,209,209,253,253,382,382,402,402,402,26,51,51,92,92,119,119,65,80,80,80],"floor_reached":30,"language":"ENG","playtime":1598,"items_purged":["Strike_R"],"score":273,"play_id":"d89086d3-c110-4ae2-9408-899545c39a9e","local_time":"20210207200227","is_ascension_mode":true,"campfire_choices":[{"data":"Inflame","floor":6,"key":"SMITH"},{"data":"Armaments","floor":8,"key":"SMITH"},{"data":"Spot Weakness","floor":13,"key":"SMITH"},{"floor":15,"key":"REST"},{"data":"Inflame","floor":23,"key":"SMITH"},{"floor":25,"key":"REST"},{"data":"J.A.X.","floor":27,"key":"SMITH"}],"circlet_count":0,"master_deck":["Strike_R","Strike_R","Strike_R","Strike_R","Defend_R+1","Defend_R","Defend_R+1","Defend_R","Bash","Inflame+1","Twin Strike","Armaments+1","Parasite","Twin Strike","Spot Weakness+1","Evolve","J.A.X.+1","Writhe","Iron Wave","Inflame+1","Heavy Blade","Cleave","Feel No Pain"],"relics":["Black Blood","Nunchaku","Golden Idol","Potion Belt","PreservedInsect","War Paint","Kunai","HornCleat","Calipers","Lantern"],"acts_visited":["Exordium","TheCity"],"potions_floor_usage":[16,16,22],"damage_taken":[{"damage":7,"enemies":"Jaw Worm","floor":1,"turns":3},{"damage":0,"enemies":"Small Slimes","floor":3,"turns":2},{"damage":5,"enemies":"2 Louse","floor":5,"turns":2},{"damage":12,"enemies":"Exordium Wildlife","floor":10,"turns":5},{"damage":13,"enemies":"2 Fungi Beasts","floor":11,"turns":4},{"damage":20,"enemies":"Large Slime","floor":12,"turns":5},{"damage":26,"enemies":"Lagavulin","floor":14,"turns":6},{"damage":35,"enemies":"Slime Boss","floor":16,"turns":8},{"damage":18,"enemies":"Chosen","floor":18,"turns":5},{"damage":24,"enemies":"Spheric Guardian","floor":22,"turns":5},{"damage":43,"enemies":"Slavers","floor":24,"turns":6},{"damage":17,"enemies":"Centurion and Healer","floor":29,"turns":4},{"damage":51,"enemies":"Chosen and Byrds","floor":30,"turns":6}],"seed_played":"-7035818622830362983","potions_obtained":[{"floor":1,"key":"Ancient Potion"},{"floor":10,"key":"BlessingOfTheForge"},{"floor":11,"key":"Weak Potion"},{"floor":12,"key":"Strength Potion"},{"floor":18,"key":"Weak Potion"},{"floor":22,"key":"Dexterity Potion"}],"is_trial":false,"path_per_floor":["M","?","M","T","M","R","?","R","T","M","M","M","R","E","R","B",null,"M","?","?","$","M","R","E","R","T","R","$","M","M"],"character_chosen":"IRONCLAD","items_purchased":["HornCleat","Iron Wave","Cleave"],"campfire_rested":2,"item_purchase_floors":[21,21,28],"current_hp_per_floor":[79,59,65,65,66,66,80,80,80,74,67,53,53,33,57,28,80,74,74,74,74,62,62,31,55,55,55,55,50,0,0],"gold":80,"neow_bonus":"RANDOM_COMMON_RELIC","is_daily":false,"chose_seed":false,"campfire_upgraded":5,"win_rate":0.0,"timestamp":1612746147,"path_taken":["M","?","M","?","M","R","?","R","T","M","M","M","R","E","R","BOSS","M","?","?","$","M","R","E","R","T","R","$","M","M"],"items_purchased_type":["Relic","Card","Card"],"build_version":"2020-12-22","purchased_purges":1,"victory":false,"max_hp_per_floor":[80,80,80,80,80,80,80,80,80,80,80,80,80,80,80,80,80,80,80,80,80,80,80,80,80,80,80,80,80,80,80],"card_choices":[{"not_picked":["Sever Soul","Wild Strike"],"picked":"Inflame","floor":1},{"not_picked":["Perfected Strike","Rampage"],"picked":"Twin Strike","floor":3},{"not_picked":["Twin Strike","Shrug It Off"],"picked":"Armaments","floor":5},{"not_picked":["Sentinel","Armaments","Flex"],"picked":"SKIP","floor":10},{"not_picked":["Warcry","Combust"],"picked":"Twin Strike","floor":11},{"not_picked":["Exhume","Hemokinesis"],"picked":"Spot Weakness","floor":12},{"not_picked":["Disarm","Flex"],"picked":"Evolve","floor":14},{"not_picked":["Clash+1","True Grit","Headbutt"],"picked":"SKIP","floor":18},{"not_picked":["Clothesline","Headbutt+1"],"picked":"Inflame","floor":22},{"not_picked":["Wild Strike","Rupture"],"picked":"Heavy Blade","floor":24},{"not_picked":["True Grit","Armaments+1"],"picked":"Feel No Pain","floor":29}],"player_experience":242943,"relics_obtained":[{"floor":4,"key":"Potion Belt"},{"floor":9,"key":"PreservedInsect"},{"floor":14,"key":"War Paint"},{"floor":24,"key":"Calipers"},{"floor":26,"key":"Lantern"}],"event_choices":[{"damage_healed":0,"gold_gain":0,"player_choice":"Take Damage","damage_taken":20,"relics_obtained":["Golden Idol"],"max_hp_gain":0,"max_hp_loss":0,"event_name":"Golden Idol","floor":2,"gold_loss":0},{"damage_healed":20,"gold_gain":0,"player_choice":"Healed and dodged fight","damage_taken":0,"max_hp_gain":0,"max_hp_loss":0,"event_name":"Mushrooms","floor":7,"gold_loss":0,"cards_obtained":["Parasite"]},{"damage_healed":0,"gold_gain":0,"player_choice":"Obtain J.A.X.","damage_taken":0,"max_hp_gain":0,"max_hp_loss":0,"event_name":"Drug Dealer","floor":19,"gold_loss":0,"cards_obtained":["J.A.X."]},{"damage_healed":0,"gold_gain":0,"player_choice":"Opened","damage_taken":0,"relics_obtained":["Kunai"],"max_hp_gain":0,"max_hp_loss":0,"event_name":"The Mausoleum","floor":20,"gold_loss":0,"cards_obtained":["Writhe"]}],"is_beta":false,"boss_relics":[{"not_picked":["Empty Cage","Snecko Eye"],"picked":"Black Blood"}],"items_purged_floors":[21],"is_endless":false,"potions_floor_spawned":[1,10,11,12,18,22],"killed_by":"Chosen and Byrds","ascension_level":2}}