{"host":"ewns8ifhbubwkcum","time":1612763075,"event":{"mods":["BaseMod","Block Reminder","Colored Map","Colored Powertips","Downfall","Highlight Path","Minty Spire (QoL Compilation)","Permanent Neow","Quick Restart","Random Character Button","StSLib"],"gold_per_floor":[0,18,30,45,195,195,195,195,215,246,268,292,329,355,379,491,491,391,175,0,0,0,343,343,408,452,519,528,628,670,746,786,947,947,947,1025,1062,1062,1062,1099,1153,218,290,346,373,373,441,479,479],"floor_reached":50,"language":"ENG","playtime":7260,"items_purged":["downfall:Icky"],"score":1249,"play_id":"588be1ce-1ac5-46c8-bc8f-e471cf9f0798","local_time":"20210207234435","is_ascension_mode":true,"campfire_choices":[{"data":"sneckomod:Unknown3Cost","floor":6,"key":"SMITH"},{"floor":35,"key":"RECALL"}],"circlet_count":0,"master_deck":["sneckomod:TailWhip","sneckomod:SnekBite","sneckomod:Unknown+1","Perseverance","sneckomod:UnknownDraw+1","hexamod:SecondSeal","sneckomod:SoulRoll","sneckomod:SerpentIdol","sneckomod:ImprovisedAttack","sneckomod:SlitherStrike","Vault+1","sneckomod:Unknown3Cost","Leg Sweep","sneckomod:CheapStock+1","sneckomod:UnknownUncommonSkill","sneckomod:Nope","sneckomod:UnknownRareAttack","sneckomod:Nope","sneckomod:UnknownX","sneckomod:UnknownClassPURPLE","sneckomod:UnknownUncommonPower","sneckomod:UnknownCommonSkill","sneckomod:UnknownDexterity","sneckomod:UnknownStrength","sneckomod:GlitteringGambit","sneckomod:QuickMove","sneckomod:UnknownClassGREEN+1","sneckomod:UnknownBoss","TalkToTheHand","sneckomod:UnknownStrength+1","sneckomod:IronFang+1","sneckomod:DangerNoodle","sneckomod:UnknownBlock+1","sneckomod:SoulDraw+1","sneckomod:Unknown0Cost+1","sneckomod:SnekBeam+1","hexamod:SecondSeal","sneckomod:IronFang+1","sneckomod:DiceBlock+1","sneckomod:CheapStock"],"relics":["sneckomod:SneckoSoul","Thread and Needle","WingedGreaves","The Courier","CaptainsWheel","SlaversCollar","downfall:HeartBlessingGreen","Lantern","Old Coin","CeramicFish","Anchor","Bronze Scales","Meat on the Bone","Busted Crown","StrikeDummy","hexamod:BolsterEngine","HandDrill","hexamod:CandleOfCauterizing","FossilizedHelix","Letter Opener","sneckomod:ConfusingCodex","Vajra","Art of War","Oddly Smooth Stone","downfall:TeleportStone","Bird Faced Urn"],"acts_visited":["Exordium","TheCity","TheBeyond"],"potions_floor_usage":[10,10,13,16,16,16,23,25,26,27,31,37,42,45,45,49,49,49,49,49],"damage_taken":[{"damage":0,"enemies":"Cultist","floor":2,"turns":5},{"damage":0,"enemies":"2 Louse","floor":3,"turns":2},{"damage":0,"enemies":"Jaw Worm","floor":4,"turns":4},{"damage":2,"enemies":"3 Louse","floor":9,"turns":2},{"damage":34,"enemies":"3 Sentries","floor":10,"turns":11},{"damage":0,"enemies":"Blue Slaver","floor":11,"turns":8},{"damage":7,"enemies":"Exordium Thugs","floor":12,"turns":8},{"damage":0,"enemies":"Lagavulin","floor":13,"turns":6},{"damage":14,"enemies":"Exordium Wildlife","floor":14,"turns":5},{"damage":0,"enemies":"2 Fungi Beasts","floor":15,"turns":3},{"damage":5,"enemies":"DF_ARCHETYPE_STREAMLINE","floor":16,"turns":10},{"damage":0,"enemies":"downfall:FleeingMerchant","floor":19,"turns":5},{"damage":3,"enemies":"downfall:FleeingMerchant","floor":20,"turns":5},{"damage":11,"enemies":"Slavers","floor":23,"turns":8},{"damage":0,"enemies":"Gremlin Leader","floor":25,"turns":4},{"damage":0,"enemies":"Book of Stabbing","floor":26,"turns":7},{"damage":1,"enemies":"Gremlin Leader","floor":27,"turns":8},{"damage":0,"enemies":"3 Byrds","floor":30,"turns":3},{"damage":15,"enemies":"Slavers","floor":31,"turns":8},{"damage":1,"enemies":"Shelled Parasite and Fungi","floor":32,"turns":7},{"damage":2,"enemies":"IC_MUSHROOM_ARCHETYPE","floor":33,"turns":8},{"damage":0,"enemies":"3 Shapes","floor":36,"turns":8},{"damage":0,"enemies":"Orb Walker","floor":37,"turns":4},{"damage":0,"enemies":"Maw","floor":40,"turns":8},{"damage":0,"enemies":"downfall:FleeingMerchant","floor":42,"turns":4},{"damage":0,"enemies":"Reptomancer","floor":43,"turns":7},{"damage":0,"enemies":"4 Shapes","floor":44,"turns":8},{"damage":0,"enemies":"Jaw Worm Horde","floor":45,"turns":3},{"damage":0,"enemies":"Nemesis","floor":47,"turns":4},{"damage":0,"enemies":"3 Darklings","floor":48,"turns":5},{"damage":0,"enemies":"WA_ARCHETYPE_DIVINITY","floor":49,"turns":18}],"seed_played":"4427574930867927742","potions_obtained":[{"floor":2,"key":"champ:CounterPotion"},{"floor":4,"key":"sneckomod:DiceRollPotion"},{"floor":8,"key":"downfall:CursedFountainPotion"},{"floor":12,"key":"LiquidMemories"},{"floor":14,"key":"LiquidMemories"},{"floor":15,"key":"FearPotion"},{"floor":16,"key":"sneckomod:DiceRollPotion"},{"floor":23,"key":"hexamod:SoulburnPotion"},{"floor":25,"key":"Strength Potion"},{"floor":26,"key":"Dexterity Potion"},{"floor":27,"key":"Dexterity Potion"},{"floor":33,"key":"sneckomod:MuddlingPotion"},{"floor":37,"key":"EssenceOfSteel"},{"floor":43,"key":"SpeedPotion"},{"floor":44,"key":"Dexterity Potion"},{"floor":45,"key":"EntropicBrew"}],"is_trial":false,"path_per_floor":["R","M","M","M","?","R","T","?","M","E","M","M","E","M","M","B",null,"R","$","$","?","?","E","T","E","E","E","R","?","M","E","M","B",null,"R","M","M","?","?","M","T","$","E","M","M","?","E","M","B",null],"character_chosen":"THE_SNECKO","items_purchased":["Lantern","sneckomod:UnknownUncommonSkill","sneckomod:UnknownRareAttack","sneckomod:Nope","Fruit Juice","HandDrill","hexamod:CandleOfCauterizing","FossilizedHelix","Letter Opener","sneckomod:ConfusingCodex","Vajra","Art of War"],"campfire_rested":0,"item_purchase_floors":[19,19,20,20,42,42,42,42,42,42,42,42],"current_hp_per_floor":[90,90,90,90,90,90,90,90,88,54,54,47,47,33,33,28,90,90,90,87,87,87,76,76,76,76,75,75,75,75,60,59,57,90,90,90,90,90,90,90,90,95,95,95,95,95,95,95,95],"gold":479,"neow_bonus":"ONE_RARE_RELIC","is_daily":false,"chose_seed":false,"campfire_upgraded":1,"win_rate":0.0,"timestamp":1612763075,"path_taken":["R","M","M","M","?","R","T","?","M","E","M","M","E","M","M","BOSS","R","?","$","?","?","E","T","E","E","E","R","?","?","E","M","BOSS","R","M","M","?","?","M","T","$","E","?","M","?","E","M","BOSS"],"items_purchased_type":["Relic","Card","Card","Card","Potion","Relic","Relic","Relic","Relic","Relic","Relic","Relic"],"build_version":"2020-12-22","purchased_purges":1,"victory":true,"max_hp_per_floor":[90,90,90,90,90,90,90,90,90,90,90,90,90,90,90,90,90,90,90,90,90,90,90,90,90,90,90,90,90,90,90,90,90,90,90,90,90,90,90,90,90,95,95,95,95,95,95,95,95],"card_choices":[{"not_picked":["sneckomod:RainOfDice","sneckomod:UnknownCommonAttack"],"picked":"sneckomod:UnknownDraw","floor":2},{"not_picked":["sneckomod:IronFang","sneckomod:ImprovisedAttack"],"picked":"sneckomod:Unknown3Cost","floor":3},{"not_picked":["sneckomod:UnendingSupply","sneckomod:SnekBeam","sneckomod:QuickMove"],"picked":"SKIP","floor":4},{"not_picked":["sneckomod:SoulRoll","sneckomod:UnknownDexterity"],"picked":"sneckomod:UnknownWeak","floor":9},{"not_picked":["hexamod:ThirdSeal","hexamod:FirstSeal"],"picked":"hexamod:SecondSeal","floor":10},{"not_picked":["sneckomod:RainOfDice","sneckomod:UnknownDraw","sneckomod:SoulRoll"],"picked":"SKIP","floor":10},{"not_picked":["sneckomod:RainOfDice","sneckomod:UnknownDraw"],"picked":"sneckomod:SoulRoll","floor":10},{"not_picked":["sneckomod:RainOfDice","sneckomod:Nope"],"picked":"sneckomod:SerpentIdol","floor":11},{"not_picked":["sneckomod:UnknownUncommonSkill","sneckomod:SerpentIdol"],"picked":"sneckomod:UnknownUncommonAttack","floor":12},{"not_picked":["sneckomod:Transmogrify","sneckomod:SoulDraw"],"picked":"sneckomod:ImprovisedAttack","floor":13},{"not_picked":["sneckomod:DiceBoulder","sneckomod:Nope"],"picked":"sneckomod:SlitherStrike","floor":14},{"not_picked":["sneckomod:SnekBeam","sneckomod:Nope"],"picked":"sneckomod:Memorize","floor":15},{"not_picked":["sneckomod:Mudshield","sneckomod:GlitteringGambit"],"picked":"sneckomod:Unknown3Cost","floor":16},{"not_picked":["sneckomod:Unknown1Cost+1","sneckomod:UnknownClassPURPLE+1"],"picked":"sneckomod:CheapStock+1","floor":19},{"not_picked":["sneckomod:RainOfDice+1","sneckomod:UnknownCommonSkill"],"picked":"sneckomod:Nope","floor":20},{"not_picked":["sneckomod:UnknownClassHEXA_GHOST_PURPLE","sneckomod:QuickMove"],"picked":"sneckomod:GlitteringGambit","floor":23},{"not_picked":["sneckomod:UnknownDraw","sneckomod:TrashToTreasure"],"picked":"sneckomod:QuickMove","floor":25},{"not_picked":["sneckomod:DiceCrush+1","sneckomod:UnknownX+1"],"picked":"sneckomod:UnknownClassGREEN+1","floor":26},{"not_picked":["sneckomod:Nope","sneckomod:Rotation"],"picked":"sneckomod:UnknownBoss","floor":27},{"not_picked":["sneckomod:SoulRoll","sneckomod:UnknownUncommonAttack","sneckomod:UnknownCommonAttack"],"picked":"SKIP","floor":30},{"not_picked":["sneckomod:SoulDraw+1","sneckomod:Rotation"],"picked":"sneckomod:UnknownStrength+1","floor":31},{"not_picked":["sneckomod:UnknownClassPURPLE","sneckomod:UnknownUncommonSkill"],"picked":"sneckomod:IronFang+1","floor":32},{"not_picked":["sneckomod:Mudshield","sneckomod:UnknownRareAttack"],"picked":"sneckomod:DangerNoodle","floor":33},{"not_picked":[],"picked":"sneckomod:UnknownBlock+1","floor":36},{"not_picked":["sneckomod:DiceCrush+1"],"picked":"SKIP","floor":36},{"not_picked":[],"picked":"sneckomod:SoulDraw+1","floor":37},{"not_picked":[],"picked":"sneckomod:Unknown0Cost+1","floor":40},{"not_picked":[],"picked":"sneckomod:SnekBeam+1","floor":42},{"not_picked":["hexamod:ThirdSeal","hexamod:FourthSeal"],"picked":"hexamod:SecondSeal","floor":43},{"not_picked":["sneckomod:UnknownDraw"],"picked":"SKIP","floor":43},{"not_picked":[],"picked":"sneckomod:IronFang+1","floor":44},{"not_picked":[],"picked":"sneckomod:DiceBlock+1","floor":45},{"not_picked":["sneckomod:DefensiveFlair"],"picked":"SKIP","floor":47},{"not_picked":[],"picked":"sneckomod:CheapStock","floor":48}],"player_experience":1126605,"relics_obtained":[{"floor":7,"key":"WingedGreaves"},{"floor":10,"key":"The Courier"},{"floor":13,"key":"CaptainsWheel"},{"floor":23,"key":"Old Coin"},{"floor":25,"key":"CeramicFish"},{"floor":26,"key":"Anchor"},{"floor":27,"key":"Bronze Scales"},{"floor":31,"key":"Meat on the Bone"},{"floor":39,"key":"StrikeDummy"},{"floor":41,"key":"hexamod:BolsterEngine"},{"floor":43,"key":"Oddly Smooth Stone"},{"floor":47,"key":"Bird Faced Urn"}],"event_choices":[{"damage_healed":0,"gold_gain":0,"player_choice":"Ignored","damage_taken":0,"max_hp_gain":0,"max_hp_loss":0,"event_name":"Ghosts","floor":21,"gold_loss":0}],"is_beta":false,"boss_relics":[{"not_picked":["bronze:MakeshiftBattery","Calling Bell"],"picked":"SlaversCollar"},{"not_picked":["Sozu","Astrolabe"],"picked":"Busted Crown"}],"items_purged_floors":[19],"is_endless":false,"potions_floor_spawned":[2,4,12,14,15,16,23,25,26,27,33,37,43,44,45],"ascension_level":4}}