{"host":"bnpj5ln693dhfj4y","time":1612799153,"event":{"mods":["AchievementEnabler","BaseMod","Colored Map","Colored Powertips","DeckTracker","Highlight Path","Minty Spire (QoL Compilation)","Weighted Paths"],"gold_per_floor":[114,166,166,69,119,119,138,176,244,244,267,288,288,311,311,430,430,445,463,124,149,168,168,168],"floor_reached":23,"language":"ENG","playtime":1226,"items_purged":["Strike_R"],"score":304,"play_id":"dc68cb4b-2271-4b57-900f-c56a65804c11","local_time":"20210208164553","is_ascension_mode":true,"campfire_choices":[{"data":"Carnage","floor":6,"key":"SMITH"},{"floor":10,"key":"REST"},{"data":"Heavy Blade","floor":13,"key":"SMITH"},{"data":"Uppercut","floor":15,"key":"SMITH"}],"circlet_count":0,"master_deck":["Strike_R","Strike_R+1","Strike_R","Strike_R","Defend_R","Defend_R","Defend_R","Defend_R","Bash+1","Carnage+1","Inflame","Clothesline","Cleave","Heavy Blade+1","Uppercut+1","Demon Form+1","Evolve+1","Fire Breathing+1","Uppercut","Pommel Strike"],"relics":["SacredBark","Golden Idol","Whetstone","Matryoshka","PreservedInsect","Frozen Egg 2","Black Star","Lee\u0027s Waffle"],"acts_visited":["Exordium","TheCity"],"potions_floor_usage":[8,12,21,22,23,23],"damage_taken":[{"damage":8,"enemies":"2 Louse","floor":1,"turns":3},{"damage":5,"enemies":"Small Slimes","floor":7,"turns":3},{"damage":35,"enemies":"Lagavulin","floor":8,"turns":4},{"damage":2,"enemies":"Jaw Worm","floor":11,"turns":3},{"damage":11,"enemies":"Blue Slaver","floor":12,"turns":3},{"damage":0,"enemies":"Exordium Wildlife","floor":14,"turns":2},{"damage":0,"enemies":"Slime Boss","floor":16,"turns":8},{"damage":38,"enemies":"Spheric Guardian","floor":18,"turns":5},{"damage":38,"enemies":"Shell Parasite","floor":19,"turns":7},{"damage":34,"enemies":"Chosen and Byrds","floor":21,"turns":5},{"damage":31,"enemies":"Snake Plant","floor":22,"turns":4},{"damage":19,"enemies":"Slavers","floor":23,"turns":2}],"seed_played":"-2496905693278935277","potions_obtained":[{"floor":8,"key":"Energy Potion"},{"floor":11,"key":"BloodPotion"},{"floor":12,"key":"FairyPotion"},{"floor":21,"key":"FearPotion"}],"is_trial":false,"path_per_floor":["M","?","?","$","T","R","M","E","T","R","M","M","R","M","R","B",null,"M","M","$","M","M","E"],"character_chosen":"IRONCLAD","items_purchased":["Fire Potion","Strength Potion","Lee\u0027s Waffle","Explosive Potion","Fire Breathing+1"],"campfire_rested":1,"item_purchase_floors":[4,4,20,20,20],"current_hp_per_floor":[72,72,72,72,72,72,67,32,32,54,52,70,70,70,70,70,73,35,44,81,47,16,0,0],"gold":168,"neow_bonus":"BOSS_RELIC","is_daily":false,"chose_seed":false,"campfire_upgraded":3,"win_rate":0.0,"timestamp":1612799153,"path_taken":["M","?","?","$","?","R","M","E","T","R","M","M","R","M","R","BOSS","M","M","$","M","M","E"],"items_purchased_type":["Potion","Potion","Relic","Potion","Card"],"build_version":"2020-12-22","purchased_purges":1,"victory":false,"max_hp_per_floor":[80,80,74,74,74,74,74,74,74,74,74,74,74,74,74,74,74,74,74,81,81,81,81,81],"card_choices":[{"not_picked":["Wild Strike","Headbutt"],"picked":"Carnage","floor":1},{"not_picked":["Rage","Iron Wave"],"picked":"Inflame","floor":7},{"not_picked":["Blood for Blood","Perfected Strike"],"picked":"Clothesline","floor":8},{"not_picked":["True Grit","Sword Boomerang"],"picked":"Cleave","floor":11},{"not_picked":["Havoc","Armaments"],"picked":"Heavy Blade","floor":12},{"not_picked":["Ghostly Armor","Hemokinesis"],"picked":"Uppercut","floor":14},{"not_picked":["Limit Break","Juggernaut+1"],"picked":"Demon Form+1","floor":16},{"not_picked":["Twin Strike","Bloodletting"],"picked":"Evolve+1","floor":18},{"not_picked":["Warcry","Clothesline","Reckless Charge"],"picked":"SKIP","floor":19},{"not_picked":["Dropkick","Heavy Blade"],"picked":"Uppercut","floor":21},{"not_picked":["Anger","Perfected Strike+1"],"picked":"Pommel Strike","floor":22}],"player_experience":360605,"relics_obtained":[{"floor":5,"key":"Whetstone"},{"floor":8,"key":"Matryoshka"},{"floor":9,"key":"PreservedInsect"},{"floor":9,"key":"Frozen Egg 2"}],"event_choices":[{"damage_healed":0,"gold_gain":52,"player_choice":"Gained Gold","damage_taken":0,"max_hp_gain":0,"max_hp_loss":0,"event_name":"Golden Wing","floor":2,"gold_loss":0},{"damage_healed":0,"gold_gain":0,"player_choice":"Lose Max HP","damage_taken":0,"relics_obtained":["Golden Idol"],"max_hp_gain":0,"max_hp_loss":6,"event_name":"Golden Idol","floor":3,"gold_loss":0}],"is_beta":false,"boss_relics":[{"not_picked":["Astrolabe","Sozu"],"picked":"Black Star"}],"items_purged_floors":[20],"is_endless":false,"potions_floor_spawned":[8,11,12,21],"killed_by":"Slavers","ascension_level":5}}