{"host":"tjq6rykv202u6iqx","time":1612825340,"event":{"mods":["AchievementEnabler","BaseMod","Minty Spire (QoL Compilation)","Rare Cards Sparkle","Relic Stats"],"gold_per_floor":[364,381,381,59,70,95,95,129,129,94,94,112,129,144,144,222,222,241,256,256,256],"floor_reached":20,"language":"ENG","playtime":1455,"items_purged":["Normality"],"score":522,"play_id":"51bf0210-d722-47f7-b9ba-38fa4f0e4c61","local_time":"20210208170220","is_ascension_mode":true,"campfire_choices":[{"data":"BattleHymn","floor":7,"key":"SMITH"},{"data":"Eruption","floor":11,"key":"SMITH"},{"data":"BowlingBash","floor":15,"key":"SMITH"}],"circlet_count":0,"master_deck":["AscendersBane","Strike_P","Strike_P","Strike_P","Strike_P","Defend_P","Defend_P","Defend_P","Defend_P","Eruption+1","Vigilance","Consecrate","Devotion","Adaptation","FlurryOfBlows","BattleHymn+1","InnerPeace","FlyingSleeves","EmptyFist","BowlingBash+1","Establishment","CutThroughFate+1","Crescendo"],"relics":["HolyWater","Letter Opener","Bottled Tornado","Mummified Hand"],"acts_visited":["Exordium","TheCity"],"potions_floor_usage":[6,6,18,20],"damage_taken":[{"damage":14,"enemies":"2 Louse","floor":1,"turns":3},{"damage":7,"enemies":"Jaw Worm","floor":2,"turns":5},{"damage":11,"enemies":"Small Slimes","floor":5,"turns":3},{"damage":3,"enemies":"Gremlin Nob","floor":6,"turns":3},{"damage":0,"enemies":"Lagavulin","floor":8,"turns":4},{"damage":0,"enemies":"2 Fungi Beasts","floor":12,"turns":2},{"damage":8,"enemies":"Exordium Wildlife","floor":13,"turns":3},{"damage":1,"enemies":"Exordium Thugs","floor":14,"turns":3},{"damage":0,"enemies":"Slime Boss","floor":16,"turns":7},{"damage":24,"enemies":"Chosen","floor":18,"turns":4},{"damage":20,"enemies":"2 Thieves","floor":19,"turns":3},{"damage":24,"enemies":"Cultist and Chosen","floor":20,"turns":3}],"seed_played":"-7649323006689573099","potions_obtained":[{"floor":6,"key":"EssenceOfSteel"},{"floor":12,"key":"StancePotion"},{"floor":16,"key":"Swift Potion"}],"is_trial":false,"path_per_floor":["M","M","?","$","M","E","R","E","T","?","R","M","M","M","R","B",null,"M","M","M"],"character_chosen":"WATCHER","items_purchased":["Adaptation","FlurryOfBlows","Swift Potion","AttackPotion"],"campfire_rested":0,"item_purchase_floors":[4,4,4,4],"current_hp_per_floor":[47,40,40,40,29,26,26,26,26,43,43,43,35,34,34,34,60,36,16,0,0],"gold":256,"neow_bonus":"TWO_FIFTY_GOLD","is_daily":false,"chose_seed":false,"campfire_upgraded":3,"win_rate":0.0,"timestamp":1612825340,"path_taken":["M","M","?","$","M","E","R","E","T","?","R","M","M","M","R","BOSS","M","M","M"],"items_purchased_type":["Card","Card","Potion","Potion"],"build_version":"2020-12-22","purchased_purges":1,"victory":false,"max_hp_per_floor":[68,68,68,68,68,68,68,68,68,68,68,68,68,68,68,68,68,68,68,68,68],"relic_stats":{"counters":[12,43],"Mummified Hand":[21],"Letter Opener":[5],"obtain_stats":[{"Mummified Hand":9,"HolyWater":17,"Letter Opener":6,"PureWater":0,"Bottled Tornado":8},{"Mummified Hand":5,"HolyWater":9,"Letter Opener":4,"PureWater":0,"Bottled Tornado":5},{"Mummified Hand":18,"HolyWater":33,"Letter Opener":14,"PureWater":0,"Bottled Tornado":18}]},"card_choices":[{"not_picked":["Prostrate","Crescendo"],"picked":"Consecrate","floor":1},{"not_picked":["Crescendo","Prostrate"],"picked":"Devotion","floor":2},{"not_picked":["Halt","Prostrate"],"picked":"BattleHymn","floor":5},{"not_picked":["SashWhip","ReachHeaven"],"picked":"InnerPeace","floor":6},{"not_picked":["Fasting2","Adaptation"],"picked":"FlyingSleeves","floor":8},{"not_picked":["Adaptation","Perseverance"],"picked":"EmptyFist","floor":12},{"not_picked":["ClearTheMind","FlurryOfBlows"],"picked":"BowlingBash","floor":13},{"not_picked":["FlyingSleeves","Evaluate","ConjureBlade"],"picked":"SKIP","floor":14},{"not_picked":["ConjureBlade","LessonLearned"],"picked":"Establishment","floor":16},{"not_picked":["BowlingBash","FollowUp+1"],"picked":"CutThroughFate+1","floor":18},{"not_picked":["EmptyFist+1","Swivel"],"picked":"Crescendo","floor":19}],"player_experience":934722,"relics_obtained":[{"floor":6,"key":"Letter Opener"},{"floor":8,"key":"Bottled Tornado"},{"floor":9,"key":"Mummified Hand"}],"event_choices":[{"damage_healed":0,"gold_gain":0,"player_choice":"Ignored","damage_taken":0,"max_hp_gain":0,"max_hp_loss":0,"event_name":"Shining Light","floor":3,"gold_loss":0},{"damage_healed":17,"gold_gain":0,"player_choice":"Healed","damage_taken":0,"max_hp_gain":0,"max_hp_loss":0,"event_name":"The Cleric","floor":10,"gold_loss":35}],"is_beta":false,"boss_relics":[{"not_picked":["SlaversCollar","Ectoplasm"],"picked":"HolyWater"}],"items_purged_floors":[4],"is_endless":false,"potions_floor_spawned":[5,6,12,16],"killed_by":"Cultist and Chosen","ascension_level":20}}