{"host":"am551fa6890rb9vo","time":1612776334,"event":{"mods":["BaseMod","Minty Spire (QoL Compilation)","Morshu Shopkeeper - ENHANCED","Relic Stats","StSLib","The IronCluck","slay the spire mod where everything is the same but ironclad has a cowboy hat"],"gold_per_floor":[110,110,37,37,37,64,64,13,37,48,63,79,112,131,131,230,230,243,258,278,278,278,278,305,323,323,323,337,352,680,369,369,467,467,484,484,484,135,151,185,185,204,204,254,129,140,175,222,222,222,222],"floor_reached":50,"language":"ENG","playtime":3884,"items_purged":["Strike_G","Strike_G","Strike_G"],"score":625,"play_id":"83b1bae5-a6bd-4492-9058-89d390bba05d","local_time":"20210208092534","is_ascension_mode":false,"campfire_choices":[{"floor":7,"key":"REST"},{"floor":15,"key":"REST"},{"data":"Tools of the Trade","floor":23,"key":"SMITH"},{"data":"Finisher","floor":27,"key":"SMITH"},{"data":"Master of Strategy","floor":32,"key":"SMITH"},{"data":"Adrenaline","floor":41,"key":"SMITH"},{"floor":49,"key":"REST"}],"circlet_count":0,"master_deck":["Strike_G","Defend_G","Defend_G","Defend_G+1","Defend_G","Defend_G","Survivor","Neutralize","Quick Slash","Corpse Explosion","Finisher","Slice","Finisher+1","Phantasmal Killer+1","Outmaneuver","Tools of the Trade+1","Poisoned Stab","After Image+1","Expertise","Endless Agony+1","Backstab","Blade Dance+1","Backstab","Master of Strategy+1","Adrenaline+1","Deep Breath","Infinite Blades","Panache"],"relics":["SlaversCollar","PreservedInsect","Shuriken","Bag of Marbles","War Paint","Busted Crown","Happy Flower","Strawberry","Old Coin","Philosopher\u0027s Stone","Ninja Scroll","Bottled Flame","Girya","Mummified Hand","TungstenRod"],"acts_visited":["Exordium","TheCity","TheBeyond"],"potions_floor_usage":[12,13,14,16,48,48,50],"damage_taken":[{"damage":0,"enemies":"2 Louse","floor":1,"turns":3},{"damage":43,"enemies":"Gremlin Nob","floor":6,"turns":5},{"damage":0,"enemies":"Jaw Worm","floor":10,"turns":1},{"damage":2,"enemies":"Small Slimes","floor":11,"turns":3},{"damage":5,"enemies":"Looter","floor":12,"turns":3},{"damage":5,"enemies":"Lagavulin","floor":13,"turns":3},{"damage":11,"enemies":"Blue Slaver","floor":14,"turns":4},{"damage":23,"enemies":"Hexaghost","floor":16,"turns":8},{"damage":8,"enemies":"2 Thieves","floor":18,"turns":4},{"damage":8,"enemies":"Spheric Guardian","floor":19,"turns":6},{"damage":13,"enemies":"3 Cultists","floor":20,"turns":3},{"damage":0,"enemies":"Gremlin Leader","floor":24,"turns":3},{"damage":0,"enemies":"Sentry and Sphere","floor":25,"turns":3},{"damage":0,"enemies":"Chosen and Byrds","floor":28,"turns":4},{"damage":15,"enemies":"Shelled Parasite and Fungi","floor":29,"turns":4},{"damage":1,"enemies":"Slavers","floor":30,"turns":4},{"damage":9,"enemies":"Collector","floor":33,"turns":5},{"damage":0,"enemies":"3 Darklings","floor":35,"turns":3},{"damage":4,"enemies":"3 Shapes","floor":39,"turns":2},{"damage":0,"enemies":"Giant Head","floor":40,"turns":4},{"damage":1,"enemies":"Jaw Worm Horde","floor":42,"turns":3},{"damage":9,"enemies":"Mind Bloom Boss Battle","floor":44,"turns":4},{"damage":5,"enemies":"Maw","floor":46,"turns":6},{"damage":41,"enemies":"Nemesis","floor":47,"turns":5},{"damage":0,"enemies":"2 Orb Walkers","floor":48,"turns":2},{"damage":52,"enemies":"Time Eater","floor":50,"turns":5}],"seed_played":"4351022600954628993","potions_obtained":[{"floor":10,"key":"Swift Potion"},{"floor":11,"key":"CunningPotion"},{"floor":12,"key":"Dexterity Potion"},{"floor":14,"key":"Fruit Juice"},{"floor":16,"key":"BlessingOfTheForge"},{"floor":19,"key":"Weak Potion"},{"floor":25,"key":"LiquidMemories"},{"floor":29,"key":"Energy Potion"},{"floor":48,"key":"DistilledChaos"}],"is_trial":false,"path_per_floor":["M","?","$","?","?","E","R","$","T","M","M","M","E","M","R","B",null,"M","M","M","?","?","R","E","M","T","R","M","M","E","$","R","B",null,"M","?","?","$","M","E","R","M","T","?","$","M","E","?","R","B"],"character_chosen":"THE_SILENT","items_purchased":["Corpse Explosion","Slice","Backstab","Master of Strategy","Infinite Blades","Panache"],"campfire_rested":3,"item_purchase_floors":[3,8,31,31,38,38],"current_hp_per_floor":[70,63,63,51,56,13,35,35,35,35,33,28,23,17,41,18,80,72,64,51,77,77,77,77,77,84,84,84,69,68,68,68,59,87,87,87,83,83,79,79,79,78,78,69,69,64,23,23,47,0,0],"gold":222,"neow_bonus":"BOSS_RELIC","is_daily":false,"chose_seed":false,"campfire_upgraded":4,"win_rate":0.0,"timestamp":1612776334,"path_taken":["M","?","$","?","?","E","R","?","T","M","?","M","E","M","R","BOSS","M","M","M","?","?","R","E","M","T","R","M","?","E","$","R","BOSS","M","?","?","?","?","E","R","M","T","?","$","M","E","?","R","BOSS"],"items_purchased_type":["Card","Card","Card","Card","Card","Card"],"build_version":"2020-12-22","purchased_purges":3,"victory":false,"max_hp_per_floor":[70,70,70,70,75,75,75,75,75,75,75,75,75,80,80,80,80,80,80,80,80,80,80,80,80,87,87,87,87,87,87,87,87,87,87,87,83,83,83,83,83,83,83,83,83,83,83,83,83,83,83],"relic_stats":{"Busted Crown":36,"Happy Flower":[18],"counters":[26,100],"Shuriken":[69],"Mummified Hand":[6],"PreservedInsect":306,"War Paint":["Phantasmal Killer","Defend_G"],"obtain_stats":[{"Girya":44,"Happy Flower":24,"PreservedInsect":4,"War Paint":13,"Old Coin":30,"SlaversCollar":0,"Bottled Flame":43,"Busted Crown":17,"Shuriken":6,"Ninja Scroll":40,"Mummified Hand":47,"Strawberry":26,"Philosopher\u0027s Stone":34,"Bag of Marbles":9,"TungstenRod":48,"Ring of the Snake":0},{"Girya":22,"Happy Flower":12,"PreservedInsect":1,"War Paint":6,"Old Coin":16,"SlaversCollar":0,"Bottled Flame":21,"Busted Crown":8,"Shuriken":2,"Ninja Scroll":20,"Mummified Hand":24,"Strawberry":13,"Philosopher\u0027s Stone":17,"Bag of Marbles":2,"TungstenRod":25,"Ring of the Snake":0},{"Girya":82,"Happy Flower":46,"PreservedInsect":3,"War Paint":18,"Old Coin":61,"SlaversCollar":0,"Bottled Flame":78,"Busted Crown":30,"Shuriken":8,"Ninja Scroll":75,"Mummified Hand":93,"Strawberry":49,"Philosopher\u0027s Stone":66,"Bag of Marbles":8,"TungstenRod":95,"Ring of the Snake":0}],"TungstenRod":3},"card_choices":[{"not_picked":["Deflect","Outmaneuver"],"picked":"Quick Slash","floor":1},{"not_picked":["Dagger Throw","Slice"],"picked":"Finisher","floor":6},{"not_picked":["Deflect","Masterful Stab"],"picked":"Finisher","floor":10},{"not_picked":["Quick Slash","Outmaneuver"],"picked":"Phantasmal Killer","floor":11},{"not_picked":["Quick Slash","Bouncing Flask"],"picked":"Outmaneuver","floor":12},{"not_picked":["Flying Knee","Eviscerate"],"picked":"Tools of the Trade","floor":13},{"not_picked":["Underhanded Strike","Choke"],"picked":"Poisoned Stab","floor":14},{"not_picked":["Envenom","Glass Knife"],"picked":"After Image","floor":16},{"not_picked":[],"picked":"Expertise","floor":18},{"not_picked":[],"picked":"Endless Agony+1","floor":19},{"not_picked":[],"picked":"Backstab","floor":20},{"not_picked":[],"picked":"Blade Dance+1","floor":24},{"not_picked":["Finisher"],"picked":"SKIP","floor":25},{"not_picked":["Poisoned Stab"],"picked":"SKIP","floor":28},{"not_picked":["Dagger Spray"],"picked":"SKIP","floor":29},{"not_picked":["All Out Attack+1"],"picked":"SKIP","floor":30},{"not_picked":[],"picked":"Adrenaline","floor":33},{"not_picked":["PiercingWail"],"picked":"SKIP","floor":35},{"not_picked":[],"picked":"Deep Breath","floor":36},{"not_picked":["Underhanded Strike+1"],"picked":"SKIP","floor":39},{"not_picked":["Night Terror"],"picked":"SKIP","floor":40},{"not_picked":["Quick Slash"],"picked":"SKIP","floor":42},{"not_picked":["Bane+1"],"picked":"SKIP","floor":46},{"not_picked":["Dagger Spray+1"],"picked":"SKIP","floor":47}],"player_experience":27174,"relics_obtained":[{"floor":6,"key":"Shuriken"},{"floor":9,"key":"Bag of Marbles"},{"floor":13,"key":"War Paint"},{"floor":24,"key":"Happy Flower"},{"floor":26,"key":"Strawberry"},{"floor":30,"key":"Old Coin"},{"floor":40,"key":"Ninja Scroll"},{"floor":43,"key":"Bottled Flame"},{"floor":44,"key":"Girya"},{"floor":47,"key":"Mummified Hand"},{"floor":48,"key":"TungstenRod"}],"event_choices":[{"cards_removed":["Strike_G"],"damage_healed":0,"gold_gain":0,"player_choice":"Card Removal","damage_taken":7,"max_hp_gain":0,"max_hp_loss":0,"event_name":"Golden Wing","floor":2,"gold_loss":0},{"damage_healed":0,"gold_gain":0,"player_choice":"Success","damage_taken":12,"relics_obtained":["PreservedInsect"],"max_hp_gain":0,"max_hp_loss":0,"event_name":"Scrap Ooze","floor":4,"gold_loss":0},{"damage_healed":0,"gold_gain":0,"player_choice":"Donut","damage_taken":0,"max_hp_gain":5,"max_hp_loss":0,"event_name":"Big Fish","floor":5,"gold_loss":0},{"damage_healed":26,"gold_gain":0,"player_choice":"Heal","damage_taken":0,"max_hp_gain":0,"max_hp_loss":0,"event_name":"The Library","floor":21,"gold_loss":0},{"damage_healed":0,"gold_gain":0,"player_choice":"Upgraded","damage_taken":0,"max_hp_gain":0,"max_hp_loss":0,"event_name":"Upgrade Shrine","floor":22,"gold_loss":0,"cards_upgraded":["After Image"]},{"damage_healed":0,"gold_gain":0,"player_choice":"Memory 1","damage_taken":0,"max_hp_gain":0,"max_hp_loss":0,"event_name":"SensoryStone","floor":36,"gold_loss":0},{"damage_healed":0,"gold_gain":0,"player_choice":"Max HP","damage_taken":0,"max_hp_gain":0,"max_hp_loss":4,"event_name":"Winding Halls","floor":37,"gold_loss":0},{"damage_healed":0,"gold_gain":0,"player_choice":"Fight","damage_taken":0,"max_hp_gain":0,"max_hp_loss":0,"event_name":"MindBloom","floor":44,"gold_loss":0},{"damage_healed":0,"gold_gain":0,"player_choice":"Fight","damage_taken":0,"max_hp_gain":0,"max_hp_loss":0,"event_name":"Mysterious Sphere","floor":48,"gold_loss":0}],"is_beta":false,"boss_relics":[{"not_picked":["Ectoplasm","Velvet Choker"],"picked":"Busted Crown"},{"not_picked":["Fusion Hammer","Snecko Eye"],"picked":"Philosopher\u0027s Stone"}],"items_purged_floors":[31,38,45],"is_endless":false,"potions_floor_spawned":[10,11,12,14,16,19,25,28,29,30,40,42,46,48],"killed_by":"Time Eater","ascension_level":0}}