{"host":"dpbezu80jg8zk7un","time":1612802616,"event":{"mods":["BaseMod","Colored Map","Colored Powertips","Custom Start","DeckTracker","Minty Spire (QoL Compilation)","Quick Restart","StSLib","SuperFastMode"],"gold_per_floor":[17,17,35,48,48,48,103,103,127,139,178,203,232,273,285,375,387,416,343,201,201,101,101,132,132,183,228,33,33,163,225,225,299,349,389,389,389,442,491,491,516,516,516,532,532,563,563,588,588,588,588,588,588,117,151,151],"floor_reached":57,"language":"KOR","playtime":1747,"items_purged":["Strike_P","Defend_P","Strike_P"],"score":3205,"play_id":"a4361f42-6b05-4aa1-a621-bd29d1b8764f","local_time":"20210209014336","is_ascension_mode":true,"campfire_choices":[{"data":"Conclude","floor":6.0,"key":"SMITH"},{"data":"CutThroughFate","floor":8.0,"key":"SMITH"},{"floor":10.0,"key":"RECALL"},{"data":"Adaptation","floor":15.0,"key":"SMITH"},{"data":"FearNoEvil","floor":23.0,"key":"SMITH"},{"data":"Wish","floor":25.0,"key":"SMITH"},{"data":"MentalFortress","floor":29.0,"key":"SMITH"},{"data":"Vigilance","floor":32.0,"key":"SMITH"},{"data":"Master of Strategy","floor":40.0,"key":"SMITH"},{"data":"Vault","floor":45.0,"key":"SMITH"},{"floor":49.0,"key":"REST"},{"floor":53,"key":"REST"}],"circlet_count":0,"master_deck":["AscendersBane","Strike_P+1","Defend_P+1","Eruption+1","Vigilance+1","Wish+1","Conclude+1","Adaptation+1","Halt+1","FearNoEvil+1","MentalFortress+1","Tantrum+1","Master of Strategy+1","Vault+1","Adaptation+1","Master of Strategy+1"],"relics":["PureWater","Art of War","MawBank","Question Card","Blood Vial","Sozu","PreservedInsect","Bag of Marbles","Membership Card","Torii","Shuriken","Orichalcum","Tiny House","Regal Pillow","Bronze Scales","Bottled Flame","MealTicket","Frozen Egg 2","TeardropLocket","TheAbacus","War Paint","Centennial Puzzle"],"acts_visited":["Exordium","TheCity","TheBeyond","TheEnding"],"potions_floor_usage":[],"damage_taken":[{"damage":7.0,"enemies":"Jaw Worm","floor":1.0,"turns":3.0},{"damage":0.0,"enemies":"Cultist","floor":3.0,"turns":2.0},{"damage":0.0,"enemies":"Small Slimes","floor":4.0,"turns":2.0},{"damage":0.0,"enemies":"3 Sentries","floor":7.0,"turns":2.0},{"damage":0.0,"enemies":"Lagavulin","floor":11.0,"turns":2.0},{"damage":0.0,"enemies":"Exordium Wildlife","floor":12.0,"turns":2.0},{"damage":0.0,"enemies":"Large Slime","floor":13.0,"turns":3.0},{"damage":0.0,"enemies":"Gremlin Nob","floor":14.0,"turns":2.0},{"damage":0.0,"enemies":"Slime Boss","floor":16.0,"turns":6.0},{"damage":9.0,"enemies":"3 Byrds","floor":18.0,"turns":3.0},{"damage":0.0,"enemies":"Slavers","floor":24.0,"turns":1.0},{"damage":0.0,"enemies":"Spheric Guardian","floor":27.0,"turns":3.0},{"damage":13.0,"enemies":"Colosseum Slavers","floor":30.0,"turns":3.0},{"damage":2.0,"enemies":"Colosseum Nobs","floor":30.0,"turns":3.0},{"damage":0.0,"enemies":"Gremlin Leader","floor":31.0,"turns":3.0},{"damage":10.0,"enemies":"Champ","floor":33.0,"turns":9.0},{"damage":14.0,"enemies":"Orb Walker","floor":35.0,"turns":3.0},{"damage":0.0,"enemies":"3 Darklings","floor":39.0,"turns":3.0},{"damage":1.0,"enemies":"Giant Head","floor":41.0,"turns":4.0},{"damage":0.0,"enemies":"Sphere and 2 Shapes","floor":44.0,"turns":2.0},{"damage":18.0,"enemies":"Reptomancer","floor":46.0,"turns":5.0},{"damage":11.0,"enemies":"Giant Head","floor":48.0,"turns":4.0},{"damage":12.0,"enemies":"Awakened One","floor":50.0,"turns":5.0},{"damage":34,"enemies":"Time Eater","floor":51,"turns":8},{"damage":0,"enemies":"Shield and Spear","floor":55,"turns":1},{"damage":10,"enemies":"The Heart","floor":56,"turns":7}],"seed_played":"-7635328115785437846","potions_obtained":[{"floor":4.0,"key":"Dexterity Potion"},{"floor":7.0,"key":"PowerPotion"},{"floor":12.0,"key":"Explosive Potion"},{"floor":14.0,"key":"SteroidPotion"}],"is_trial":false,"path_per_floor":["M","?","M","M","?","R","E","R","T","R","E","M","M","E","R","B",null,"M","?","$","?","$","R","E","R","T","M","$","R","?","E","R","B",null,"M","?","?","T","M","R","E","?","T","M","R","E","?","E","R","B","B",null,"R","$","E","B",null],"character_chosen":"WATCHER","items_purchased":["FearNoEvil","Membership Card","MentalFortress","TeardropLocket","TheAbacus","Master of Strategy","War Paint"],"campfire_rested":2,"item_purchase_floors":[20,28,28,54,54,54,54],"current_hp_per_floor":[54,54,54,54,54,54,54,54,54,54,54,54,54,54,54,56,65,58,58,58,58,58,58,60,60,60,62,62,62,51,53,53,45,67,55,55,45,45,47,47,48,48,48,50,50,34,34,25,61,51,19,60,73,73,73,63],"gold":151,"neow_bonus":"TRANSFORM_TWO_CARDS","is_daily":false,"chose_seed":false,"campfire_upgraded":9,"win_rate":0.0,"timestamp":1612802616,"path_taken":["M","?","?","M","?","R","E","R","T","R","E","?","M","E","R","BOSS","M","?","$","?","?","R","E","R","T","M","$","R","?","E","R","BOSS","M","?","?","?","?","R","E","?","T","M","R","E","?","E","R","BOSS","BOSS","R","$","E","BOSS"],"items_purchased_type":["Card","Relic","Card","Relic","Relic","Card","Relic"],"build_version":"2020-12-22","purchased_purges":3,"victory":true,"max_hp_per_floor":[68,68,68,68,68,68,68,68,68,68,68,68,68,68,68,68,68,68,68,68,68,68,68,68,68,68,68,68,68,68,68,68,68,73,73,73,73,73,73,73,73,73,73,73,73,73,73,73,73,73,73,73,73,73,73,73],"card_choices":[{"not_picked":["Crescendo","Perseverance","Vengeance"],"picked":"SKIP","floor":1.0},{"not_picked":["ClearTheMind","Swivel"],"picked":"Conclude","floor":3.0},{"not_picked":["Crescendo","Consecrate","EmptyFist"],"picked":"SKIP","floor":4.0},{"not_picked":["ThirdEye","Evaluate","LikeWater"],"picked":"SKIP","floor":7.0},{"not_picked":["CarveReality","ClearTheMind","Consecrate"],"picked":"SKIP","floor":11.0},{"not_picked":["FollowUp","Vengeance","Devotion","ClearTheMind"],"picked":"SKIP","floor":12.0},{"not_picked":["MentalFortress","SashWhip","Crescendo"],"picked":"Adaptation","floor":13.0},{"not_picked":["CutThroughFate","Protect","BowlingBash","SignatureMove"],"picked":"SKIP","floor":14.0},{"not_picked":["Prostrate","EmptyBody","Evaluate"],"picked":"Halt+1","floor":18.0},{"not_picked":["Study","EmptyFist","Consecrate","Omniscience"],"picked":"SKIP","floor":24.0},{"not_picked":["JustLucky","Perseverance","CutThroughFate","SashWhip"],"picked":"SKIP","floor":27.0},{"not_picked":["JustLucky","Perseverance","CutThroughFate","SashWhip"],"picked":"SKIP","floor":27.0},{"not_picked":["Fasting2","ThirdEye","Collect","EmptyBody"],"picked":"SKIP","floor":31.0},{"not_picked":["Prostrate","Protect","Evaluate"],"picked":"Tantrum","floor":35.0},{"not_picked":["Chrysalis","Flash of Steel","Purity"],"picked":"Master of Strategy","floor":37.0},{"not_picked":["SashWhip+1","Perseverance+1","Evaluate","CarveReality"],"picked":"SKIP","floor":39.0},{"not_picked":["Protect","Study","JustLucky"],"picked":"Vault","floor":41.0},{"not_picked":["TalkToTheHand","Nirvana","Indignation","Worship"],"picked":"SKIP","floor":44.0},{"not_picked":["LikeWater","Devotion","CutThroughFate","FlurryOfBlows"],"picked":"SKIP","floor":46.0},{"not_picked":["Study+1","ThirdEye","CrushJoints"],"picked":"Adaptation+1","floor":48.0},{"not_picked":["ClearTheMind","Protect","Halt","ConjureBlade"],"picked":"SKIP","floor":55}],"player_experience":2952121,"relics_obtained":[{"floor":7.0,"key":"Art of War"},{"floor":9.0,"key":"MawBank"},{"floor":11.0,"key":"Question Card"},{"floor":14.0,"key":"Blood Vial"},{"floor":24.0,"key":"Bag of Marbles"},{"floor":30.0,"key":"Torii"},{"floor":30.0,"key":"Shuriken"},{"floor":31.0,"key":"Orichalcum"},{"floor":38.0,"key":"Regal Pillow"},{"floor":41.0,"key":"Bronze Scales"},{"floor":43.0,"key":"Bottled Flame"},{"floor":46.0,"key":"MealTicket"},{"floor":48.0,"key":"Frozen Egg 2"},{"floor":55,"key":"Centennial Puzzle"}],"event_choices":[{"cards_removed":["Defend_P"],"damage_healed":0.0,"max_hp_gain":0.0,"max_hp_loss":0.0,"gold_gain":0.0,"event_name":"Purifier","player_choice":"Purged","floor":2.0,"gold_loss":0.0,"damage_taken":0.0},{"damage_healed":0.0,"max_hp_gain":0.0,"max_hp_loss":0.0,"gold_gain":0.0,"event_name":"Upgrade Shrine","player_choice":"Upgraded","floor":5.0,"gold_loss":0.0,"damage_taken":0.0,"cards_upgraded":["Eruption"]},{"damage_healed":0.0,"max_hp_gain":0.0,"max_hp_loss":0.0,"gold_gain":0.0,"event_name":"Addict","player_choice":"Obtained Relic","floor":19.0,"gold_loss":85.0,"damage_taken":0.0,"relics_obtained":["PreservedInsect"]},{"damage_healed":0.0,"max_hp_gain":0.0,"max_hp_loss":0.0,"gold_gain":0.0,"event_name":"Cursed Tome","player_choice":"Ignored","floor":21.0,"gold_loss":0.0,"damage_taken":0.0},{"damage_healed":0.0,"max_hp_gain":0.0,"max_hp_loss":0.0,"gold_gain":0.0,"event_name":"Colosseum","player_choice":"Fight","floor":30.0,"gold_loss":0.0,"damage_taken":0.0},{"damage_healed":0.0,"max_hp_gain":0.0,"max_hp_loss":0.0,"gold_gain":0.0,"event_name":"Colosseum","player_choice":"Fought Nobs","floor":30.0,"gold_loss":0.0,"damage_taken":0.0},{"damage_healed":0.0,"max_hp_gain":0.0,"max_hp_loss":0.0,"gold_gain":0.0,"event_name":"Tomb of Lord Red Mask","player_choice":"Ignored","floor":36.0,"gold_loss":0.0,"damage_taken":0.0},{"damage_healed":0.0,"max_hp_gain":0.0,"max_hp_loss":0.0,"gold_gain":0.0,"event_name":"SensoryStone","player_choice":"Memory 3","floor":37.0,"gold_loss":0.0,"damage_taken":10.0},{"cards_removed":["CutThroughFate"],"damage_healed":0.0,"max_hp_gain":0.0,"max_hp_loss":0.0,"gold_gain":0.0,"event_name":"Falling","player_choice":"Removed Attack","floor":42.0,"gold_loss":0.0,"damage_taken":0.0},{"damage_healed":0.0,"max_hp_gain":0.0,"max_hp_loss":0.0,"gold_gain":0.0,"event_name":"Upgrade Shrine","player_choice":"Upgraded","floor":47.0,"gold_loss":0.0,"damage_taken":0.0,"cards_upgraded":["Tantrum"]}],"is_beta":false,"boss_relics":[{"not_picked":["Ectoplasm","Empty Cage"],"picked":"Sozu"},{"not_picked":["Runic Dome","Coffee Dripper"],"picked":"Tiny House"}],"items_purged_floors":[20,22,54],"is_endless":false,"potions_floor_spawned":[4,7,12,14,18,30,30,41,44,46,55],"ascension_level":20}}