{"host":"nlbr7nnijupf3yfg","time":1612821968,"event":{"mods":["AchievementEnabler","BaseMod","Colored Powertips","DeckTracker","Hubris","Minty Spire (QoL Compilation)","Replay The Spire","StSLib","SuperFastMode"],"gold_per_floor":[110,128,303,322,64,95,95,95,95,95,113,142,142,142,142,92,92],"floor_reached":16,"language":"ENG","playtime":302,"items_purged":["Doubt"],"score":113,"play_id":"c80ad9e3-3060-47a6-82fc-cafedb54312a","local_time":"20210208170608","is_ascension_mode":true,"campfire_choices":[{"floor":7,"key":"REST"},{"floor":15,"key":"REST"}],"circlet_count":0,"master_deck":["Strike_B","Strike_B","Strike_B","Defend_B","Defend_B","Defend_B","Defend_B","Zap","Dualcast","Tempest","Chaos","Barrage+1","Cold Snap+1","Capacitor","Conserve Battery","Genetic Algorithm"],"relics":["Cracked Core","hubris:AstralHammer","Strange Spoon","Nunchaku","Matryoshka","Pocketwatch","hubris:Icosahedron"],"acts_visited":["Exordium"],"potions_floor_usage":[12,16,16],"damage_taken":[{"damage":6,"enemies":"Jaw Worm","floor":1,"turns":3},{"damage":0,"enemies":"2 Louse","floor":2,"turns":2},{"damage":0,"enemies":"Cultist","floor":4,"turns":4},{"damage":29,"enemies":"Lagavulin","floor":6,"turns":6},{"damage":9,"enemies":"Looter","floor":11,"turns":3},{"damage":36,"enemies":"3 Sentries","floor":12,"turns":6},{"damage":53,"enemies":"Fading Forest","floor":16,"turns":10}],"seed_played":"-8703556029033213407","potions_obtained":[{"floor":1,"key":"Ancient Potion"},{"floor":2,"key":"LifebloodPotion"},{"floor":6,"key":"ColorlessPotion"}],"is_trial":false,"path_per_floor":["M","M","?","M","$","E","R","?","T","?","M","E","?","?","R","B"],"character_chosen":"DEFECT","items_purchased":["Strange Spoon","Cold Snap+1"],"campfire_rested":2,"item_purchase_floors":[5,5],"current_hp_per_floor":[62,62,62,62,62,33,53,53,53,53,44,8,8,8,28,0,0],"gold":92,"neow_bonus":"ONE_RARE_RELIC","is_daily":false,"chose_seed":false,"campfire_upgraded":0,"win_rate":0.0,"timestamp":1612821968,"path_taken":["M","M","?","M","$","E","R","?","T","?","?","E","?","?","R","BOSS"],"items_purchased_type":["Relic","Card"],"build_version":"2020-12-22","purchased_purges":1,"victory":false,"max_hp_per_floor":[68,68,68,68,68,68,68,68,68,68,68,68,68,68,68,68,68],"card_choices":[{"not_picked":["Darkness","ReplayTheSpireMod:System Scan"],"picked":"Tempest","floor":1},{"not_picked":["Conserve Battery","Leap"],"picked":"Chaos","floor":2},{"not_picked":["Panic Button","Consume"],"picked":"Barrage","floor":4},{"not_picked":["Rebound","Stack"],"picked":"Capacitor","floor":6},{"not_picked":["ReplayTheSpireMod:Calculation Training","Heatsinks"],"picked":"Conserve Battery","floor":11},{"not_picked":["Redo","Turbo"],"picked":"Genetic Algorithm","floor":12}],"player_experience":41391,"relics_obtained":[{"floor":6,"key":"Nunchaku"},{"floor":9,"key":"Matryoshka"},{"floor":12,"key":"Pocketwatch"}],"event_choices":[{"damage_healed":0,"gold_gain":175,"player_choice":"AGREE","damage_taken":0,"max_hp_gain":0,"max_hp_loss":0,"event_name":"Liars Game","floor":3,"gold_loss":0,"cards_obtained":["Doubt"]},{"damage_healed":0,"gold_gain":0,"player_choice":"Leave","damage_taken":0,"max_hp_gain":0,"max_hp_loss":0,"event_name":"The Cleric","floor":8,"gold_loss":0},{"cards_removed":["Strike_B"],"damage_healed":0,"gold_gain":0,"player_choice":"Offered Basic","damage_taken":0,"max_hp_gain":0,"max_hp_loss":0,"event_name":"Bonfire Elementals","floor":10,"gold_loss":0},{"damage_healed":0,"gold_gain":0,"player_choice":"Upgraded","damage_taken":0,"max_hp_gain":0,"max_hp_loss":0,"event_name":"Upgrade Shrine","floor":14,"gold_loss":0,"cards_upgraded":["Barrage"]}],"is_beta":false,"boss_relics":[],"items_purged_floors":[5],"is_endless":false,"potions_floor_spawned":[1,2,6],"killed_by":"Fading Forest","ascension_level":1}}