{"host":"ul3z8ex5o8l5j7mh","time":1612804475,"event":{"mods":["AchievementEnabler","BaseMod","Bestiary","Colored Map","Colored Powertips","DeckTracker","Keyboard Shortcuts","Minty Spire (QoL Compilation)","SuperFastMode"],"gold_per_floor":[116,133,133,143,153,478,489,489,489],"floor_reached":8,"language":"ENG","playtime":496,"items_purged":[],"score":66,"play_id":"b9298ec6-e111-4f60-97cc-3fd3b50f06b6","local_time":"20210208181435","is_ascension_mode":true,"campfire_choices":[],"circlet_count":0,"master_deck":["Strike_G","Strike_G","Strike_G","Strike_G","Strike_G","Defend_G","Defend_G","Defend_G","Defend_G","Defend_G","Survivor","Neutralize","Prepared","PiercingWail","All Out Attack","Deadly Poison","Bouncing Flask","Bouncing Flask"],"relics":["Ring of the Snake","Old Coin"],"acts_visited":["Exordium"],"potions_floor_usage":[5],"damage_taken":[{"damage":6.0,"enemies":"Small Slimes","floor":1.0,"turns":5.0},{"damage":5,"enemies":"Cultist","floor":2,"turns":5},{"damage":13,"enemies":"Jaw Worm","floor":4,"turns":6},{"damage":9,"enemies":"Looter","floor":5,"turns":3},{"damage":26,"enemies":"3 Sentries","floor":6,"turns":9},{"damage":12,"enemies":"Large Slime","floor":7,"turns":5},{"damage":17,"enemies":"Lagavulin","floor":8,"turns":3}],"seed_played":"-3929823997381121895","potions_obtained":[{"floor":4,"key":"FearPotion"}],"is_trial":false,"path_per_floor":["M","M","?","M","M","E","M","E"],"character_chosen":"THE_SILENT","items_purchased":[],"campfire_rested":0,"item_purchase_floors":[],"current_hp_per_floor":[71,66,77,64,55,29,17,0,0],"gold":489,"neow_bonus":"TEN_PERCENT_HP_BONUS","is_daily":false,"chose_seed":false,"campfire_upgraded":0,"win_rate":0.0,"timestamp":1612804475,"path_taken":["M","M","?","M","M","E","M","E"],"items_purchased_type":[],"build_version":"2020-12-22","purchased_purges":0,"victory":false,"max_hp_per_floor":[77,77,77,77,77,77,77,77,77],"card_choices":[{"not_picked":["Skewer","Flying Knee"],"picked":"Prepared","floor":1.0},{"not_picked":["Reflex","Blade Dance"],"picked":"PiercingWail","floor":2},{"not_picked":["Dodge and Roll","Blur"],"picked":"All Out Attack","floor":4},{"not_picked":["Blade Dance","Dagger Spray"],"picked":"Deadly Poison","floor":5},{"not_picked":["Dash","Finisher"],"picked":"Bouncing Flask","floor":6},{"not_picked":["Deadly Poison","Noxious Fumes"],"picked":"Bouncing Flask","floor":7}],"player_experience":331095,"relics_obtained":[{"floor":6,"key":"Old Coin"}],"event_choices":[{"damage_healed":11,"gold_gain":0,"player_choice":"Full Heal","damage_taken":0,"max_hp_gain":0,"max_hp_loss":0,"event_name":"Wheel of Change","floor":3,"gold_loss":0}],"is_beta":false,"boss_relics":[],"items_purged_floors":[],"is_endless":false,"potions_floor_spawned":[4],"killed_by":"Lagavulin","ascension_level":2}}