{"host":"bxn2em57qlx5u4i0","time":1612809129,"event":{"mods":["BaseMod","Colored Map","Colored Powertips","Highlight Path","Minty Spire (QoL Compilation)","Random Character Button","Relic Sorter","Relic Stats","StSLib","SuperFastMode"],"gold_per_floor":[111,33,33,33,33,63,94,139,233,245,257,269,281,318,330,419,431,454,446,39,39,39],"floor_reached":21,"language":"ENG","playtime":2441,"items_purged":["Strike_G"],"score":436,"play_id":"7acc5627-1720-4cab-9496-ede5bd422942","local_time":"20210208133209","is_ascension_mode":true,"campfire_choices":[{"data":"Noxious Fumes","floor":10.0,"key":"SMITH"},{"data":"1","floor":12.0,"key":"LIFT"},{"data":"2","floor":15.0,"key":"LIFT"}],"circlet_count":0,"master_deck":["AscendersBane","Strike_G","Strike_G","Strike_G","Defend_G","Defend_G","Defend_G","Defend_G","Defend_G","Survivor","Neutralize","Quick Slash","Noxious Fumes+1","Blade Dance","Calculated Gamble","Terror","Envenom","Adrenaline"],"relics":["Ring of the Serpent","NeowsBlessing","MawBank","Bottled Lightning","Bottled Tornado","Girya","Ornamental Fan","Blood Vial","TwistedFunnel"],"acts_visited":["Exordium","TheCity"],"potions_floor_usage":[21],"damage_taken":[{"damage":0.0,"enemies":"Cultist","floor":1.0,"turns":1.0},{"damage":0.0,"enemies":"3 Sentries","floor":6.0,"turns":1.0},{"damage":0.0,"enemies":"Jaw Worm","floor":7.0,"turns":1.0},{"damage":39.0,"enemies":"Gremlin Nob","floor":8.0,"turns":4.0},{"damage":24.0,"enemies":"3 Sentries","floor":14.0,"turns":7.0},{"damage":9,"enemies":"Hexaghost","floor":16,"turns":8},{"damage":33,"enemies":"3 Byrds","floor":18,"turns":7},{"damage":11,"enemies":"2 Thieves","floor":19,"turns":4},{"damage":19,"enemies":"Cultist and Chosen","floor":21,"turns":4}],"seed_played":"1556497400697205846","potions_obtained":[{"floor":1.0,"key":"Regen Potion"},{"floor":6.0,"key":"SteroidPotion"},{"floor":19,"key":"LiquidMemories"}],"is_trial":false,"path_per_floor":["M","$","?","?","?","E","M","E","T","R","T","R","?","E","R","B",null,"M","M","$","M"],"character_chosen":"THE_SILENT","items_purchased":["Noxious Fumes","Blood Vial","TwistedFunnel"],"campfire_rested":0,"item_purchase_floors":[2,20,20],"current_hp_per_floor":[59,59,59,64,64,64,64,34,34,34,34,34,34,10,10,1,54,21,10,10,0,0],"gold":39,"neow_bonus":"THREE_ENEMY_KILL","is_daily":false,"chose_seed":false,"campfire_upgraded":1,"win_rate":0.0,"timestamp":1612809129,"path_taken":["M","$","?","?","?","E","?","E","T","R","?","R","?","E","R","BOSS","M","M","$","M"],"items_purchased_type":["Card","Relic","Relic"],"build_version":"2020-12-22","purchased_purges":1,"victory":false,"max_hp_per_floor":[66,66,66,71,71,71,71,71,71,71,71,71,71,71,71,71,71,71,71,71,71,71],"relic_stats":{"Blood Vial":2,"counters":[9,37],"Ornamental Fan":[48],"MawBank":168,"obtain_stats":[{"Blood Vial":20,"TwistedFunnel":20,"Girya":11,"NeowsBlessing":0,"Ornamental Fan":14,"Bottled Lightning":8,"Bottled Tornado":9,"MawBank":6,"Ring of the Serpent":17,"Ring of the Snake":0},{"Blood Vial":8,"TwistedFunnel":8,"Girya":4,"NeowsBlessing":0,"Ornamental Fan":5,"Bottled Lightning":4,"Bottled Tornado":4,"MawBank":2,"Ring of the Serpent":6,"Ring of the Snake":0},{"Blood Vial":33,"TwistedFunnel":33,"Girya":7,"NeowsBlessing":0,"Ornamental Fan":14,"Bottled Lightning":7,"Bottled Tornado":7,"MawBank":2,"Ring of the Serpent":22,"Ring of the Snake":0}]},"card_choices":[{"not_picked":["Backflip","Dodge and Roll"],"picked":"Quick Slash","floor":1.0},{"not_picked":["Bane","Outmaneuver"],"picked":"Blade Dance","floor":6.0},{"not_picked":["Dodge and Roll","Outmaneuver","Prepared"],"picked":"SKIP","floor":7.0},{"not_picked":["Acrobatics","Flechettes"],"picked":"Calculated Gamble","floor":8.0},{"not_picked":["Endless Agony","Dagger Throw"],"picked":"Terror","floor":14.0},{"not_picked":["Storm of Steel","Venomology"],"picked":"Envenom","floor":16},{"not_picked":["Deadly Poison","Flying Knee","Poisoned Stab"],"picked":"SKIP","floor":18},{"not_picked":["Dodge and Roll","Dagger Spray"],"picked":"Adrenaline","floor":19}],"player_experience":3011334,"relics_obtained":[{"floor":6.0,"key":"MawBank"},{"floor":8.0,"key":"Bottled Lightning"},{"floor":9.0,"key":"Bottled Tornado"},{"floor":11.0,"key":"Girya"},{"floor":14.0,"key":"Ornamental Fan"}],"event_choices":[{"damage_healed":0.0,"max_hp_gain":0.0,"max_hp_loss":0.0,"gold_gain":0.0,"event_name":"Liars Game","player_choice":"Ignored","floor":3.0,"gold_loss":0.0,"damage_taken":0.0},{"damage_healed":0.0,"max_hp_gain":5.0,"max_hp_loss":0.0,"gold_gain":0.0,"event_name":"Big Fish","player_choice":"Donut","floor":4.0,"gold_loss":0.0,"damage_taken":0.0},{"cards_removed":["Strike_G"],"damage_healed":0.0,"max_hp_gain":0.0,"max_hp_loss":0.0,"gold_gain":0.0,"event_name":"Bonfire Elementals","player_choice":"Offered Basic","floor":5.0,"gold_loss":0.0,"damage_taken":0.0},{"damage_healed":0.0,"max_hp_gain":0.0,"max_hp_loss":0.0,"gold_gain":0.0,"event_name":"Scrap Ooze","player_choice":"Fled","floor":13.0,"gold_loss":0.0,"damage_taken":0.0}],"is_beta":false,"boss_relics":[{"not_picked":["HoveringKite","Fusion Hammer"],"picked":"Ring of the Serpent"}],"items_purged_floors":[20],"is_endless":false,"potions_floor_spawned":[1,6,19],"killed_by":"Cultist and Chosen","ascension_level":20}}