{"host":"bbld1ic1uj90ldt9","time":1612808903,"event":{"mods":["2.2 Compatiblity","AchievementEnabler","Act Like it!","BaseMod","Better Third Choice","Conspire","Downfall","Emptier Cage","Gensokyo","Hallownest","Hermit","Highlight Path","Hubris","Marisa????????","Minty Spire (QoL Compilation)","Random Character Button","Replay The Spire","StSLib","The Animator","The Bug Knight","The Cursed","The Disciple","The Hierophant","The Jungle","The Runesmith","The Servant 0.9.4"],"gold_per_floor":[99,112,112,112,112,126,138,205,205,240,283,283,283,283],"floor_reached":13,"language":"FRA","playtime":875,"items_purged":[],"score":88,"play_id":"ff2a28ff-c05d-4dc3-b885-d1d14de78770","local_time":"20210208192823","is_ascension_mode":true,"campfire_choices":[{"data":"1","floor":1,"key":"LIFT"}],"circlet_count":0,"master_deck":["Runesmith:Strike_RS","Runesmith:Strike_RS","Runesmith:Strike_RS","Runesmith:Strike_RS","Runesmith:Defend_RS","Runesmith:Defend_RS","Runesmith:Defend_RS","Runesmith:Defend_RS","Runesmith:CraftFirestone","Runesmith:Fortify","CommonCold","Runesmith:Repurpose","Runesmith:BackupBattery","Runesmith:UnlimitedPower","ReplayTheSpireMod:Splinters","Runesmith:Grindstone","Runesmith:ReplicatingBarrier","Runesmith:NanitesCloud+1"],"relics":["Runesmith:BrokenRuby","Girya","Strawberry","Juzu Bracelet","hubris:FunFungus","Toxic Egg 2","Regal Pillow","hubris:Towel"],"acts_visited":["Gensokyo:Gensokyo"],"potions_floor_usage":[10,10,10],"damage_taken":[{"damage":2,"enemies":"Gensokyo:2_Kodama","floor":2,"turns":4},{"damage":10,"enemies":"Gensokyo:Gryphon","floor":6,"turns":4},{"damage":3,"enemies":"Gensokyo:Python","floor":7,"turns":4},{"damage":29,"enemies":"Gensokyo:Aya","floor":10,"turns":7},{"damage":24,"enemies":"conspire:MimicChest","floor":11,"turns":13},{"damage":2,"enemies":"Gensokyo:Cirno","floor":13,"turns":3}],"seed_played":"-7598847736337099677","potions_obtained":[{"floor":2,"key":"Slimebound:ThreeZeroPotion"},{"floor":7,"key":"Adrenaline Potion"},{"floor":8,"key":"Toxic Potion"},{"floor":11,"key":"FearPotion"}],"is_trial":false,"path_per_floor":["R","M","?","PTL","PTL","M","M","?","T","E","?","?","E"],"character_chosen":"RUNESMITH_CLASS","items_purchased":[],"campfire_rested":0,"item_purchase_floors":[],"current_hp_per_floor":[70,68,65,65,65,55,52,52,52,26,2,2,0,0],"gold":283,"neow_bonus":"ONE_RARE_RELIC","is_daily":false,"chose_seed":false,"campfire_upgraded":0,"win_rate":0.0,"timestamp":1612808903,"path_taken":["R","M","?","PTL","PTL","M","?","?","T","E","?","?","E"],"items_purchased_type":[],"build_version":"2020-12-22","purchased_purges":0,"victory":false,"max_hp_per_floor":[70,70,77,77,77,77,77,77,77,77,77,77,77,77],"card_choices":[{"not_picked":["Runesmith:CraftMagma","Runesmith:EnergizedChisel"],"picked":"Runesmith:Repurpose","floor":2},{"not_picked":["Runesmith:StaticCage","Runesmith:Overpower"],"picked":"Runesmith:BackupBattery","floor":6},{"not_picked":["Runesmith:Repurpose","Runesmith:BackupBattery"],"picked":"Runesmith:UnlimitedPower","floor":7},{"not_picked":["Runesmith:NanitesCloud","Runesmith:Repurpose"],"picked":"Runesmith:Grindstone","floor":8},{"not_picked":["Runesmith:Grindstone+1","Runesmith:HammerAndChisel+1"],"picked":"Runesmith:ReplicatingBarrier","floor":10},{"not_picked":["Runesmith:RuneHurl","Runesmith:CraftMagma+1"],"picked":"Runesmith:NanitesCloud+1","floor":11}],"player_experience":2233660,"relics_obtained":[{"floor":8,"key":"Juzu Bracelet"},{"floor":9,"key":"hubris:FunFungus"},{"floor":10,"key":"Toxic Egg 2"},{"floor":11,"key":"Regal Pillow"}],"event_choices":[],"is_beta":false,"boss_relics":[],"items_purged_floors":[],"is_endless":false,"potions_floor_spawned":[2,7,11],"killed_by":"Gensokyo:Cirno","ascension_level":2}}