{"host":"r6jigiblrojhp6xe","time":1612777609,"event":{"mods":["AchievementEnabler","BaseMod","DeckTracker","Hermit","Minty Spire (QoL Compilation)","Quick Restart","Rare Cards Sparkle","Relic Stats","StSLib","SuperFastMode","everything is the same but u backflip on backflip"],"gold_per_floor":[113,133,143,163,182,182,208,208,208,188,215,232,242,242,242,321,321,321,246,246,146,146,146,146,146,146,146,146,146,146,21,21,21,21],"floor_reached":33,"language":"KOR","playtime":776,"items_purged":["Strike_R","Strike_R","Strike_R"],"score":558,"play_id":"3e5a53c3-df51-42ee-9fc9-e8c7a2bd82ab","local_time":"20210208184649","is_ascension_mode":true,"campfire_choices":[{"data":"Hemokinesis","floor":6.0,"key":"SMITH"},{"floor":8.0,"key":"REST"},{"data":"Blood for Blood","floor":15.0,"key":"SMITH"},{"floor":23,"key":"REST"},{"data":"Feed","floor":25,"key":"SMITH"},{"floor":28,"key":"REST"},{"data":"Disarm","floor":32,"key":"SMITH"}],"circlet_count":0,"master_deck":["AscendersBane","Strike_R","Defend_R","Defend_R","Defend_R","Defend_R","Bash","The Bomb","Flame Barrier","Cleave","Hemokinesis+1","Feed+1","Immolate","Blood for Blood+1","Impervious","Pummel+1","Shrug It Off","Shockwave+1","Disarm+1"],"relics":["Burning Blood","Akabeko","Shovel","StrikeDummy","White Beast Statue","Ectoplasm","Thread and Needle","Oddly Smooth Stone"],"acts_visited":["Exordium","TheCity"],"potions_floor_usage":[16,16,33],"damage_taken":[{"damage":9.0,"enemies":"Jaw Worm","floor":1.0,"turns":4.0},{"damage":12.0,"enemies":"Cultist","floor":2.0,"turns":4.0},{"damage":12.0,"enemies":"Small Slimes","floor":3.0,"turns":4.0},{"damage":9.0,"enemies":"Red Slaver","floor":4.0,"turns":3.0},{"damage":15.0,"enemies":"Lots of Slimes","floor":5.0,"turns":4.0},{"damage":17.0,"enemies":"3 Sentries","floor":7.0,"turns":6.0},{"damage":10.0,"enemies":"Gremlin Nob","floor":11.0,"turns":3.0},{"damage":0.0,"enemies":"Exordium Wildlife","floor":12.0,"turns":2.0},{"damage":7.0,"enemies":"Gremlin Gang","floor":13.0,"turns":3.0},{"damage":31,"enemies":"Hexaghost","floor":16,"turns":8},{"damage":39,"enemies":"Shell Parasite","floor":18,"turns":5},{"damage":13,"enemies":"Spheric Guardian","floor":20,"turns":3},{"damage":12,"enemies":"Centurion and Healer","floor":22,"turns":5},{"damage":30,"enemies":"Gremlin Leader","floor":24,"turns":6},{"damage":14,"enemies":"Snake Plant","floor":27,"turns":2},{"damage":12,"enemies":"Shelled Parasite and Fungi","floor":29,"turns":7},{"damage":83,"enemies":"Collector","floor":33,"turns":8}],"seed_played":"5889251136808033306","potions_obtained":[{"floor":1.0,"key":"EntropicBrew"},{"floor":3.0,"key":"Fire Potion"},{"floor":10.0,"key":"BlessingOfTheForge"},{"floor":13.0,"key":"AttackPotion"},{"floor":16,"key":"Ancient Potion"},{"floor":18,"key":"BloodPotion"}],"is_trial":false,"path_per_floor":["M","M","M","M","M","R","E","R","T","?","E","M","M","T","R","B",null,"M","$","M","$","M","R","E","R","T","M","R","M","?","$","R","B"],"character_chosen":"IRONCLAD","items_purchased":[],"campfire_rested":3,"item_purchase_floors":[],"current_hp_per_floor":[47,41,35,32,26,26,18,42,42,42,38,44,46,46,46,21,68,35,35,31,31,28,55,31,31,31,23,50,48,48,48,48,0,0],"gold":21,"neow_bonus":"RANDOM_COLORLESS_2","is_daily":false,"chose_seed":false,"campfire_upgraded":4,"win_rate":0.0,"timestamp":1612777609,"path_taken":["M","M","M","M","M","R","E","R","T","?","E","?","M","?","R","BOSS","M","$","M","$","M","R","E","R","T","M","R","M","?","?","R","BOSS"],"items_purchased_type":[],"build_version":"2020-12-22","purchased_purges":3,"victory":false,"max_hp_per_floor":[75,75,75,75,78,78,81,81,81,81,81,81,84,84,84,84,84,84,84,87,87,90,90,90,90,90,90,90,94,94,94,94,94,94],"relic_stats":{"Shovel":0,"counters":[17,77],"Ectoplasm":116,"obtain_stats":[{"Shovel":9,"Oddly Smooth Stone":26,"Thread and Needle":24,"Ectoplasm":17,"StrikeDummy":11,"Burning Blood":0,"Akabeko":7,"White Beast Statue":14},{"Shovel":6,"Oddly Smooth Stone":14,"Thread and Needle":14,"Ectoplasm":10,"StrikeDummy":7,"Burning Blood":0,"Akabeko":6,"White Beast Statue":9},{"Shovel":25,"Oddly Smooth Stone":60,"Thread and Needle":60,"Ectoplasm":41,"StrikeDummy":28,"Burning Blood":0,"Akabeko":25,"White Beast Statue":33}],"Burning Blood":96},"card_choices":[{"not_picked":["Secret Weapon","Violence"],"picked":"The Bomb","floor":0.0},{"not_picked":["Twin Strike","Clash"],"picked":"Flame Barrier","floor":1.0},{"not_picked":["Iron Wave","Cleave","Clash"],"picked":"SKIP","floor":2.0},{"not_picked":["Iron Wave","Clash"],"picked":"Cleave","floor":2.0},{"not_picked":["Twin Strike","Headbutt"],"picked":"Hemokinesis","floor":3.0},{"not_picked":["Iron Wave","Wild Strike"],"picked":"Feed","floor":4.0},{"not_picked":["Clash","Warcry","Clothesline"],"picked":"SKIP","floor":5.0},{"not_picked":["Flex","Sever Soul"],"picked":"Immolate","floor":7.0},{"not_picked":["Rampage","Flex","Havoc"],"picked":"SKIP","floor":11.0},{"not_picked":["Uppercut","Headbutt","Rage"],"picked":"SKIP","floor":12.0},{"not_picked":["Sword Boomerang","Pommel Strike"],"picked":"Blood for Blood","floor":13.0},{"not_picked":["Reaper","Barricade"],"picked":"Impervious","floor":16},{"not_picked":["Havoc","Rampage"],"picked":"Pummel+1","floor":18},{"not_picked":["Sever Soul","Sentinel"],"picked":"Shrug It Off","floor":20},{"not_picked":["Heavy Blade","Armaments","Rupture"],"picked":"SKIP","floor":22},{"not_picked":["Fire Breathing","Second Wind"],"picked":"Shockwave+1","floor":24},{"not_picked":["Armaments","Anger","Feel No Pain"],"picked":"SKIP","floor":27},{"not_picked":["Flex","Perfected Strike"],"picked":"Disarm","floor":29}],"player_experience":607667,"relics_obtained":[{"floor":7.0,"key":"Akabeko"},{"floor":9.0,"key":"Shovel"},{"floor":11.0,"key":"StrikeDummy"},{"floor":14.0,"key":"White Beast Statue"},{"floor":24,"key":"Thread and Needle"},{"floor":26,"key":"Oddly Smooth Stone"}],"event_choices":[{"damage_healed":0.0,"max_hp_gain":0.0,"max_hp_loss":0.0,"gold_gain":0.0,"event_name":"The Woman in Blue","player_choice":"Bought 1 Potion","floor":10.0,"gold_loss":0.0,"damage_taken":0.0},{"cards_removed":["Strike_R"],"damage_healed":0,"gold_gain":0,"player_choice":"Purged","damage_taken":0,"max_hp_gain":0,"max_hp_loss":0,"event_name":"Purifier","floor":30,"gold_loss":0}],"is_beta":false,"boss_relics":[{"not_picked":["Black Blood","SlaversCollar"],"picked":"Ectoplasm"}],"items_purged_floors":[19,21,31],"is_endless":false,"potions_floor_spawned":[1,3,5,13,16,18,20,22,24,27,29],"killed_by":"Collector","ascension_level":20}}