{"host":"kk6i5v7sjcm8i50x","time":1612826688,"event":{"mods":["BaseMod","Bestiary","Colored Map","Downfall","Minty Spire (QoL Compilation)","StSLib","The Saiyan"],"gold_per_floor":[119,119,69,244,263,263,294,294,294,19,19,62,62,112,112,260,260,301,301,271,271],"floor_reached":20,"language":"ENG","playtime":864,"items_purged":["Defend_P"],"score":253,"play_id":"262ef671-86a1-44d2-aec8-4fa38157933c","local_time":"20210208182448","is_ascension_mode":false,"campfire_choices":[{"data":"Eruption","floor":6,"key":"SMITH"},{"data":"Vigilance","floor":8,"key":"SMITH"},{"data":"HandOfGreed","floor":13,"key":"SMITH"},{"data":"ThirdEye","floor":15,"key":"SMITH"}],"circlet_count":0,"master_deck":["Strike_P","Strike_P","Strike_P","Eruption+1","Vigilance+1","ThirdEye+1","Doubt","ForeignInfluence","Crescendo","Pray","HandOfGreed+1","Indignation","Devotion","Tantrum+1","Wireheading"],"relics":["PureWater","Golden Idol","Bottled Lightning","PreservedInsect","Shuriken","Molten Egg 2","bronze:MakeshiftBattery"],"acts_visited":["Exordium","TheCity"],"potions_floor_usage":[18],"damage_taken":[{"damage":0,"enemies":"2 Louse","floor":1,"turns":1},{"damage":0,"enemies":"Jaw Worm","floor":5,"turns":3},{"damage":43,"enemies":"3 Sentries","floor":7,"turns":7},{"damage":0,"enemies":"Gremlin Nob","floor":12,"turns":3},{"damage":0,"enemies":"Cultist","floor":14,"turns":2},{"damage":0,"enemies":"Slime Boss","floor":16,"turns":4},{"damage":40,"enemies":"3 Byrds","floor":18,"turns":7},{"damage":20,"enemies":"2 Thieves","floor":20,"turns":1}],"seed_played":"-3451262608255366574","potions_obtained":[{"floor":12,"key":"Block Potion"},{"floor":16,"key":"SteroidPotion"}],"is_trial":false,"path_per_floor":["M","?","?","?","M","R","E","R","T","$","T","E","R","M","R","B",null,"M","?","M"],"character_chosen":"WATCHER","items_purchased":["Pray","HandOfGreed"],"campfire_rested":0,"item_purchase_floors":[10,10],"current_hp_per_floor":[65,60,60,60,60,60,37,37,37,37,37,37,37,37,37,37,60,20,20,0,0],"gold":271,"neow_bonus":"REMOVE_TWO","is_daily":false,"chose_seed":false,"campfire_upgraded":4,"win_rate":0.0,"timestamp":1612826688,"path_taken":["M","?","?","?","M","R","E","R","T","$","?","E","R","?","R","BOSS","M","?","?"],"items_purchased_type":["Card","Card"],"build_version":"2020-12-22","purchased_purges":1,"victory":false,"max_hp_per_floor":[65,60,60,60,60,60,60,60,60,60,60,60,60,60,60,60,60,60,60,60,60],"card_choices":[{"not_picked":["FlyingSleeves","BowlingBash"],"picked":"ThirdEye","floor":1},{"not_picked":["WheelKick","EmptyBody"],"picked":"ForeignInfluence","floor":5},{"not_picked":["Perseverance","ClearTheMind"],"picked":"Crescendo","floor":7},{"not_picked":["PathToVictory","LessonLearned+1","BowlingBash+1"],"picked":"SKIP","floor":12},{"not_picked":["Meditate","SignatureMove+1"],"picked":"Indignation","floor":14},{"not_picked":["Brilliance+1","Vault"],"picked":"Devotion","floor":16},{"not_picked":["JustLucky+1","FlyingSleeves+1"],"picked":"Tantrum+1","floor":18}],"player_experience":162865,"relics_obtained":[{"floor":7,"key":"Bottled Lightning"},{"floor":9,"key":"PreservedInsect"},{"floor":11,"key":"Shuriken"},{"floor":12,"key":"Molten Egg 2"}],"event_choices":[{"damage_healed":0,"gold_gain":0,"player_choice":"Lose Max HP","damage_taken":0,"relics_obtained":["Golden Idol"],"max_hp_gain":0,"max_hp_loss":5,"event_name":"Golden Idol","floor":2,"gold_loss":0},{"cards_removed":["Defend_P"],"damage_healed":0,"gold_gain":0,"player_choice":"Card Removal","damage_taken":0,"max_hp_gain":0,"max_hp_loss":0,"event_name":"The Cleric","floor":3,"gold_loss":50},{"damage_healed":0,"gold_gain":175,"player_choice":"AGREE","damage_taken":0,"max_hp_gain":0,"max_hp_loss":0,"event_name":"Liars Game","floor":4,"gold_loss":0,"cards_obtained":["Doubt"]},{"damage_healed":0,"gold_gain":0,"cards_transformed":["Strike_P"],"player_choice":"Transformed","damage_taken":0,"max_hp_gain":0,"max_hp_loss":0,"event_name":"Transmorgrifier","floor":19,"gold_loss":0,"cards_obtained":["Wireheading"]}],"is_beta":false,"boss_relics":[{"not_picked":["Runic Pyramid","Sozu"],"picked":"bronze:MakeshiftBattery"}],"items_purged_floors":[10],"is_endless":false,"potions_floor_spawned":[12,16],"killed_by":"2 Thieves","ascension_level":0}}