{"host":"c6xy0a74zz7y4nf6","time":1612763422,"event":{"mods":["BaseMod","Colored Map","Hermit","Minty Spire (QoL Compilation)","Replay The Spire","Spire Arcade","StSLib","The Cursed","The Death Knight","The Exalted","The Servant 0.9.4","The Wild Card"],"gold_per_floor":[111,131,81,92,104,138,158,158,158,183,108,108,122,157,157,252,252,272,272,371,390,400,426,426,426,426,452,472,501,516,530,530,635,635,647,647,84,94,112,112,12,12,12,0,14,45,71,106,106,106],"floor_reached":51,"language":"ENG","playtime":1350,"items_purged":["Bromod:Strike_Bro","Bromod:Defend_Bro","Bromod:Defend_Bro"],"score":1462,"play_id":"8bc56f30-38ac-480d-8426-3fefa2e3e77c","local_time":"20210207235022","daily_mods":["Specialized","Vintage","Time Dilation","DeadlyEvents"],"is_ascension_mode":false,"campfire_choices":[{"data":"1","floor":8,"key":"LIFT"},{"data":"2","floor":15,"key":"LIFT"},{"data":"3","floor":24,"key":"LIFT"},{"data":"Bromod:JaggedEdge","floor":32,"key":"SMITH"},{"data":"Bromod:FinishingTouch","floor":40,"key":"SMITH"},{"data":"Bromod:SlashDash","floor":42,"key":"SMITH"},{"floor":49,"key":"REST"}],"circlet_count":0,"master_deck":["Bromod:Defend_Bro","Bromod:Defend_Bro","Bromod:SlashDash+1","Bromod:SlashDash","Bromod:SlashDash","Bromod:SlashDash","Bromod:SlashDash","Bromod:SlashDash+1","Bromod:SlashDash","Bromod:SlashDash","Bromod:FinishingTouch+1","Bromod:SlashDash","Bromod:JaggedEdge+1","Bromod:JaggedEdge+1","Bromod:NorthWind","Bromod:ContagiousSpread"],"relics":["Bromod:Ordis","Bromod:AscarisDevice","Divine Protection","Replay:Bottled Flurry","Replay:Bottled Snecko","Girya","Replay:Ringing Soul","Iron Hammer","Replay:Bottled Steam","Toy Ornithopter","Bromod:ArcaneVictory","Art of War","Bromod:ArcaneGrace","Replay:Rubber Ducky","Blue Doll","Bromod:ArcaneUltimatum","ReplayFunnel","The Courier","InkBottle","FossilizedHelix","Replay:Baseball","Simple Rune","Vajra","BranchBurnRelic","Black Star","Garlic","Oddly Smooth Stone","Medical Kit","Ginger","Turnip","Replay:Accelerometer","Red Mask","Sundial","ReplayTheSpireMod:Shallot","ReplayTheSpireMod:TigerMarble","Blood Vial","TungstenRod","Gremlin Food"],"acts_visited":["Exordium","TheCity","TheBeyond"],"potions_floor_usage":[16,23,27,30,33,33,50,50,50],"damage_taken":[{"damage":0,"enemies":"Cultist","floor":1,"turns":2},{"damage":0,"enemies":"Small Slimes","floor":2,"turns":1},{"damage":0,"enemies":"Jaw Worm","floor":4,"turns":2},{"damage":0,"enemies":"3 Louse","floor":5,"turns":2},{"damage":0,"enemies":"3 Sentries","floor":6,"turns":5},{"damage":0,"enemies":"Exordium Wildlife","floor":7,"turns":2},{"damage":0,"enemies":"Gremlin Nob","floor":10,"turns":1},{"damage":0,"enemies":"2 Fungi Beasts","floor":13,"turns":2},{"damage":0,"enemies":"Lagavulin","floor":14,"turns":2},{"damage":21,"enemies":"The Guardian","floor":16,"turns":4},{"damage":0,"enemies":"3 Byrds","floor":18,"turns":2},{"damage":0,"enemies":"Chosen","floor":21,"turns":2},{"damage":5,"enemies":"Snake Plant","floor":22,"turns":2},{"damage":13,"enemies":"Book of Stabbing","floor":23,"turns":3},{"damage":0,"enemies":"Slavers","floor":27,"turns":3},{"damage":0,"enemies":"Cultist and Chosen","floor":28,"turns":2},{"damage":0,"enemies":"Gremlin Leader","floor":29,"turns":3},{"damage":0,"enemies":"3 Cultists","floor":30,"turns":2},{"damage":0,"enemies":"Snake Plant","floor":31,"turns":1},{"damage":0,"enemies":"Pondfish","floor":33,"turns":5},{"damage":0,"enemies":"Orb Walker","floor":35,"turns":1},{"damage":0,"enemies":"3 Shapes","floor":38,"turns":2},{"damage":0,"enemies":"Jaw Worm Horde","floor":39,"turns":3},{"damage":0,"enemies":"Sphere and 2 Shapes","floor":45,"turns":2},{"damage":0,"enemies":"R_Hoarder","floor":46,"turns":3},{"damage":0,"enemies":"Reptomancer","floor":48,"turns":2},{"damage":0,"enemies":"Donu and Deca","floor":50,"turns":4}],"seed_played":"-9059878985115674986","potions_obtained":[{"floor":1,"key":"Energy Potion"},{"floor":7,"key":"Languid Potion"},{"floor":10,"key":"Bromod:EnergyRestore"},{"floor":13,"key":"Bromod:EnergyRestore"},{"floor":16,"key":"SkillPotion"},{"floor":23,"key":"LiquidBronze"},{"floor":28,"key":"Death Potion"},{"floor":31,"key":"Strength Potion"},{"floor":33,"key":"SteroidPotion"},{"floor":38,"key":"Strength Potion"}],"is_trial":true,"path_per_floor":["M","M","?","M","M","E","M","R","T","E","$","?","M","E","R","B",null,"M","?","?","M","M","E","R","T","T","E","M","E","M","M","R","B",null,"M","?","$","M","M","R","$","R","T","?","M","E","T","E","R","B",null],"character_chosen":"THE_EXALTED","items_purchased":["Oddly Smooth Stone","Medical Kit","Ginger"],"campfire_rested":1,"item_purchase_floors":[37,37,37],"current_hp_per_floor":[75,75,75,75,75,78,78,78,78,81,81,81,81,81,81,64,84,84,84,84,84,80,73,73,73,73,81,83,87,87,87,87,87,87,87,83,83,83,83,83,83,83,83,83,83,86,86,89,89,89],"gold":106,"neow_bonus":"","is_daily":false,"chose_seed":false,"campfire_upgraded":3,"win_rate":0.0,"timestamp":1612763422,"path_taken":["M","M","?","M","M","E","M","R","T","E","$","?","M","E","R","BOSS","M","?","?","M","M","E","R","?","T","E","M","E","M","M","R","BOSS","M","?","$","M","M","R","$","R","T","?","M","E","?","E","R","BOSS"],"items_purchased_type":["Relic","Relic","Relic"],"build_version":"2020-12-22","purchased_purges":3,"victory":true,"max_hp_per_floor":[75,75,75,75,75,78,78,78,78,81,81,81,81,81,81,84,84,84,84,84,84,84,84,84,84,84,84,84,87,87,87,87,87,87,87,83,83,83,83,83,83,83,83,83,83,86,86,89,89,89],"card_choices":[{"not_picked":["Bromod:BulletJump","Bromod:FastHands"],"picked":"Bromod:FinishingTouch","floor":6},{"not_picked":["Bromod:Stretch","Bromod:ReflexCoil"],"picked":"Bromod:SlashDash","floor":10},{"not_picked":["Bromod:Rage","Bromod:BulletJump","Bromod:ShatteringImpact"],"picked":"SKIP","floor":14},{"not_picked":["Bromod:FocusEnergy","Bromod:ToxicFlight"],"picked":"Bromod:JaggedEdge","floor":16},{"not_picked":["Bromod:SlipMagazine","Bromod:QuickDraw+1","Bromod:Provoked"],"picked":"SKIP","floor":23},{"not_picked":["Bromod:ShatteringImpact","Bromod:SlipMagazine","Bromod:ChillingReload"],"picked":"SKIP","floor":27},{"not_picked":["Bromod:BulletJump","Bromod:FinishingTouch"],"picked":"Bromod:JaggedEdge","floor":29},{"not_picked":["Bromod:BloodRush","Bromod:SlipMagazine"],"picked":"Bromod:NorthWind","floor":46},{"not_picked":["Bromod:ChillingReload","Bromod:SlipMagazine+1"],"picked":"Bromod:ContagiousSpread","floor":48}],"player_experience":117622,"relics_obtained":[{"floor":1,"key":"Divine Protection"},{"floor":2,"key":"Replay:Bottled Flurry"},{"floor":4,"key":"Replay:Bottled Snecko"},{"floor":5,"key":"Girya"},{"floor":6,"key":"Replay:Ringing Soul"},{"floor":7,"key":"Iron Hammer"},{"floor":9,"key":"Replay:Bottled Steam"},{"floor":10,"key":"Toy Ornithopter"},{"floor":13,"key":"Bromod:ArcaneVictory"},{"floor":14,"key":"Art of War"},{"floor":18,"key":"Replay:Rubber Ducky"},{"floor":21,"key":"Blue Doll"},{"floor":22,"key":"Bromod:ArcaneUltimatum"},{"floor":23,"key":"ReplayFunnel"},{"floor":25,"key":"The Courier"},{"floor":26,"key":"InkBottle"},{"floor":27,"key":"Dead Branch"},{"floor":28,"key":"FossilizedHelix"},{"floor":29,"key":"Replay:Baseball"},{"floor":30,"key":"Simple Rune"},{"floor":31,"key":"Vajra"},{"floor":35,"key":"Garlic"},{"floor":38,"key":"Turnip"},{"floor":43,"key":"Replay:Accelerometer"},{"floor":45,"key":"Sundial"},{"floor":46,"key":"ReplayTheSpireMod:Shallot"},{"floor":46,"key":"ReplayTheSpireMod:TigerMarble"},{"floor":47,"key":"Blood Vial"},{"floor":48,"key":"TungstenRod"},{"floor":48,"key":"Gremlin Food"}],"event_choices":[{"cards_removed":["Bromod:Strike_Bro"],"damage_healed":0,"gold_gain":0,"player_choice":"Card Removal","damage_taken":0,"max_hp_gain":0,"max_hp_loss":0,"event_name":"The Cleric","floor":3,"gold_loss":50},{"cards_removed":["Bromod:Strike_Bro"],"damage_healed":0,"gold_gain":0,"player_choice":"Forget","damage_taken":0,"max_hp_gain":0,"max_hp_loss":0,"event_name":"Living Wall","floor":12,"gold_loss":0},{"damage_healed":0,"gold_gain":99,"player_choice":"Stole From Cult","damage_taken":0,"max_hp_gain":0,"max_hp_loss":0,"event_name":"Nest","floor":20,"gold_loss":0},{"damage_healed":0,"gold_gain":0,"player_choice":"Max HP","damage_taken":0,"max_hp_gain":0,"max_hp_loss":4,"event_name":"Winding Halls","floor":36,"gold_loss":0},{"damage_healed":0,"gold_gain":0,"player_choice":"Paid","damage_taken":0,"relics_obtained":["Red Mask"],"max_hp_gain":0,"max_hp_loss":0,"event_name":"Tomb of Lord Red Mask","floor":44,"gold_loss":12}],"is_beta":false,"boss_relics":[{"not_picked":["Replay:Grab Bag","Sozu"],"picked":"Bromod:ArcaneGrace"},{"not_picked":["Snecko Heart","Busted Crown"],"picked":"Black Star"}],"items_purged_floors":[11,37,41],"is_endless":false,"potions_floor_spawned":[1,7,10,13,16,23,28,31,33,38,39,46],"ascension_level":0}}