{"host":"l2kmo5ss1fnqnmvo","time":1612798299,"event":{"mods":["Act Like it!","Arknights","BaseMod","Colored Powertips","Decade(王小明)","Downfall","Lobotomy","Minty Spire (QoL Compilation)","Reimu（博丽灵梦）","StSLib","The Alterego","WarShipGirlsR/战舰少女R mod","Warlord Emblem"],"gold_per_floor":[111,13,30,49,63,63,63],"floor_reached":6,"language":"ZHS","playtime":689,"items_purged":["alterego_mod:Defend"],"score":38,"play_id":"ba800055-593d-4240-9517-e5260e824527","local_time":"20210209003139","is_ascension_mode":false,"campfire_choices":[],"circlet_count":0,"master_deck":["alterego_mod:Strike","alterego_mod:Strike","alterego_mod:Strike","alterego_mod:Strike","alterego_mod:Defend","alterego_mod:Defend","alterego_mod:Defend","alterego_mod:Impale","alterego_mod:BigMeatyClaws","alterego_mod:BrynhildrsRune","UniverseFragment","alterego_mod:Clones","alterego_mod:Cycle","OSAHOGD","alterego_mod:RidiculouslyBig","VoidDream","alterego_mod:Punishment"],"relics":["alterego_mod:MasochisticConstitution","CogitoBucket","RabbitCall"],"acts_visited":["Exordium"],"potions_floor_usage":[5],"damage_taken":[{"damage":3,"enemies":"Cultist","floor":1,"turns":3},{"damage":5,"enemies":"2 Louse","floor":3,"turns":3},{"damage":3,"enemies":"Jaw Worm","floor":4,"turns":6},{"damage":23,"enemies":"Exordium Thugs","floor":5,"turns":6},{"damage":47,"enemies":"3 Sentries","floor":6,"turns":8}],"seed_played":"2681797354440660108","potions_obtained":[{"floor":3,"key":"AttackPotion"},{"floor":4,"key":"Fire Potion"},{"floor":5,"key":"SkillPotion"}],"is_trial":false,"path_per_floor":["M","$","M","M","M","E"],"character_chosen":"The_Alterego","items_purchased":["alterego_mod:Cycle"],"campfire_rested":0,"item_purchase_floors":[2],"current_hp_per_floor":[68,68,64,62,40,0,0],"gold":63,"neow_bonus":"","is_daily":false,"chose_seed":false,"campfire_upgraded":0,"win_rate":0.0,"timestamp":1612798299,"path_taken":["M","$","M","M","M","E"],"items_purchased_type":["Card"],"build_version":"2020-12-22","purchased_purges":1,"victory":false,"max_hp_per_floor":[71,71,72,73,74,74,74],"card_choices":[{"not_picked":["BeautyBeast","OldLady","MHz"],"picked":"Singing Bowl","floor":1},{"not_picked":["MeltingLove","CherryBlossoms"],"picked":"UniverseFragment","floor":1},{"not_picked":["alterego_mod:Undulate","alterego_mod:BreastValley"],"picked":"alterego_mod:Clones","floor":1},{"not_picked":["CherryBlossoms","DespairKnight"],"picked":"OSAHOGD","floor":3},{"not_picked":["alterego_mod:GoddessCore","alterego_mod:Skirt"],"picked":"alterego_mod:RidiculouslyBig","floor":3},{"not_picked":["OldLady","SpiderBud","GreedKing"],"picked":"Singing Bowl","floor":4},{"not_picked":["alterego_mod:BrynhildrRomantia","alterego_mod:Jiggle","alterego_mod:GachaTicket"],"picked":"SKIP","floor":4},{"not_picked":["Funeral","Murderer","DespairKnight"],"picked":"Singing Bowl","floor":5},{"not_picked":["OldLady","PunishingBird"],"picked":"VoidDream","floor":5},{"not_picked":["alterego_mod:Clap","alterego_mod:Rip"],"picked":"alterego_mod:Punishment","floor":5}],"player_experience":674348,"relics_obtained":[],"event_choices":[],"is_beta":false,"boss_relics":[],"items_purged_floors":[2],"is_endless":false,"potions_floor_spawned":[3,4,5],"killed_by":"3 Sentries","ascension_level":0}}