{"host":"za9ilm1uiwmpmin1","time":1612796881,"event":{"mods":["AchievementEnabler","Act Like it!","BaseMod","Dota2Spire","Downfall","Friendly Minions","KomeijiMod","Lobotomy","LobotomyExtend","Minty Spire (QoL Compilation)","MostiFishMod","Reorder Act Four","RumiaBox-露米娅的神秘盒子","StSLib","TestMod","Waifu the Spire","[IsaacMod]以撒尖塔","【功能Mod】混沌之环修复补丁"],"gold_per_floor":[118,145,152,170,183,218,238,266,266,301,301,386,405,432,432,508,508,547,595,595,636,687,687,760,760,786,872,872,905,954,1019,1019,1121,1121,1161,639,639,639,718,787,787,837,837,889,889,928,991,991,991,1029,1029,1029,696,696,764,813],"floor_reached":57,"language":"ZHS","playtime":2272,"items_purged":["sneckomod:Defend","sneckomod:Strike+1","VampirishNight","Confused"],"score":3033,"play_id":"a39e0f00-03f6-40cc-93a8-82038516f342","local_time":"20210208230801","is_ascension_mode":true,"campfire_choices":[{"data":"sneckomod:Rotation","floor":11.0,"key":"SMITH"},{"data":"sneckomod:Memorize","floor":15.0,"key":"SMITH"},{"data":"sneckomod:Memorize","floor":23,"key":"SMITH"},{"floor":25,"key":"RECALL"},{"floor":32,"key":"REST"},{"data":"bronze:Iterate","floor":41,"key":"SMITH"},{"floor":49,"key":"REST"},{"floor":54,"key":"REST"}],"circlet_count":0,"master_deck":["sneckomod:Defend+1","sneckomod:Defend+1","sneckomod:SnekBite+1","sneckomod:Transmogrify+1","sneckomod:Rotation+1","sneckomod:GlitteringGambit+1","bronze:ItsAFeature+1","sneckomod:SnakeSap+1","bronze:Iterate+1","sneckomod:SerpentMind+1","MostiFishMod:PerfectForm+1"],"relics":["DaveBox","HushsDoor","testmod-TestBox","FeatherPendant","SynthV:TestCard","LetterFromLob","testmod-AssaultLearning","Strawberry","Empty Cage","RedMistMask","Dota2Spire:DrumOfEndurance","Dota2Spire:LotusOrb","DianPoetry","xbg","SteamSale","BirthdayGift-Icosahedron","Matryoshka","Anchor","Lantern","Dota2Spire:MonkeyKingBar","Dota2Spire:PhaseBoots","Bag of Preparation","Dota2Spire:PhaseBoots","Dota2Spire:AghanimScepter","Leech","Turnip","Guardian:PocketSentry","testmod-BloodSacrificeSpiritualization","testmod-IndustrialRevolution","ImprovedEquipment","Centennial Puzzle","testmod-LifeArmor","NitorisBag","TheBible","Dota2Spire:ArmletOfMordiggian"],"acts_visited":["Exordium","TheCity","TheBeyond","TheEnding"],"potions_floor_usage":[56,56],"damage_taken":[{"damage":12.0,"enemies":"Jaw Worm","floor":1.0,"turns":2.0},{"damage":2.0,"enemies":"Small Slimes","floor":2.0,"turns":2.0},{"damage":0.0,"enemies":"Cultist","floor":4.0,"turns":3.0},{"damage":0.0,"enemies":"Large Slime","floor":5.0,"turns":4.0},{"damage":0.0,"enemies":"3 Sentries","floor":6.0,"turns":4.0},{"damage":0.0,"enemies":"Lots of Slimes","floor":7.0,"turns":2.0},{"damage":0.0,"enemies":"Gremlin Nob","floor":8.0,"turns":2.0},{"damage":0.0,"enemies":"3 Sentries","floor":10.0,"turns":4.0},{"damage":0.0,"enemies":"Exordium Wildlife","floor":13.0,"turns":2.0},{"damage":0.0,"enemies":"Lagavulin","floor":14.0,"turns":3.0},{"damage":0,"enemies":"The Guardian","floor":16,"turns":4},{"damage":9,"enemies":"Shell Parasite","floor":18,"turns":1},{"damage":9,"enemies":"Chosen","floor":19,"turns":1},{"damage":9,"enemies":"Snake Plant","floor":21,"turns":1},{"damage":9,"enemies":"Chosen and Byrds","floor":22,"turns":2},{"damage":9,"enemies":"Book of Stabbing","floor":24,"turns":1},{"damage":9,"enemies":"Gremlin Leader","floor":27,"turns":1},{"damage":30,"enemies":"Slavers","floor":29,"turns":2},{"damage":0,"enemies":"Centurion and Healer","floor":30,"turns":1},{"damage":0,"enemies":"Book of Stabbing","floor":31,"turns":1},{"damage":9,"enemies":"Champ","floor":33,"turns":2},{"damage":8,"enemies":"3 Shapes","floor":35,"turns":1},{"damage":0,"enemies":"3 Darklings","floor":39,"turns":1},{"damage":0,"enemies":"Nemesis","floor":40,"turns":1},{"damage":0,"enemies":"Giant Head","floor":42,"turns":1},{"damage":0,"enemies":"Reptomancer","floor":44,"turns":2},{"damage":0,"enemies":"Spire Growth","floor":46,"turns":1},{"damage":0,"enemies":"Writhing Mass","floor":47,"turns":1},{"damage":0,"enemies":"Time Eater","floor":50,"turns":2},{"damage":0,"enemies":"Shield and Spear","floor":55,"turns":1},{"damage":0,"enemies":"The Heart","floor":56,"turns":3}],"seed_played":"7302904894963870157","potions_obtained":[{"floor":5.0,"key":"Strength Potion"},{"floor":7.0,"key":"Dota2Spire:Clarity"},{"floor":8.0,"key":"PowerPotion"}],"is_trial":false,"path_per_floor":["M","M","?","M","M","E","M","E","T","E","R","?","M","E","R","B",null,"M","M","?","M","M","R","E","R","T","E","?","E","M","E","R","B",null,"M","$","T","?","M","E","R","E","T","E","?","M","M","?","R","B",null,null,"$","R","E","B",null],"character_chosen":"THE_SNECKO","items_purchased":["MostiFishMod:PerfectForm","BirthdayGift-Icosahedron","Matryoshka","testmod-LifeArmor","NitorisBag","TheBible"],"campfire_rested":3,"item_purchase_floors":[34,36,36,53,53,53],"current_hp_per_floor":[69,67,62,62,62,62,62,62,62,62,62,47,47,54,54,54,83,74,65,65,56,47,47,38,38,38,29,29,1,3,5,32,25,66,60,60,60,60,61,62,62,63,63,65,65,66,67,67,80,80,80,80,80,80,80,80],"gold":813,"neow_bonus":"BOSS_RELIC","is_daily":false,"chose_seed":false,"campfire_upgraded":4,"win_rate":0.0,"timestamp":1612796881,"path_taken":["M","M","?","M","M","E","?","E","T","E","R","?","M","E","R","BOSS","M","M","?","M","?","R","E","R","T","E","?","E","M","E","R","BOSS","M","$","?","?","M","E","R","E","T","E","?","M","M","?","R","BOSS","$","R","E","BOSS"],"items_purchased_type":["Card","Relic","Relic","Relic","Relic","Relic"],"build_version":"2020-12-22","purchased_purges":4,"victory":true,"max_hp_per_floor":[90,90,90,90,90,90,90,90,90,90,90,90,90,97,97,97,92,92,92,92,92,92,92,92,92,92,92,92,92,92,92,92,92,80,80,80,80,80,80,80,80,80,80,80,80,80,80,80,80,80,80,80,80,80,80,80],"card_choices":[{"not_picked":["sneckomod:UnknownDraw","sneckomod:IronFang","sneckomod:TrashToTreasure"],"picked":"SKIP","floor":1.0},{"not_picked":["sneckomod:UnknownBlock","sneckomod:UnknownCommonSkill","sneckomod:Unknown1Cost","sneckomod:IronFang"],"picked":"sneckomod:Transmogrify","floor":2.0},{"not_picked":["sneckomod:DiceCrush","sneckomod:ImprovisedGuard","Bomb","sneckomod:RainOfDice"],"picked":"sneckomod:Memorize","floor":4.0},{"not_picked":["sneckomod:DiceBlock","sneckomod:UnknownStrike","sneckomod:SerpentMind","sneckomod:IronFang"],"picked":"sneckomod:Rotation","floor":5.0},{"not_picked":["sneckomod:UnknownX","sneckomod:Unknown1Cost","sneckomod:UnknownClassRemiria","sneckomod:UnendingSupply","sneckomod:UnknownDexterity"],"picked":"SKIP","floor":6.0},{"not_picked":["sneckomod:DiceBlock","sneckomod:MasterEye","sneckomod:Restock","sneckomod:UnknownDraw","sneckomod:SerpentIdol"],"picked":"SKIP","floor":7.0},{"not_picked":["sneckomod:Rotation","sneckomod:Nope","sneckomod:UnknownCommonAttack","sneckomod:UnknownDraw","sneckomod:UnknownClassTHE_BRONZE_AUTOMATON"],"picked":"SKIP","floor":8.0},{"not_picked":["sneckomod:Transmogrify","sneckomod:Unknown2Cost","sneckomod:WideSting","sneckomod:UnknownExhaust","sneckomod:DefensiveFlair"],"picked":"SKIP","floor":10.0},{"not_picked":["sneckomod:SnekBeam","sneckomod:UnknownDraw","sneckomod:UnknownUncommonPower","sneckomod:UnknownCommonAttack","sneckomod:SoulDraw","sneckomod:IronFang"],"picked":"SKIP","floor":13.0},{"not_picked":["sneckomod:UnendingSupply","sneckomod:UnknownClassTHE_BRONZE_AUTOMATON","sneckomod:SerpentIdol","sneckomod:TrashToTreasure","sneckomod:IronFang"],"picked":"sneckomod:Memorize","floor":14.0},{"not_picked":["sneckomod:UnknownRareSkill","sneckomod:Unknown3Cost","sneckomod:UnknownRareAttack","sneckomod:UnknownBoss","sneckomod:UnknownRarePower"],"picked":"sneckomod:GlitteringGambit","floor":16},{"not_picked":["sneckomod:SoulRoll","sneckomod:UnknownClassTHE_BRONZE_AUTOMATON","sneckomod:IronFang","sneckomod:RainOfDice","sneckomod:QuickBite"],"picked":"sneckomod:UnknownStrength","floor":18},{"not_picked":["sneckomod:UnknownDexterity","sneckomod:DefensiveFlair+1","sneckomod:UnknownUncommonPower","sneckomod:UnknownClassLobotomy","sneckomod:Rotation"],"picked":"sneckomod:Memorize","floor":19},{"not_picked":["sneckomod:WideSting","sneckomod:SoulRoll","sneckomod:UnknownRarePower","sneckomod:UnknownClassLobotomy","sneckomod:ImprovisedGuard"],"picked":"SKIP","floor":21},{"not_picked":["sneckomod:WideSting","sneckomod:SoulRoll","sneckomod:UnknownRarePower","sneckomod:UnknownClassLobotomy","sneckomod:ImprovisedGuard"],"picked":"SKIP","floor":21},{"not_picked":["sneckomod:WideSting","sneckomod:SoulRoll","sneckomod:UnknownRarePower","sneckomod:UnknownClassLobotomy","sneckomod:ImprovisedGuard"],"picked":"SKIP","floor":21},{"not_picked":["sneckomod:RainOfDice","sneckomod:WideSting","sneckomod:UnknownClassLobotomy+1","sneckomod:UnknownClassRemiria","sneckomod:DiceCrush"],"picked":"sneckomod:SnakeSap","floor":22},{"not_picked":["sneckomod:Unknown3Cost","sneckomod:UnknownColorless","sneckomod:UnknownDraw","sneckomod:SoulDraw","sneckomod:RainOfDice","sneckomod:UnknownClassTHE_BRONZE_AUTOMATON"],"picked":"SKIP","floor":24},{"not_picked":["sneckomod:SlitherStrike","sneckomod:QuickMove","sneckomod:PureSnecko","sneckomod:DiceCrush","sneckomod:Unknown3Cost"],"picked":"SKIP","floor":27},{"not_picked":["sneckomod:WideSting","sneckomod:SlitherStrike","sneckomod:UnknownRarePower","sneckomod:DiceBoulder","sneckomod:MasterEye+1"],"picked":"SKIP","floor":29},{"not_picked":["sneckomod:DiceCrush","sneckomod:QuickMove","sneckomod:UnknownUncommonAttack+1","sneckomod:UnknownUncommonPower","sneckomod:UnknownBlock"],"picked":"SKIP","floor":30},{"not_picked":["sneckomod:DiceBlock","sneckomod:WideSting","sneckomod:UnknownStrike+1","sneckomod:RainOfDice","sneckomod:UnknownUncommonPower+1"],"picked":"SKIP","floor":31},{"not_picked":["sneckomod:DangerNoodle","sneckomod:Restock","sneckomod:Unknown3Cost","sneckomod:Cheat"],"picked":"sneckomod:SerpentMind","floor":33},{"not_picked":["sneckomod:UnknownBlock","sneckomod:UnknownDraw","sneckomod:QuickBite","sneckomod:SoulDraw","sneckomod:UnknownClassTHE_BRONZE_AUTOMATON"],"picked":"SKIP","floor":35},{"not_picked":["sneckomod:SoulDraw","sneckomod:UnknownClassRemiria","sneckomod:IronFang","sneckomod:DiceCrush","sneckomod:UnknownBlock"],"picked":"SKIP","floor":39},{"not_picked":["sneckomod:UnknownCommonAttack","sneckomod:UnknownWeak","sneckomod:UnknownDexterity","sneckomod:DefensiveFlair+1","sneckomod:UnknownBlock"],"picked":"SKIP","floor":40},{"not_picked":["sneckomod:UnknownX","sneckomod:DiceBlock+1","sneckomod:SnakeSap+1","sneckomod:DefensiveFlair+1","sneckomod:ImprovisedAttack"],"picked":"SKIP","floor":42},{"not_picked":["sneckomod:Unknown2Cost","sneckomod:UnknownBoss","sneckomod:UnknownColorless","sneckomod:SnakeSap","sneckomod:UnknownCommonSkill"],"picked":"SKIP","floor":44},{"not_picked":["sneckomod:Unknown1Cost+1","sneckomod:SnakeSap+1","sneckomod:UnknownCommonAttack","sneckomod:UnknownCommonSkill","sneckomod:SoulDraw+1"],"picked":"SKIP","floor":46},{"not_picked":["sneckomod:QuickMove+1","sneckomod:ImprovisedGuard","sneckomod:WideSting+1","sneckomod:SoulRoll","sneckomod:DiceBlock"],"picked":"SKIP","floor":47},{"not_picked":["sneckomod:UnknownClassTHE_BRONZE_AUTOMATON","sneckomod:UnknownUncommonSkill+1","sneckomod:UnknownUncommonPower","sneckomod:UnknownDraw","sneckomod:SoulExchange"],"picked":"SKIP","floor":55}],"player_experience":1116812,"relics_obtained":[{"floor":1.0,"key":"SynthV:TestCard"},{"floor":1.0,"key":"LetterFromLob"},{"floor":4.0,"key":"Blue Candle"},{"floor":4.0,"key":"SalivaCoin"},{"floor":5.0,"key":"Runic Pyramid"},{"floor":5.0,"key":"testmod-ObsoleteBoomerang"},{"floor":6.0,"key":"testmod-ObsoleteBoomerang"},{"floor":6.0,"key":"Mummified Hand"},{"floor":6.0,"key":"MealTicket"},{"floor":7.0,"key":"testmod-AssaultLearning"},{"floor":7.0,"key":"Mummified Hand"},{"floor":8.0,"key":"Mummified Hand"},{"floor":8.0,"key":"testmod-ObsoleteBoomerang"},{"floor":8.0,"key":"Dota2Spire:Vanguard"},{"floor":10.0,"key":"Question Card"},{"floor":10.0,"key":"Runic Pyramid"},{"floor":10.0,"key":"SteamSale"},{"floor":13.0,"key":"sneckomod:SneckoTalon"},{"floor":13.0,"key":"Dota2Spire:PhaseBoots"},{"floor":14.0,"key":"SteamSale"},{"floor":14.0,"key":"testmod-AssaultLearning"},{"floor":14.0,"key":"Strawberry"},{"floor":16,"key":"Bag of Preparation"},{"floor":16,"key":"testmod-BloodSacrificeSpiritualization"},{"floor":19,"key":"SteamSale"},{"floor":19,"key":"Dota2Spire:PhaseBoots"},{"floor":21,"key":"testmod-BloodSacrificeSpiritualization"},{"floor":21,"key":"Question Card"},{"floor":21,"key":"RedMistMask"},{"floor":22,"key":"SteamSale"},{"floor":22,"key":"Dota2Spire:PhaseBoots"},{"floor":24,"key":"Dota2Spire:PhaseBoots"},{"floor":24,"key":"testmod-BloodSacrificeSpiritualization"},{"floor":24,"key":"Juzu Bracelet"},{"floor":26,"key":"Dota2Spire:PhaseBoots"},{"floor":27,"key":"DianPoetry"},{"floor":27,"key":"MagicDraw4"},{"floor":27,"key":"Lantern"},{"floor":29,"key":"Dota2Spire:PhaseBoots"},{"floor":29,"key":"testmod-IndustrialRevolution"},{"floor":29,"key":"Dota2Spire:DrumOfEndurance"},{"floor":31,"key":"Bag of Preparation"},{"floor":31,"key":"testmod-IndustrialRevolution"},{"floor":31,"key":"Dota2Spire:LotusOrb"},{"floor":33,"key":"DianPoetry"},{"floor":33,"key":"testmod-IndustrialRevolution"},{"floor":35,"key":"Bag of Preparation"},{"floor":35,"key":"SteamSale"},{"floor":37,"key":"Anchor"},{"floor":37,"key":"Dota2Spire:MonkeyKingBar"},{"floor":39,"key":"Lantern"},{"floor":39,"key":"ImprovedEquipment"},{"floor":40,"key":"Dota2Spire:MonkeyKingBar"},{"floor":40,"key":"Dota2Spire:PhaseBoots"},{"floor":40,"key":"Dota2Spire:Mjollnir"},{"floor":42,"key":"ImprovedEquipment"},{"floor":42,"key":"Bag of Preparation"},{"floor":42,"key":"Dota2Spire:PhaseBoots"},{"floor":42,"key":"Dota2Spire:AghanimScepter"},{"floor":43,"key":"Guardian:PocketSentry"},{"floor":43,"key":"Leech"},{"floor":44,"key":"Turnip"},{"floor":44,"key":"Guardian:PocketSentry"},{"floor":44,"key":"testmod-BloodSacrificeSpiritualization"},{"floor":44,"key":"Centennial Puzzle"},{"floor":46,"key":"testmod-IndustrialRevolution"},{"floor":46,"key":"ImprovedEquipment"},{"floor":46,"key":"Centennial Puzzle"},{"floor":55,"key":"Dota2Spire:ArmletOfMordiggian"}],"event_choices":[{"damage_healed":0,"gold_gain":0,"player_choice":"Ignored","damage_taken":0,"max_hp_gain":0,"max_hp_loss":0,"event_name":"Ghosts","floor":28,"gold_loss":0}],"is_beta":false,"boss_relics":[{"not_picked":["Runic Dome","Pandora\u0027s Box"],"picked":"Empty Cage"},{"not_picked":[]},{"not_picked":["GreenFoldingFan","Snecko Eye"],"picked":"xbg"},{"not_picked":[]}],"items_purged_floors":[17,34,36,53],"is_endless":false,"potions_floor_spawned":[5,6,7,8,13,14,18,22,24,30,33,40,42,44,46,47],"ascension_level":13}}