{"host":"sgqhwtqjaxn0ibpt","time":1612749557,"event":{"mods":["2.2 Compatiblity","AchievementEnabler","Aspiration","BaseMod","Beaked The Cultist","Better Altar","Better Third Choice","Clockwork Mod","Colored Powertips","Conspire","Disable Question Mark Monsters","Downfall","Energized Spire","Glutton Mod","Gremlin Mod","Gremlin Skip","Hermit","Hubris","Jorbs\u0027s Wanderer Trilogy","Mad Scientist","Minty Spire (QoL Compilation)","Permanent Neow","Quick Restart","Random Character Button","Rare Cards Sparkle","Reworked Bosses","SacredBarkPlus","Shop Mod","StSLib","The Bug Knight","The Construct","The Cursed","The Forsaken","The Hierophant","The Runesmith","TheHeartMod","Trackpad","Wandering Minibosses"],"gold_per_floor":[114,131,131,131,144,144,72,72,122,122,153,168,184,218,218,318,318,335,346,50,50,61,80,112,112,112,112,124,139,139,155,155,256,256,267,313,91,108,108,108,108,108,108,108,136,60,74,74,74,74,74,74,2,31,31,31],"floor_reached":55,"language":"ENG","playtime":2189,"items_purged":["downfall:Icky"],"score":800,"play_id":"7f1ffa4b-7da8-4d11-a5c7-0afd38540ceb","local_time":"20210207205917","is_ascension_mode":false,"campfire_choices":[{"data":"Carnage","floor":6,"key":"SMITH"},{"data":"Uppercut","floor":8,"key":"SMITH"},{"data":"Disarm","floor":15,"key":"SMITH"},{"data":"hubris:StunningStrike","floor":27,"key":"SMITH"},{"data":"Feed","floor":32,"key":"SMITH"},{"data":"Demon Form","floor":40,"key":"SMITH"},{"floor":42,"key":"RECALL"},{"data":"Pommel Strike","floor":49,"key":"SMITH"},{"data":"Bash","floor":52,"key":"SMITH"}],"circlet_count":0,"master_deck":["conspire:GhostlyStrike","conspire:GhostlyStrike","conspire:GhostlyStrike","conspire:GhostlyStrike","conspire:GhostlyStrike","conspire:GhostlyDefend","conspire:GhostlyDefend","conspire:GhostlyDefend","conspire:GhostlyDefend","Bash+1","Carnage+1","Disarm+1","Uppercut+1","Pommel Strike+1","Thunderclap","Feed+1","hubris:StunningStrike+1","Havoc+1","Dark Embrace+1","True Grit+1","Bloodletting+1","Infernal Blade+1","Demon Form+1","Disarm+1","Shrug It Off+1","Dropkick","Shrug It Off+1","TheCursedMod:Dregs","Pommel Strike+1"],"relics":["Burning Blood","aspiration:Nostalgia","hermit:Momento","Bag of Preparation","hubris:ToyBattleship","Toxic Egg 2","energizedSpire:CursedPentagram","hubris:Zylophone","Thread and Needle","Shuriken","energizedSpire:DeadBattery","conspire:GlowingRock","ClockworkSouvenir","Vajra","hubris:Towel","hubris:CrystalStatue"],"acts_visited":["Exordium","TheCity","TheBeyond","TheEnding"],"potions_floor_usage":[13,19,55,55,55],"damage_taken":[{"damage":15,"enemies":"Jaw Worm","floor":1,"turns":4},{"damage":1,"enemies":"Cultist","floor":2,"turns":3},{"damage":3,"enemies":"Small Slimes","floor":5,"turns":4},{"damage":24,"enemies":"Lagavulin","floor":11,"turns":5},{"damage":6,"enemies":"Blue Slaver","floor":12,"turns":5},{"damage":11,"enemies":"Lots of Slimes","floor":13,"turns":3},{"damage":14,"enemies":"Gremlin Nob","floor":14,"turns":3},{"damage":0,"enemies":"Slime Boss","floor":16,"turns":5},{"damage":5,"enemies":"3 Byrds","floor":18,"turns":4},{"damage":17,"enemies":"2 Thieves","floor":19,"turns":3},{"damage":17,"enemies":"Snake Plant","floor":22,"turns":5},{"damage":0,"enemies":"Shelled Parasite and Fungi","floor":23,"turns":7},{"damage":4,"enemies":"Gremlin Leader","floor":24,"turns":6},{"damage":6,"enemies":"3 Cultists","floor":28,"turns":3},{"damage":3,"enemies":"Centurion and Healer","floor":29,"turns":6},{"damage":3,"enemies":"Chosen and Byrds","floor":31,"turns":5},{"damage":34,"enemies":"Automaton","floor":33,"turns":9},{"damage":21,"enemies":"3 Shapes","floor":35,"turns":4},{"damage":75,"enemies":"2 Orb Walkers","floor":36,"turns":7},{"damage":0,"enemies":"Orb Walker","floor":38,"turns":3},{"damage":23,"enemies":"Nemesis","floor":45,"turns":5},{"damage":18,"enemies":"4 Shapes","floor":47,"turns":6},{"damage":33,"enemies":"bossMod:newShapes","floor":50,"turns":6},{"damage":27,"enemies":"Shield and Spear","floor":54,"turns":4},{"damage":87,"enemies":"NeowBoss","floor":55,"turns":9}],"seed_played":"-7594496724599106374","potions_obtained":[{"floor":5,"key":"EssenceOfSteel"},{"floor":10,"key":"LiquidMemories"},{"floor":10,"key":"sneckomod:MuddlingPotion"},{"floor":14,"key":"LiquidMemories"},{"floor":19,"key":"PowerPotion"},{"floor":38,"key":"AttackPotion"}],"is_trial":false,"path_per_floor":["M","M","?","?","M","R","$","R","T","?","E","M","M","E","R","B",null,"M","M","$","?","M","M","E","$","T","R","M","M","$","M","R","B",null,"M","?","$","M","$","R","?","R","T","?","E","$","M","?","R","B",null,"R","$","E","B"],"character_chosen":"IRONCLAD","items_purchased":["Uppercut","hubris:Zylophone","ClockworkSouvenir","Dropkick","LiquidMemories"],"campfire_rested":0,"item_purchase_floors":[7,20,37,46,53],"current_hp_per_floor":[71,76,76,80,80,80,80,80,80,80,62,62,57,49,49,58,83,86,78,78,78,70,79,84,84,84,84,87,93,93,99,99,75,111,100,31,31,41,41,41,104,104,104,104,87,87,75,75,75,52,108,108,108,87,0,0],"gold":31,"neow_bonus":"NOSTALGIA","is_daily":false,"chose_seed":false,"campfire_upgraded":8,"win_rate":0.0,"timestamp":1612749557,"path_taken":["M","M","?","?","?","R","?","R","T","?","E","M","M","E","R","BOSS","M","?","$","?","M","?","E","$","T","R","M","M","?","M","R","BOSS","M","?","$","M","$","R","?","R","T","?","E","?","M","?","R","BOSS","R","$","E","BOSS"],"items_purchased_type":["Card","Relic","Relic","Card","Potion"],"build_version":"2020-12-22","purchased_purges":1,"victory":false,"max_hp_per_floor":[80,80,80,80,80,80,80,80,80,80,80,80,80,80,80,83,83,86,89,89,89,92,95,98,98,98,98,101,104,104,107,107,111,111,115,115,115,119,119,119,104,104,104,104,104,104,104,104,104,108,108,108,108,108,108,108],"card_choices":[{"not_picked":["Body Slam","Pummel"],"picked":"Carnage","floor":1},{"not_picked":["Rupture","Burning Pact"],"picked":"Disarm","floor":2},{"not_picked":["Heavy Blade","Flex","Anger"],"picked":"SKIP","floor":5},{"not_picked":["Sword Boomerang","Cleave","hubris:CleavingFinish"],"picked":"SKIP","floor":11},{"not_picked":["Ghostly Armor","Wild Strike"],"picked":"Pommel Strike","floor":12},{"not_picked":["Warcry","Sever Soul"],"picked":"Thunderclap","floor":13},{"not_picked":["Burning Pact+1","Shrug It Off+1"],"picked":"Feed","floor":14},{"not_picked":["conspire:Purge+1","Brutality"],"picked":"hubris:StunningStrike","floor":16},{"not_picked":["hubris:CleavingFinish","Rupture"],"picked":"Havoc+1","floor":18},{"not_picked":["Combust+1","Cleave"],"picked":"Dark Embrace+1","floor":19},{"not_picked":["Headbutt","True Grit+1","Rupture+1"],"picked":"SKIP","floor":22},{"not_picked":["Reckless Charge","Body Slam+1","Wild Strike"],"picked":"SKIP","floor":23},{"not_picked":["Immolate","hubris:ReadiedAction+1"],"picked":"Bloodletting+1","floor":24},{"not_picked":["Inflame","Headbutt"],"picked":"Infernal Blade+1","floor":28},{"not_picked":["Body Slam","Brutality","Wild Strike+1"],"picked":"SKIP","floor":29},{"not_picked":["Clothesline","Inflame","Havoc+1"],"picked":"SKIP","floor":31},{"not_picked":["Berserk","Barricade"],"picked":"Demon Form","floor":33},{"not_picked":["Reckless Charge","Pommel Strike+1"],"picked":"Disarm+1","floor":35},{"not_picked":["Shrug It Off+1","Flex+1","Hemokinesis+1"],"picked":"SKIP","floor":38},{"not_picked":["Bloodletting+1","Wild Strike"],"picked":"Shrug It Off+1","floor":45},{"not_picked":["Sword Boomerang","Cleave"],"picked":"Shrug It Off+1","floor":47},{"not_picked":["Barricade","Demon Form"],"picked":"Pommel Strike+1","floor":54}],"player_experience":161129,"relics_obtained":[{"floor":9,"key":"Bag of Preparation"},{"floor":11,"key":"hubris:ToyBattleship"},{"floor":14,"key":"Toxic Egg 2"},{"floor":24,"key":"Thread and Needle"},{"floor":26,"key":"Shuriken"},{"floor":36,"key":"conspire:GlowingRock"},{"floor":45,"key":"Vajra"},{"floor":54,"key":"hubris:CrystalStatue"}],"event_choices":[{"damage_healed":0,"gold_gain":0,"player_choice":"Agree","damage_taken":0,"max_hp_gain":0,"max_hp_loss":0,"event_name":"conspire:LoneGhost","floor":3,"gold_loss":0},{"damage_healed":4,"gold_gain":0,"player_choice":"Full Heal","damage_taken":0,"max_hp_gain":0,"max_hp_loss":0,"event_name":"Wheel of Change","floor":4,"gold_loss":0},{"damage_healed":0,"gold_gain":0,"player_choice":"Got Potions","damage_taken":0,"max_hp_gain":0,"max_hp_loss":0,"event_name":"Lab","floor":10,"gold_loss":0},{"damage_healed":0,"gold_gain":0,"player_choice":"1 cards matched","damage_taken":0,"max_hp_gain":0,"max_hp_loss":0,"event_name":"Match and Keep!","floor":21,"gold_loss":0,"cards_obtained":["True Grit"]},{"damage_healed":0,"gold_gain":0,"player_choice":"Fight","damage_taken":0,"max_hp_gain":0,"max_hp_loss":0,"event_name":"Mysterious Sphere","floor":36,"gold_loss":0},{"damage_healed":104,"gold_gain":0,"player_choice":"Heal","damage_taken":0,"max_hp_gain":0,"max_hp_loss":15,"event_name":"The Moai Head","floor":41,"gold_loss":0},{"damage_healed":0,"gold_gain":0,"player_choice":"Ignored","damage_taken":0,"max_hp_gain":0,"max_hp_loss":0,"event_name":"Tomb of Lord Red Mask","floor":44,"gold_loss":0}],"is_beta":false,"boss_relics":[{"not_picked":["Busted Crown","energizedSpire:HugeHouse"],"picked":"energizedSpire:CursedPentagram"},{"not_picked":["trackpad:Trackpad","energizedSpire:OgreHead"],"picked":"energizedSpire:DeadBattery"}],"items_purged_floors":[37],"is_endless":false,"potions_floor_spawned":[5,14,16,19,22,28,29,38,54],"killed_by":"NeowBoss","ascension_level":0}}