{"host":"j14jowy3nc3m7wd7","time":1612814306,"event":{"mods":["AchievementEnabler","BaseMod","Bestiary","Curses Come First","Minty Spire (QoL Compilation)","Permanent Neow","Relic Stats","StSLib"],"gold_per_floor":[113,132,151,171,186,186,186,186],"floor_reached":7,"language":"ENG","playtime":292,"items_purged":[],"score":90,"play_id":"ac9afdf7-38ab-4c23-9429-d5fbb710de24","local_time":"20210208115826","is_ascension_mode":true,"campfire_choices":[{"data":"Quick Slash","floor":6,"key":"SMITH"}],"circlet_count":0,"master_deck":["AscendersBane","Strike_G","Strike_G","Strike_G","Strike_G","Strike_G","Defend_G","Defend_G","Defend_G","Defend_G","Defend_G","Survivor","Neutralize","After Image","Dash","Dagger Spray","Flying Knee","Quick Slash+1"],"relics":["Ring of the Snake"],"acts_visited":[],"potions_floor_usage":[4],"damage_taken":[{"damage":0.0,"enemies":"Cultist","floor":1.0,"turns":4.0},{"damage":0.0,"enemies":"Small Slimes","floor":2.0,"turns":5.0},{"damage":0.0,"enemies":"2 Louse","floor":3.0,"turns":3.0},{"damage":0,"enemies":"Gremlin Gang","floor":4,"turns":3},{"damage":8,"enemies":"3 Louse","floor":5,"turns":4},{"damage":13,"enemies":"3 Sentries","floor":7,"turns":4}],"seed_played":"-9210852950162665627","potions_obtained":[{"floor":1.0,"key":"SmokeBomb"},{"floor":3.0,"key":"BlessingOfTheForge"}],"is_trial":false,"path_per_floor":["M","M","M","M","M","R","E"],"character_chosen":"THE_SILENT","items_purchased":[],"campfire_rested":0,"item_purchase_floors":[],"current_hp_per_floor":[44,44,44,44,36,36,23,23],"gold":186,"neow_bonus":"THREE_RARE_CARDS","is_daily":false,"chose_seed":false,"campfire_upgraded":1,"win_rate":0.0,"timestamp":1612814306,"path_taken":["M","M","M","M","M","R","E"],"items_purchased_type":[],"build_version":"2020-12-22","purchased_purges":0,"victory":false,"max_hp_per_floor":[66,66,66,66,66,66,66,66],"relic_stats":{"counters":[6,23],"obtain_stats":[{"Ring of the Snake":0},{"Ring of the Snake":0},{"Ring of the Snake":0}],"Ring of the Snake":[12]},"card_choices":[{"not_picked":["Unload","Doppelganger"],"picked":"After Image","floor":0.0},{"not_picked":["Choke","Catalyst"],"picked":"Dash","floor":1.0},{"not_picked":["Backflip","Deadly Poison"],"picked":"Dagger Spray","floor":2.0},{"not_picked":["Masterful Stab","Backflip","Underhanded Strike"],"picked":"SKIP","floor":3.0},{"not_picked":["Prepared","Backflip"],"picked":"Flying Knee","floor":4},{"not_picked":["All Out Attack","Prepared"],"picked":"Quick Slash","floor":5}],"player_experience":9847,"relics_obtained":[],"event_choices":[],"is_beta":false,"boss_relics":[],"items_purged_floors":[],"is_endless":false,"potions_floor_spawned":[1,3],"killed_by":"3 Sentries","ascension_level":20}}