{"host":"jr8kutoxe0dof5ui","time":1612794655,"event":{"mods":["AchievementEnabler","Aspiration","BaseMod","DeckTracker","Defuse TimeMaze Blight","Halation","Hubris","Infinite Spire","MarisaÅiñ∂âJÅ@ñÇóùçπÅj","Minty Spire (QoL Compilation)","Prisma Mod","Replay The Spire","Reworked Bosses","StSLib","SuperFastMode","The Construct","The Cursed","The Disciple","The Servant 0.9.4"],"gold_per_floor":[119,155,155,41,57,103,103,137,191,218,131,161,161,236,236,351,351,376,376,356,381,381,381,414,414,491,523,523,533,565,565,658,658,658],"floor_reached":33,"language":"ENG","playtime":2199,"items_purged":[],"score":393,"play_id":"da45061e-6ff8-4de4-be62-dece68e150a3","local_time":"20210208233055","is_ascension_mode":false,"campfire_choices":[{"data":"PrimeTime","floor":7,"key":"SMITH"},{"data":"VestedLegacy","floor":13,"key":"SMITH"},{"floor":15,"key":"REST"},{"data":"SecondHand","floor":23,"key":"SMITH"},{"data":"Flay","floor":25,"key":"SMITH"},{"data":"Echoward","floor":28,"key":"SMITH"}],"circlet_count":0,"master_deck":["Strike_Br","Strike_Br","Strike_Br","Strike_Br","Defend_Br","Defend_Br","Defend_Br","Defend_Br","SecondHand+1","PatternShift","HandsUpC","VestedLegacy+1","Analog+1","LockedMawBank","Allegro","PrimeTime+1","BlueShift","ReapSow","ExoVibe","LockedScales+1","Flay+1","WatchCommand","LockedWarPaint+1","LockedWhetstone+1","Engulf+1","Echoward+1","Recurrance+1"],"relics":["Chronometer","MealTicket","IceCream?","Juzu Bracelet","ReplayFunnel","Ancient Tea Set","hubris:RunicObelisk","Mercury Hourglass","infinitespire:EmpoweringShard","hubris:CuriousFeather","aspiration:RitualStick"],"acts_visited":["Exordium","TheCity"],"potions_floor_usage":[6,16,18,20,33],"damage_taken":[{"damage":0,"enemies":"Small Slimes","floor":1,"turns":5},{"damage":0,"enemies":"2 Louse","floor":5,"turns":5},{"damage":31,"enemies":"3 Sentries","floor":6,"turns":11},{"damage":18,"enemies":"Lagavulin","floor":8,"turns":9},{"damage":2,"enemies":"Jaw Worm","floor":10,"turns":3},{"damage":1,"enemies":"Exordium Wildlife","floor":12,"turns":6},{"damage":12,"enemies":"Slime Boss","floor":16,"turns":5},{"damage":0,"enemies":"Shell Parasite","floor":18,"turns":6},{"damage":9,"enemies":"2 Thieves","floor":20,"turns":4},{"damage":0,"enemies":"Cultist and Chosen","floor":21,"turns":8},{"damage":0,"enemies":"Book of Stabbing","floor":24,"turns":7},{"damage":0,"enemies":"Sentry and Sphere","floor":27,"turns":7},{"damage":0,"enemies":"3 Cultists","floor":29,"turns":4},{"damage":0,"enemies":"Nightmare","floor":30,"turns":8},{"damage":49,"enemies":"bossMod:newCollector","floor":33,"turns":8}],"seed_played":"-1137944934679015727","potions_obtained":[{"floor":2,"key":"Death Potion"},{"floor":2,"key":"Swift Potion"},{"floor":2,"key":"EssenceOfSteel"},{"floor":5,"key":"Languid Potion"},{"floor":12,"key":"SpeedPotion"},{"floor":16,"key":"Energy Potion"},{"floor":20,"key":"Reflective Coating"},{"floor":27,"key":"PowerPotion"},{"floor":30,"key":"Reflective Coating"}],"is_trial":false,"path_per_floor":["M","?","?","$","M","E","R","E","T","M","$","M","R","?","R","B",null,"M","?","M","M","?","R","E","R","T","M","R","M","NM","?","R","B"],"character_chosen":"CHRONO_CLASS","items_purchased":["Tempo","Analog","ExoVibe","LockedScales+1"],"campfire_rested":1,"item_purchase_floors":[4,4,11,11],"current_hp_per_floor":[65,49,49,64,64,33,33,15,15,13,28,27,27,16,35,23,65,65,65,56,56,56,56,56,56,56,56,56,56,56,43,43,0,0],"gold":658,"neow_bonus":"RANDOM_COMMON_RELIC","is_daily":false,"chose_seed":false,"campfire_upgraded":5,"win_rate":0.0,"timestamp":1612794655,"path_taken":["M","?","?","?","?","E","R","E","T","M","$","M","R","?","R","BOSS","M","?","M","M","?","R","E","R","T","M","R","M","NM","?","R","BOSS"],"items_purchased_type":["Card","Card","Card","Card"],"build_version":"2020-12-22","purchased_purges":0,"victory":false,"max_hp_per_floor":[65,65,65,65,65,65,65,65,65,65,65,65,65,65,65,65,65,65,65,65,65,65,65,65,65,65,65,65,65,65,65,65,65,65],"card_choices":[{"not_picked":["CrunchTime","LockedTornado"],"picked":"HandsUpC","floor":1},{"not_picked":["HandsUpC","Stagnate"],"picked":"VestedLegacy","floor":2},{"not_picked":["LockedThread","HandsUpC"],"picked":"LockedMawBank","floor":5},{"not_picked":["SlimeSpray","ShortSighted"],"picked":"PrimeTime","floor":6},{"not_picked":["Facsimile","Cuckoo"],"picked":"BlueShift","floor":8},{"not_picked":["SlimeSpray","Parity"],"picked":"ReapSow","floor":10},{"not_picked":["ResonantCall","PrimeTime","LockedMedicine"],"picked":"SKIP","floor":12},{"not_picked":["Pendulum","OverTime"],"picked":"Flay","floor":16},{"not_picked":["LockedTurtyl","Parity"],"picked":"WatchCommand","floor":18},{"not_picked":["BiteCommand","Tempo"],"picked":"LockedWarPaint+1","floor":20},{"not_picked":["Parity","WakeUpCall"],"picked":"LockedWhetstone+1","floor":21},{"not_picked":["LockedScales+1","LockedMercury"],"picked":"Engulf+1","floor":24},{"not_picked":["BiteCommand","LockedBlood"],"picked":"Echoward","floor":27},{"not_picked":["WakeUpCall","Backlash","PrimeTime+1"],"picked":"SKIP","floor":29},{"not_picked":["Engulf","ExoVibe"],"picked":"Recurrance+1","floor":30}],"player_experience":324411,"relics_obtained":[{"floor":6,"key":"Juzu Bracelet"},{"floor":8,"key":"ReplayFunnel"},{"floor":9,"key":"Ancient Tea Set"},{"floor":24,"key":"Mercury Hourglass"},{"floor":26,"key":"infinitespire:EmpoweringShard"},{"floor":30,"key":"hubris:CuriousFeather"}],"event_choices":[{"damage_healed":0,"gold_gain":75,"player_choice":"Gather Gold","damage_taken":11,"max_hp_gain":0,"max_hp_loss":0,"event_name":"World of Goop","floor":14,"gold_loss":0},{"damage_healed":0,"gold_gain":0,"player_choice":"Ignored","damage_taken":0,"max_hp_gain":0,"max_hp_loss":0,"event_name":"NoteForYourself","floor":19,"gold_loss":0}],"is_beta":false,"boss_relics":[{"not_picked":["hubris:HollowSoul","Pandora\u0027s Box"],"picked":"hubris:RunicObelisk"}],"items_purged_floors":[],"is_endless":false,"potions_floor_spawned":[5,12,16,20,27,30],"killed_by":"bossMod:newCollector","ascension_level":0}}