{"host":"d76q0rb9a0s9bgr5","time":1612799745,"event":{"mods":["BaseMod","Downfall","Hubris","Minty Spire (QoL Compilation)","StSLib"],"gold_per_floor":[99,116,132,132,42,55,55,55,55,73,73,84,84,84,98,203,203,203,220,236,236,121,121,121,121,121,106,125,143,166,166,186,186,186,186],"floor_reached":33,"language":"ENG","playtime":1859,"items_purged":["bronze:Strike","Decay"],"score":237,"play_id":"6e59332f-8f34-45f3-92d8-1ead63a489d0","local_time":"20210208165545","is_ascension_mode":false,"campfire_choices":[{"data":"bronze:Replicate","floor":1,"key":"SMITH"},{"data":"bronze:RecursiveStrike","floor":9,"key":"SMITH"},{"data":"bronze:AlphaBuild","floor":18,"key":"SMITH"},{"data":"bronze:Format","floor":23,"key":"SMITH"},{"data":"bronze:Goto","floor":25,"key":"SMITH"}],"circlet_count":0,"master_deck":["bronze:Strike","bronze:Defend","bronze:Defend","bronze:Replicate+1","bronze:Goto+1","bronze:WhirlingStrike","bronze:RecursiveStrike+1","bronze:AlphaBuild+1","bronze:Format+1","bronze:Repulsor","bronze:Shell"],"relics":["bronze:BronzeCore","Bronze Scales","hubris:PeanutButter","Meat on the Bone","bronze:BottledCode","Runic Pyramid","Nilry\u0027s Codex","hubris:SphereOfDissonance","Smiling Mask","hubris:Icosahedron"],"acts_visited":["Exordium","TheCity"],"potions_floor_usage":[33,33],"damage_taken":[{"damage":0,"enemies":"2 Louse","floor":2,"turns":2},{"damage":1,"enemies":"Cultist","floor":3,"turns":3},{"damage":0,"enemies":"downfall:FleeingMerchant","floor":5,"turns":4},{"damage":2,"enemies":"Small Slimes","floor":6,"turns":2},{"damage":0,"enemies":"Blue Slaver","floor":10,"turns":2},{"damage":1,"enemies":"2 Fungi Beasts","floor":12,"turns":2},{"damage":5,"enemies":"Lots of Slimes","floor":15,"turns":3},{"damage":47,"enemies":"DF_ARCHETYPE_STREAMLINE","floor":16,"turns":8},{"damage":0,"enemies":"3 Byrds","floor":19,"turns":2},{"damage":4,"enemies":"Chosen","floor":20,"turns":3},{"damage":0,"enemies":"downfall:FleeingMerchant","floor":22,"turns":4},{"damage":0,"enemies":"downfall:FleeingMerchant","floor":27,"turns":4},{"damage":0,"enemies":"Snake Plant","floor":28,"turns":1},{"damage":0,"enemies":"3 Cultists","floor":29,"turns":3},{"damage":12,"enemies":"Shelled Parasite and Fungi","floor":32,"turns":4},{"damage":52,"enemies":"IC_MUSHROOM_ARCHETYPE","floor":33,"turns":4}],"seed_played":"-3864598734381098635","potions_obtained":[{"floor":2,"key":"LiquidMemories"},{"floor":6,"key":"Guardian:BlockOnCardUsePotion"},{"floor":10,"key":"PowerPotion"}],"is_trial":false,"path_per_floor":["R","M","M","?","$","M","T","T","R","M","?","M","?","?","M","B",null,"R","M","M","?","$","R","T","R","?","$","M","M","T","?","M","B"],"character_chosen":"THE_AUTOMATON","items_purchased":[],"campfire_rested":0,"item_purchase_floors":[],"current_hp_per_floor":[70,70,69,69,69,67,67,67,67,67,67,66,66,60,55,20,60,60,60,56,40,40,40,40,40,40,40,40,40,40,40,40,0,0,0],"gold":186,"neow_bonus":"RANDOM_COMMON_RELIC","is_daily":false,"chose_seed":false,"campfire_upgraded":5,"win_rate":0.0,"timestamp":1612799745,"path_taken":["R","M","M","?","?","M","T","?","R","M","?","?","?","?","M","BOSS","R","M","M","?","$","R","T","R","?","?","M","?","?","?","M","BOSS"],"items_purchased_type":[],"build_version":"2020-12-22","purchased_purges":2,"victory":false,"max_hp_per_floor":[70,70,70,70,70,70,70,70,70,70,70,70,70,60,60,60,60,60,60,60,60,60,60,60,60,60,60,60,60,60,60,60,60,60,60],"card_choices":[{"not_picked":["bronze:DigitalCarnage","bronze:WildBeam"],"picked":"bronze:WhirlingStrike","floor":2},{"not_picked":["bronze:Flail","bronze:CutThrough","bronze:WildBeam"],"picked":"SKIP","floor":3},{"not_picked":["bronze:BitShift","bronze:Invalidate"],"picked":"bronze:RecursiveStrike","floor":5},{"not_picked":["bronze:DelayedSlice","bronze:Turbo","bronze:DelayedGuard"],"picked":"SKIP","floor":6},{"not_picked":["bronze:BugBarrage","bronze:CutThrough","bronze:Branch"],"picked":"SKIP","floor":10},{"not_picked":["bronze:Invalidate","bronze:CutThrough"],"picked":"bronze:AlphaBuild","floor":12},{"not_picked":["bronze:ChildClass","bronze:FineTuning","bronze:GetLatest"],"picked":"SKIP","floor":15},{"not_picked":["bronze:RecursiveStrike","bronze:Virus"],"picked":"bronze:Format","floor":16},{"not_picked":["bronze:Deprecate","bronze:BitShift","bronze:Invalidate"],"picked":"SKIP","floor":19},{"not_picked":["bronze:BitShift","bronze:Branch","bronze:CleanCode"],"picked":"SKIP","floor":20},{"not_picked":["bronze:Frontload","bronze:Overheat","bronze:BuggyMess"],"picked":"SKIP","floor":22},{"not_picked":["bronze:Safeguard+1","bronze:CloningBeam","bronze:ForLoop"],"picked":"SKIP","floor":27},{"not_picked":["bronze:Fortify+1","bronze:Overheat+1","bronze:Repair"],"picked":"SKIP","floor":28},{"not_picked":["bronze:WhirlingStrike+1","bronze:HyperBeam"],"picked":"bronze:Repulsor","floor":29},{"not_picked":["bronze:Turbo","bronze:Frontload"],"picked":"bronze:Shell","floor":32}],"player_experience":112786,"relics_obtained":[{"floor":7,"key":"hubris:PeanutButter"},{"floor":8,"key":"Meat on the Bone"},{"floor":21,"key":"Nilry\u0027s Codex"},{"floor":24,"key":"hubris:SphereOfDissonance"},{"floor":30,"key":"Smiling Mask"}],"event_choices":[{"damage_healed":0,"gold_gain":0,"player_choice":"Ignored","damage_taken":0,"max_hp_gain":0,"max_hp_loss":0,"event_name":"NoteForYourself","floor":4,"gold_loss":0}],"is_beta":false,"boss_relics":[{"not_picked":["hubris:HollowSoul","Cursed Key"],"picked":"Runic Pyramid"}],"items_purged_floors":[5,22],"is_endless":false,"potions_floor_spawned":[2,6,10,28,29,32],"killed_by":"IC_MUSHROOM_ARCHETYPE","ascension_level":0}}