{"host":"dl7h25vjpuplx29g","time":1612802443,"event":{"mods":["BaseMod","Colored Map","DeckTracker","Minty Spire (QoL Compilation)","StSLib"],"gold_per_floor":[117,36,47,65,81,81,115,131,184,184,200,200,233,233,233,308,308,282,46,61,21,41,41,41,70,70,70,70,80,80,80,80,159,159,177,177,189,189,206,206,220,220,245,265,265,9,35,47,47,47,47,47,17,46,46,46],"floor_reached":55,"language":"JPN","playtime":5182,"items_purged":["Strike_R","Doubt"],"score":1402,"play_id":"28b42813-aa6a-4e59-9356-89c5ac2d6c99","local_time":"20210209014043","is_ascension_mode":true,"campfire_choices":[{"data":"Bash","floor":6.0,"key":"SMITH"},{"data":"Demon Form","floor":10.0,"key":"SMITH"},{"floor":12.0,"key":"DIG"},{"floor":15.0,"key":"REST"},{"floor":23.0,"key":"REST"},{"data":"Pommel Strike","floor":28.0,"key":"SMITH"},{"data":"Immolate","floor":30.0,"key":"SMITH"},{"floor":32.0,"key":"DIG"},{"data":"Barricade","floor":40.0,"key":"SMITH"},{"floor":42.0,"key":"REST"},{"floor":49,"key":"RECALL"},{"floor":52,"key":"DIG"}],"circlet_count":0,"master_deck":["AscendersBane","Strike_R","Defend_R","Defend_R","Defend_R","Defend_R","Bash+1","Feed","Wild Strike","Thunderclap","Iron Wave","Rampage","Demon Form+1","Battle Trance","Clothesline","Feel No Pain","Double Tap","Warcry+1","Intimidate+1","Corruption+1","Sword Boomerang","Burning Pact","Feel No Pain","Evolve+1","Pommel Strike+1","Immolate+1","Barricade+1","Feel No Pain","Dual Wield+1","Feel No Pain","Parasite","Warcry+1","Exhume","Headbutt","Flame Barrier","Iron Wave","True Grit"],"relics":["Burning Blood","Shovel","Darkstone Periapt","Oddly Smooth Stone","Strawberry","Regal Pillow","Astrolabe","OrangePellets","Magic Flower","Matryoshka","Question Card","Velvet Choker","Ornamental Fan","Dead Branch","Mercury Hourglass","Charon\u0027s Ashes"],"acts_visited":["Exordium","TheCity","TheBeyond","TheEnding"],"potions_floor_usage":[47,54],"damage_taken":[{"damage":2.0,"enemies":"Cultist","floor":1.0,"turns":4.0},{"damage":9.0,"enemies":"Jaw Worm","floor":3.0,"turns":3.0},{"damage":8.0,"enemies":"Small Slimes","floor":4.0,"turns":5.0},{"damage":14.0,"enemies":"Blue Slaver","floor":5.0,"turns":4.0},{"damage":20.0,"enemies":"Lagavulin","floor":7.0,"turns":5.0},{"damage":12.0,"enemies":"2 Fungi Beasts","floor":8.0,"turns":3.0},{"damage":20.0,"enemies":"Exordium Thugs","floor":11.0,"turns":4.0},{"damage":28.0,"enemies":"Gremlin Nob","floor":13.0,"turns":4.0},{"damage":46.0,"enemies":"Slime Boss","floor":16.0,"turns":6.0},{"damage":20.0,"enemies":"2 Thieves","floor":18.0,"turns":4.0},{"damage":8.0,"enemies":"Chosen","floor":20.0,"turns":7.0},{"damage":36.0,"enemies":"Centurion and Healer","floor":22.0,"turns":7.0},{"damage":26.0,"enemies":"Book of Stabbing","floor":25.0,"turns":7.0},{"damage":17.0,"enemies":"Snecko","floor":29.0,"turns":8.0},{"damage":6.0,"enemies":"3 Cultists","floor":31.0,"turns":3.0},{"damage":49.0,"enemies":"Automaton","floor":33.0,"turns":9.0},{"damage":9.0,"enemies":"3 Shapes","floor":35.0,"turns":4.0},{"damage":50.0,"enemies":"3 Darklings","floor":37.0,"turns":6.0},{"damage":44.0,"enemies":"Sphere and 2 Shapes","floor":39.0,"turns":8.0},{"damage":20.0,"enemies":"Maw","floor":41.0,"turns":8.0},{"damage":34,"enemies":"Writhing Mass","floor":44,"turns":7},{"damage":83,"enemies":"Reptomancer","floor":47,"turns":10},{"damage":0,"enemies":"Spire Growth","floor":48,"turns":6},{"damage":56,"enemies":"Time Eater","floor":50,"turns":12},{"damage":85,"enemies":"Shield and Spear","floor":54,"turns":11},{"damage":43,"enemies":"The Heart","floor":55,"turns":2}],"seed_played":"3560765648630628056","potions_obtained":[{"floor":3.0,"key":"SpeedPotion"},{"floor":5.0,"key":"SpeedPotion"},{"floor":14.0,"key":"Dexterity Potion"},{"floor":14.0,"key":"PowerPotion"},{"floor":25.0,"key":"SpeedPotion"},{"floor":29.0,"key":"SmokeBomb"},{"floor":35.0,"key":"DuplicationPotion"},{"floor":39.0,"key":"SteroidPotion"},{"floor":44,"key":"Regen Potion"},{"floor":48,"key":"Block Potion"}],"is_trial":false,"path_per_floor":["M","?","M","M","M","R","E","M","T","R","M","R","E","?","R","B",null,"M","$","M","$","M","R","$","E","T","?","R","M","R","M","R","B",null,"M","?","M","?","M","R","M","R","T","M","?","$","E","M","R","B",null,"R","$","E","B"],"character_chosen":"IRONCLAD","items_purchased":["OrangePellets","Feel No Pain","Exhume","Iron Wave"],"campfire_rested":3,"item_purchase_floors":[19,21,46,53],"current_hp_per_floor":[72,72,72,73,68,68,54,51,51,51,40,47,25,25,69,29,80,69,69,70,70,43,89,89,72,72,72,72,69,69,72,72,32,92,97,97,56,56,26,26,15,65,65,49,130,130,75,84,84,42,110,110,110,34,0,0],"gold":46,"neow_bonus":"ONE_RANDOM_RARE_CARD","is_daily":false,"chose_seed":false,"campfire_upgraded":5,"win_rate":0.0,"timestamp":1612802443,"path_taken":["M","?","?","M","M","R","E","M","T","R","M","R","E","?","R","BOSS","M","$","M","?","?","R","$","E","T","?","R","M","R","M","R","BOSS","M","?","?","?","M","R","M","R","T","M","?","?","E","M","R","BOSS","R","$","E","BOSS"],"items_purchased_type":["Relic","Card","Card","Card"],"build_version":"2020-12-22","purchased_purges":2,"victory":false,"max_hp_per_floor":[75,75,78,81,84,84,84,87,87,87,90,97,97,97,97,97,97,100,100,103,103,106,106,106,109,109,109,109,112,112,112,112,112,112,115,115,115,115,118,118,118,118,118,124,130,130,130,130,130,133,133,133,133,133,133,133],"card_choices":[{"not_picked":["Clash","Rage"],"picked":"Wild Strike","floor":1.0},{"not_picked":["Sword Boomerang","Armaments"],"picked":"Thunderclap","floor":3.0},{"not_picked":["Clash","Sentinel"],"picked":"Iron Wave","floor":4.0},{"not_picked":["Iron Wave","Combust"],"picked":"Rampage","floor":5.0},{"not_picked":["Wild Strike","True Grit"],"picked":"Demon Form","floor":7.0},{"not_picked":["Spot Weakness","Iron Wave"],"picked":"Battle Trance","floor":8.0},{"not_picked":["Thunderclap","True Grit"],"picked":"Clothesline","floor":11.0},{"not_picked":["Reckless Charge","Body Slam"],"picked":"Feel No Pain","floor":13.0},{"not_picked":["Corruption","Bludgeon"],"picked":"Double Tap","floor":16.0},{"not_picked":["Cleave","Ghostly Armor"],"picked":"Sword Boomerang","floor":18.0},{"not_picked":["Combust","Pommel Strike"],"picked":"Burning Pact","floor":20.0},{"not_picked":["Spot Weakness","Flex+1"],"picked":"Evolve+1","floor":22.0},{"not_picked":["Carnage","Sever Soul"],"picked":"Pommel Strike","floor":25.0},{"not_picked":["Sword Boomerang","Headbutt"],"picked":"Immolate","floor":29.0},{"not_picked":["Demon Form","Offering","Immolate"],"picked":"Barricade","floor":33.0},{"not_picked":["Wild Strike","Metallicize","Anger+1"],"picked":"Feel No Pain","floor":35.0},{"not_picked":["Havoc","Perfected Strike","Heavy Blade","Intimidate"],"picked":"SKIP","floor":37.0},{"not_picked":["Clash+1","Pommel Strike","Infernal Blade+1"],"picked":"Dual Wield+1","floor":39.0},{"not_picked":["Perfected Strike+1","Armaments","Evolve"],"picked":"Feel No Pain","floor":41.0},{"not_picked":["Thunderclap","Carnage","Wild Strike"],"picked":"Warcry+1","floor":44},{"not_picked":["Body Slam","Bludgeon","Hemokinesis+1"],"picked":"Headbutt","floor":47},{"not_picked":["Headbutt","Armaments+1","Sword Boomerang"],"picked":"Flame Barrier","floor":48},{"not_picked":["Heavy Blade","Inflame","Rupture+1"],"picked":"True Grit","floor":54}],"player_experience":1669892,"relics_obtained":[{"floor":7.0,"key":"Darkstone Periapt"},{"floor":9.0,"key":"Oddly Smooth Stone"},{"floor":12.0,"key":"Strawberry"},{"floor":13.0,"key":"Regal Pillow"},{"floor":25.0,"key":"Magic Flower"},{"floor":26.0,"key":"Matryoshka"},{"floor":32.0,"key":"Question Card"},{"floor":43.0,"key":"Ornamental Fan"},{"floor":47,"key":"Dead Branch"},{"floor":52,"key":"Mercury Hourglass"},{"floor":54,"key":"Charon\u0027s Ashes"}],"event_choices":[{"damage_healed":0.0,"max_hp_gain":0.0,"max_hp_loss":0.0,"gold_gain":0.0,"event_name":"WeMeetAgain","player_choice":"Paid Gold","floor":2.0,"gold_loss":81.0,"damage_taken":0.0,"relics_obtained":["Shovel"]},{"damage_healed":0.0,"max_hp_gain":0.0,"max_hp_loss":0.0,"gold_gain":0.0,"event_name":"Lab","player_choice":"Got Potions","floor":14.0,"gold_loss":0.0,"damage_taken":0.0},{"damage_healed":0.0,"max_hp_gain":0.0,"max_hp_loss":0.0,"gold_gain":0.0,"event_name":"Match and Keep!","player_choice":"0 cards matched","floor":36.0,"gold_loss":0.0,"damage_taken":0.0,"cards_obtained":[]},{"damage_healed":0.0,"max_hp_gain":0.0,"max_hp_loss":0.0,"gold_gain":0.0,"event_name":"Tomb of Lord Red Mask","player_choice":"Ignored","floor":38.0,"gold_loss":0.0,"damage_taken":0.0},{"damage_healed":75,"gold_gain":0,"player_choice":"Heal","damage_taken":0,"max_hp_gain":0,"max_hp_loss":0,"event_name":"MindBloom","floor":45,"gold_loss":0,"cards_obtained":["Doubt"]}],"is_beta":false,"boss_relics":[{"not_picked":["Black Star","Runic Dome"],"picked":"Astrolabe"},{"not_picked":["Calling Bell","Pandora\u0027s Box"],"picked":"Velvet Choker"}],"items_purged_floors":[19,46],"is_endless":false,"potions_floor_spawned":[3,5,20,25,29,35,39,44,48],"killed_by":"The Heart","ascension_level":17}}