{"host":"6bsan6hkua32tfq7","time":1612766153,"event":{"mods":["BaseMod","Better Third Choice","Colored Map","Highlight Path","Minty Spire (QoL Compilation)","StSLib"],"gold_per_floor":[115,134,134,145,154,154,167,167,191,232,197,232,157,173,173,259,259,272,95,95,145,61,96,106,106,160,160,173,185,220,220,220],"floor_reached":31,"language":"ENG","playtime":627,"items_purged":["Strike_G","Strike_G"],"score":566,"play_id":"0e2e52b2-8359-463e-883e-564fa1ccb9f3","local_time":"20210208073553","is_ascension_mode":true,"campfire_choices":[{"data":"Deadly Poison","floor":6,"key":"SMITH"},{"data":"Deadly Poison","floor":8,"key":"SMITH"},{"floor":15,"key":"REST"},{"floor":25,"key":"REST"},{"floor":27,"key":"REST"}],"circlet_count":0,"master_deck":["AscendersBane","Strike_G+1","Strike_G+1","Strike_G+1","Defend_G+1","Defend_G+1","Defend_G+1","Defend_G+1","Survivor","Neutralize","Deadly Poison+1","Deadly Poison+1","Dagger Throw","Force Field","Deadly Poison","Corpse Explosion","Bouncing Flask","Noxious Fumes","Well Laid Plans"],"relics":["Ring of the Snake","NeowsBlessing","CeramicFish","Snake Skull","MealTicket","Vajra","Fusion Hammer","Bag of Preparation","Centennial Puzzle","Tiny Chest"],"acts_visited":["Exordium","TheCity"],"potions_floor_usage":[10,10,12,16,23],"damage_taken":[{"damage":0,"enemies":"Jaw Worm","floor":1,"turns":1},{"damage":0,"enemies":"Cultist","floor":2,"turns":1},{"damage":0,"enemies":"Small Slimes","floor":4,"turns":1},{"damage":12,"enemies":"2 Fungi Beasts","floor":7,"turns":5},{"damage":22,"enemies":"3 Sentries","floor":10,"turns":8},{"damage":3,"enemies":"Gremlin Nob","floor":12,"turns":3},{"damage":19,"enemies":"Exordium Wildlife","floor":14,"turns":4},{"damage":17,"enemies":"The Guardian","floor":16,"turns":9},{"damage":14,"enemies":"Shell Parasite","floor":18,"turns":4},{"damage":25,"enemies":"Gremlin Leader","floor":23,"turns":5},{"damage":12,"enemies":"Chosen","floor":24,"turns":3},{"damage":10,"enemies":"Snake Plant","floor":28,"turns":4},{"damage":5,"enemies":"Snecko","floor":29,"turns":3},{"damage":42,"enemies":"Book of Stabbing","floor":30,"turns":5},{"damage":10,"enemies":"Cultist and Chosen","floor":31,"turns":2}],"seed_played":"3308321773114249488","potions_obtained":[{"floor":2,"key":"PowerPotion"},{"floor":7,"key":"PowerPotion"},{"floor":10,"key":"Swift Potion"},{"floor":12,"key":"SkillPotion"},{"floor":18,"key":"SteroidPotion"},{"floor":29,"key":"CultistPotion"}],"is_trial":false,"path_per_floor":["M","M","?","M","?","R","M","R","T","E","?","E","$","M","R","B",null,"M","$","?","?","$","E","M","R","T","R","M","M","E","M"],"character_chosen":"THE_SILENT","items_purchased":["Bouncing Flask","Noxious Fumes","Poison Potion"],"campfire_rested":3,"item_purchase_floors":[19,22,22],"current_hp_per_floor":[59,59,59,59,36,36,24,24,24,2,18,15,30,11,30,13,53,39,54,54,54,66,41,29,48,48,66,56,51,9,0,0],"gold":220,"neow_bonus":"THREE_ENEMY_KILL","is_daily":false,"chose_seed":false,"campfire_upgraded":2,"win_rate":0.0,"timestamp":1612766153,"path_taken":["M","M","?","?","?","R","M","R","T","E","?","E","$","M","R","BOSS","M","$","?","?","?","E","M","R","T","R","M","M","E","?"],"items_purchased_type":["Card","Card","Potion"],"build_version":"2020-12-22","purchased_purges":2,"victory":false,"max_hp_per_floor":[66,66,66,66,66,66,66,66,66,66,66,66,66,66,66,66,66,66,66,66,66,66,66,66,66,66,66,66,66,66,66,66],"card_choices":[{"not_picked":["Slice","Finisher"],"picked":"Deadly Poison","floor":1},{"not_picked":["Finisher","Skewer"],"picked":"Deadly Poison","floor":2},{"not_picked":["Eviscerate","Bane"],"picked":"Dagger Throw","floor":4},{"not_picked":["Outmaneuver","Quick Slash","Acrobatics"],"picked":"SKIP","floor":7},{"not_picked":["Acrobatics","Predator"],"picked":"Deadly Poison","floor":10},{"not_picked":["Backflip","Quick Slash","Dodge and Roll"],"picked":"SKIP","floor":12},{"not_picked":["Riddle With Holes","Dodge and Roll","Caltrops"],"picked":"SKIP","floor":14},{"not_picked":["Unload","After Image"],"picked":"Corpse Explosion","floor":16},{"not_picked":["Dagger Spray","Flechettes","Slice"],"picked":"SKIP","floor":18},{"not_picked":["Poisoned Stab","Calculated Gamble"],"picked":"Well Laid Plans","floor":23},{"not_picked":["Blade Dance","Quick Slash","Poisoned Stab"],"picked":"SKIP","floor":24},{"not_picked":["Bane","Unload","Quick Slash"],"picked":"SKIP","floor":28},{"not_picked":["Infinite Blades","Sucker Punch","Outmaneuver"],"picked":"SKIP","floor":29},{"not_picked":["Dash","Sucker Punch","Eviscerate"],"picked":"SKIP","floor":30}],"player_experience":5413741,"relics_obtained":[{"floor":9,"key":"Snake Skull"},{"floor":10,"key":"MealTicket"},{"floor":12,"key":"Vajra"},{"floor":23,"key":"Bag of Preparation"},{"floor":26,"key":"Centennial Puzzle"},{"floor":30,"key":"Tiny Chest"}],"event_choices":[{"cards_removed":["Defend_G"],"damage_healed":0,"gold_gain":0,"player_choice":"Purged","damage_taken":0,"max_hp_gain":0,"max_hp_loss":0,"event_name":"Purifier","floor":3,"gold_loss":0},{"damage_healed":16,"gold_gain":0,"player_choice":"Healed","damage_taken":0,"max_hp_gain":0,"max_hp_loss":0,"event_name":"The Cleric","floor":11,"gold_loss":35},{"damage_healed":0,"gold_gain":0,"player_choice":"Simplicity","damage_taken":0,"max_hp_gain":0,"max_hp_loss":7,"event_name":"betterThird:BetterWriting","floor":20,"gold_loss":0},{"damage_healed":0,"gold_gain":50,"player_choice":"Steal","damage_taken":0,"max_hp_gain":0,"max_hp_loss":0,"event_name":"betterThird:BetterNest","floor":21,"gold_loss":0}],"is_beta":false,"boss_relics":[{"not_picked":["Calling Bell","Tiny House"],"picked":"Fusion Hammer"}],"items_purged_floors":[13,19],"is_endless":false,"potions_floor_spawned":[2,7,10,12,18,29,30],"killed_by":"Cultist and Chosen","ascension_level":20}}