{"host":"tml1x4ylw9tadh99","time":1612802076,"event":{"mods":["AchievementEnabler","Act Like it!","BaseMod","Bestiary","Colored Map","Colored Powertips","DeckTracker","Friendly Minions","GifTheSpireLib","Minty Spire (QoL Compilation)","Quick Restart","Random Character Button","Random Character Mod","Relic Stats","StSLib","Synergy Search"],"gold_per_floor":[110,285,285,285,66,66,116,116,116,126,140,172,222,134,134,134,134],"floor_reached":16,"language":"ENG","playtime":822,"items_purged":["Strike_B","Strike_B"],"score":96,"play_id":"ecaa87b4-9bfe-4849-a84e-a00333a022b9","local_time":"20210208173436","is_ascension_mode":false,"campfire_choices":[{"data":"Zap","floor":6,"key":"SMITH"},{"floor":8,"key":"RECALL"},{"data":"Capacitor","floor":15,"key":"SMITH"}],"circlet_count":0,"master_deck":["Strike_B","Strike_B","Defend_B","Defend_B","Defend_B","Defend_B","Zap+1","Dualcast+1","Capacitor+1"],"relics":["Cracked Core","NeowsBlessing","SsserpentHead","Juzu Bracelet","Matryoshka","Nunchaku"],"acts_visited":["Exordium"],"potions_floor_usage":[12],"damage_taken":[{"damage":0,"enemies":"Jaw Worm","floor":1,"turns":1},{"damage":0,"enemies":"Small Slimes","floor":10,"turns":1},{"damage":0,"enemies":"Cultist","floor":11,"turns":1},{"damage":7,"enemies":"3 Sentries","floor":12,"turns":10},{"damage":75,"enemies":"Hexaghost","floor":16,"turns":12}],"seed_played":"-2904374959678820531","potions_obtained":[{"floor":10,"key":"SkillPotion"},{"floor":11,"key":"Strength Potion"}],"is_trial":false,"path_per_floor":["M","?","?","?","$","R","?","R","T","M","M","E","?","$","R","B"],"character_chosen":"DEFECT","items_purchased":["Juzu Bracelet","Capacitor"],"campfire_rested":0,"item_purchase_floors":[5,14],"current_hp_per_floor":[75,75,75,75,75,75,75,75,75,75,75,68,75,75,75,0,0],"gold":134,"neow_bonus":"THREE_ENEMY_KILL","is_daily":false,"chose_seed":false,"campfire_upgraded":2,"win_rate":0.0,"timestamp":1612802076,"path_taken":["M","?","?","?","$","R","?","R","T","M","M","E","?","?","R","BOSS"],"items_purchased_type":["Relic","Card"],"build_version":"2020-12-22","purchased_purges":2,"victory":false,"max_hp_per_floor":[75,75,75,75,75,75,75,75,75,75,75,75,75,75,75,75,75],"relic_stats":{"SsserpentHead":150,"Nunchaku":[1],"counters":[5,25],"Juzu Bracelet":2,"obtain_stats":[{"SsserpentHead":4,"Nunchaku":12,"Matryoshka":9,"NeowsBlessing":0,"Juzu Bracelet":5,"Cracked Core":0},{"SsserpentHead":1,"Nunchaku":4,"Matryoshka":1,"NeowsBlessing":0,"Juzu Bracelet":1,"Cracked Core":0},{"SsserpentHead":1,"Nunchaku":13,"Matryoshka":1,"NeowsBlessing":0,"Juzu Bracelet":1,"Cracked Core":0}]},"card_choices":[{"not_picked":["Stack","Leap","Aggregate"],"picked":"SKIP","floor":1},{"not_picked":["Beam Cell","Cold Snap","Consume"],"picked":"SKIP","floor":10},{"not_picked":["Ball Lightning","Coolheaded","Hello World"],"picked":"SKIP","floor":11},{"not_picked":["Consume","Darkness"],"picked":"Chaos","floor":12}],"player_experience":17001,"relics_obtained":[{"floor":9,"key":"Matryoshka"},{"floor":12,"key":"Nunchaku"}],"event_choices":[{"damage_healed":0,"gold_gain":175,"player_choice":"AGREE","damage_taken":0,"max_hp_gain":0,"max_hp_loss":0,"event_name":"Liars Game","floor":2,"gold_loss":0,"cards_obtained":["Doubt"]},{"cards_removed":["Doubt"],"damage_healed":0,"gold_gain":0,"player_choice":"Forget","damage_taken":0,"max_hp_gain":0,"max_hp_loss":0,"event_name":"Living Wall","floor":3,"gold_loss":0},{"damage_healed":0,"gold_gain":0,"player_choice":"Trade","damage_taken":0,"relics_obtained":["SsserpentHead"],"max_hp_gain":0,"max_hp_loss":0,"event_name":"FaceTrader","floor":4,"gold_loss":0},{"damage_healed":0,"gold_gain":0,"player_choice":"Upgraded","damage_taken":0,"max_hp_gain":0,"max_hp_loss":0,"event_name":"Upgrade Shrine","floor":7,"gold_loss":0,"cards_upgraded":["Dualcast"]},{"cards_removed":["Chaos"],"damage_healed":7,"gold_gain":0,"player_choice":"Offered Uncommon","damage_taken":0,"max_hp_gain":0,"max_hp_loss":0,"event_name":"Bonfire Elementals","floor":13,"gold_loss":0}],"is_beta":false,"boss_relics":[],"items_purged_floors":[5,14],"is_endless":false,"potions_floor_spawned":[10,11],"killed_by":"Hexaghost","ascension_level":0}}