{"host":"7hpq7e8rzvzbnf1s","time":1612782874,"event":{"mods":["Act Like it!","Arknights","BaseMod","Minty Spire (QoL Compilation)","Quick Restart","StSLib","Waifu the Spire"],"gold_per_floor":[119,119,130,130,142,174,174,189,189,215,228,238,238,251,251,348,348,360,360,360,360,377,405,405,433,433,433,466,479,86,105,105,200,200,214,231,280,300,318,318,318,328,355,355,355,216,216,235,235,235,235,235,38,71,71],"floor_reached":56,"language":"ZHS","playtime":2808,"items_purged":["ats:Strike V","ats:Defend","ats:Strike S"],"score":1214,"play_id":"6ceb0610-e3de-4eb7-86b1-9bba93f59e4f","local_time":"20210208191434","is_ascension_mode":true,"campfire_choices":[{"data":"ats:Soul Rend","floor":7.0,"key":"SMITH"},{"data":"ats:Red Shift","floor":13.0,"key":"SMITH"},{"floor":15.0,"key":"RECALL"},{"data":"1","floor":24,"key":"LIFT"},{"data":"2","floor":27,"key":"LIFT"},{"data":"3","floor":32,"key":"LIFT"},{"data":"ats:Disruption Kick","floor":40,"key":"SMITH"},{"data":"ats:Song Of Battle","floor":45,"key":"SMITH"},{"data":"ats:Red Shift","floor":47,"key":"SMITH"},{"data":"ats:Flexible Camouflage","floor":49,"key":"SMITH"},{"data":"ats:Thermite Blade","floor":52,"key":"SMITH"}],"circlet_count":0,"master_deck":["ats:Strike C","ats:Strike G","ats:Armor Crushing Shot","ats:Defend+1","ats:Defend+1","ats:Emotion Absorption+1","ats:Blood Oath","ats:Healing Drone+1","ats:Shadow Raid","ats:Soul Rend+1","ats:Thermite Blade","ats:Disruption Kick+1","ats:Red Shift+1","ats:Flexible Camouflage+1","ats:True Silver Slash+1","ats:Song Of Battle+1","ats:Hook Shot","ats:Healing Strengthening+1","ats:Demon Strength+1","ats:Closed Bolt Burst Fire","ats:Soul Rend+1","ats:Thermite Blade+1","ats:Cat Scratch+1","ats:Red Shift+1","ats:Serious Mode+1"],"relics":["ats:Sanity","Meat on the Bone","ats:Originium","Ancient Tea Set","Kunai","Bag of Marbles","Velvet Choker","Girya","Frozen Egg 2","War Paint","Question Card","Pear","Pantograph","Coffee Dripper","Lizard Tail","Boot"],"acts_visited":["Exordium","TheCity","TheBeyond","TheEnding"],"potions_floor_usage":[25,28,54,55,55,55],"damage_taken":[{"damage":0.0,"enemies":"ats:Genji","floor":1.0,"turns":7.0},{"damage":1.0,"enemies":"Cultist","floor":3.0,"turns":3.0},{"damage":0.0,"enemies":"Small Slimes","floor":5.0,"turns":3.0},{"damage":53.0,"enemies":"Gremlin Nob","floor":6.0,"turns":6.0},{"damage":11.0,"enemies":"Red Slaver","floor":8.0,"turns":3.0},{"damage":58.0,"enemies":"3 Sentries","floor":10.0,"turns":13.0},{"damage":19.0,"enemies":"Large Slime","floor":11.0,"turns":8.0},{"damage":10.0,"enemies":"2 Fungi Beasts","floor":12.0,"turns":4.0},{"damage":13.0,"enemies":"Gremlin Gang","floor":14.0,"turns":5.0},{"damage":54.0,"enemies":"Slime Boss","floor":16.0,"turns":10.0},{"damage":19.0,"enemies":"Chosen","floor":18.0,"turns":5.0},{"damage":16,"enemies":"3 Byrds","floor":22,"turns":6},{"damage":63,"enemies":"Gremlin Leader","floor":23,"turns":9},{"damage":82,"enemies":"Slavers","floor":25,"turns":7},{"damage":45,"enemies":"Book of Stabbing","floor":28,"turns":6},{"damage":21,"enemies":"Snake Plant","floor":29,"turns":3},{"damage":27,"enemies":"Shelled Parasite and Fungi","floor":31,"turns":4},{"damage":75,"enemies":"Automaton","floor":33,"turns":8},{"damage":14,"enemies":"3 Shapes","floor":35,"turns":3},{"damage":0,"enemies":"Orb Walker","floor":36,"turns":1},{"damage":68,"enemies":"2 Orb Walkers","floor":37,"turns":5},{"damage":49,"enemies":"Maw","floor":38,"turns":7},{"damage":53,"enemies":"Transient","floor":39,"turns":5},{"damage":36,"enemies":"Writhing Mass","floor":42,"turns":5},{"damage":19,"enemies":"3 Darklings","floor":48,"turns":5},{"damage":69,"enemies":"Time Eater","floor":50,"turns":9},{"damage":90,"enemies":"Shield and Spear","floor":54,"turns":6},{"damage":181,"enemies":"The Heart","floor":55,"turns":7}],"seed_played":"5016208469439146780","potions_obtained":[{"floor":1.0,"key":"SpeedPotion"},{"floor":6.0,"key":"Dexterity Potion"},{"floor":14.0,"key":"ColorlessPotion"},{"floor":16.0,"key":"Energy Potion"},{"floor":25,"key":"SkillPotion"},{"floor":28,"key":"DistilledChaos"},{"floor":31,"key":"LiquidMemories"},{"floor":54,"key":"ats:Burn Small Potion"}],"is_trial":false,"path_per_floor":["M","?","M","?","M","E","R","M","T","E","M","M","R","M","R","B",null,"M","T","?","?","M","E","R","E","T","R","E","M","$","M","R","B",null,"M","M","?","M","M","R","?","M","T","?","R","$","R","M","R","B",null,"R","$","E","B",null],"character_chosen":"DOCTOR_CLASS","items_purchased":["ats:Demon Strength+1","Pantograph","ats:Red Shift","ats:Serious Mode+1"],"campfire_rested":0,"item_purchase_floors":[30,30,46,53],"current_hp_per_floor":[72,72,72,72,72,45,45,57,57,65,67,72,72,72,72,72,72,72,72,72,72,72,72,72,36,36,36,38,40,40,77,77,67,82,73,73,66,65,64,64,64,82,82,82,82,82,82,82,82,82,82,82,82,82,58],"gold":71,"neow_bonus":"UPGRADE_CARD","is_daily":false,"chose_seed":false,"campfire_upgraded":7,"win_rate":0.0,"timestamp":1612782874,"path_taken":["M","?","?","?","M","E","R","M","T","E","M","M","R","M","R","BOSS","M","?","?","?","M","E","R","E","T","R","E","?","$","M","R","BOSS","M","M","?","M","M","R","?","?","T","?","R","$","R","M","R","BOSS","R","$","E","BOSS"],"items_purchased_type":["Card","Relic","Card","Card"],"build_version":"2020-12-22","purchased_purges":3,"victory":true,"max_hp_per_floor":[72,72,72,72,72,72,72,72,72,72,72,72,72,72,72,72,72,72,72,72,72,72,72,72,72,72,72,82,82,82,82,82,82,82,82,82,82,82,82,82,82,82,82,82,82,82,82,82,82,82,82,82,82,82,82],"card_choices":[{"not_picked":["ats:Absolute Focus","ats:Curse Doll"],"picked":"ats:Blood Oath","floor":1.0},{"not_picked":["ats:Absolute Focus","ats:Consecutive Shot Auto"],"picked":"ats:Healing Drone","floor":3.0},{"not_picked":["ats:Apocalypse","ats:Ignite"],"picked":"ats:Shadow Raid","floor":5.0},{"not_picked":["ats:Closed Bolt Burst Fire","ats:Shell Defense"],"picked":"ats:Soul Rend","floor":6.0},{"not_picked":["ats:Spore Proliferation","ats:Powerful Strike"],"picked":"ats:Thermite Blade","floor":8.0},{"not_picked":["ats:Rapid Magazine","ats:Flexible Camouflage"],"picked":"ats:Disruption Kick","floor":10.0},{"not_picked":["ats:Rapid Magazine","ats:Assault Order"],"picked":"ats:Red Shift","floor":11.0},{"not_picked":["ats:Neurotoxin","ats:Burning Ground"],"picked":"ats:Flexible Camouflage","floor":12.0},{"not_picked":["ats:Very Hot Blade","ats:Sunburst","ats:Ignite"],"picked":"SKIP","floor":14.0},{"not_picked":["ats:Roar Of Ursus","ats:Dogmatic Field"],"picked":"ats:True Silver Slash","floor":16.0},{"not_picked":["ats:Very Hot Blade+1","ats:Defend Order","ats:Beaten Up+1"],"picked":"SKIP","floor":18.0},{"not_picked":["ats:Absolute Focus+1","ats:Very Hot Blade"],"picked":"ats:Song Of Battle","floor":22},{"not_picked":["ats:Assault Order","ats:Soul Absorption","ats:Very Hot Blade"],"picked":"SKIP","floor":23},{"not_picked":["ats:Ignite+1","ats:Consecutive Shot Auto+1","ats:Explosion Area Strengthen"],"picked":"SKIP","floor":25},{"not_picked":["ats:Shell Defense","ats:Soul Absorption+1","ats:Apocalypse"],"picked":"ats:Hook Shot","floor":28},{"not_picked":["ats:Encircling Forest+1","ats:Explosion Area Strengthen+1","ats:LN2 Cannon"],"picked":"ats:Healing Strengthening+1","floor":29},{"not_picked":["ats:Leaping Hammer+1","ats:Explosion Area Strengthen+1","ats:Roar Of Ursus+1"],"picked":"ats:Closed Bolt Burst Fire","floor":31},{"not_picked":["ats:Volcano","ats:Roar Of Ursus+1","ats:Durian"],"picked":"ats:Soul Rend+1","floor":33},{"not_picked":["ats:Guard Mode","ats:Apocalypse","ats:Shell Defense+1","ats:Flexible Camouflage"],"picked":"SKIP","floor":35},{"not_picked":["ats:Explosion Area Strengthen+1","ats:Support Order","ats:Shell Defense","ats:Hammer On+1"],"picked":"SKIP","floor":36},{"not_picked":["ats:Overload","ats:Closed Bolt Burst Fire+1","ats:Hammer On"],"picked":"ats:Thermite Blade","floor":38},{"not_picked":["ats:Guard Mode","ats:Apocalypse","ats:Absolute Focus+1"],"picked":"ats:Cat Scratch+1","floor":39},{"not_picked":["ats:Dogmatic Field+1","ats:Flexible Camouflage","ats:Hammer On","ats:Revitalization"],"picked":"SKIP","floor":42},{"not_picked":["ats:Rapid Magazine+1","ats:Closed Bolt Burst Fire+1","ats:Apocalypse","ats:Consecutive Shot Auto"],"picked":"SKIP","floor":48},{"not_picked":["ats:Flexible Camouflage","ats:Powerful Strike+1","ats:Leaping Hammer+1","ats:Burning Ground+1"],"picked":"SKIP","floor":54}],"player_experience":200547,"relics_obtained":[{"floor":2.0,"key":"Meat on the Bone"},{"floor":6.0,"key":"ats:Originium"},{"floor":6.0,"key":"Ancient Tea Set"},{"floor":9.0,"key":"Kunai"},{"floor":10.0,"key":"ats:Originium"},{"floor":10.0,"key":"Bag of Marbles"},{"floor":19.0,"key":"Girya"},{"floor":23,"key":"ats:Originium"},{"floor":23,"key":"Frozen Egg 2"},{"floor":25,"key":"ats:Originium"},{"floor":25,"key":"War Paint"},{"floor":26,"key":"Question Card"},{"floor":28,"key":"Pear"},{"floor":37,"key":"Lizard Tail"},{"floor":54,"key":"Boot"}],"event_choices":[{"damage_healed":0.0,"max_hp_gain":0.0,"max_hp_loss":0.0,"gold_gain":0.0,"event_name":"Wheel of Change","player_choice":"Relic","floor":2.0,"gold_loss":0.0,"damage_taken":0.0},{"damage_healed":0.0,"max_hp_gain":0.0,"max_hp_loss":0.0,"gold_gain":0.0,"event_name":"Accursed Blacksmith","player_choice":"Forge","floor":4.0,"gold_loss":0.0,"damage_taken":0.0,"cards_upgraded":["ats:Healing Drone"]},{"damage_healed":0.0,"max_hp_gain":0.0,"max_hp_loss":0.0,"gold_gain":0.0,"event_name":"Ghosts","player_choice":"Ignored","floor":20.0,"gold_loss":0.0,"damage_taken":0.0},{"damage_healed":0,"gold_gain":0,"player_choice":"Upgraded","damage_taken":0,"max_hp_gain":0,"max_hp_loss":0,"event_name":"Upgrade Shrine","floor":21,"gold_loss":0,"cards_upgraded":["ats:True Silver Slash"]},{"damage_healed":0,"gold_gain":0,"player_choice":"Fight","damage_taken":0,"max_hp_gain":0,"max_hp_loss":0,"event_name":"Mysterious Sphere","floor":37,"gold_loss":0},{"cards_removed":["ats:Defend"],"damage_healed":0,"gold_gain":0,"player_choice":"Offered Basic","damage_taken":0,"max_hp_gain":0,"max_hp_loss":0,"event_name":"Bonfire Elementals","floor":41,"gold_loss":0},{"damage_healed":0,"gold_gain":0,"player_choice":"Got Potions","damage_taken":0,"max_hp_gain":0,"max_hp_loss":0,"event_name":"Lab","floor":44,"gold_loss":0}],"is_beta":false,"boss_relics":[{"not_picked":["Pandora\u0027s Box","Tiny House"],"picked":"Velvet Choker"},{"not_picked":["Fusion Hammer","Runic Pyramid"],"picked":"Coffee Dripper"}],"items_purged_floors":[30,46,53],"is_endless":false,"potions_floor_spawned":[1,6,14,16,25,28,31,37,39,42,54],"ascension_level":1}}