{"host":"r1z1q6qj4gqo5kal","time":1612742921,"event":{"mods":["BaseMod","Colored Map","Colored Powertips","Downfall","Minty Spire (QoL Compilation)","Quick Restart","Replay The Spire","Reworked Bosses","StSLib","The Construct"],"gold_per_floor":[99,114,132,149,134,169,169,69,69,82,109,109,109,120,138,138,138,138],"floor_reached":16,"language":"ENG","playtime":1394,"items_purged":[],"score":112,"play_id":"8303b754-27ef-4b1c-a90f-65616a9b1e31","local_time":"20210208000841","is_ascension_mode":false,"campfire_choices":[{"data":"hexamod:Sear","floor":1,"key":"SMITH"},{"floor":8,"key":"REST"},{"floor":13,"key":"REST"}],"circlet_count":0,"master_deck":["hexamod:Strike","hexamod:Strike","hexamod:Strike","hexamod:Strike","hexamod:Defend","hexamod:Defend","hexamod:Defend","hexamod:Defend","hexamod:Sear+1","hexamod:Float","hexamod:ThermalTransfer+1","hexamod:InspiringFlames","hexamod:FastForward","hexamod:EmpoweredFlame","hexamod:PhantomFireball","hexamod:HauntingEcho"],"relics":["Black Star","Pantograph","Ice Cream","downfall:HeartBlessingBlue","Bottled Lightning","Quantum Egg"],"acts_visited":["Exordium"],"potions_floor_usage":[],"damage_taken":[{"damage":6,"enemies":"Jaw Worm","floor":2,"turns":3},{"damage":3,"enemies":"Small Slimes","floor":3,"turns":3},{"damage":8,"enemies":"2 Louse","floor":4,"turns":2},{"damage":0,"enemies":"downfall:FleeingMerchant","floor":5,"turns":4},{"damage":32,"enemies":"Gremlin Nob","floor":6,"turns":5},{"damage":23,"enemies":"2 Fungi Beasts","floor":10,"turns":4},{"damage":28,"enemies":"Lagavulin","floor":11,"turns":6},{"damage":5,"enemies":"Large Slime","floor":14,"turns":5},{"damage":19,"enemies":"Lots of Slimes","floor":15,"turns":5},{"damage":58,"enemies":"DF_ARCHETYPE_STREAMLINE","floor":16,"turns":8}],"seed_played":"7520352419787601827","potions_obtained":[{"floor":3,"key":"LiquidMemories"},{"floor":11,"key":"BlessingOfTheForge"},{"floor":14,"key":"Dexterity Potion"}],"is_trial":false,"path_per_floor":["R","M","M","M","$","E","T","R","?","M","E","?","R","M","M","B"],"character_chosen":"THE_SPIRIT","items_purchased":[],"campfire_rested":2,"item_purchase_floors":[],"current_hp_per_floor":[70,64,61,53,53,21,21,55,55,32,4,30,54,49,30,0,0,0],"gold":138,"neow_bonus":"BOSS_RELIC","is_daily":false,"chose_seed":false,"campfire_upgraded":1,"win_rate":0.0,"timestamp":1612742921,"path_taken":["R","M","M","M","$","E","T","R","?","M","E","?","R","M","M","BOSS"],"items_purchased_type":[],"build_version":"2020-12-22","purchased_purges":0,"victory":false,"max_hp_per_floor":[70,70,70,70,70,70,70,80,80,80,80,80,80,80,80,80,80,80],"card_choices":[{"not_picked":["hexamod:NightmareStrike","hexamod:PhantomCloak"],"picked":"hexamod:ThermalTransfer","floor":2},{"not_picked":["hexamod:BacktrackSmack","hexamod:EtherealExpedition"],"picked":"hexamod:InspiringFlames","floor":3},{"not_picked":["hexamod:AdvancingGuard","hexamod:HauntingEcho"],"picked":"hexamod:FastForward","floor":4},{"not_picked":["hexamod:SearingWound","hexamod:NecessarySacrifice"],"picked":"hexamod:EmpoweredFlame","floor":5},{"not_picked":["hexamod:PowerFromBeyond","hexamod:SwordOfDarkness"],"picked":"hexamod:PhantomFireball","floor":6},{"not_picked":["hexamod:HeatMetal","hexamod:PhantomFireball","hexamod:RetreatToShadows"],"picked":"SKIP","floor":10},{"not_picked":["hexamod:BurningTouch","hexamod:HeatMetal","hexamod:TurnItUp"],"picked":"SKIP","floor":11},{"not_picked":["hexamod:PowerFromBeyond","hexamod:NightmareGuise","hexamod:NecessarySacrifice"],"picked":"SKIP","floor":14},{"not_picked":["hexamod:PowerFromBeyond","hexamod:GhostOfSpirePast"],"picked":"hexamod:HauntingEcho","floor":15}],"player_experience":118214,"relics_obtained":[{"floor":6,"key":"Pantograph"},{"floor":6,"key":"Ice Cream"},{"floor":11,"key":"Bottled Lightning"},{"floor":11,"key":"Quantum Egg"}],"event_choices":[{"damage_healed":26,"gold_gain":0,"player_choice":"Banana","damage_taken":0,"max_hp_gain":0,"max_hp_loss":0,"event_name":"Big Fish","floor":12,"gold_loss":0}],"is_beta":false,"boss_relics":[],"items_purged_floors":[],"is_endless":false,"potions_floor_spawned":[3,11,14,15],"killed_by":"DF_ARCHETYPE_STREAMLINE","ascension_level":0}}