{"host":"w8xisjf5mgmfjvmt","time":1612770804,"event":{"mods":["BaseMod","BetterRewards","Challenge The Spire","Conspire","Energized Spire","Filter the Spire","Minty Spire (QoL Compilation)","Quarter Circle Forward PUNCH!","Quick Restart","Relic Filter Mod","Relic Stats","Reliquary","Replay The Spire","Shop Mod","Spicy Shops","StSLib","Thieving Mod","¡¾ÒÅÎï¿¨ÅÆ¡¿REMEMod","óô»ðÖ¸ÄÏ"],"gold_per_floor":[111,129,139,139,159,159,5,31,31,45,76,89,89,89],"floor_reached":13,"language":"ZHS","playtime":420,"items_purged":["Writhe"],"score":244,"play_id":"a93b29a0-0fae-4f5f-937e-821fb6d50119","local_time":"20210208155324","is_ascension_mode":true,"campfire_choices":[{"data":"Blade Dance","floor":6.0,"key":"SMITH"}],"circlet_count":0,"master_deck":["AscendersBane","Strike_G","Strike_G","Strike_G","Strike_G","Strike_G","Defend_G","Defend_G","Defend_G","Defend_G","Defend_G","Survivor","Neutralize","Die Die Die","Feed","Blade Dance+1","Cloak And Dagger+1","Cloak And Dagger+1","Choke","Footwork","Acrobatics","Backflip"],"relics":["Ring of the Snake","REME_ComplimentaryCards","Thread and Needle","reliquary:PrincelyHelmet","Replay:Bottled Eggs"],"acts_visited":["Exordium"],"potions_floor_usage":[],"damage_taken":[{"damage":6.0,"enemies":"Cultist","floor":1.0,"turns":5.0},{"damage":0.0,"enemies":"Jaw Worm","floor":2.0,"turns":6.0},{"damage":7.0,"enemies":"Small Slimes","floor":3.0,"turns":3.0},{"damage":0.0,"enemies":"Exordium Thugs","floor":5.0,"turns":3.0},{"damage":42.0,"enemies":"Lagavulin","floor":8.0,"turns":8.0},{"damage":1.0,"enemies":"Exordium Wildlife","floor":10.0,"turns":7.0},{"damage":0.0,"enemies":"Gremlin Nob","floor":11.0,"turns":2.0},{"damage":4.0,"enemies":"Red Slaver","floor":12.0,"turns":4.0},{"damage":28,"enemies":"Lagavulin","floor":13,"turns":6}],"seed_played":"8435259686148896587","potions_obtained":[{"floor":5.0,"key":"Elixir"},{"floor":8.0,"key":"SkillPotion"}],"is_trial":false,"path_per_floor":["M","M","M","?","M","R","$","E","T","M","E","M","E"],"character_chosen":"THE_SILENT","items_purchased":["Footwork"],"campfire_rested":0,"item_purchase_floors":[7],"current_hp_per_floor":[56,59,55,75,78,78,78,36,36,38,38,37,9,9],"gold":89,"neow_bonus":"THREE_RARE_CARDS","is_daily":false,"chose_seed":false,"campfire_upgraded":1,"win_rate":0.0,"timestamp":1612770804,"path_taken":["M","M","?","?","M","R","$","E","T","?","E","M","E"],"items_purchased_type":["Card"],"build_version":"2020-12-22","purchased_purges":1,"victory":false,"max_hp_per_floor":[69,72,75,75,78,78,78,78,78,81,81,84,84,84],"relic_stats":{"counters":[9,44],"obtain_stats":[{"reliquary:PrincelyHelmet":9,"Thread and Needle":8,"Replay:Bottled Eggs":11,"Ring of the Snake":0,"REME_ComplimentaryCards":0},{"reliquary:PrincelyHelmet":5,"Thread and Needle":5,"Replay:Bottled Eggs":7,"Ring of the Snake":0,"REME_ComplimentaryCards":0},{"reliquary:PrincelyHelmet":25,"Thread and Needle":25,"Replay:Bottled Eggs":34,"Ring of the Snake":0,"REME_ComplimentaryCards":0}],"Ring of the Snake":[18]},"card_choices":[{"not_picked":["Wraith Form v2","Adrenaline"],"picked":"Die Die Die","floor":0.0},{"not_picked":["PiercingWail","ReplayTheSpireMod:Speed Training"],"picked":"Blade Dance","floor":1.0},{"not_picked":["Infinite Blades","Backstab"],"picked":"Cloak And Dagger","floor":2.0},{"not_picked":["Dagger Throw","Heel Hook"],"picked":"Cloak And Dagger","floor":3.0},{"not_picked":["Riddle With Holes","ReplayTheSpireMod:Tripwire"],"picked":"Choke","floor":5.0},{"not_picked":["Bane","Blur","Dagger Spray"],"picked":"SKIP","floor":8.0},{"not_picked":["Slice","Flying Knee"],"picked":"Acrobatics","floor":10.0},{"not_picked":["Blur","Blade Dance"],"picked":"Backflip","floor":11.0},{"not_picked":["Replay:Poison Smokescreen","Acrobatics","Skewer"],"picked":"SKIP","floor":12.0}],"player_experience":1312194,"relics_obtained":[{"floor":8.0,"key":"Thread and Needle"},{"floor":9.0,"key":"reliquary:PrincelyHelmet"},{"floor":11.0,"key":"Replay:Bottled Eggs"}],"event_choices":[{"damage_healed":20.0,"max_hp_gain":0.0,"max_hp_loss":0.0,"gold_gain":0.0,"event_name":"Wheel of Change","player_choice":"Full Heal","floor":4.0,"gold_loss":0.0,"damage_taken":0.0}],"is_beta":false,"boss_relics":[],"items_purged_floors":[7],"is_endless":false,"potions_floor_spawned":[5,8],"killed_by":"Lagavulin","ascension_level":20}}