{"host":"mgjbkrm6zb65cm01","time":1612793277,"event":{"mods":["ATMod(°¢èªMod)","BaseMod","Conspire","Good Game Mod","Minty Spire (QoL Compilation)","Quick Restart","Relic Stats","Replay The Spire","Spicy Shops","StSLib","The Servant 0.9.4","UnlockEverythingMod","noobMod"],"gold_per_floor":[110,130,130,146,126,126,169,182,182,213,228,251,272,272,272,347,347,470,470,484,507,507,2,27,27,48,69,69,69,118,127,127,136,136,261,261,277,292,92,92,52,52,102,102,102,102,155,155,155,227,227,227,227,227,77,120,120],"floor_reached":58,"language":"ZHS","playtime":2360,"items_purged":["Strike_R","Strike_R","Strike_R","Sickly"],"score":1593,"play_id":"220604d0-a4f1-4eac-8c49-914bb2755a28","local_time":"20210208220757","is_ascension_mode":false,"campfire_choices":[{"data":"Searing Blow","floor":6.0,"key":"SMITH"},{"floor":17.0,"key":"REST"},{"data":"Searing Blow+1","floor":25.0,"key":"SMITH"},{"floor":29.0,"key":"RECALL"},{"data":"Searing Blow+2","floor":32.0,"key":"SMITH"},{"data":"Searing Blow+3","floor":34.0,"key":"SMITH"},{"data":"Searing Blow+4","floor":42.0,"key":"SMITH"},{"data":"AT_ShrugMaster","floor":44.0,"key":"SMITH"},{"data":"Searing Blow+5","floor":48.0,"key":"SMITH"},{"data":"Searing Blow+6","floor":54,"key":"SMITH"}],"circlet_count":0,"master_deck":["Strike_R","Strike_R","Defend_R","Defend_R","Defend_R","Defend_R","Bash","AT_DrawKnifeCut","AT_IchimonjiDouble","Searing Blow+7","Ghostly Armor","AT_ManFootWork","Flex","ReplayTheSpireMod:Muscle Training","Brutality","Battle Trance","Combust","Whirlwind","Hemokinesis+1","Armaments+1","Decay","ReplayTheSpireMod:Muscle Training","Finesse+1","AT_ShrugMaster+1","Dual Wield+1","Rampage+1"],"relics":["Burning Blood","REME:ComplimentaryCards","ice","AT_ATBox","NeowsBlessing","Golden Idol","conspire:InfiniteJournal","conspire:BottledYoYo","Self Forming Clay","Velvet Choker","Matryoshka","Bottled Lightning","CeramicFish","Vajra","Sozu","BargainBundle","Pen Nib","Kunai","Replay:Wax Seal","Girya","Red Skull","Replay:Towering Pillar of Hats","AT_BellowingDragoncrestRing","Lizard Tail","InkBottle"],"acts_visited":["Exordium","TheCity","TheBeyond","TheEnding"],"potions_floor_usage":[],"damage_taken":[{"damage":0.0,"enemies":"2 Louse","floor":1.0,"turns":1.0},{"damage":0.0,"enemies":"Jaw Worm","floor":2.0,"turns":1.0},{"damage":0.0,"enemies":"Cultist","floor":4.0,"turns":1.0},{"damage":14.0,"enemies":"Gremlin Nob","floor":7.0,"turns":3.0},{"damage":10.0,"enemies":"Looter","floor":8.0,"turns":3.0},{"damage":36.0,"enemies":"3 Sentries","floor":10.0,"turns":7.0},{"damage":4.0,"enemies":"Exordium Thugs","floor":11.0,"turns":4.0},{"damage":7.0,"enemies":"2 Fungi Beasts","floor":12.0,"turns":3.0},{"damage":0.0,"enemies":"Looter","floor":13.0,"turns":3.0},{"damage":75.0,"enemies":"Fading Forest","floor":18.0,"turns":11.0},{"damage":9.0,"enemies":"Shell Parasite","floor":20.0,"turns":4.0},{"damage":18.0,"enemies":"2 Thieves","floor":21.0,"turns":4.0},{"damage":9.0,"enemies":"Snecko","floor":24.0,"turns":5.0},{"damage":5.0,"enemies":"Centurion and Healer","floor":26.0,"turns":5.0},{"damage":13.0,"enemies":"Snake Plant","floor":27.0,"turns":3.0},{"damage":42.0,"enemies":"Slavers","floor":30.0,"turns":4.0},{"damage":43.0,"enemies":"Pondfish","floor":35.0,"turns":9.0},{"damage":16.0,"enemies":"3 Darklings","floor":37.0,"turns":4.0},{"damage":23.0,"enemies":"3 Shapes","floor":38.0,"turns":3.0},{"damage":64.0,"enemies":"Giant Head","floor":43.0,"turns":7.0},{"damage":19.0,"enemies":"R_Hoarder","floor":47.0,"turns":9.0},{"damage":6.0,"enemies":"Mind Bloom Boss Battle","floor":50.0,"turns":4.0},{"damage":24.0,"enemies":"Donu and Deca","floor":52.0,"turns":6.0},{"damage":20,"enemies":"Shield and Spear","floor":56,"turns":3},{"damage":81,"enemies":"The Heart","floor":57,"turns":7}],"seed_played":"2349009801263921207","potions_obtained":[{"floor":1.0,"key":"Milkshake"},{"floor":2.0,"key":"BlessingOfTheForge"},{"floor":5.0,"key":"CultistPotion"},{"floor":11.0,"key":"Flashbang"},{"floor":18.0,"key":"Fruit Juice"},{"floor":21.0,"key":"Dexterity Potion"},{"floor":27.0,"key":"BloodPotion"},{"floor":30.0,"key":"Dexterity Potion"}],"is_trial":false,"path_per_floor":["M","M","?","M","?","R","E","M","T","E","M","M","M","PTL","PTL","?","R","B",null,"M","M","?","$","M","R","M","M","T","R","E","?","R","?","R","B",null,"M","M","$","T","$","R","E","R","T","?","E","R","T","?","R","B",null,"R","$","E","B",null],"character_chosen":"IRONCLAD","items_purchased":["Matryoshka","LifebloodPotion","BargainBundle","ReplayTheSpireMod:Muscle Training","Finesse","Replay:Wax Seal"],"campfire_rested":1,"item_purchase_floors":[23,23,39,39,39,41],"current_hp_per_floor":[80,80,60,66,66,66,58,54,54,24,26,25,31,31,31,23,47,68,89,86,74,74,74,71,71,72,65,65,65,29,29,29,29,29,13,106,96,79,79,79,79,79,21,21,21,21,8,8,8,8,39,21,106,106,106,92,17],"gold":120,"neow_bonus":"THREE_ENEMY_KILL","is_daily":false,"chose_seed":false,"campfire_upgraded":8,"win_rate":0.0,"timestamp":1612793277,"path_taken":["M","M","?","M","?","R","E","?","T","E","M","M","M","PTL","PTL","?","R","BOSS","M","M","?","$","M","R","M","M","T","R","E","?","R","?","R","BOSS","M","M","$","?","?","R","E","R","T","?","E","R","?","?","R","BOSS","R","$","E","BOSS"],"items_purchased_type":["Relic","Potion","Relic","Card","Card","Relic"],"build_version":"2020-12-22","purchased_purges":4,"victory":true,"max_hp_per_floor":[80,80,80,80,80,80,80,80,80,80,80,80,80,80,80,80,80,84,89,93,97,97,97,100,100,103,106,106,106,106,106,106,106,106,106,106,106,106,106,106,106,106,106,106,106,106,106,106,106,106,106,106,106,106,106,106,106],"relic_stats":{"Sozu":2,"Lizard Tail":0,"counters":[25,114],"Golden Idol":206,"Self Forming Clay":[438],"CeramicFish":72,"Pen Nib":[5],"Kunai":[3],"obtain_stats":[{"AT_ATBox":0,"CeramicFish":30,"Vajra":31,"ice":0,"Burning Blood":0,"conspire:InfiniteJournal":7,"Sozu":36,"Lizard Tail":50,"Matryoshka":23,"Kunai":40,"Replay:Wax Seal":41,"Red Skull":45,"InkBottle":56,"Girya":43,"BargainBundle":39,"NeowsBlessing":0,"Replay:Towering Pillar of Hats":47,"Golden Idol":3,"Self Forming Clay":10,"Velvet Choker":19,"Pen Nib":40,"REME:ComplimentaryCards":0,"AT_BellowingDragoncrestRing":49,"conspire:BottledYoYo":9,"Bottled Lightning":28},{"AT_ATBox":0,"CeramicFish":16,"Vajra":16,"ice":0,"Burning Blood":0,"conspire:InfiniteJournal":4,"Sozu":17,"Lizard Tail":22,"Matryoshka":12,"Kunai":19,"Replay:Wax Seal":19,"Red Skull":20,"InkBottle":24,"Girya":20,"BargainBundle":19,"NeowsBlessing":0,"Replay:Towering Pillar of Hats":21,"Golden Idol":2,"Self Forming Clay":6,"Velvet Choker":10,"Pen Nib":19,"REME:ComplimentaryCards":0,"AT_BellowingDragoncrestRing":21,"conspire:BottledYoYo":5,"Bottled Lightning":15},{"AT_ATBox":0,"CeramicFish":62,"Vajra":62,"ice":0,"Burning Blood":0,"conspire:InfiniteJournal":6,"Sozu":71,"Lizard Tail":98,"Matryoshka":45,"Kunai":78,"Replay:Wax Seal":78,"Red Skull":85,"InkBottle":107,"Girya":85,"BargainBundle":78,"NeowsBlessing":0,"Replay:Towering Pillar of Hats":94,"Golden Idol":2,"Self Forming Clay":16,"Velvet Choker":37,"Pen Nib":78,"REME:ComplimentaryCards":0,"AT_BellowingDragoncrestRing":94,"conspire:BottledYoYo":9,"Bottled Lightning":58}],"Burning Blood":138,"InkBottle":[1]},"card_choices":[{"not_picked":["Wild Strike","Twin Strike"],"picked":"AT_IchimonjiDouble","floor":1.0},{"not_picked":["AT_BodySlamDance","Carnage"],"picked":"Searing Blow","floor":2.0},{"not_picked":["ReplayTheSpireMod:LeadingStrike","ReplayTheSpireMod:Strike From Hell","Anger"],"picked":"SKIP","floor":4.0},{"not_picked":["Warcry","Rampage"],"picked":"Ghostly Armor","floor":7.0},{"not_picked":["Power Through","True Grit"],"picked":"AT_ManFootWork","floor":8.0},{"not_picked":["Havoc","Run Through","Eclipse"],"picked":"SKIP","floor":10.0},{"not_picked":["Heavy Blade","Clash","Replay:Undeath\u0027s Touch"],"picked":"SKIP","floor":11.0},{"not_picked":["AT_BodySlamDance","Havoc"],"picked":"Flex","floor":12.0},{"not_picked":["ReplayTheSpireMod:LeadingStrike","Clothesline"],"picked":"ReplayTheSpireMod:Muscle Training","floor":13.0},{"not_picked":["Eclipse","Immolate"],"picked":"Brutality","floor":18.0},{"not_picked":["Clash+1","Body Slam+1"],"picked":"Battle Trance","floor":20.0},{"not_picked":["AT_BodySlamDance","Perfected Strike+1"],"picked":"Combust","floor":21.0},{"not_picked":["AT_BodySlamDance","Iron Wave","Body Slam"],"picked":"SKIP","floor":24.0},{"not_picked":["Replay:Undeath\u0027s Touch","Perfected Strike+1"],"picked":"Whirlwind","floor":26.0},{"not_picked":["Havoc","Disarm"],"picked":"Hemokinesis+1","floor":27.0},{"not_picked":["Pummel","Pommel Strike+1"],"picked":"Armaments+1","floor":30.0},{"not_picked":["Thunderclap","AT_DrawKnifeCut+1","Run Through+1"],"picked":"SKIP","floor":37.0},{"not_picked":["Havoc+1","Combust+1","Disarm"],"picked":"SKIP","floor":38.0},{"not_picked":["Wild Strike","Clash"],"picked":"AT_ShrugMaster","floor":43.0},{"not_picked":["Offering","conspire:ExplosiveBarrier+1"],"picked":"Dual Wield+1","floor":47.0},{"not_picked":["Havoc+1","Bloodletting"],"picked":"Rampage+1","floor":50.0},{"not_picked":["ReplayTheSpireMod:Strike From Hell+1","AT_CaressingTears","Havoc"],"picked":"SKIP","floor":56}],"player_experience":144178,"relics_obtained":[{"floor":7.0,"key":"conspire:InfiniteJournal"},{"floor":9.0,"key":"conspire:BottledYoYo"},{"floor":10.0,"key":"Self Forming Clay"},{"floor":28.0,"key":"Bottled Lightning"},{"floor":30.0,"key":"CeramicFish"},{"floor":40.0,"key":"Pen Nib"},{"floor":40.0,"key":"Kunai"},{"floor":43.0,"key":"Girya"},{"floor":45.0,"key":"Red Skull"},{"floor":47.0,"key":"Replay:Towering Pillar of Hats"},{"floor":49.0,"key":"AT_BellowingDragoncrestRing"},{"floor":50.0,"key":"Lizard Tail"},{"floor":56,"key":"InkBottle"}],"event_choices":[{"damage_healed":0.0,"max_hp_gain":0.0,"max_hp_loss":0.0,"gold_gain":0.0,"event_name":"Golden Idol","player_choice":"Take Damage","floor":3.0,"gold_loss":0.0,"damage_taken":20.0,"relics_obtained":["Golden Idol"]},{"damage_healed":0.0,"max_hp_gain":0.0,"max_hp_loss":0.0,"gold_gain":0.0,"event_name":"The Woman in Blue","player_choice":"Bought 1 Potion","floor":5.0,"gold_loss":0.0,"damage_taken":0.0},{"damage_healed":0.0,"max_hp_gain":0.0,"max_hp_loss":0.0,"gold_gain":75.0,"event_name":"FaceTrader","player_choice":"Touch","floor":16.0,"gold_loss":0.0,"damage_taken":8.0},{"damage_healed":0.0,"max_hp_gain":0.0,"max_hp_loss":0.0,"gold_gain":0.0,"event_name":"Wheel of Change","player_choice":"Cursed","floor":33.0,"gold_loss":0.0,"damage_taken":0.0,"cards_obtained":["Decay"]},{"damage_healed":0.0,"max_hp_gain":0.0,"max_hp_loss":0.0,"gold_gain":0.0,"event_name":"conspire:Investor","player_choice":"Leave","floor":46.0,"gold_loss":0.0,"damage_taken":0.0},{"damage_healed":0.0,"max_hp_gain":0.0,"max_hp_loss":0.0,"gold_gain":0.0,"event_name":"MindBloom","player_choice":"Fight","floor":50.0,"gold_loss":0.0,"damage_taken":0.0}],"is_beta":false,"boss_relics":[{"not_picked":["Runic Cube","SacredBark"],"picked":"Velvet Choker"},{"not_picked":["Astrolabe","Philosopher\u0027s Stone"],"picked":"Sozu"}],"items_purged_floors":[23,23,39,55],"is_endless":false,"potions_floor_spawned":[1,2,11,18,21,27,30,37,50],"ascension_level":0}}