{"host":"seujf6kmfn3ctpoe","time":1612789013,"event":{"mods":["BaseMod","Colored Map","Minty Spire (QoL Compilation)","Permanent Neow","Relic Sorter","Relic Stats","StSLib"],"gold_per_floor":[116,79,79,79,98,98,133,153,198,228,228,228,257,271,271,368,368,388,388,398,398,410,410,443,443,491,537,551,585,585,268,268,372,372,385,405,161,175,195,224,239,249,324,324,324,335,362,362,362,362],"floor_reached":51,"language":"ENG","playtime":2077,"items_purged":[],"score":1079,"play_id":"fc88aeb1-dbba-4da3-9381-e2961cedaade","local_time":"20210208135653","daily_mods":["SealedDeck"],"is_ascension_mode":true,"campfire_choices":[{"data":"Defragment","floor":6,"key":"SMITH"},{"data":"Consume","floor":15,"key":"SMITH"},{"data":"Biased Cognition","floor":23,"key":"SMITH"},{"data":"Capacitor","floor":32,"key":"SMITH"},{"data":"Self Repair","floor":44,"key":"SMITH"},{"data":"Biased Cognition","floor":49,"key":"SMITH"}],"circlet_count":0,"master_deck":["Cold Snap+1","Ball Lightning+1","Leap","Self Repair+1","Cold Snap","Glacier","Ball Lightning","Ball Lightning","Leap","Leap","Consume+1","Defragment+1","Biased Cognition+1","Capacitor+1","Loop","Core Surge","Loop+1","Biased Cognition+1"],"relics":["Cracked Core","Tiny Chest","Whetstone","Lizard Tail","Odd Mushroom","Coffee Dripper","Art of War","Orichalcum","DataDisk","Omamori","HornCleat","Vajra","Membership Card","Shuriken","Inserter","Matryoshka","Ornamental Fan","Emotion Chip","MealTicket","Eternal Feather","Anchor"],"acts_visited":["Exordium","TheCity","TheBeyond"],"potions_floor_usage":[33,41,47,50,50],"damage_taken":[{"damage":0,"enemies":"2 Louse","floor":1,"turns":3},{"damage":0,"enemies":"Small Slimes","floor":5,"turns":2},{"damage":0,"enemies":"Lagavulin","floor":7,"turns":5},{"damage":2,"enemies":"Jaw Worm","floor":8,"turns":2},{"damage":0,"enemies":"Gremlin Nob","floor":10,"turns":4},{"damage":5,"enemies":"The Mushroom Lair","floor":13,"turns":3},{"damage":0,"enemies":"Gremlin Gang","floor":14,"turns":3},{"damage":0,"enemies":"The Guardian","floor":16,"turns":9},{"damage":0,"enemies":"Chosen","floor":18,"turns":3},{"damage":0,"enemies":"Spheric Guardian","floor":20,"turns":4},{"damage":2,"enemies":"Centurion and Healer","floor":22,"turns":5},{"damage":4,"enemies":"Slavers","floor":24,"turns":6},{"damage":4,"enemies":"Cultist and Chosen","floor":28,"turns":4},{"damage":9,"enemies":"Gremlin Leader","floor":29,"turns":7},{"damage":0,"enemies":"Collector","floor":33,"turns":6},{"damage":0,"enemies":"3 Shapes","floor":35,"turns":3},{"damage":19,"enemies":"3 Darklings","floor":36,"turns":4},{"damage":5,"enemies":"Jaw Worm Horde","floor":38,"turns":5},{"damage":0,"enemies":"Spire Growth","floor":39,"turns":3},{"damage":54,"enemies":"Reptomancer","floor":40,"turns":6},{"damage":11,"enemies":"3 Darklings","floor":41,"turns":6},{"damage":0,"enemies":"Maw","floor":42,"turns":7},{"damage":14,"enemies":"Sphere and 2 Shapes","floor":46,"turns":4},{"damage":0,"enemies":"Giant Head","floor":47,"turns":7},{"damage":0,"enemies":"Time Eater","floor":50,"turns":5}],"seed_played":"-8363454952787151640","potions_obtained":[{"floor":5,"key":"ColorlessPotion"},{"floor":8,"key":"LiquidBronze"},{"floor":16,"key":"Swift Potion"},{"floor":20,"key":"LiquidBronze"},{"floor":24,"key":"Ancient Potion"},{"floor":28,"key":"FocusPotion"},{"floor":35,"key":"Regen Potion"},{"floor":41,"key":"Block Potion"},{"floor":46,"key":"Swift Potion"},{"floor":47,"key":"Weak Potion"}],"is_trial":true,"path_per_floor":["M","$","?","?","M","R","E","M","T","E","?","$","?","M","R","B",null,"M","?","M","T","M","R","E","?","T","T","M","E","T","$","R","B",null,"M","M","$","M","M","E","M","M","T","R","?","M","E","?","R","B",null],"character_chosen":"DEFECT","items_purchased":["Defragment","Membership Card","Shuriken","Loop","Matryoshka","Ornamental Fan"],"campfire_rested":0,"item_purchase_floors":[2,31,31,31,37,37],"current_hp_per_floor":[75,75,75,75,75,75,75,75,75,75,80,80,75,80,80,80,80,80,80,80,80,80,80,80,80,80,80,76,74,74,74,74,80,80,80,61,61,63,70,23,19,26,26,35,70,66,70,70,70,70],"gold":362,"neow_bonus":"","is_daily":false,"chose_seed":false,"campfire_upgraded":6,"win_rate":0.0,"timestamp":1612789013,"path_taken":["M","$","?","?","M","R","E","M","T","E","?","$","?","M","R","BOSS","M","?","M","?","?","R","E","?","T","?","M","E","?","$","R","BOSS","M","M","$","M","M","E","M","M","T","R","?","M","E","?","R","BOSS"],"items_purchased_type":["Card","Relic","Relic","Card","Relic","Relic"],"build_version":"2020-12-22","purchased_purges":0,"victory":true,"max_hp_per_floor":[75,75,75,75,75,75,75,75,75,75,80,80,80,80,80,80,80,80,80,80,80,80,80,80,80,80,80,80,80,80,80,80,80,80,80,80,80,80,80,80,80,80,80,80,70,70,70,70,70,70],"relic_stats":{"Inserter":[25],"counters":[25,115],"Eternal Feather":9,"Whetstone":["Ball Lightning","Cold Snap"],"Orichalcum":[84],"Lizard Tail":0,"Emotion Chip":[4,4,0,0,0],"Shuriken":[9],"Ornamental Fan":[28],"Tiny Chest":2,"MealTicket":0,"Art of War":[12],"obtain_stats":[{"Inserter":34,"Vajra":30,"Eternal Feather":43,"Omamori":27,"Whetstone":9,"Odd Mushroom":13,"Orichalcum":24,"Lizard Tail":10,"DataDisk":26,"Emotion Chip":40,"Anchor":47,"HornCleat":29,"Matryoshka":37,"Shuriken":31,"Ornamental Fan":37,"Tiny Chest":7,"MealTicket":43,"Coffee Dripper":17,"Art of War":21,"Membership Card":31,"Cracked Core":0},{"Inserter":15,"Vajra":14,"Eternal Feather":22,"Omamori":12,"Whetstone":4,"Odd Mushroom":6,"Orichalcum":12,"Lizard Tail":5,"DataDisk":12,"Emotion Chip":20,"Anchor":24,"HornCleat":14,"Matryoshka":17,"Shuriken":14,"Ornamental Fan":17,"Tiny Chest":3,"MealTicket":22,"Coffee Dripper":8,"Art of War":10,"Membership Card":14,"Cracked Core":0},{"Inserter":66,"Vajra":60,"Eternal Feather":100,"Omamori":49,"Whetstone":12,"Odd Mushroom":19,"Orichalcum":49,"Lizard Tail":16,"DataDisk":49,"Emotion Chip":87,"Anchor":110,"HornCleat":60,"Matryoshka":73,"Shuriken":60,"Ornamental Fan":73,"Tiny Chest":10,"MealTicket":100,"Coffee Dripper":31,"Art of War":38,"Membership Card":60,"Cracked Core":0}]},"card_choices":[{"not_picked":["Turbo","Gash"],"picked":"Consume","floor":1},{"not_picked":["Conserve Battery","Sweeping Beam","Skim"],"picked":"SKIP","floor":5},{"not_picked":["Coolheaded","Barrage","Amplify"],"picked":"SKIP","floor":7},{"not_picked":["Stack","BootSequence","Cold Snap"],"picked":"SKIP","floor":8},{"not_picked":["Gash","Leap","Steam"],"picked":"SKIP","floor":10},{"not_picked":["Compile Driver","Darkness","Recycle"],"picked":"SKIP","floor":14},{"not_picked":["Fission","Reboot"],"picked":"Biased Cognition","floor":16},{"not_picked":["Go for the Eyes","Chill","Hologram"],"picked":"SKIP","floor":18},{"not_picked":["Sweeping Beam+1","Reinforced Body+1","Melter"],"picked":"SKIP","floor":20},{"not_picked":["Rebound","Gash+1","Compile Driver"],"picked":"SKIP","floor":22},{"not_picked":["Reinforced Body","Steam+1","Lockon"],"picked":"SKIP","floor":24},{"not_picked":["Reinforced Body","Steam+1","Lockon"],"picked":"SKIP","floor":24},{"not_picked":["Sunder+1","White Noise","Gash+1"],"picked":"SKIP","floor":28},{"not_picked":["Scrape","Barrage"],"picked":"Capacitor","floor":29},{"not_picked":["Meteor Strike","Hyperbeam"],"picked":"Core Surge","floor":33},{"not_picked":["Hologram","Compile Driver","Ball Lightning"],"picked":"SKIP","floor":35},{"not_picked":["Barrage+1","Chill","Fusion+1"],"picked":"SKIP","floor":36},{"not_picked":["Double Energy+1","Aggregate"],"picked":"Loop+1","floor":38},{"not_picked":["Beam Cell","BootSequence+1","Redo+1"],"picked":"SKIP","floor":39},{"not_picked":["Loop","Doom and Gloom","Coolheaded"],"picked":"SKIP","floor":40},{"not_picked":["Streamline+1","Steam","Compile Driver+1"],"picked":"SKIP","floor":41},{"not_picked":["Beam Cell+1","Scrape","Turbo+1"],"picked":"SKIP","floor":42},{"not_picked":["Hologram","Aggregate+1"],"picked":"Biased Cognition","floor":46},{"not_picked":["Turbo+1","Recycle","Redo+1"],"picked":"SKIP","floor":47}],"player_experience":428472,"relics_obtained":[{"floor":7,"key":"Tiny Chest"},{"floor":9,"key":"Whetstone"},{"floor":10,"key":"Lizard Tail"},{"floor":13,"key":"Odd Mushroom"},{"floor":21,"key":"Art of War"},{"floor":24,"key":"Orichalcum"},{"floor":26,"key":"DataDisk"},{"floor":27,"key":"Omamori"},{"floor":29,"key":"HornCleat"},{"floor":30,"key":"Vajra"},{"floor":40,"key":"Emotion Chip"},{"floor":43,"key":"MealTicket"},{"floor":43,"key":"Eternal Feather"},{"floor":47,"key":"Anchor"}],"event_choices":[{"damage_healed":0,"gold_gain":0,"player_choice":"Leave","damage_taken":0,"max_hp_gain":0,"max_hp_loss":0,"event_name":"The Cleric","floor":3,"gold_loss":0},{"damage_healed":0,"gold_gain":0,"player_choice":"Ignored","damage_taken":0,"max_hp_gain":0,"max_hp_loss":0,"event_name":"Golden Wing","floor":4,"gold_loss":0},{"damage_healed":0,"gold_gain":0,"player_choice":"Donut","damage_taken":0,"max_hp_gain":5,"max_hp_loss":0,"event_name":"Big Fish","floor":11,"gold_loss":0},{"damage_healed":0,"gold_gain":0,"player_choice":"Fought Mushrooms","damage_taken":0,"max_hp_gain":0,"max_hp_loss":0,"event_name":"Mushrooms","floor":13,"gold_loss":0},{"damage_healed":0,"gold_gain":0,"player_choice":"Ignored","damage_taken":0,"max_hp_gain":0,"max_hp_loss":0,"event_name":"Beggar","floor":19,"gold_loss":0},{"damage_healed":0,"gold_gain":0,"player_choice":"Ignored","damage_taken":0,"max_hp_gain":0,"max_hp_loss":0,"event_name":"Vampires","floor":25,"gold_loss":0},{"damage_healed":70,"gold_gain":0,"player_choice":"Heal","damage_taken":0,"max_hp_gain":0,"max_hp_loss":10,"event_name":"The Moai Head","floor":45,"gold_loss":0},{"damage_healed":0,"gold_gain":0,"player_choice":"Memory 1","damage_taken":0,"max_hp_gain":0,"max_hp_loss":0,"event_name":"SensoryStone","floor":48,"gold_loss":0}],"is_beta":false,"boss_relics":[{"not_picked":["Velvet Choker","Sozu"],"picked":"Coffee Dripper"},{"not_picked":["Runic Pyramid","Astrolabe"],"picked":"Inserter"}],"items_purged_floors":[],"is_endless":false,"potions_floor_spawned":[5,8,16,20,24,28,35,41,46,47],"ascension_level":1}}