{"host":"og21o26alpnbwmz8","time":1612795989,"event":{"mods":["Act Like it!","Aspiration","BaseMod","Conspire","Downfall","Gensokyo","Halation","Hubris","Jedi Mod","Mimic Mod","Minty Spire (QoL Compilation)","Pale of the Ancients","Reliquary","Replay The Spire","Shop Mod","Spikes Relics","StSLib","The Alterego","The Blackbeard","The Blue Laboratory","The Bug Knight","The Death Knight","The Runesmith","Waifu the Spire"],"gold_per_floor":[115,115,115,125,144,144,160,160,160,160,31,31,42,54,54,54,54],"floor_reached":16,"language":"ENG","playtime":593,"items_purged":["HollowMod:InfectedAttack"],"score":92,"play_id":"dc9a9c65-63bd-473a-ae09-73ab5f2c9aa2","local_time":"20210208095309","is_ascension_mode":false,"campfire_choices":[{"data":"HollowMod:QuirrelsAssistance","floor":6,"key":"SMITH"},{"data":"HollowMod:TaintedHusks","floor":8,"key":"SMITH"},{"data":"HollowMod:InfectedAttack","floor":12,"key":"SMITH"},{"data":"HollowMod:DungDefenderAura","floor":15,"key":"SMITH"}],"circlet_count":0,"master_deck":["HollowMod:QuickDashStart","HollowMod:QuickDashStart","HollowMod:QuickDashStart","HollowMod:QuickDashStart","HollowMod:FocusHealStart","HollowMod:PogoStrike","HollowMod:HornetsHelp","HollowMod:QuirrelsAssistance+1","HollowMod:InfectedAttack+1","HollowMod:InfectedAttack","HollowMod:InfectedAttack","HollowMod:NewLittleFool","HollowMod:TaintedHusks+1","HollowMod:HuntersJournal+1","HollowMod:HuntersJournal","HollowMod:DungDefenderAura+1"],"relics":["HollowMod:VesselMask"],"acts_visited":["Exordium"],"potions_floor_usage":[],"damage_taken":[{"damage":16,"enemies":"Gensokyo:Gryphon","floor":1,"turns":4},{"damage":6,"enemies":"Gensokyo:Python","floor":4,"turns":3},{"damage":2,"enemies":"Gensokyo:2_Kodama","floor":5,"turns":3},{"damage":19,"enemies":"Gensokyo:VengefulSpirit","floor":7,"turns":3},{"damage":9,"enemies":"Gensokyo:2_Rabbits","floor":13,"turns":3},{"damage":18,"enemies":"Gensokyo:3_Kodama","floor":14,"turns":5},{"damage":37,"enemies":"Gensokyo:Yukari","floor":16,"turns":6}],"seed_played":"-2729754941610130142","potions_obtained":[{"floor":1,"key":"blueLaboratory:EnragingPotion"},{"floor":5,"key":"Ancient Potion"},{"floor":14,"key":"Guardian:BlockOnCardUsePotion"}],"is_trial":false,"path_per_floor":["M","?","?","M","M","R","M","R","T","?","$","R","M","M","R","B"],"character_chosen":"THE_BUGKNIGHT","items_purchased":["HollowMod:HuntersJournal+1"],"campfire_rested":0,"item_purchase_floors":[11],"current_hp_per_floor":[61,61,61,55,59,59,46,46,46,46,46,46,43,31,31,0,0],"gold":54,"neow_bonus":"ONE_RANDOM_RARE_CARD","is_daily":false,"chose_seed":false,"campfire_upgraded":4,"win_rate":0.0,"timestamp":1612795989,"path_taken":["M","?","?","?","M","R","M","R","T","?","?","R","?","M","R","BOSS"],"items_purchased_type":["Card"],"build_version":"2020-12-22","purchased_purges":1,"victory":false,"max_hp_per_floor":[75,75,75,75,75,75,75,75,75,75,75,75,75,75,75,75,75],"card_choices":[{"not_picked":["HollowMod:CornifersMapStart","HollowMod:AbyssShriek"],"picked":"HollowMod:QuirrelsAssistance","floor":1},{"not_picked":["HollowMod:SharpenedNail","HollowMod:GoodIntentions","HollowMod:GreatSlash"],"picked":"SKIP","floor":4},{"not_picked":["HollowMod:WraithStrike","HollowMod:DashSlash"],"picked":"HollowMod:NewLittleFool","floor":5},{"not_picked":["HollowMod:CycloneSlash","HollowMod:NewLittleFool"],"picked":"HollowMod:TaintedHusks","floor":7},{"not_picked":["HollowMod:Hiveblood","HollowMod:DoubleDash"],"picked":"HollowMod:HuntersJournal","floor":13},{"not_picked":["HollowMod:NewLittleFool","HollowMod:ShadowDash"],"picked":"HollowMod:DungDefenderAura","floor":14}],"player_experience":286926,"relics_obtained":[],"event_choices":[{"damage_healed":0,"gold_gain":0,"player_choice":"Leave","damage_taken":0,"max_hp_gain":0,"max_hp_loss":0,"event_name":"conspire:Investor","floor":3,"gold_loss":0}],"is_beta":false,"boss_relics":[],"items_purged_floors":[11],"is_endless":false,"potions_floor_spawned":[1,5,14],"killed_by":"Gensokyo:Yukari","ascension_level":0}}