{"host":"665g8wmplxs7g59h","time":1612800069,"event":{"mods":["AchievementEnabler","BaseMod","Colored Map","DeckTracker","Minty Spire (QoL Compilation)","Permanent Neow","SuperFastMode"],"gold_per_floor":[16,16,27,27,77,77,97,116,140,157,170,232,307,318,318,423,423,442,458,472,562,578,578,578,578],"floor_reached":24,"language":"KOR","playtime":1415,"items_purged":[],"score":192,"play_id":"a973bc80-b1d1-43a7-9d86-590af5022baf","local_time":"20210209010109","is_ascension_mode":false,"campfire_choices":[{"data":"Survivor","floor":6,"key":"SMITH"},{"data":"Backflip","floor":15,"key":"SMITH"},{"floor":23,"key":"REST"}],"circlet_count":0,"master_deck":["Strike_G","Strike_G","Defend_G","Defend_G","Defend_G","Defend_G","Survivor+1","Neutralize","Eviscerate","Backflip+1","Acrobatics","Prepared","Corpse Explosion","Deadly Poison"],"relics":["Ring of the Snake","Nunchaku","Oddly Smooth Stone","Runic Pyramid"],"acts_visited":["Exordium","TheCity"],"potions_floor_usage":[12,16,16,16,24],"damage_taken":[{"damage":0,"enemies":"2 Louse","floor":1,"turns":4},{"damage":0,"enemies":"Small Slimes","floor":3,"turns":3},{"damage":0,"enemies":"Jaw Worm","floor":7,"turns":3},{"damage":0,"enemies":"Exordium Thugs","floor":8,"turns":5},{"damage":0,"enemies":"Looter","floor":10,"turns":2},{"damage":1,"enemies":"3 Louse","floor":11,"turns":4},{"damage":6,"enemies":"3 Sentries","floor":12,"turns":13},{"damage":0,"enemies":"Blue Slaver","floor":14,"turns":4},{"damage":39,"enemies":"Slime Boss","floor":16,"turns":20},{"damage":23,"enemies":"3 Byrds","floor":18,"turns":3},{"damage":4,"enemies":"Chosen","floor":19,"turns":6},{"damage":0,"enemies":"3 Cultists","floor":20,"turns":3},{"damage":9,"enemies":"Snake Plant","floor":22,"turns":5},{"damage":57,"enemies":"Book of Stabbing","floor":24,"turns":8}],"seed_played":"-5230257965167349362","potions_obtained":[{"floor":1,"key":"CunningPotion"},{"floor":3,"key":"Block Potion"},{"floor":10,"key":"LiquidMemories"},{"floor":14,"key":"ColorlessPotion"},{"floor":19,"key":"SpeedPotion"},{"floor":20,"key":"Regen Potion"}],"is_trial":false,"path_per_floor":["M","?","M","?","T","R","M","M","T","M","M","?","?","M","R","B",null,"M","M","M","?","M","R","E"],"character_chosen":"THE_SILENT","items_purchased":[],"campfire_rested":1,"item_purchase_floors":[],"current_hp_per_floor":[70,70,70,63,63,63,63,63,63,63,62,56,45,45,45,6,70,47,43,43,31,22,43,0,0],"gold":578,"neow_bonus":"REMOVE_TWO","is_daily":false,"chose_seed":false,"campfire_upgraded":2,"win_rate":0.0,"timestamp":1612800069,"path_taken":["M","?","M","?","?","R","M","M","T","M","?","?","?","M","R","BOSS","M","M","M","?","?","R","E"],"items_purchased_type":[],"build_version":"2020-12-22","purchased_purges":0,"victory":false,"max_hp_per_floor":[70,70,70,70,70,70,70,70,70,70,70,70,70,70,70,70,70,70,70,70,70,70,70,70,70],"card_choices":[{"not_picked":["Leg Sweep","Prepared"],"picked":"Eviscerate","floor":1},{"not_picked":["Outmaneuver","Quick Slash"],"picked":"Backflip","floor":3},{"not_picked":["PiercingWail","Footwork"],"picked":"Acrobatics","floor":7},{"not_picked":["Finisher","Cloak And Dagger","Heel Hook"],"picked":"SKIP","floor":8},{"not_picked":["Setup","Cloak And Dagger","Quick Slash"],"picked":"SKIP","floor":10},{"not_picked":["Dagger Spray","Die Die Die","Bane"],"picked":"SKIP","floor":11},{"not_picked":["Outmaneuver","Deadly Poison"],"picked":"Prepared","floor":14},{"not_picked":["Wraith Form v2","Malaise"],"picked":"Corpse Explosion","floor":16},{"not_picked":["Escape Plan","Poisoned Stab","Skewer"],"picked":"SKIP","floor":18},{"not_picked":["Backstab","Outmaneuver+1"],"picked":"Deadly Poison","floor":19},{"not_picked":["Backflip+1","Storm of Steel","Underhanded Strike"],"picked":"SKIP","floor":20},{"not_picked":["Eviscerate","Deadly Poison+1","Poisoned Stab+1"],"picked":"SKIP","floor":22}],"player_experience":68221,"relics_obtained":[{"floor":5,"key":"Nunchaku"},{"floor":12,"key":"Oddly Smooth Stone"}],"event_choices":[{"cards_removed":["Strike_G"],"damage_healed":0,"gold_gain":0,"player_choice":"Forget","damage_taken":0,"max_hp_gain":0,"max_hp_loss":0,"event_name":"Living Wall","floor":2,"gold_loss":0},{"cards_removed":["Defend_G"],"damage_healed":0,"gold_gain":0,"player_choice":"Card Removal","damage_taken":7,"max_hp_gain":0,"max_hp_loss":0,"event_name":"Golden Wing","floor":4,"gold_loss":0},{"damage_healed":0,"gold_gain":0,"player_choice":"Searched \u00271\u0027 times","damage_taken":0,"max_hp_gain":0,"max_hp_loss":0,"event_name":"Dead Adventurer","floor":12,"gold_loss":0},{"damage_healed":0,"gold_gain":75,"player_choice":"Gather Gold","damage_taken":11,"max_hp_gain":0,"max_hp_loss":0,"event_name":"World of Goop","floor":13,"gold_loss":0},{"damage_healed":0,"gold_gain":90,"player_choice":"GOLD ","damage_taken":12,"max_hp_gain":0,"max_hp_loss":0,"event_name":"Knowing Skull","floor":21,"potions_obtained":[],"gold_loss":0,"cards_obtained":[]}],"is_beta":false,"boss_relics":[{"not_picked":["Sozu","Cursed Key"],"picked":"Runic Pyramid"}],"items_purged_floors":[],"is_endless":false,"potions_floor_spawned":[1,3,10,11,14,19,20],"killed_by":"Book of Stabbing","ascension_level":0}}