{"host":"ydg0vn0pu4pubmdt","time":1612793345,"event":{"mods":["AchievementEnabler","BaseMod","Colored Map","Gold Saver","Minty Spire (QoL Compilation)","Quick Restart","SuperFastMode"],"gold_per_floor":[462,462,462,474,486,521,521,189,238,163,63,80,80,94,94,166,166,186,186,61,61,61,61,61,61],"floor_reached":24,"language":"KOR","playtime":419,"items_purged":["Strike_P","Defend_P","Alpha"],"score":484,"play_id":"b396faae-7909-43d7-9a99-ff435b3e6718","local_time":"20210208230905","is_ascension_mode":true,"campfire_choices":[{"data":"Eruption","floor":7.0,"key":"SMITH"},{"floor":13.0,"key":"REST"},{"data":"Vault","floor":15.0,"key":"SMITH"},{"data":"Scrawl","floor":23,"key":"SMITH"}],"circlet_count":0,"master_deck":["AscendersBane","Eruption+1","Vigilance","TalkToTheHand","InnerPeace","ReachHeaven","Vault+1","Flash of Steel","TalkToTheHand","Scrawl+1","TalkToTheHand","Nirvana","Worship","Scrawl"],"relics":["PureWater","Ice Cream","Lantern","Bag of Marbles","Tiny Chest","Pandora\u0027s Box"],"acts_visited":["Exordium","TheCity"],"potions_floor_usage":[24],"damage_taken":[{"damage":18.0,"enemies":"Jaw Worm","floor":1.0,"turns":7.0},{"damage":5.0,"enemies":"2 Louse","floor":4.0,"turns":3.0},{"damage":0.0,"enemies":"Cultist","floor":5.0,"turns":3.0},{"damage":2.0,"enemies":"Lagavulin","floor":6.0,"turns":7.0},{"damage":6.0,"enemies":"Blue Slaver","floor":12.0,"turns":3.0},{"damage":13.0,"enemies":"Exordium Wildlife","floor":14.0,"turns":3.0},{"damage":0.0,"enemies":"Slime Boss","floor":16.0,"turns":4.0},{"damage":4.0,"enemies":"Chosen","floor":18.0,"turns":5.0},{"damage":38,"enemies":"Slavers","floor":24,"turns":3}],"seed_played":"8418418694035581318","potions_obtained":[{"floor":1.0,"key":"Weak Potion"},{"floor":5.0,"key":"ColorlessPotion"},{"floor":14.0,"key":"Fruit Juice"},{"floor":16.0,"key":"Fruit Juice"}],"is_trial":false,"path_per_floor":["M","?","?","M","M","E","R","$","T","?","$","M","R","M","R","B",null,"M","?","$","T","?","R","E"],"character_chosen":"WATCHER","items_purchased":["Bag of Marbles","Flash of Steel"],"campfire_rested":1,"item_purchase_floors":[8,8],"current_hp_per_floor":[43,43,43,38,38,36,36,36,36,36,36,30,50,37,37,42,65,61,51,51,51,30,30,0,0],"gold":61,"neow_bonus":"ONE_RARE_RELIC","is_daily":false,"chose_seed":false,"campfire_upgraded":3,"win_rate":0.0,"timestamp":1612793345,"path_taken":["M","?","?","M","M","E","R","$","T","?","$","?","R","M","R","BOSS","M","?","$","?","?","R","E"],"items_purchased_type":["Relic","Card"],"build_version":"2020-12-22","purchased_purges":3,"victory":false,"max_hp_per_floor":[68,68,68,68,68,68,68,68,68,68,68,68,68,68,68,73,73,73,73,73,73,78,78,83,83],"card_choices":[{"not_picked":["Evaluate","Wallop"],"picked":"TalkToTheHand","floor":1.0},{"not_picked":["WaveOfTheHand","EmptyFist"],"picked":"InnerPeace","floor":4.0},{"not_picked":["Crescendo","ThirdEye"],"picked":"ReachHeaven","floor":5.0},{"not_picked":["Halt","FollowUp"],"picked":"Vault","floor":6.0},{"not_picked":["CrushJoints","Protect"],"picked":"TalkToTheHand","floor":12.0},{"not_picked":["Consecrate","SandsOfTime","FlyingSleeves"],"picked":"SKIP","floor":14.0},{"not_picked":["MasterReality","ConjureBlade"],"picked":"Scrawl","floor":16.0},{"not_picked":["Study","Protect","Prostrate"],"picked":"SKIP","floor":18.0}],"player_experience":501657,"relics_obtained":[{"floor":6.0,"key":"Lantern"},{"floor":9.0,"key":"Tiny Chest"}],"event_choices":[{"cards_removed":["Regret"],"damage_healed":0.0,"max_hp_gain":0.0,"max_hp_loss":0.0,"gold_gain":0.0,"event_name":"Living Wall","player_choice":"Forget","floor":2.0,"gold_loss":0.0,"damage_taken":0.0},{"damage_healed":0.0,"max_hp_gain":0.0,"max_hp_loss":0.0,"gold_gain":0.0,"event_name":"Liars Game","player_choice":"Ignored","floor":3.0,"gold_loss":0.0,"damage_taken":0.0},{"cards_removed":["Strike_P"],"damage_healed":0.0,"max_hp_gain":0.0,"max_hp_loss":0.0,"gold_gain":0.0,"event_name":"The Cleric","player_choice":"Card Removal","floor":10.0,"gold_loss":75.0,"damage_taken":0.0},{"damage_healed":0.0,"max_hp_gain":0.0,"max_hp_loss":0.0,"gold_gain":0.0,"event_name":"Wheel of Change","player_choice":"Damaged","floor":19.0,"gold_loss":0.0,"damage_taken":10.0},{"damage_healed":0,"gold_gain":0,"player_choice":"Shed Blood","damage_taken":26,"max_hp_gain":5,"max_hp_loss":0,"event_name":"Forgotten Altar","floor":22,"gold_loss":0}],"is_beta":false,"boss_relics":[{"not_picked":["Runic Pyramid","SlaversCollar"],"picked":"Pandora\u0027s Box"}],"items_purged_floors":[8,11,20],"is_endless":false,"potions_floor_spawned":[1,5,14,16],"killed_by":"Slavers","ascension_level":20}}