{"host":"8fl9fk3sx00hvnsh","time":1612745666,"event":{"mods":["BaseMod","Bestiary","Bossed Relics","Minty Spire (QoL Compilation)","Practice Mode","Reliquary","StSLib","The Blue Laboratory","The Marked"],"gold_per_floor":[114,132,93,93,93,108,152,152,178,353,353,353,373,398,398,529,529,550,568,137,0,0,36,49,89,167,167,187,207,207,230,230,230,230],"floor_reached":33,"language":"ENG","playtime":1456,"items_purged":[],"score":312,"play_id":"882d9fcf-e28b-4b7b-9f2e-2ddee5bf5a7f","local_time":"20210207195426","is_ascension_mode":false,"campfire_choices":[{"floor":8,"key":"REST"},{"floor":11,"key":"REST"},{"floor":15,"key":"REST"},{"floor":30,"key":"RECALL"},{"floor":32,"key":"REST"}],"circlet_count":0,"master_deck":["Defend_G+1","Defend_G","Defend_G","Defend_G","Defend_G","Survivor","Neutralize","Bane","Bane","Caltrops","Accuracy","Dash","Die Die Die","All Out Attack","Adrenaline","All Out Attack","Bane+1","Adrenaline","Bite","Bite","Bite","Bite","Bite","Bouncing Flask","Deadly Poison","Writhe","Poisoned Stab+1","Deadly Poison","Blur"],"relics":["reliquary:RedCape","Golden Idol","reliquary:ExpiredCoupon","reliquary:Craggleroot","CaptainsWheel","Blood Vial","reliquary:SharkskinSheath","reliquary:HotPoker","reliquary:Stiletto"],"acts_visited":["Exordium","TheCity"],"potions_floor_usage":[25,33,33],"damage_taken":[{"damage":1,"enemies":"Jaw Worm","floor":1,"turns":5},{"damage":0,"enemies":"2 Louse","floor":2,"turns":3},{"damage":0,"enemies":"Small Slimes","floor":6,"turns":3},{"damage":35,"enemies":"3 Sentries","floor":7,"turns":11},{"damage":11,"enemies":"3 Louse","floor":13,"turns":4},{"damage":5,"enemies":"Looter","floor":14,"turns":3},{"damage":52,"enemies":"Slime Boss","floor":16,"turns":11},{"damage":14,"enemies":"2 Thieves","floor":18,"turns":4},{"damage":0,"enemies":"Chosen","floor":19,"turns":4},{"damage":23,"enemies":"Slavers","floor":23,"turns":4},{"damage":19,"enemies":"Shelled Parasite and Fungi","floor":24,"turns":5},{"damage":6,"enemies":"Gremlin Leader","floor":25,"turns":5},{"damage":1,"enemies":"Snecko","floor":28,"turns":5},{"damage":2,"enemies":"3 Cultists","floor":29,"turns":4},{"damage":11,"enemies":"Sentry and Sphere","floor":31,"turns":4},{"damage":77,"enemies":"Automaton","floor":33,"turns":6}],"seed_played":"-5603099475575036659","potions_obtained":[{"floor":2,"key":"GamblersBrew"},{"floor":6,"key":"blueLaboratory:FrostheartPotion"},{"floor":16,"key":"blueLaboratory:StoneskinPotion"},{"floor":19,"key":"PowerPotion"},{"floor":24,"key":"blueLaboratory:BottledHope"},{"floor":28,"key":"blueLaboratory:Moonshine"}],"is_trial":false,"path_per_floor":["M","M","$","?","?","M","E","R","T","?","R","?","M","M","R","B",null,"M","M","$","?","?","E","M","E","T","?","M","M","R","M","R","B"],"character_chosen":"THE_SILENT","items_purchased":["Caltrops","Adrenaline","CaptainsWheel"],"campfire_rested":4,"item_purchase_floors":[3,20,20],"current_hp_per_floor":[69,69,69,55,55,55,20,39,39,39,58,58,47,42,61,9,65,51,51,51,51,45,30,25,31,31,31,40,44,44,36,45,0,0],"gold":230,"neow_bonus":"BOSS_RELIC","is_daily":false,"chose_seed":false,"campfire_upgraded":0,"win_rate":0.0,"timestamp":1612745666,"path_taken":["M","M","$","?","?","M","E","R","T","?","R","?","M","M","R","BOSS","M","M","$","?","?","E","M","E","T","?","M","M","R","M","R","BOSS"],"items_purchased_type":["Card","Card","Relic"],"build_version":"2020-12-22","purchased_purges":0,"victory":false,"max_hp_per_floor":[70,70,70,70,65,65,65,65,65,65,65,65,65,65,65,65,65,65,65,65,65,45,45,45,45,45,45,45,45,45,45,45,45,45],"card_choices":[{"not_picked":["Sucker Punch","Leg Sweep"],"picked":"Bane","floor":1},{"not_picked":["Leg Sweep","Underhanded Strike"],"picked":"Bane","floor":2},{"not_picked":["Dagger Throw","Infinite Blades"],"picked":"Accuracy","floor":6},{"not_picked":["PiercingWail","Calculated Gamble"],"picked":"Dash","floor":7},{"not_picked":["Riddle With Holes","Acrobatics"],"picked":"Die Die Die","floor":13},{"not_picked":["Dagger Throw","Well Laid Plans"],"picked":"All Out Attack","floor":14},{"not_picked":["Tools of the Trade","Doppelganger"],"picked":"Adrenaline","floor":16},{"not_picked":["Deflect","Heel Hook"],"picked":"All Out Attack","floor":18},{"not_picked":["Tactician","Prepared+1"],"picked":"Bane+1","floor":19},{"not_picked":["Dagger Throw","All Out Attack"],"picked":"Bouncing Flask","floor":23},{"not_picked":["Leg Sweep+1","Deflect+1"],"picked":"Deadly Poison","floor":24},{"not_picked":["Acrobatics","Deflect","Eviscerate"],"picked":"SKIP","floor":25},{"not_picked":["After Image","Distraction"],"picked":"Poisoned Stab+1","floor":28},{"not_picked":["Blur","Backstab"],"picked":"Deadly Poison","floor":29},{"not_picked":["Dagger Throw+1","Terror"],"picked":"Blur","floor":31}],"player_experience":206037,"relics_obtained":[{"floor":7,"key":"reliquary:ExpiredCoupon"},{"floor":23,"key":"Blood Vial"},{"floor":25,"key":"reliquary:SharkskinSheath"},{"floor":26,"key":"reliquary:HotPoker"}],"event_choices":[{"damage_healed":0,"gold_gain":0,"player_choice":"Entered Light","damage_taken":14,"max_hp_gain":0,"max_hp_loss":0,"event_name":"Shining Light","floor":4,"gold_loss":0,"cards_upgraded":["Defend_G","Strike_G"]},{"damage_healed":0,"gold_gain":0,"player_choice":"Lose Max HP","damage_taken":0,"relics_obtained":["Golden Idol"],"max_hp_gain":0,"max_hp_loss":5,"event_name":"Golden Idol","floor":5,"gold_loss":0},{"damage_healed":0,"gold_gain":175,"player_choice":"AGREE","damage_taken":0,"max_hp_gain":0,"max_hp_loss":0,"event_name":"Liars Game","floor":10,"gold_loss":0,"cards_obtained":["Doubt"]},{"cards_removed":["Doubt"],"damage_healed":0,"gold_gain":0,"player_choice":"Forget","damage_taken":0,"max_hp_gain":0,"max_hp_loss":0,"event_name":"Living Wall","floor":12,"gold_loss":0},{"damage_healed":0,"gold_gain":0,"player_choice":"Paid Fearfully","damage_taken":0,"max_hp_gain":0,"max_hp_loss":0,"event_name":"Masked Bandits","floor":21,"gold_loss":137},{"damage_healed":0,"gold_gain":0,"player_choice":"Became a vampire","damage_taken":0,"max_hp_gain":0,"max_hp_loss":20,"event_name":"Vampires","floor":22,"gold_loss":0,"cards_obtained":["Bite","Bite","Bite","Bite","Bite"]},{"damage_healed":0,"gold_gain":0,"player_choice":"Opened","damage_taken":0,"relics_obtained":["reliquary:Stiletto"],"max_hp_gain":0,"max_hp_loss":0,"event_name":"The Mausoleum","floor":27,"gold_loss":0,"cards_obtained":["Writhe"]}],"is_beta":false,"boss_relics":[{"not_picked":["Coffee Dripper","reliquary:KinkedSpring"],"picked":"reliquary:Craggleroot"}],"items_purged_floors":[],"is_endless":false,"potions_floor_spawned":[2,6,16,19,24,28,29],"killed_by":"Automaton","ascension_level":0}}