{"host":"pgm1p3lvdjflie30","time":1612771843,"event":{"mods":["AchievementEnabler","Alarm Clock","Aspiration","BaseMod","Challenge The Spire","Colored Map","Colored Powertips","Dark Map","Energized Spire","Hermit","HornydragonMod","Minty Spire (QoL Compilation)","Quarter Circle Forward PUNCH!","Quick Restart","Relic Stats","Robot Space Explorer","Spicy Shops","StSLib","The Blackbeard","The IronCluck","Waifu the Spire","【功能Mod】混沌之?修复?丁","篝火指南"],"gold_per_floor":[113,113,130,130,145,145,145,145,145,145,24,41,53,53,53,153,153,163,181,181,181,181,181,181],"floor_reached":23,"language":"ZHS","playtime":1035,"items_purged":[],"score":179,"play_id":"b826d0d0-bd25-4375-8c30-fca09812f74a","local_time":"20210208161043","is_ascension_mode":false,"campfire_choices":[{"data":"Crippling Poison","floor":6,"key":"SMITH"},{"data":"Dagger Spray","floor":8,"key":"SMITH"},{"data":"Neutralize","floor":10,"key":"SMITH"},{"data":"Blade Dance","floor":15,"key":"SMITH"}],"circlet_count":0,"master_deck":["Strike_G","Strike_G","Strike_G","Strike_G","Strike_G","Defend_G+1","Defend_G","Defend_G","Defend_G","Defend_G","Survivor","Neutralize+1","Blade Dance+1","Dagger Spray+1","Crippling Poison+1","Parasite","Slice","Blade Dance+1","Predator","Die Die Die","Slice","Dagger Throw+1"],"relics":["Ring of the Snake"],"acts_visited":["Exordium","TheCity"],"potions_floor_usage":[16],"damage_taken":[{"damage":12,"enemies":"Small Slimes","floor":1,"turns":4},{"damage":8,"enemies":"Jaw Worm","floor":3,"turns":3},{"damage":1,"enemies":"2 Louse","floor":5,"turns":2},{"damage":4,"enemies":"Looter","floor":12,"turns":3},{"damage":4,"enemies":"Blue Slaver","floor":13,"turns":2},{"damage":59,"enemies":"The Guardian","floor":16,"turns":12},{"damage":5,"enemies":"3 Byrds","floor":18,"turns":3},{"damage":27,"enemies":"2 Thieves","floor":19,"turns":3},{"damage":36,"enemies":"Centurion and Healer","floor":23,"turns":4}],"seed_played":"7010449504298014736","potions_obtained":[{"floor":13,"key":"Weak Potion"}],"is_trial":false,"path_per_floor":["M","?","M","?","M","R","?","R","T","R","$","M","M","?","R","B",null,"M","M","?","?","?","M"],"character_chosen":"THE_SILENT","items_purchased":["FairyPotion","Slice"],"campfire_rested":0,"item_purchase_floors":[11,11],"current_hp_per_floor":[65,65,57,42,41,41,60,60,60,60,60,56,52,52,52,17,77,72,45,31,31,31,0,0],"gold":181,"neow_bonus":"TEN_PERCENT_HP_BONUS","is_daily":false,"chose_seed":false,"campfire_upgraded":4,"win_rate":0.0,"timestamp":1612771843,"path_taken":["M","?","M","?","?","R","?","R","T","R","$","M","M","?","R","BOSS","M","M","?","?","?","M"],"items_purchased_type":["Potion","Card"],"build_version":"2020-12-22","purchased_purges":0,"victory":false,"max_hp_per_floor":[77,77,77,77,77,77,77,77,77,77,77,77,77,77,77,77,77,77,77,82,82,82,82,82],"relic_stats":{"counters":[9,36],"obtain_stats":[{"Ring of the Snake":0},{"Ring of the Snake":0},{"Ring of the Snake":0}],"Ring of the Snake":[18]},"card_choices":[{"not_picked":["Outmaneuver","Dagger Throw"],"picked":"Blade Dance","floor":1},{"not_picked":["Outmaneuver","Escape Plan"],"picked":"Dagger Spray","floor":3},{"not_picked":["Tactician","Quick Slash"],"picked":"Crippling Poison","floor":5},{"not_picked":["Footwork","Noxious Fumes"],"picked":"Blade Dance","floor":12},{"not_picked":["Tools of the Trade","Eviscerate"],"picked":"Predator","floor":13},{"not_picked":["After Image","Bullet Time"],"picked":"Die Die Die","floor":16},{"not_picked":["Heel Hook+1","Sucker Punch"],"picked":"Slice","floor":18},{"not_picked":["Footwork","Underhanded Strike+1"],"picked":"Dagger Throw+1","floor":19}],"player_experience":367828,"relics_obtained":[],"event_choices":[{"damage_healed":0,"gold_gain":0,"player_choice":"Fled","damage_taken":0,"max_hp_gain":0,"max_hp_loss":0,"event_name":"Scrap Ooze","floor":2,"gold_loss":0},{"damage_healed":0,"gold_gain":0,"player_choice":"Entered Light","damage_taken":15,"max_hp_gain":0,"max_hp_loss":0,"event_name":"Shining Light","floor":4,"gold_loss":0,"cards_upgraded":["Blade Dance","Defend_G"]},{"damage_healed":19,"gold_gain":0,"player_choice":"Healed and dodged fight","damage_taken":0,"max_hp_gain":0,"max_hp_loss":0,"event_name":"Mushrooms","floor":7,"gold_loss":0,"cards_obtained":["Parasite"]},{"damage_healed":0,"gold_gain":0,"player_choice":"Shed Blood","damage_taken":19,"max_hp_gain":5,"max_hp_loss":0,"event_name":"Forgotten Altar","floor":20,"gold_loss":0},{"damage_healed":0,"gold_gain":0,"player_choice":"Ignored","damage_taken":0,"max_hp_gain":0,"max_hp_loss":0,"event_name":"The Mausoleum","floor":21,"gold_loss":0},{"damage_healed":0,"gold_gain":0,"player_choice":"Ignored","damage_taken":0,"max_hp_gain":0,"max_hp_loss":0,"event_name":"blackbeard:ShipwreckEvent","floor":22,"gold_loss":0}],"is_beta":false,"boss_relics":[{"not_picked":["Cursed Key","Runic Pyramid","energizedSpire:EnergizedDie"]}],"items_purged_floors":[],"is_endless":false,"potions_floor_spawned":[13],"killed_by":"Centurion and Healer","ascension_level":0}}