{"host":"aelxjre69umlx7r4","time":1612828226,"event":{"mods":["AchievementEnabler","BaseMod","Colored Map","DeckTracker","Highlight Path","Keyboard Shortcuts","Minty Spire (QoL Compilation)","Permanent Neow","SuperFastMode"],"gold_per_floor":[119,119,135,151,163,190,206,206,206,221,221,254,97,116,116,211,211,222,233,249,249,126,126,136,136,136,136,167,267,285,301,301,301,301],"floor_reached":33,"language":"KOR","playtime":1755,"items_purged":["Strike_R","Strike_R"],"score":295,"play_id":"c3d5f679-e6da-4227-a682-f9e2efa46735","local_time":"20210209085026","is_ascension_mode":true,"campfire_choices":[{"data":"Flex","floor":8.0,"key":"SMITH"},{"data":"Disarm","floor":11.0,"key":"SMITH"},{"floor":15.0,"key":"REST"},{"data":"Body Slam","floor":23.0,"key":"SMITH"},{"data":"Barricade","floor":25.0,"key":"SMITH"},{"data":"Demon Form","floor":27.0,"key":"SMITH"},{"floor":32,"key":"REST"}],"circlet_count":0,"master_deck":["Strike_R","Defend_R","Defend_R","Defend_R","Defend_R","Bash","Flex+1","Heavy Blade","Seeing Red","Evolve","Disarm+1","Warcry","Sword Boomerang","Panacea","Barricade+1","Demon Form+1","Armaments+1","Heavy Blade+1","Impervious","Body Slam+1","Inflame","Shrug It Off+1"],"relics":["Burning Blood","Magic Flower","Dream Catcher","White Beast Statue","Sundial","Black Star","Toxic Egg 2","Red Skull","Oddly Smooth Stone"],"acts_visited":["Exordium","TheCity"],"potions_floor_usage":[33],"damage_taken":[{"damage":0.0,"enemies":"Small Slimes","floor":1.0,"turns":3.0},{"damage":6.0,"enemies":"Cultist","floor":3.0,"turns":3.0},{"damage":4.0,"enemies":"2 Louse","floor":4.0,"turns":5.0},{"damage":16.0,"enemies":"Red Slaver","floor":5.0,"turns":3.0},{"damage":14.0,"enemies":"Gremlin Nob","floor":6.0,"turns":3.0},{"damage":7.0,"enemies":"2 Fungi Beasts","floor":7.0,"turns":3.0},{"damage":24.0,"enemies":"Lots of Slimes","floor":10.0,"turns":5.0},{"damage":30.0,"enemies":"Lagavulin","floor":12.0,"turns":7.0},{"damage":22.0,"enemies":"Exordium Wildlife","floor":14.0,"turns":5.0},{"damage":25.0,"enemies":"Slime Boss","floor":16.0,"turns":10.0},{"damage":29.0,"enemies":"Spheric Guardian","floor":18.0,"turns":5.0},{"damage":43.0,"enemies":"3 Byrds","floor":19.0,"turns":7.0},{"damage":32.0,"enemies":"Centurion and Healer","floor":20.0,"turns":8.0},{"damage":0.0,"enemies":"Snecko","floor":24.0,"turns":6.0},{"damage":16.0,"enemies":"Slavers","floor":28.0,"turns":5.0},{"damage":10,"enemies":"Cultist and Chosen","floor":30,"turns":7},{"damage":21,"enemies":"Snake Plant","floor":31,"turns":3},{"damage":41,"enemies":"Collector","floor":33,"turns":3}],"seed_played":"4549413135753041782","potions_obtained":[{"floor":3.0,"key":"DuplicationPotion"},{"floor":4.0,"key":"ElixirPotion"},{"floor":6.0,"key":"Regen Potion"},{"floor":7.0,"key":"Regen Potion"},{"floor":10.0,"key":"SneckoOil"},{"floor":12.0,"key":"EssenceOfSteel"},{"floor":14.0,"key":"Explosive Potion"},{"floor":19.0,"key":"SneckoOil"},{"floor":20.0,"key":"DistilledChaos"},{"floor":28.0,"key":"Explosive Potion"},{"floor":30,"key":"ElixirPotion"},{"floor":31,"key":"Fire Potion"}],"is_trial":false,"path_per_floor":["M","?","M","M","M","E","M","R","T","M","R","E","$","M","R","B",null,"M","M","M","?","$","R","M","R","T","R","E","?","M","M","R","B"],"character_chosen":"IRONCLAD","items_purchased":["Panacea","Body Slam"],"campfire_rested":2,"item_purchase_floors":[13,22],"current_hp_per_floor":[65,65,68,73,66,61,63,63,63,70,70,49,49,36,60,44,80,60,50,27,27,27,27,36,36,36,36,29,29,28,16,40,0,0],"gold":301,"neow_bonus":"ONE_RARE_RELIC","is_daily":false,"chose_seed":false,"campfire_upgraded":5,"win_rate":0.0,"timestamp":1612828226,"path_taken":["M","?","M","M","M","E","M","R","T","M","R","E","$","?","R","BOSS","M","M","M","?","$","R","?","R","T","R","E","?","?","M","R","BOSS"],"items_purchased_type":["Card","Card"],"build_version":"2020-12-22","purchased_purges":2,"victory":false,"max_hp_per_floor":[80,80,80,80,80,80,80,80,80,80,80,80,80,80,80,80,80,80,80,80,80,80,80,80,80,80,80,80,80,80,80,80,80,80],"card_choices":[{"not_picked":["Clash","Thunderclap","Pommel Strike"],"picked":"SKIP","floor":1.0},{"not_picked":["Iron Wave","Warcry"],"picked":"Flex","floor":3.0},{"not_picked":["Metallicize","Dropkick"],"picked":"Heavy Blade","floor":4.0},{"not_picked":["Heavy Blade","Anger"],"picked":"Seeing Red","floor":5.0},{"not_picked":["Carnage","Fire Breathing"],"picked":"Evolve","floor":6.0},{"not_picked":["Clothesline","Whirlwind"],"picked":"Disarm","floor":7.0},{"not_picked":["Body Slam","Rampage"],"picked":"Warcry","floor":10.0},{"not_picked":["Shrug It Off","Uppercut"],"picked":"Sword Boomerang","floor":12.0},{"not_picked":["Bloodletting","Feel No Pain","Warcry"],"picked":"SKIP","floor":14.0},{"not_picked":["Feel No Pain","Wild Strike"],"picked":"Barricade","floor":15.0},{"not_picked":["Barricade","Bludgeon"],"picked":"Demon Form","floor":16.0},{"not_picked":["Thunderclap","Ghostly Armor"],"picked":"Armaments+1","floor":18.0},{"not_picked":["Uppercut","True Grit+1"],"picked":"Heavy Blade+1","floor":19.0},{"not_picked":["Sever Soul","Burning Pact","Whirlwind"],"picked":"SKIP","floor":20.0},{"not_picked":["Heavy Blade","Twin Strike","Reckless Charge"],"picked":"SKIP","floor":24.0},{"not_picked":["Infernal Blade+1","Rampage"],"picked":"Inflame","floor":28.0},{"not_picked":["Reaper","Clash"],"picked":"Shrug It Off+1","floor":30},{"not_picked":["Twin Strike","Dual Wield+1","Heavy Blade+1"],"picked":"SKIP","floor":31}],"player_experience":423340,"relics_obtained":[{"floor":6.0,"key":"Dream Catcher"},{"floor":9.0,"key":"White Beast Statue"},{"floor":12.0,"key":"Sundial"},{"floor":26.0,"key":"Toxic Egg 2"},{"floor":28.0,"key":"Red Skull"},{"floor":28.0,"key":"Oddly Smooth Stone"}],"event_choices":[{"cards_removed":["Strike_R"],"damage_healed":0.0,"max_hp_gain":0.0,"max_hp_loss":0.0,"gold_gain":0.0,"event_name":"Wheel of Change","player_choice":"Card Removal","floor":2.0,"gold_loss":0.0,"damage_taken":0.0},{"damage_healed":0.0,"max_hp_gain":0.0,"max_hp_loss":0.0,"gold_gain":0.0,"cards_transformed":["Strike_R"],"event_name":"Transmorgrifier","player_choice":"Transformed","floor":21.0,"gold_loss":0.0,"damage_taken":0.0,"cards_obtained":["Impervious"]},{"damage_healed":0.0,"max_hp_gain":0.0,"max_hp_loss":0.0,"gold_gain":100.0,"event_name":"Golden Shrine","player_choice":"Pray","floor":29.0,"gold_loss":0.0,"damage_taken":0.0}],"is_beta":false,"boss_relics":[{"not_picked":["Fusion Hammer","Cursed Key"],"picked":"Black Star"}],"items_purged_floors":[13,22],"is_endless":false,"potions_floor_spawned":[3,4,6,7,10,12,14,16,18,19,20,24,28,30,31],"killed_by":"Collector","ascension_level":1}}