{"host":"Snek","time":1612799653,"event":{"mods":["AchievementEnabler","BaseMod","Block Reminder","Highlight Path","Minty Spire (QoL Compilation)","Relic Stats","StSLib"],"gold_per_floor":[116,126,139,139,124,124,124],"floor_reached":6,"language":"ENG","playtime":250,"items_purged":[],"score":63,"play_id":"7cd17fbb-f8a6-47aa-8e54-3a0250749f24","local_time":"20210208165413","is_ascension_mode":true,"campfire_choices":[],"circlet_count":0,"master_deck":["AscendersBane","Zap","Dualcast","Loop","Chaos","Cold Snap","Leap","Core Surge","Go for the Eyes","Lockon","Reinforced Body","Compile Driver","Coolheaded","Turbo","Defragment"],"relics":["Pandora\u0027s Box","Pantograph"],"acts_visited":["Exordium"],"potions_floor_usage":[6],"damage_taken":[{"damage":3,"enemies":"Small Slimes","floor":1,"turns":4},{"damage":0,"enemies":"Cultist","floor":2,"turns":3},{"damage":2,"enemies":"2 Louse","floor":3,"turns":3},{"damage":20,"enemies":"Exordium Thugs","floor":5,"turns":4},{"damage":12,"enemies":"3 Sentries","floor":6,"turns":2}],"seed_played":"-6819446163466631653","potions_obtained":[{"floor":5,"key":"DistilledChaos"}],"is_trial":false,"path_per_floor":["M","M","M","?","M","E"],"character_chosen":"DEFECT","items_purchased":[],"campfire_rested":0,"item_purchase_floors":[],"current_hp_per_floor":[65,65,63,30,10,0,0],"gold":124,"neow_bonus":"BOSS_RELIC","is_daily":false,"chose_seed":false,"campfire_upgraded":0,"win_rate":0.0,"timestamp":1612799653,"path_taken":["M","M","M","?","M","E"],"items_purchased_type":[],"build_version":"2020-12-18","purchased_purges":0,"victory":false,"max_hp_per_floor":[75,75,75,75,75,75,75],"relic_stats":{"counters":[5,15],"Pantograph":0,"Pandora\u0027s Box":["Loop","Chaos","Cold Snap","Leap","Core Surge","Go for the Eyes","Lockon","Reinforced Body"],"obtain_stats":[{"Pantograph":4,"Pandora\u0027s Box":0,"Cracked Core":0},{"Pantograph":3,"Pandora\u0027s Box":0,"Cracked Core":0},{"Pantograph":9,"Pandora\u0027s Box":0,"Cracked Core":0}]},"card_choices":[{"not_picked":["Go for the Eyes","Cold Snap"],"picked":"Compile Driver","floor":1},{"not_picked":["Rebound","Chaos"],"picked":"Coolheaded","floor":2},{"not_picked":["Compile Driver","Leap"],"picked":"Turbo","floor":3},{"not_picked":["Rebound","Buffer"],"picked":"Defragment","floor":5}],"player_experience":505219,"relics_obtained":[],"event_choices":[{"damage_healed":0,"gold_gain":0,"player_choice":"Success","damage_taken":33,"relics_obtained":["Pantograph"],"max_hp_gain":0,"max_hp_loss":0,"event_name":"Scrap Ooze","floor":4,"gold_loss":0}],"is_beta":true,"boss_relics":[],"items_purged_floors":[],"is_endless":false,"potions_floor_spawned":[5],"killed_by":"3 Sentries","ascension_level":13}}