{"host":"f6w7z8zvb0mi4wy9","time":1612808932,"event":{"mods":["BaseMod","Colored Map","Minty Spire (QoL Compilation)","READ ME - Guardian Mod","StSLib","SuperFastMode","The Jungle"],"gold_per_floor":[118,293,293,306,29,63,82,111,162,187,203,214,214,214,214,342,342,357,282,307,326,344,344,383,402,455,476,476,476],"floor_reached":28,"language":"KOR","playtime":640,"items_purged":["Doubt"],"score":301,"play_id":"cd771eb5-1dbc-4ee2-a6db-7668f15ed4fe","local_time":"20210209032852","is_ascension_mode":true,"campfire_choices":[{"data":"Fission","floor":13.0,"key":"SMITH"},{"data":"Zap","floor":15.0,"key":"SMITH"},{"data":"Fission","floor":23.0,"key":"SMITH"}],"circlet_count":0,"master_deck":["Strike_B","Strike_B","Strike_B","Defend_B","Defend_B","Defend_B","Defend_B","Zap+1","Dualcast","Ball Lightning","Beam Cell","Sweeping Beam","Self Repair","Sunder","Fission+1","Fission+1","Hello World","Gash","Steam"],"relics":["Cracked Core","NeowsBlessing","ClockworkSouvenir","Symbiotic Virus","MealTicket","Bronze Scales","Emotion Chip","Golden Idol","SlaversCollar","Akabeko","Strawberry"],"acts_visited":["Exordium","TheCity"],"potions_floor_usage":[28],"damage_taken":[{"damage":0.0,"enemies":"Jaw Worm","floor":1.0,"turns":1.0},{"damage":0.0,"enemies":"Small Slimes","floor":4.0,"turns":1.0},{"damage":0.0,"enemies":"3 Sentries","floor":6.0,"turns":1.0},{"damage":2.0,"enemies":"2 Louse","floor":7.0,"turns":2.0},{"damage":10.0,"enemies":"Gremlin Nob","floor":8.0,"turns":3.0},{"damage":21.0,"enemies":"3 Sentries","floor":10.0,"turns":4.0},{"damage":7.0,"enemies":"Blue Slaver","floor":11.0,"turns":3.0},{"damage":1.0,"enemies":"Exordium Wildlife","floor":12.0,"turns":3.0},{"damage":19.0,"enemies":"The Guardian","floor":16.0,"turns":7.0},{"damage":0.0,"enemies":"Spheric Guardian","floor":18.0,"turns":3.0},{"damage":15.0,"enemies":"2 Thieves","floor":20.0,"turns":3.0},{"damage":20.0,"enemies":"Cultist and Chosen","floor":21.0,"turns":5.0},{"damage":18.0,"enemies":"Centurion and Healer","floor":22.0,"turns":7.0},{"damage":32.0,"enemies":"Slavers","floor":24.0,"turns":4.0},{"damage":14.0,"enemies":"Snake Plant","floor":25.0,"turns":1.0},{"damage":6.0,"enemies":"3 Cultists","floor":27.0,"turns":4.0},{"damage":21,"enemies":"Centurion and Healer","floor":28,"turns":4}],"seed_played":"-8355704134438126799","potions_obtained":[{"floor":4.0,"key":"ColorlessPotion"},{"floor":8.0,"key":"Explosive Potion"},{"floor":11.0,"key":"PowerPotion"},{"floor":21.0,"key":"SmokeBomb"},{"floor":25.0,"key":"BlessingOfTheForge"}],"is_trial":false,"path_per_floor":["M","?","?","M","$","E","M","E","T","E","M","M","R","?","R","B",null,"M","?","M","M","M","R","E","M","T","M","M"],"character_chosen":"DEFECT","items_purchased":["ClockworkSouvenir","Beam Cell"],"campfire_rested":0,"item_purchase_floors":[5,5],"current_hp_per_floor":[75,75,80,80,80,80,78,68,68,54,54,60,60,40,40,28,80,80,80,72,59,48,48,23,9,16,17,0,0],"gold":476,"neow_bonus":"THREE_ENEMY_KILL","is_daily":false,"chose_seed":false,"campfire_upgraded":3,"win_rate":0.0,"timestamp":1612808932,"path_taken":["M","?","?","M","$","E","M","E","T","E","M","M","R","?","R","BOSS","M","?","M","M","M","R","E","M","T","M","M"],"items_purchased_type":["Relic","Card"],"build_version":"2020-12-22","purchased_purges":1,"victory":false,"max_hp_per_floor":[75,75,80,80,80,80,80,80,80,80,80,80,80,80,80,80,80,80,80,80,80,80,80,80,80,87,87,87,87],"card_choices":[{"not_picked":["Go for the Eyes","Sweeping Beam"],"picked":"Ball Lightning","floor":1.0},{"not_picked":["Ball Lightning","Stack","Force Field"],"picked":"SKIP","floor":4.0},{"not_picked":["Blizzard","Chaos"],"picked":"Sweeping Beam","floor":6.0},{"not_picked":["Redo","Lockon"],"picked":"Self Repair","floor":7.0},{"not_picked":["Hologram","Ball Lightning","Coolheaded"],"picked":"SKIP","floor":8.0},{"not_picked":["Streamline","Reprogram"],"picked":"Sunder","floor":10.0},{"not_picked":["Tempest","Rebound"],"picked":"Fission","floor":11.0},{"not_picked":["Beam Cell","Steam Power","Double Energy"],"picked":"SKIP","floor":12.0},{"not_picked":["Buffer","Thunder Strike"],"picked":"Fission","floor":16.0},{"not_picked":["Barrage+1","Consume"],"picked":"Hello World","floor":18.0},{"not_picked":["Leap","Reprogram"],"picked":"Gash","floor":20.0},{"not_picked":["Leap","Recycle","Beam Cell"],"picked":"SKIP","floor":21.0},{"not_picked":["Go for the Eyes","Rebound"],"picked":"Steam","floor":22.0},{"not_picked":["Reinforced Body","Conserve Battery","Meteor Strike"],"picked":"SKIP","floor":24.0},{"not_picked":["Ball Lightning","Redo","Reinforced Body+1"],"picked":"SKIP","floor":25.0},{"not_picked":["Stack","Hologram","Reinforced Body"],"picked":"SKIP","floor":27.0}],"player_experience":918038,"relics_obtained":[{"floor":6.0,"key":"Symbiotic Virus"},{"floor":8.0,"key":"MealTicket"},{"floor":9.0,"key":"Bronze Scales"},{"floor":10.0,"key":"Emotion Chip"},{"floor":24.0,"key":"Akabeko"},{"floor":26.0,"key":"Strawberry"}],"event_choices":[{"damage_healed":0.0,"max_hp_gain":0.0,"max_hp_loss":0.0,"gold_gain":175.0,"event_name":"Liars Game","player_choice":"AGREE","floor":2.0,"gold_loss":0.0,"damage_taken":0.0,"cards_obtained":["Doubt"]},{"damage_healed":0.0,"max_hp_gain":5.0,"max_hp_loss":0.0,"gold_gain":0.0,"event_name":"Big Fish","player_choice":"Donut","floor":3.0,"gold_loss":0.0,"damage_taken":0.0},{"damage_healed":0.0,"max_hp_gain":0.0,"max_hp_loss":0.0,"gold_gain":0.0,"event_name":"Golden Idol","player_choice":"Take Damage","floor":14.0,"gold_loss":0.0,"damage_taken":20.0,"relics_obtained":["Golden Idol"]},{"cards_removed":["Strike_B"],"damage_healed":0.0,"max_hp_gain":0.0,"max_hp_loss":0.0,"gold_gain":0.0,"event_name":"Beggar","player_choice":"Gave Gold","floor":19.0,"gold_loss":75.0,"damage_taken":0.0}],"is_beta":false,"boss_relics":[{"not_picked":["Ectoplasm","Fusion Hammer"],"picked":"SlaversCollar"}],"items_purged_floors":[5],"is_endless":false,"potions_floor_spawned":[4,8,11,21,25],"killed_by":"Centurion and Healer","ascension_level":1}}