{"host":"dfpl7xml5jko8we2","time":1612803221,"event":{"mods":["2.2 Compatiblity","Act Like it!","Astrologer","Bard","BaseMod","Beaked The Cultist","Bestiary","Better Note","Better Third Choice","Challenge The Spire","Colored Map","Colored Powertips","Conspire","Curses Come First","Downfall","Duelist Mod","Elementarium","Energized Spire","Gensokyo","GifTheSpireLib","Gremlin Mod","Hallownest","Hermit","Hubris","Infinite Spire","Jorbs\u0027s Wanderer Trilogy","Mad Scientist","Marisa????????","Menagerie","Minty Spire (QoL Compilation)","Monster B Gone","Pale of the Ancients","Quick Restart","Rare Cards Sparkle","Reliquary","Remilia??????","Replay The Spire","Robot Space Explorer","Shade Mod","Shop Mod","Somnambulant","Spire Arcade","StSLib","The Bladedancer","The Bug Knight","The Construct","The Disciple","The Dragon Tamer","The Elementalist","The Forsaken","The Gatherer","The Hayseed","The Hierophant","The Marked","The Mystic","The Necromancer","The Poker Player","The Runesmith","The Saiyan","The Servant 0.9.4","The Wild Card","TheBandit","Wandering Minibosses","everything is the same but u backflip on backflip","slay the spire mod where everything is the same but ironclad has a cowboy hat"],"gold_per_floor":[118,310,328,293,308,308,318,352,352,106,118,118,129,141,141,141,141],"floor_reached":16,"language":"ENG","playtime":1266,"items_purged":[],"score":104,"play_id":"aee9eece-2c4d-43f9-9caa-4c6b7ff69110","local_time":"20210208105341","is_ascension_mode":false,"campfire_choices":[{"floor":6,"key":"RECALL"},{"floor":15,"key":"REST"}],"circlet_count":0,"master_deck":["Strike_S","Strike_S","Strike_S","Strike_S","Defend_S","Defend_S","Defend_S","Defend_S","KidneyShot","Exchange","Starlight","MoonPhase","Alleviate","Sunlight","GearUp","Dilation","Defy","BestPractice","Spin","Potential","Replace","BottledTime","theForsaken:PlagueCurse","BestPractice","BestPractice"],"relics":["Uniform","conspire:Flyswatter","theForsaken:PlagueMask"],"acts_visited":["Exordium"],"potions_floor_usage":[16,16,16],"damage_taken":[{"damage":2,"enemies":"2 Louse","floor":1,"turns":3},{"damage":4,"enemies":"Small Slimes","floor":3,"turns":4},{"damage":1,"enemies":"Jaw Worm","floor":5,"turns":4},{"damage":6,"enemies":"Blue Slaver","floor":7,"turns":4},{"damage":23,"enemies":"Gremlin Nob","floor":8,"turns":5},{"damage":0,"enemies":"2 Fungi Beasts","floor":11,"turns":3},{"damage":9,"enemies":"3 Louse","floor":13,"turns":2},{"damage":9,"enemies":"Large Slime","floor":14,"turns":5},{"damage":27,"enemies":"The Guardian","floor":16,"turns":9}],"seed_played":"-8338506461369697545","potions_obtained":[{"floor":1,"key":"GamblersBrew"},{"floor":5,"key":"LifebloodPotion"},{"floor":7,"key":"Block Potion"},{"floor":13,"key":"Weak Potion"}],"is_trial":false,"path_per_floor":["M","?","M","?","M","R","M","E","T","$","M","?","M","M","R","B"],"character_chosen":"THE_SERVANT","items_purchased":["Defy","BestPractice","Spin","Potential","Replace"],"campfire_rested":1,"item_purchase_floors":[10,10,10,10,10],"current_hp_per_floor":[69,41,37,54,53,53,47,24,24,24,24,24,15,6,27,0,0],"gold":141,"neow_bonus":"TEN_PERCENT_HP_BONUS","is_daily":false,"chose_seed":false,"campfire_upgraded":0,"win_rate":0.0,"timestamp":1612803221,"path_taken":["M","?","M","?","M","R","M","E","T","?","M","?","M","M","R","BOSS"],"items_purchased_type":["Card","Card","Card","Card","Card"],"build_version":"2020-12-22","purchased_purges":0,"victory":false,"max_hp_per_floor":[71,71,71,71,71,71,71,71,71,71,71,71,71,71,71,71,71],"card_choices":[{"not_picked":["Rewind","BottledTime"],"picked":"Starlight","floor":1},{"not_picked":["ShatteredReality","Rewind"],"picked":"MoonPhase","floor":2},{"not_picked":["Collapse","DualDimension"],"picked":"Alleviate","floor":3},{"not_picked":["InstantArmor","Contraction"],"picked":"Sunlight","floor":5},{"not_picked":["Alleviate","Moonlight"],"picked":"GearUp","floor":7},{"not_picked":["Replace","Luminosity"],"picked":"Dilation","floor":8},{"not_picked":["Spin","Shuttle"],"picked":"BottledTime","floor":11},{"not_picked":["Foresight","Collapse"],"picked":"BestPractice","floor":13},{"not_picked":["Rearm","Defy"],"picked":"BestPractice","floor":14}],"player_experience":346526,"relics_obtained":[{"floor":8,"key":"conspire:Flyswatter"}],"event_choices":[{"damage_healed":17,"gold_gain":0,"player_choice":"Healed","damage_taken":0,"max_hp_gain":0,"max_hp_loss":0,"event_name":"The Cleric","floor":4,"gold_loss":35},{"damage_healed":0,"gold_gain":0,"player_choice":"Obtain Plague Curse","damage_taken":0,"max_hp_gain":0,"max_hp_loss":0,"event_name":"Plague Doctor","floor":12,"gold_loss":0,"cards_obtained":["theForsaken:PlagueCurse"]}],"is_beta":false,"boss_relics":[],"items_purged_floors":[],"is_endless":false,"potions_floor_spawned":[1,5,7,13],"killed_by":"The Guardian","ascension_level":0}}