{"host":"2qv44oxt58ptq59r","time":1612814947,"event":{"mods":["AchievementEnabler","BaseMod","Colored Powertips","Highlight Path","Minty Spire (QoL Compilation)","Permanent Neow","StSLib"],"gold_per_floor":[118,137,212,13,13,13,52,52,75,75,75,75],"floor_reached":11,"language":"ENG","playtime":727,"items_purged":[],"score":93,"play_id":"3e77f3ff-6902-41a4-ba70-70cdda32dd5b","local_time":"20210208200907","is_ascension_mode":true,"campfire_choices":[{"floor":6.0,"key":"REST"},{"floor":10,"key":"REST"}],"circlet_count":0,"master_deck":["Strike_R","Strike_R","Strike_R","Strike_R","Strike_R","Defend_R","Defend_R","Defend_R","Defend_R","Bash","Feed","Inflame","Metallicize"],"relics":["Burning Blood","Bronze Scales","Golden Idol","Darkstone Periapt","Frozen Egg 2","Juzu Bracelet"],"acts_visited":["Exordium"],"potions_floor_usage":[11],"damage_taken":[{"damage":3.0,"enemies":"2 Louse","floor":1.0,"turns":2.0},{"damage":4.0,"enemies":"Jaw Worm","floor":2.0,"turns":4.0},{"damage":50.0,"enemies":"3 Sentries","floor":7.0,"turns":10.0},{"damage":66,"enemies":"Lagavulin","floor":11,"turns":10}],"seed_played":"-6045639062371129263","potions_obtained":[{"floor":7.0,"key":"ColorlessPotion"}],"is_trial":false,"path_per_floor":["M","M","?","$","?","R","E","?","T","R","E"],"character_chosen":"IRONCLAD","items_purchased":["Bronze Scales","BloodPotion"],"campfire_rested":2,"item_purchase_floors":[4,4],"current_hp_per_floor":[78,83,72,72,51,76,35,35,35,61,0,0],"gold":75,"neow_bonus":"ONE_RANDOM_RARE_CARD","is_daily":false,"chose_seed":false,"campfire_upgraded":0,"win_rate":0.0,"timestamp":1612814947,"path_taken":["M","M","?","$","?","R","E","?","T","R","E"],"items_purchased_type":["Relic","Potion"],"build_version":"2020-12-22","purchased_purges":0,"victory":false,"max_hp_per_floor":[83,86,86,86,86,86,89,89,89,89,89,89],"card_choices":[{"not_picked":["Perfected Strike","Dual Wield","Anger"],"picked":"SKIP","floor":1.0},{"not_picked":["Dropkick","Clothesline"],"picked":"Inflame","floor":2.0},{"not_picked":["Impervious","Wild Strike"],"picked":"Metallicize","floor":7.0}],"player_experience":5639306,"relics_obtained":[{"floor":7.0,"key":"Darkstone Periapt"},{"floor":9,"key":"Juzu Bracelet"}],"event_choices":[{"damage_healed":0.0,"max_hp_gain":0.0,"max_hp_loss":0.0,"gold_gain":75.0,"event_name":"World of Goop","player_choice":"Gather Gold","floor":3.0,"gold_loss":0.0,"damage_taken":11.0},{"damage_healed":0.0,"max_hp_gain":0.0,"max_hp_loss":0.0,"gold_gain":0.0,"event_name":"Golden Idol","player_choice":"Take Damage","floor":5.0,"gold_loss":0.0,"damage_taken":21.0,"relics_obtained":["Golden Idol"]},{"damage_healed":0,"gold_gain":0,"player_choice":"Searched \u00272\u0027 times","damage_taken":0,"relics_obtained":["Frozen Egg 2"],"max_hp_gain":0,"max_hp_loss":0,"event_name":"Dead Adventurer","floor":8,"gold_loss":0}],"is_beta":false,"boss_relics":[],"items_purged_floors":[],"is_endless":false,"potions_floor_spawned":[7],"killed_by":"Lagavulin","ascension_level":7}}