{"host":"b68zjtx2wn01pixa","time":1612756055,"event":{"mods":["BaseMod","Colored Map","Infinite Spire","Minty Spire (QoL Compilation)","Relic Stats","StSLib","SuperFastMode"],"gold_per_floor":[110,127,145,145,169,198,198,210,210,210,135,148,167,196,196,296,296,309,324,324,344,362,393,413,413,413,21,31,45,45,45,45],"floor_reached":31,"language":"ENG","playtime":1238,"items_purged":["Strike_G"],"score":363,"play_id":"2f3f247f-7744-46ac-9705-9fea25d116db","local_time":"20210207224735","is_ascension_mode":true,"campfire_choices":[{"data":"Bouncing Flask","floor":7.0,"key":"SMITH"},{"data":"Endless Agony","floor":10.0,"key":"SMITH"},{"data":"Bouncing Flask","floor":15,"key":"SMITH"},{"data":"infinitespire:Collect","floor":25,"key":"SMITH"}],"circlet_count":0,"master_deck":["Strike_G+1","Strike_G","Defend_G","Defend_G","Defend_G","Defend_G","Defend_G","Survivor","Neutralize","Endless Agony+1","Deadly Poison+1","Dagger Throw","Bouncing Flask+1","PiercingWail","Bane","Acrobatics","Bouncing Flask+1","infinitespire:Neurotoxin","Dodge and Roll","Poisoned Stab+1","Clumsy","Writhe","infinitespire:Collect+1","Backflip","Catalyst","Malaise","Deadly Poison"],"relics":["SlaversCollar","Tiny Chest","Toy Ornithopter","Meat on the Bone","Strawberry","Empty Cage","Happy Flower","Gremlin Horn","Vajra","Ornamental Fan"],"acts_visited":["Exordium","TheCity"],"potions_floor_usage":[14,23,28,31],"damage_taken":[{"damage":0.0,"enemies":"2 Louse","floor":1.0,"turns":4.0},{"damage":0.0,"enemies":"Jaw Worm","floor":2.0,"turns":5.0},{"damage":0.0,"enemies":"Small Slimes","floor":3.0,"turns":3.0},{"damage":13.0,"enemies":"3 Sentries","floor":6.0,"turns":8.0},{"damage":0.0,"enemies":"2 Fungi Beasts","floor":8.0,"turns":3.0},{"damage":6.0,"enemies":"Large Slime","floor":12.0,"turns":5.0},{"damage":11.0,"enemies":"Exordium Wildlife","floor":13.0,"turns":4.0},{"damage":0,"enemies":"Lagavulin","floor":14,"turns":3},{"damage":0,"enemies":"Slime Boss","floor":16,"turns":5},{"damage":0,"enemies":"Chosen","floor":18,"turns":4},{"damage":15,"enemies":"Spheric Guardian","floor":19,"turns":4},{"damage":0,"enemies":"Snake Plant","floor":21,"turns":4},{"damage":4,"enemies":"Centurion and Healer","floor":22,"turns":8},{"damage":47,"enemies":"Gremlin Leader","floor":23,"turns":7},{"damage":10,"enemies":"Snecko","floor":24,"turns":3},{"damage":17,"enemies":"Sentry and Sphere","floor":28,"turns":5},{"damage":12,"enemies":"Centurion and Healer","floor":29,"turns":6},{"damage":21,"enemies":"3 Cultists","floor":31,"turns":3}],"seed_played":"321253800858309216","potions_obtained":[{"floor":2.0,"key":"Poison Potion"},{"floor":6.0,"key":"Poison Potion"},{"floor":16,"key":"LiquidBronze"},{"floor":22,"key":"AttackPotion"},{"floor":24,"key":"SneckoOil"},{"floor":29,"key":"ColorlessPotion"}],"is_trial":false,"path_per_floor":["M","M","M","?","T","E","R","M","T","R","$","M","M","E","R","B",null,"M","M","?","M","M","E","M","R","T","$","M","M","?","M"],"character_chosen":"THE_SILENT","items_purchased":["Vajra","Ornamental Fan"],"campfire_rested":0,"item_purchase_floors":[27,27],"current_hp_per_floor":[70,70,70,56,56,43,43,43,43,43,43,42,43,55,55,55,77,77,62,62,62,58,28,30,30,30,30,30,30,16,0,0],"gold":45,"neow_bonus":"BOSS_RELIC","is_daily":false,"chose_seed":false,"campfire_upgraded":4,"win_rate":0.0,"timestamp":1612756055,"path_taken":["M","M","M","?","?","E","R","M","T","R","$","M","M","E","R","BOSS","M","M","?","M","M","E","M","R","T","$","M","M","?","M"],"items_purchased_type":["Relic","Relic"],"build_version":"2020-12-22","purchased_purges":1,"victory":false,"max_hp_per_floor":[70,70,70,70,70,70,70,70,70,70,70,70,70,77,77,77,77,77,77,77,77,77,77,77,77,77,77,77,77,82,82,82],"relic_stats":{"Happy Flower":[5],"Gremlin Horn":[2,2],"counters":[18,84],"Ornamental Fan":[0],"Tiny Chest":0,"obtain_stats":[{"SlaversCollar":0,"Happy Flower":23,"Gremlin Horn":26,"Ornamental Fan":27,"Strawberry":14,"Vajra":27,"Tiny Chest":5,"Empty Cage":17,"Toy Ornithopter":6,"Ring of the Snake":0,"Meat on the Bone":9},{"SlaversCollar":0,"Happy Flower":14,"Gremlin Horn":15,"Ornamental Fan":15,"Strawberry":8,"Vajra":15,"Tiny Chest":3,"Empty Cage":9,"Toy Ornithopter":4,"Ring of the Snake":0,"Meat on the Bone":5},{"SlaversCollar":0,"Happy Flower":67,"Gremlin Horn":70,"Ornamental Fan":70,"Strawberry":35,"Vajra":70,"Tiny Chest":12,"Empty Cage":40,"Toy Ornithopter":20,"Ring of the Snake":0,"Meat on the Bone":23}],"Toy Ornithopter":25,"Meat on the Bone":60},"card_choices":[{"not_picked":["Deflect","Accuracy"],"picked":"Endless Agony","floor":1.0},{"not_picked":["Deflect","Leg Sweep"],"picked":"Deadly Poison","floor":2.0},{"not_picked":["Underhanded Strike","Acrobatics"],"picked":"Dagger Throw","floor":3.0},{"not_picked":["Deadly Poison","Leg Sweep"],"picked":"Bouncing Flask","floor":6.0},{"not_picked":["Expertise","Bane"],"picked":"PiercingWail","floor":8.0},{"not_picked":["Calculated Gamble","Expertise"],"picked":"Bane","floor":12.0},{"not_picked":["Prepared","Finisher","Acrobatics"],"picked":"SKIP","floor":13.0},{"not_picked":["Prepared","Finisher"],"picked":"Acrobatics","floor":13.0},{"not_picked":["Terror","Unload"],"picked":"Bouncing Flask","floor":14},{"not_picked":["Tools of the Trade","Venomology"],"picked":"infinitespire:Neurotoxin","floor":16},{"not_picked":["Poisoned Stab+1","Deflect"],"picked":"Dodge and Roll","floor":18},{"not_picked":["Skewer+1","Bane"],"picked":"Poisoned Stab+1","floor":19},{"not_picked":["infinitespire:Gouge","infinitespire:DeathsTouch"],"picked":"infinitespire:Collect","floor":20},{"not_picked":["Quick Slash+1","Sucker Punch"],"picked":"Backflip","floor":21},{"not_picked":["All Out Attack","Infinite Blades+1","Bane+1"],"picked":"SKIP","floor":22},{"not_picked":["Caltrops","Dagger Throw"],"picked":"Catalyst","floor":23},{"not_picked":["Flying Knee","Deflect+1"],"picked":"Malaise","floor":24},{"not_picked":["Dagger Spray","Cloak And Dagger"],"picked":"Deadly Poison","floor":28},{"not_picked":["Quick Slash","Dodge and Roll","Deflect"],"picked":"SKIP","floor":29}],"player_experience":799615,"relics_obtained":[{"floor":5.0,"key":"Tiny Chest"},{"floor":6.0,"key":"Toy Ornithopter"},{"floor":9.0,"key":"Meat on the Bone"},{"floor":14,"key":"Strawberry"},{"floor":23,"key":"Happy Flower"},{"floor":26,"key":"Gremlin Horn"}],"event_choices":[{"damage_healed":0.0,"max_hp_gain":0.0,"max_hp_loss":0.0,"gold_gain":0.0,"event_name":"Shining Light","player_choice":"Entered Light","floor":4.0,"gold_loss":0.0,"damage_taken":14.0,"cards_upgraded":["Strike_G","Deadly Poison"]},{"damage_healed":0,"gold_gain":0,"player_choice":"Shed Blood","damage_taken":19,"max_hp_gain":5,"max_hp_loss":0,"event_name":"Forgotten Altar","floor":30,"gold_loss":0}],"is_beta":false,"boss_relics":[{"not_picked":["Fusion Hammer","Busted Crown"],"picked":"Empty Cage"}],"items_purged_floors":[11],"is_endless":false,"potions_floor_spawned":[2,6,16,22,24,29],"killed_by":"3 Cultists","ascension_level":1}}