{"host":"sgot3i7m08vsvri4","time":1612742734,"event":{"mods":["AchievementEnabler","BaseMod","BetterRewards","Clockwork Mod","Colorless Booster Pack","Custom Start","DNKmod","Downfall","Duelist Mod","Friendly Minions","GifTheSpireLib","Gremlin Skip","Grow up Mod","Hubris","Infinite Spire","Mimic Mod","Minty Spire (QoL Compilation)","Relic Sorter","Remove Card Discount Mod","Replay The Spire","Shop Mod","StSLib","The Alterego","The Animator","The Construct","The Runesmith","The Saiyan","The Servant 0.9.4","The Vixen","Treasure Hunter"],"gold_per_floor":[10015,8998,9013,7795,7775,7810,7810,7810,7060,7060,7083,7083,7109,7135,7135,7135,7135,7256,7256,7283,7315,7342,6245,6271,6298,6398,6423,6423,6455,6487,6487,6019,6047,6047,6147,6147,6170,6201,5472,5606,5638,5638,5668,5714,5763,5809,5849,5333,5400,5419,5419,5477,5477,5477,4252,4314,4360],"floor_reached":58,"language":"ENG","playtime":3617,"items_purged":["theDuelist:Carboneddon"],"score":2118,"play_id":"d0ed191f-e240-49f7-a644-330759bfa8da","local_time":"20210207180534","is_ascension_mode":true,"campfire_choices":[{"floor":10,"key":"RECALL"},{"data":"infinitespire:Starlight","floor":15,"key":"SMITH"},{"data":"theDuelist:GaiaDragonChamp","floor":17,"key":"SMITH"},{"data":"theDuelist:DragonMirror","floor":31,"key":"SMITH"},{"data":"Magnetism","floor":34,"key":"SMITH"},{"data":"theDuelist:Vandalgyon","floor":42,"key":"SMITH"},{"data":"theDuelist:YamiForm","floor":51,"key":"SMITH"},{"data":"theDuelist:DragonMastery","floor":54,"key":"SMITH"}],"circlet_count":0,"master_deck":["theDuelist:SnowdustDragon+1","Magnetism+1","theDuelist:GenesisDragon+1","theDuelist:GenesisDragon+1","theDuelist:Mountain","TH:EnergyPotion+1","theDuelist:QueenDragunDjinn+1","theDuelist:TyrantWing+1","theDuelist:BurstBreath+1","theDuelist:BeserkDragon+1","theDuelist:GenesisDragon+1","theDuelist:DragonMastery+1","theDuelist:AncientGearGadjiltron+1","theDuelist:DragonZombie+1","theDuelist:Wiseman+1","theDuelist:GenesisDragon+1","theDuelist:LavaDragon+1","theDuelist:GenesisDragon+1","theDuelist:TyrantWing+1","theDuelist:GenesisDragon+1","theDuelist:GuardragonJusticia+1","theDuelist:Kabazauls+1","Mayhem","theDuelist:GenesisDragon+1","hubris:Wrath","theDuelist:GenesisDragon+1","theDuelist:GaiaDragonChamp+1","theDuelist:CyberDragonSieger","theDuelist:PurplePainOni","theDuelist:BurstBreath+1","theDuelist:JamBreeding+1","theDuelist:Kabazauls+1","infinitespire:FutureSight","theDuelist:AtomicScrapDragon+1","theDuelist:MythicWaterDragon+1","theDuelist:Vandalgyon","theDuelist:MirageDragon+1","theDuelist:BigFire+1","theDuelist:AncientGearGadjiltron+1","theDuelist:WhiteNightDragon+1","theDuelist:LavaDragon","theDuelist:CyberDragon+1","theDuelist:BlueEyes+1","theDuelist:VoidOgreDragon+1","theDuelist:InfernityDoomDragon+1","theDuelist:RedDragonArchfiend+1","theDuelist:FluteSummoning","theDuelist:WingedDragonRa","theDuelist:FiveHeaded+1","theDuelist:FiveHeaded+1","theDuelist:DragonShield+1","theDuelist:CyberDragonVier","theDuelist:PotGreed+1","theDuelist:ArmedDragon5+1","theDuelist:GenesisDragon+1","theDuelist:CurseDarkness","theDuelist:GenesisDragon+1","theDuelist:PotGreed+1","theDuelist:DragonMastery+1","theDuelist:DragonMirror","theDuelist:VoidOgreDragon+1","theDuelist:WhiteHowling+1","Mind Blast","theDuelist:SurvivalFittest","theDuelist:GenesisDragon+1","theDuelist:SliferSky","theDuelist:AxeDespair","theDuelist:WhiteHornDragon+1","theDuelist:Sparks","theDuelist:GenesisDragon+1","theDuelist:Lancephorhynchus+1","theDuelist:BoosterDragon","theDuelist:GenesisDragon+1","theDuelist:CastleWalls","theDuelist:GenesisDragon+1","theDuelist:WhiteNightDragon+1","theDuelist:AutorokketDragon+1","theDuelist:RainbowOverdragon+1","theDuelist:RainbowBridge","theDuelist:TrihornedDragon+1","theDuelist:Sparks","Flash of Steel+1","theDuelist:ArmedProtectorDragon","theDuelist:DragonTreasure","theDuelist:LordD","theDuelist:TwinHeadedBehemoth+1","theDuelist:GenesisDragon+1","theDuelist:Mountain+1","theDuelist:UltimateOffering+1","theDuelist:Vandalgyon+1","theDuelist:GenesisDragon+1","theDuelist:BlacklandFireDragon+1","theDuelist:CyberDragonCore","theDuelist:GenesisDragon+1","infinitespire:Starlight+1","theDuelist:MadFlameKaiju+1","theDuelist:GenesisDragon+1","theDuelist:RainbowOverdragon+1","theDuelist:Hydrogeddon+1","theDuelist:GenesisDragon+1","Master of Strategy+1","theDuelist:YamiForm+1","theDuelist:YellowBelliedOni+1","theDuelist:DragonMirror","theDuelist:InfernityDoomDragon+1","theDuelist:CastleWalls","theDuelist:TornadoDragon","theDuelist:GenesisDragon+1","theDuelist:MythicWaterDragon+1","theDuelist:GenesisDragon+1","Scrawl","theDuelist:LeviaDragon+1","alterego_mod:BigMeatyClaws","theDuelist:BabyDragon","theDuelist:DragonShield+3","theDuelist:DragonMirror+1","theDuelist:ArmedProtectorDragon+1","theDuelist:DarkstormDragon+1","theDuelist:GenesisDragon+1","theDuelist:GenesisDragon+1"],"relics":["theDuelist:MillenniumPuzzle","theDuelist:CardPoolRelic","theDuelist:CardPoolBasicRelic","theDuelist:BoosterPackPoolRelic","theDuelist:CardPoolAddRelic","theDuelist:CardPoolMinusRelic","theDuelist:CardPoolSaveRelic","theDuelist:CardPoolOptionsRelic","MerchantsRug","Bag of Preparation","theDuelist:DuelistUrn","BargainBundle","Paper Crane","theDuelist:BoosterPackTrapEgg","ReplayTheSpireMod:ShopPack","theDuelist:MillenniumArmor","PreservedInsect","Ice Cream","Chemical X","Lantern","hubris:BallOfYels","Molten Egg 2","theDuelist:MillenniumStone","hubris:EvacipatedBox","hubris:KleinBottle","hubris:IronBody","theDuelist:TributeEggRelic","Replay:Ringing Soul","Magic Flower","theDuelist:DuelistTeaSet","Replay:Bandana","ReplayTheSpireMod:SealedPack","hubris:64BitClover","Letter Opener","hubris:EmptyBottle","Blue Candle","Bag of Marbles","theDuelist:MillenniumCoin","theDuelist:Monsterbox","Omamori","hubris:TerracottaHorce","Ginger","hubris:BundleOfHerbs","Champion Belt","construct:BoolHorns","theDuelist:ZoneToken","Pantograph","hubris:SlimyHat","ReplayTheSpireMod:Ninjato","infinitespire:Bottled Soul","theDuelist:DragonRelicC","CaptainsWheel","theDuelist:BlessingAnubis","theDuelist:CardRewardRelicI"],"acts_visited":["Exordium","TheCity","TheBeyond","TheEnding"],"potions_floor_usage":[3,6,40,46,49,52,56],"damage_taken":[{"damage":0,"enemies":"Jaw Worm","floor":1,"turns":2},{"damage":0,"enemies":"Cultist","floor":3,"turns":2},{"damage":0,"enemies":"3 Sentries","floor":6,"turns":3},{"damage":0,"enemies":"Gremlin Nob","floor":13,"turns":2},{"damage":0,"enemies":"Small Slimes","floor":14,"turns":1},{"damage":0,"enemies":"Slime Boss","floor":18,"turns":3},{"damage":0,"enemies":"2 Thieves","floor":20,"turns":3},{"damage":0,"enemies":"Chosen","floor":21,"turns":2},{"damage":8,"enemies":"Sentry and Sphere","floor":22,"turns":4},{"damage":0,"enemies":"Snecko","floor":24,"turns":2},{"damage":0,"enemies":"Cultist and Chosen","floor":25,"turns":2},{"damage":0,"enemies":"Snake Plant","floor":27,"turns":1},{"damage":0,"enemies":"Snecko","floor":29,"turns":1},{"damage":0,"enemies":"Sentry and Sphere","floor":30,"turns":1},{"damage":0,"enemies":"Centurion and Healer","floor":33,"turns":2},{"damage":65,"enemies":"hubris:MusketHawk","floor":35,"turns":7},{"damage":0,"enemies":"Orb Walker","floor":37,"turns":1},{"damage":0,"enemies":"3 Darklings","floor":38,"turns":3},{"damage":0,"enemies":"3 Darklings","floor":40,"turns":4},{"damage":30,"enemies":"Sphere and 2 Shapes","floor":41,"turns":7},{"damage":122,"enemies":"4 Shapes","floor":43,"turns":3},{"damage":0,"enemies":"Jaw Worm Horde","floor":44,"turns":3},{"damage":25,"enemies":"Transient","floor":46,"turns":5},{"damage":0,"enemies":"R_Hoarder","floor":47,"turns":1},{"damage":0,"enemies":"Reptomancer","floor":49,"turns":4},{"damage":0,"enemies":"Sphere and 2 Shapes","floor":50,"turns":1},{"damage":0,"enemies":"Awakened One","floor":52,"turns":3},{"damage":0,"enemies":"Shield and Spear","floor":56,"turns":2},{"damage":0,"enemies":"The Heart","floor":57,"turns":4}],"seed_played":"-8237284690052857502","potions_obtained":[{"floor":3,"key":"theDuelist:StunPotion"},{"floor":5,"key":"theDuelist:LavaBottle"},{"floor":13,"key":"Languid Potion"},{"floor":20,"key":"Block Potion"},{"floor":27,"key":"theDuelist:SummonFuryPotion"},{"floor":29,"key":"SteroidPotion"},{"floor":35,"key":"Strength Potion"},{"floor":40,"key":"EntropicBrew"},{"floor":43,"key":"theDuelist:LavaBottle"},{"floor":46,"key":"theDuelist:DragonOrbPlusBottle"}],"is_trial":false,"path_per_floor":["M","$","M","$","?","E","PTL","PTL","$","R","T","$","E","M","R","?","R","B",null,"M","M","M","$","M","M","?","M","T","M","M","R","$","M","R","B",null,"M","M","$","?","M","R","M","M","T","M","E","$","E","M","R","B",null,"R","$","E","B",null],"character_chosen":"THE_DUELIST","items_purchased":["MerchantsRug","theDuelist:CyberDragonVier","theDuelist:BabyDragon","theDuelist:BlizzardDragon","theDuelist:AncientGearGadjiltron","Bag of Preparation","theDuelist:DuelistUrn","BargainBundle","theDuelist:Mountain","theDuelist:SealedPack","Paper Crane","theDuelist:BoosterPackTrapEgg","theDuelist:DragonPiper","theDuelist:TyrantWing","theDuelist:GaiaDragonChamp","theDuelist:CyberTwinDragon","theDuelist:StardustDragon","theDuelist:UltimateOffering","ReplayTheSpireMod:ShopPack","Adrenaline Potion","PreservedInsect","Ice Cream","Chemical X","theDuelist:WhiteHowling","theDuelist:GenesisDragon","theDuelist:DragonPiper","Lantern","hubris:BallOfYels","Molten Egg 2","theDuelist:MillenniumStone","hubris:EvacipatedBox","hubris:KleinBottle","hubris:IronBody","theDuelist:TributeEggRelic","Replay:Ringing Soul","Magic Flower","theDuelist:DuelistTeaSet","hubris:64BitClover","Letter Opener","hubris:EmptyBottle","theDuelist:AutorokketDragon","theDuelist:OceanDragonLord","theDuelist:TornadoDragon","theDuelist:MaskedDragon+1","theDuelist:BlizzardDragon+1","DistilledChaos","Bag of Marbles","theDuelist:MillenniumCoin","theDuelist:SilverDragon","theDuelist:BurstBreath+1","theDuelist:YamataDragon+1","theDuelist:GalaxySoldier","theDuelist:AxeDespair","theDuelist:Monsterbox","theDuelist:LavaDragon","theDuelist:DragonTreasure","theDuelist:GenesisDragon+1","theDuelist:YamiForm","Flash of Steel+1","Ginger","hubris:SlimyHat","ReplayTheSpireMod:Ninjato","theDuelist:FluteSummoning","theDuelist:Mountain","CaptainsWheel","theDuelist:BlessingAnubis","theDuelist:CardRewardRelicI","Mayhem","theDuelist:Kabazauls+1","theDuelist:Carboneddon","theDuelist:LordD","theDuelist:CyberDragonSieger"],"campfire_rested":0,"item_purchase_floors":[2,2,2,2,2,2,2,2,2,2,4,4,4,4,4,4,4,4,4,4,9,9,9,9,9,9,12,12,12,12,12,12,12,12,12,12,12,23,23,23,23,23,23,23,23,23,32,32,32,32,32,32,32,32,39,39,39,39,39,39,48,48,48,48,55,55,55,55,55,55,55,55],"current_hp_per_floor":[120,130,140,150,160,170,180,190,200,210,220,65,84,100,110,123,133,155,267,280,293,298,311,330,345,355,368,378,388,401,411,424,437,447,404,456,469,494,507,522,523,533,430,449,462,465,478,491,513,532,542,596,661,671,684,703,725],"gold":4360,"neow_bonus":"THREE_CARDS","is_daily":false,"chose_seed":false,"campfire_upgraded":7,"win_rate":0.0,"timestamp":1612742734,"path_taken":["M","$","M","$","?","E","PTL","PTL","$","R","T","?","E","M","R","?","R","BOSS","M","?","?","?","M","M","?","M","T","?","M","R","$","M","R","BOSS","M","M","$","?","M","R","M","M","T","M","E","$","E","M","R","BOSS","R","$","E","BOSS"],"items_purchased_type":["Relic","Card","Card","Card","Card","Relic","Relic","Relic","Card","Potion","Relic","Relic","Card","Card","Card","Card","Card","Card","Relic","Potion","Relic","Relic","Relic","Card","Card","Card","Relic","Relic","Relic","Relic","Relic","Relic","Relic","Relic","Relic","Relic","Relic","Relic","Relic","Relic","Card","Card","Card","Card","Card","Potion","Relic","Relic","Card","Card","Card","Card","Card","Relic","Card","Card","Card","Card","Card","Relic","Relic","Relic","Card","Card","Relic","Relic","Relic","Card","Card","Card","Card","Card"],"build_version":"2020-12-22","purchased_purges":1,"victory":true,"max_hp_per_floor":[120,130,140,150,160,170,180,190,200,210,220,182,195,208,218,231,241,254,267,280,293,306,319,332,345,355,368,378,388,401,411,424,437,447,460,470,483,496,509,522,535,545,558,571,584,597,610,623,636,649,659,669,679,689,702,715,725],"card_choices":[{"not_picked":["theDuelist:DarkfireDragon","theDuelist:GalaxySoldier"],"picked":"theDuelist:CyberValley","floor":0},{"not_picked":["theDuelist:SafeZone","theDuelist:FireDarts","theDuelist:DefenseZone+1","theDuelist:DefenseDraw"],"picked":"theDuelist:TyrantWing","floor":1},{"not_picked":["theDuelist:DestructPotion","theDuelist:Jinzo","theDuelist:BigFire","theDuelist:PurplePainOni"],"picked":"theDuelist:RainbowOverdragon","floor":3},{"not_picked":["Secret Weapon","theDuelist:Raigeki"],"picked":"TH:EnergyPotion","floor":4},{"not_picked":["theDuelist:Wiseman","Specialist"],"picked":"Mind Blast","floor":4},{"not_picked":["Purity","Impatience"],"picked":"Master of Strategy","floor":4},{"not_picked":["theDuelist:BattleguardKing","theDuelist:LightningDarts+1","theDuelist:DestructPotion+1","theDuelist:Reload"],"picked":"theDuelist:PotGreed","floor":6},{"not_picked":["Impatience","Purity","The Bomb","Trip"],"picked":"SKIP","floor":6},{"not_picked":["theDuelist:TwinHeadedFire","theDuelist:Kabazauls","theDuelist:CurseDragon","theDuelist:CyberDinosaur"],"picked":"theDuelist:Beatraptor","floor":11},{"not_picked":["infinitespire:TheBestDefense","ReplayTheSpireMod:Haul"],"picked":"infinitespire:Starlight","floor":12},{"not_picked":["theDuelist:Earthquake+1","theDuelist:FangCritias","theDuelist:SystemDown","theDuelist:DragonTreasure"],"picked":"theDuelist:DragonMirror","floor":13},{"not_picked":["theDuelist:DarkHorus+1","theDuelist:RedRisingDragon","theDuelist:SilverDragon","theDuelist:Earthquake+1"],"picked":"theDuelist:MaskedDragon+1","floor":13},{"not_picked":["theDuelist:MaskedDragon+1","theDuelist:CloudianGhost","theDuelist:FrostflameDragon","theDuelist:Beatraptor+1"],"picked":"theDuelist:RedEyes+1","floor":14},{"not_picked":["theDuelist:StardustDragon","theDuelist:ChimeratechOverdragon+1","theDuelist:ArmedProtectorDragon","theDuelist:ArmageddonDragonEmp+1"],"picked":"theDuelist:DragonMastery","floor":18},{"not_picked":["theDuelist:TailSwipe+1","theDuelist:SeismicShockwave+1","theDuelist:BusterBladerDDS+1","theDuelist:ArmedProtectorDragon"],"picked":"theDuelist:ChimeratechOverdragon+1","floor":18},{"not_picked":["Dualcast","Zap"],"picked":"alterego_mod:BigMeatyClaws","floor":19},{"not_picked":["theDuelist:OceanDragonLord","theDuelist:ArmedProtectorDragon"],"picked":"theDuelist:SurvivalFittest","floor":19},{"not_picked":["Deep Breath","Finesse"],"picked":"theDuelist:GreyGreedOni","floor":19},{"not_picked":["infinitespire:SealOfDarkness+","ReplayTheSpireMod:Echoes of Time"],"picked":"infinitespire:FutureSight","floor":19},{"not_picked":["theDuelist:Frostosaurus","theDuelist:Freezadon","theDuelist:CyberDinosaur+1","theDuelist:Beatraptor+1"],"picked":"theDuelist:Lancephorhynchus+1","floor":20},{"not_picked":["theDuelist:TyrantWing+1","theDuelist:UltimateOffering+1","theDuelist:Mountain","theDuelist:ShardGreed"],"picked":"theDuelist:DragonMirror","floor":21},{"not_picked":["theDuelist:Scapegoat+1","theDuelist:GravityLash+1"],"picked":"theDuelist:DoomkaiserDragon+1","floor":22},{"not_picked":["theDuelist:AncientPixieDragon","theDuelist:CyberValley+1","theDuelist:ScrapIronScarecrow+1","theDuelist:FireDarts+1"],"picked":"theDuelist:Kabazauls+1","floor":24},{"not_picked":["theDuelist:MadSwordBeast+1","theDuelist:CyberDragonVier","theDuelist:FrostflameDragon+1","theDuelist:ExploderDragonwing"],"picked":"theDuelist:TwinBarrelDragon+1","floor":25},{"not_picked":["Good Instincts","Master of Strategy","Secret Technique+1"],"picked":"Magnetism","floor":27},{"not_picked":["theDuelist:Pyrorex+1","theDuelist:MadSwordBeast+1","theDuelist:HazyFlameHydra","theDuelist:BlackPtera+1","theDuelist:BlackBrachios+1"],"picked":"SKIP","floor":28},{"not_picked":["theDuelist:SuperancientDinobeast","theDuelist:SauropodBrachion","theDuelist:Sabersaurus+1","theDuelist:Freezadon+1","theDuelist:Beatraptor+1"],"picked":"SKIP","floor":29},{"not_picked":["theDuelist:CyberTwinDragon+1","theDuelist:BlackPtera+1","theDuelist:BlackBrachios+1","theDuelist:Kabazauls+1"],"picked":"theDuelist:BarrelDragon+1","floor":30},{"not_picked":["theDuelist:LightningDarts+1","theDuelist:Jinzo","theDuelist:JamBreeding","theDuelist:GreenGraveOni+1"],"picked":"theDuelist:PurplePainOni","floor":33},{"not_picked":["theDuelist:WaterDragon","theDuelist:BlueDuston","theDuelist:BSkullDragon+1","theDuelist:ArmedProtectorDragon"],"picked":"theDuelist:SliferSky","floor":35},{"not_picked":["theDuelist:VoidOgreDragon+1","theDuelist:SliferSky","theDuelist:Lancephorhynchus+1","theDuelist:DefensiveTactics+1"],"picked":"theDuelist:QueenDragunDjinn+1","floor":35},{"not_picked":["theDuelist:DefensiveTactics+1","theDuelist:BackupSoldier+1","theDuelist:VolcanicEruption+1","theDuelist:JurassicImpact+1"],"picked":"theDuelist:BurstBreath+1","floor":37},{"not_picked":["theDuelist:VeilDarkness+2","theDuelist:SpiralSpearStrike+1","theDuelist:DefenseDraw+2","theDuelist:TyrantWing+1"],"picked":"theDuelist:DragonShield+1","floor":38},{"not_picked":["theDuelist:BattleguardKing+1","theDuelist:Hinotama+1","theDuelist:ForbiddenLance+1","theDuelist:SmashingGround+1"],"picked":"theDuelist:BigFire+1","floor":40},{"not_picked":["theDuelist:Reload","theDuelist:ObeliskTormentor+1","theDuelist:SmashingGround+1","theDuelist:YellowBelliedOni"],"picked":"theDuelist:RainbowOverdragon+1","floor":41},{"not_picked":["theDuelist:RainbowOverdragon+1","theDuelist:BigEye","theDuelist:DianKeto+1","theDuelist:HarpieFeather+1"],"picked":"theDuelist:RainbowBridge","floor":43},{"not_picked":["theDuelist:CyberTwinDragon+1","theDuelist:BlackPtera+1","theDuelist:BlackBrachios+1","theDuelist:TrihornedDragon+1"],"picked":"theDuelist:Kabazauls+1","floor":44},{"not_picked":["theDuelist:CoralDragon+1","theDuelist:BlackStego+1","theDuelist:MirageDragon+1","theDuelist:BlueEyes+1"],"picked":"theDuelist:Hydrogeddon+1","floor":45},{"not_picked":["theDuelist:ViceDragon+1","theDuelist:CyberDragonVier","theDuelist:DefenseZone+2","theDuelist:CloudianGhost+1"],"picked":"theDuelist:MirageDragon+1","floor":46},{"not_picked":["theDuelist:LightningDarts+2","theDuelist:ScrapFactory","theDuelist:BattleguardKing+1","theDuelist:DarkFactory"],"picked":"theDuelist:PotGreed+1","floor":47},{"not_picked":["theDuelist:GalaxySoldier+1","theDuelist:DragonRavine","theDuelist:CyberDragonSieger"],"picked":"theDuelist:DragonMirror","floor":47},{"not_picked":["theDuelist:YamataDragon+1","theDuelist:BusterBlader+1","theDuelist:DragonPiper+1","theDuelist:MadFlameKaiju+1"],"picked":"theDuelist:TornadoDragon","floor":49},{"not_picked":["theDuelist:StampingDestruction+1","theDuelist:SpiralSpearStrike+1","theDuelist:UltraEvolutionPill","theDuelist:DragonShield"],"picked":"theDuelist:DragonMastery+1","floor":49},{"not_picked":["theDuelist:BattleguardKing+1","theDuelist:BigFire+1","theDuelist:LightningDarts+2","theDuelist:SmashingGround+1"],"picked":"theDuelist:RainbowOverdragon+1","floor":50},{"not_picked":["theDuelist:BattleguardKing+1","theDuelist:ScrapFactory+1","theDuelist:RainbowOverdragon+1","theDuelist:MagicalStone+4"],"picked":"theDuelist:JamBreeding+1","floor":56},{"not_picked":["theDuelist:RainbowOverdragon+1","theDuelist:LabyrinthWall+1","theDuelist:BattleguardKing+1","theDuelist:RainbowBridge+1"],"picked":"theDuelist:Wiseman+1","floor":56}],"player_experience":209678,"relics_obtained":[{"floor":6,"key":"theDuelist:MillenniumArmor"},{"floor":13,"key":"Replay:Bandana"},{"floor":28,"key":"Blue Candle"},{"floor":35,"key":"Omamori"},{"floor":40,"key":"hubris:BundleOfHerbs"},{"floor":40,"key":"Champion Belt"},{"floor":40,"key":"construct:BoolHorns"},{"floor":45,"key":"theDuelist:ZoneToken"},{"floor":47,"key":"Pantograph"},{"floor":49,"key":"infinitespire:Bottled Soul"},{"floor":50,"key":"theDuelist:DragonRelicC"}],"event_choices":[{"damage_healed":0,"gold_gain":0,"player_choice":"Bought 1 Potion","damage_taken":0,"max_hp_gain":0,"max_hp_loss":0,"event_name":"The Woman in Blue","floor":5,"gold_loss":0},{"damage_healed":0,"gold_gain":0,"player_choice":"1 cards matched","damage_taken":0,"max_hp_gain":0,"max_hp_loss":0,"event_name":"Match and Keep!","floor":16,"gold_loss":0,"cards_obtained":["theDuelist:MetalDragon"]},{"damage_healed":0,"gold_gain":100,"player_choice":"Pray","damage_taken":0,"max_hp_gain":0,"max_hp_loss":0,"event_name":"Golden Shrine","floor":26,"gold_loss":0},{"damage_healed":0,"gold_gain":0,"player_choice":"Fight","duelist":true,"damage_taken":0,"max_hp_gain":0,"max_hp_loss":0,"event_name":"Battle City","floor":40,"gold_loss":0}],"is_beta":false,"boss_relics":[{"not_picked":["Pandora\u0027s Box","hubris:BlackHole","Ectoplasm"],"picked":"ReplayTheSpireMod:SealedPack"},{"not_picked":["infinitespire:Cupcake","Runic Dome","Philosopher\u0027s Stone"],"picked":"hubris:TerracottaHorce"}],"items_purged_floors":[55],"is_endless":false,"potions_floor_spawned":[3,13,20,27,29,35,40,43,46,47],"ascension_level":6}}