{"host":"ptk1shuto3uimndw","time":1612784987,"event":{"mods":["AchievementEnabler","BaseMod","Bestiary","Colored Map","Colored Powertips","Curses Come First","Minty Spire (QoL Compilation)","Quick Restart","Rare Cards Sparkle","Relic Stats","StSLib","Uncapped"],"gold_per_floor":[115,126,23,23,23,48,48,92,116,116,156,156,177,177,177,306,306,327,327,30,30,49,81,81,6,6,6,33,132,142,171,171,269,269,287,305,56,56,67,97,97,130,130,30,58,71,81,81,81,81],"floor_reached":51,"language":"ENG","playtime":1319,"items_purged":["Strike_P","Strike_P"],"score":1138,"play_id":"ebd05828-83a3-4506-90de-da4f41b70d66","local_time":"20210208124947","is_ascension_mode":true,"campfire_choices":[{"data":"Omniscience","floor":10,"key":"SMITH"},{"data":"CarveReality","floor":12,"key":"SMITH"},{"data":"MentalFortress","floor":15,"key":"SMITH"},{"data":"Blasphemy","floor":24,"key":"SMITH"},{"data":"Meditate","floor":27,"key":"SMITH"},{"data":"Meditate","floor":32,"key":"SMITH"},{"data":"Ragnarok","floor":41,"key":"SMITH"},{"data":"Adaptation","floor":49,"key":"SMITH"}],"circlet_count":0,"master_deck":["Strike_P+1","Defend_P","Defend_P","Defend_P","Defend_P","Eruption+1","Vigilance","CarveReality+1","Crescendo","ReachHeaven","Meditate+1","Omniscience+1","MentalFortress+1","Conclude","Blasphemy+1","EmptyMind+1","FearNoEvil","Meditate+1","Ragnarok+1","FlurryOfBlows","Adaptation+1","Master of Strategy"],"relics":["PureWater","NeowsBlessing","Letter Opener","Mercury Hourglass","Whetstone","Bloody Idol","MealTicket","Bronze Scales","Anchor","SlaversCollar","Akabeko","InkBottle","Shuriken","Regal Pillow","Strawberry","Happy Flower","Philosopher\u0027s Stone","Kunai","HornCleat","Orichalcum","Meat on the Bone","Ornamental Fan","Dream Catcher"],"acts_visited":["Exordium","TheCity","TheBeyond"],"potions_floor_usage":[8,16,16,50,50],"damage_taken":[{"damage":0,"enemies":"Cultist","floor":1,"turns":1},{"damage":0,"enemies":"Small Slimes","floor":2,"turns":1},{"damage":0,"enemies":"Lagavulin","floor":6,"turns":1},{"damage":0,"enemies":"Gremlin Nob","floor":8,"turns":2},{"damage":17,"enemies":"3 Sentries","floor":11,"turns":4},{"damage":2,"enemies":"Jaw Worm","floor":13,"turns":2},{"damage":19,"enemies":"Hexaghost","floor":16,"turns":4},{"damage":0,"enemies":"3 Byrds","floor":18,"turns":2},{"damage":0,"enemies":"Chosen","floor":22,"turns":1},{"damage":30,"enemies":"Slavers","floor":23,"turns":4},{"damage":10,"enemies":"Gremlin Leader","floor":28,"turns":3},{"damage":0,"enemies":"Snecko","floor":30,"turns":2},{"damage":4,"enemies":"Slavers","floor":31,"turns":2},{"damage":28,"enemies":"Collector","floor":33,"turns":6},{"damage":0,"enemies":"3 Shapes","floor":35,"turns":1},{"damage":12,"enemies":"Orb Walker","floor":36,"turns":3},{"damage":9,"enemies":"Writhing Mass","floor":39,"turns":4},{"damage":2,"enemies":"Giant Head","floor":40,"turns":5},{"damage":0,"enemies":"Nemesis","floor":42,"turns":1},{"damage":0,"enemies":"Giant Head","floor":45,"turns":4},{"damage":13,"enemies":"4 Shapes","floor":46,"turns":3},{"damage":0,"enemies":"Maw","floor":47,"turns":1},{"damage":0,"enemies":"Time Eater","floor":50,"turns":1}],"seed_played":"-3083005786464340064","potions_obtained":[{"floor":1,"key":"Swift Potion"},{"floor":8,"key":"LiquidMemories"},{"floor":11,"key":"StancePotion"},{"floor":16,"key":"SteroidPotion"},{"floor":23,"key":"AttackPotion"},{"floor":30,"key":"SkillPotion"}],"is_trial":false,"path_per_floor":["M","M","$","?","T","E","?","E","T","R","E","R","M","?","R","B",null,"M","?","$","?","M","E","R","$","T","R","E","?","M","E","R","B",null,"M","M","$","?","M","E","R","E","T","$","E","M","M","?","R","B",null],"character_chosen":"WATCHER","items_purchased":["ReachHeaven","Meditate","FearNoEvil","InkBottle","Kunai"],"campfire_rested":0,"item_purchase_floors":[3,3,20,20,37],"current_hp_per_floor":[72,72,72,69,69,69,67,67,67,67,50,50,48,41,41,22,67,67,67,67,67,67,42,42,57,57,57,59,64,69,70,70,47,74,74,67,74,74,70,73,73,74,74,74,74,66,71,71,71,71],"gold":81,"neow_bonus":"THREE_ENEMY_KILL","is_daily":false,"chose_seed":false,"campfire_upgraded":8,"win_rate":0.0,"timestamp":1612784987,"path_taken":["M","?","$","?","?","E","?","E","T","R","E","R","M","?","R","BOSS","M","?","$","?","M","E","R","$","T","R","E","?","M","E","R","BOSS","M","M","$","?","M","E","R","E","T","?","E","?","M","?","R","BOSS"],"items_purchased_type":["Card","Card","Card","Relic","Relic"],"build_version":"2020-12-22","purchased_purges":2,"victory":true,"max_hp_per_floor":[72,72,72,72,72,72,67,67,67,67,67,67,67,67,67,67,67,67,67,67,67,67,67,67,67,67,67,74,74,74,74,74,74,74,74,74,74,74,74,74,74,74,74,74,74,74,74,74,74,74],"relic_stats":{"Regal Pillow":0,"Happy Flower":[9],"counters":[23,58],"Letter Opener":[99],"Whetstone":["Strike_P","Eruption"],"Orichalcum":[0],"Mercury Hourglass":[248],"Dream Catcher":0,"Shuriken":[22],"Ornamental Fan":[32],"Bloody Idol":56,"Bronze Scales":[142],"MealTicket":22,"Kunai":[15],"obtain_stats":[{"Regal Pillow":26,"NeowsBlessing":0,"Happy Flower":31,"Golden Idol":7,"Letter Opener":4,"Whetstone":6,"Orichalcum":40,"Akabeko":19,"Mercury Hourglass":5,"SlaversCollar":17,"Anchor":11,"Dream Catcher":45,"HornCleat":38,"Shuriken":23,"Ornamental Fan":43,"Bronze Scales":9,"Bloody Idol":21,"Strawberry":28,"MealTicket":8,"Philosopher\u0027s Stone":34,"Kunai":37,"PureWater":0,"InkBottle":20,"Meat on the Bone":42},{"Regal Pillow":10,"NeowsBlessing":0,"Happy Flower":13,"Golden Idol":3,"Letter Opener":2,"Whetstone":3,"Orichalcum":18,"Akabeko":8,"Mercury Hourglass":2,"SlaversCollar":7,"Anchor":5,"Dream Catcher":20,"HornCleat":16,"Shuriken":10,"Ornamental Fan":19,"Bronze Scales":4,"Bloody Idol":8,"Strawberry":11,"MealTicket":4,"Philosopher\u0027s Stone":14,"Kunai":16,"PureWater":0,"InkBottle":8,"Meat on the Bone":19},{"Regal Pillow":22,"NeowsBlessing":0,"Happy Flower":29,"Golden Idol":3,"Letter Opener":2,"Whetstone":3,"Orichalcum":48,"Akabeko":17,"Mercury Hourglass":2,"SlaversCollar":15,"Anchor":9,"Dream Catcher":53,"HornCleat":39,"Shuriken":22,"Ornamental Fan":49,"Bronze Scales":5,"Bloody Idol":17,"Strawberry":25,"MealTicket":5,"Philosopher\u0027s Stone":35,"Kunai":39,"PureWater":0,"InkBottle":17,"Meat on the Bone":49}],"InkBottle":[17],"Meat on the Bone":0},"card_choices":[{"not_picked":["CrushJoints","SignatureMove"],"picked":"CarveReality","floor":1},{"not_picked":["Prostrate","Consecrate"],"picked":"Crescendo","floor":2},{"not_picked":["Sanctity","Prostrate"],"picked":"Omniscience","floor":6},{"not_picked":["FollowUp","Fasting2"],"picked":"MentalFortress","floor":8},{"not_picked":["JustLucky","Crescendo"],"picked":"Conclude","floor":11},{"not_picked":["ClearTheMind","Pray","CutThroughFate"],"picked":"SKIP","floor":13},{"not_picked":["DevaForm","Scrawl"],"picked":"Blasphemy","floor":16},{"not_picked":["FlyingSleeves","Evaluate"],"picked":"EmptyMind+1","floor":18},{"not_picked":["Conclude","Prostrate+1"],"picked":"Meditate","floor":22},{"not_picked":["EmptyFist+1","Meditate","InnerPeace"],"picked":"SKIP","floor":23},{"not_picked":["Prostrate","EmptyBody","PathToVictory"],"picked":"SKIP","floor":28},{"not_picked":["Vengeance","EmptyFist","PathToVictory"],"picked":"SKIP","floor":30},{"not_picked":["Wireheading+1","SpiritShield","Evaluate"],"picked":"SKIP","floor":31},{"not_picked":["Devotion","ConjureBlade"],"picked":"Ragnarok","floor":33},{"not_picked":["ThirdEye+1","Study","CutThroughFate"],"picked":"SKIP","floor":35},{"not_picked":["Pray+1","ClearTheMind+1"],"picked":"FlurryOfBlows","floor":36},{"not_picked":["WreathOfFlame","EmptyBody","DeusExMachina"],"picked":"SKIP","floor":39},{"not_picked":["CutThroughFate","JustLucky","BowlingBash+1"],"picked":"SKIP","floor":40},{"not_picked":["Evaluate","Crescendo+1","EmptyBody"],"picked":"SKIP","floor":42},{"not_picked":["Prostrate+1","ForeignInfluence","Crescendo+1"],"picked":"SKIP","floor":45},{"not_picked":["Tantrum+1","Consecrate"],"picked":"Adaptation","floor":46},{"not_picked":["Conclude+1","Protect","LessonLearned"],"picked":"SKIP","floor":47},{"not_picked":["Mind Blast","Panacea"],"picked":"Master of Strategy","floor":48}],"player_experience":241751,"relics_obtained":[{"floor":5,"key":"Mercury Hourglass"},{"floor":6,"key":"Whetstone"},{"floor":8,"key":"MealTicket"},{"floor":9,"key":"Bronze Scales"},{"floor":11,"key":"Anchor"},{"floor":23,"key":"Shuriken"},{"floor":26,"key":"Regal Pillow"},{"floor":28,"key":"Strawberry"},{"floor":31,"key":"Happy Flower"},{"floor":38,"key":"HornCleat"},{"floor":40,"key":"Orichalcum"},{"floor":42,"key":"Meat on the Bone"},{"floor":43,"key":"Ornamental Fan"},{"floor":45,"key":"Dream Catcher"}],"event_choices":[{"damage_healed":0,"gold_gain":0,"player_choice":"Success","damage_taken":3,"relics_obtained":["Letter Opener"],"max_hp_gain":0,"max_hp_loss":0,"event_name":"Scrap Ooze","floor":4,"gold_loss":0},{"damage_healed":0,"gold_gain":0,"player_choice":"Lose Max HP","damage_taken":0,"relics_obtained":["Golden Idol"],"max_hp_gain":0,"max_hp_loss":5,"event_name":"Golden Idol","floor":7,"gold_loss":0},{"cards_removed":["Strike_P"],"damage_healed":0,"gold_gain":0,"player_choice":"Card Removal","damage_taken":7,"max_hp_gain":0,"max_hp_loss":0,"event_name":"Golden Wing","floor":14,"gold_loss":0},{"damage_healed":0,"gold_gain":0,"player_choice":"Opened","damage_taken":0,"relics_obtained":["Akabeko"],"max_hp_gain":0,"max_hp_loss":0,"event_name":"The Mausoleum","floor":19,"gold_loss":0},{"damage_healed":0,"gold_gain":0,"player_choice":"Gave Idol","damage_taken":0,"relics_obtained":["Bloody Idol"],"max_hp_gain":0,"max_hp_loss":0,"event_name":"Forgotten Altar","floor":21,"relics_lost":["Golden Idol"],"gold_loss":0},{"damage_healed":0,"gold_gain":99,"player_choice":"Stole From Cult","damage_taken":0,"max_hp_gain":0,"max_hp_loss":0,"event_name":"Nest","floor":29,"gold_loss":0},{"damage_healed":0,"gold_gain":0,"player_choice":"Relic","damage_taken":0,"max_hp_gain":0,"max_hp_loss":0,"event_name":"Wheel of Change","floor":38,"gold_loss":0},{"damage_healed":0,"gold_gain":0,"player_choice":"Memory 1","damage_taken":0,"max_hp_gain":0,"max_hp_loss":0,"event_name":"SensoryStone","floor":48,"gold_loss":0}],"is_beta":false,"boss_relics":[{"not_picked":["Empty Cage","Velvet Choker"],"picked":"SlaversCollar"},{"not_picked":["Pandora\u0027s Box","VioletLotus"],"picked":"Philosopher\u0027s Stone"}],"items_purged_floors":[25,44],"is_endless":false,"potions_floor_spawned":[1,8,11,16,23,30,31,33,39,42,45],"ascension_level":4}}