{"host":"p1xsuo25udtrkbq2","time":1612764121,"event":{"mods":["BaseMod","Colored Map","Googly Eyes","Highlight Path","Minty Spire (QoL Compilation)","Quick Restart","Rare Cards Sparkle","Relic Stats","Slay the Relics Exporter","StSLib","everything is the same but u backflip on backflip"],"gold_per_floor":[117,130,147,162,172,172,206,221,269,269,269,269],"floor_reached":11,"language":"ENG","playtime":567,"items_purged":[],"score":135,"play_id":"4ef9a0ad-f53f-465c-ab0f-b3b6b4cc2cf6","local_time":"20210208010201","is_ascension_mode":true,"campfire_choices":[{"data":"Adrenaline","floor":6,"key":"SMITH"}],"circlet_count":0,"master_deck":["AscendersBane","Strike_G","Strike_G","Strike_G","Strike_G","Defend_G","Defend_G+1","Defend_G+1","Defend_G","Defend_G","Survivor","Neutralize","Backflip","Quick Slash","Choke","Adrenaline+1","Leg Sweep","Backstab","Terror"],"relics":["Ring of the Snake","NeowsBlessing","Pen Nib","War Paint"],"acts_visited":["Exordium"],"potions_floor_usage":[4,11],"damage_taken":[{"damage":0.0,"enemies":"Jaw Worm","floor":1.0,"turns":1.0},{"damage":0.0,"enemies":"2 Louse","floor":2.0,"turns":1.0},{"damage":0.0,"enemies":"Small Slimes","floor":3.0,"turns":1.0},{"damage":10,"enemies":"Gremlin Gang","floor":4,"turns":5},{"damage":8,"enemies":"Exordium Wildlife","floor":5,"turns":4},{"damage":24,"enemies":"Gremlin Nob","floor":7,"turns":5},{"damage":5,"enemies":"3 Louse","floor":8,"turns":3},{"damage":0,"enemies":"Lagavulin","floor":11,"turns":4}],"seed_played":"1367244259363424375","potions_obtained":[{"floor":3.0,"key":"Poison Potion"},{"floor":4,"key":"Fruit Juice"},{"floor":5,"key":"LiquidBronze"}],"is_trial":false,"path_per_floor":["M","M","M","M","M","R","E","M","T","?","E"],"character_chosen":"THE_SILENT","items_purchased":[],"campfire_rested":0,"item_purchase_floors":[],"current_hp_per_floor":[59,59,59,49,41,41,17,12,12,12,17,17],"gold":269,"neow_bonus":"THREE_ENEMY_KILL","is_daily":false,"chose_seed":false,"campfire_upgraded":1,"win_rate":0.0,"timestamp":1612764121,"path_taken":["M","M","M","M","M","R","E","M","T","?","E"],"items_purchased_type":[],"build_version":"2020-12-22","purchased_purges":0,"victory":false,"max_hp_per_floor":[66,66,66,66,66,66,66,66,66,66,71,71],"relic_stats":{"counters":[8,24],"Pen Nib":[0],"War Paint":["Defend_G","Defend_G"],"obtain_stats":[{"NeowsBlessing":0,"Pen Nib":7,"War Paint":9,"Ring of the Snake":0},{"NeowsBlessing":0,"Pen Nib":6,"War Paint":7,"Ring of the Snake":0},{"NeowsBlessing":0,"Pen Nib":17,"War Paint":20,"Ring of the Snake":0}],"Ring of the Snake":[16]},"card_choices":[{"not_picked":["Acrobatics","Dodge and Roll"],"picked":"Backflip","floor":1.0},{"not_picked":["Poisoned Stab","Backflip"],"picked":"Quick Slash","floor":2.0},{"not_picked":["Outmaneuver","Underhanded Strike"],"picked":"Choke","floor":3.0},{"not_picked":["Cloak And Dagger","Underhanded Strike"],"picked":"Adrenaline","floor":4},{"not_picked":["Terror","Blur"],"picked":"Leg Sweep","floor":5},{"not_picked":["Leg Sweep","Distraction","Bane"],"picked":"SKIP","floor":7},{"not_picked":["Poisoned Stab","Calculated Gamble"],"picked":"Backstab","floor":8}],"player_experience":1027285,"relics_obtained":[{"floor":7,"key":"Pen Nib"},{"floor":9,"key":"War Paint"}],"event_choices":[{"damage_healed":0,"gold_gain":0,"cards_transformed":["Strike_G"],"player_choice":"Change","damage_taken":0,"max_hp_gain":0,"max_hp_loss":0,"event_name":"Living Wall","floor":10,"gold_loss":0,"cards_obtained":["Terror"]}],"is_beta":false,"boss_relics":[],"items_purged_floors":[],"is_endless":false,"potions_floor_spawned":[3,4,5],"killed_by":"Lagavulin","ascension_level":15}}