{"host":"uceopoba4zvqsgiy","time":1612806393,"event":{"mods":["2.2 Compatiblity","Act Like it!","BaseMod","Better Skull","Better Third Choice","Elementarium","Evolution","GifTheSpireLib","Hermit","Humility","Infinite Spire","Jorbs\u0027s Wanderer Trilogy","Marked Mod","Minty Spire (QoL Compilation)","Potionbrewer","Reliquary","Replay The Spire","Robot Space Explorer","Shade Mod","Spicy Shops","StS++","StSLib","Stuff the Spire","The Blue Laboratory","The Caster","The Cursed","The Dragon Tamer","The Hierophant","The Judge","The Jungle","TheSurvivalist","Wandering Minibosses"],"gold_per_floor":[117,135,18,18,193,193,100,100,151,177,204,200,217,237,237,237,237],"floor_reached":16,"language":"ENG","playtime":512,"items_purged":[],"score":225,"play_id":"19c62a0a-c28e-45c3-a284-46f4f6ca92c1","local_time":"20210209041633","is_ascension_mode":false,"campfire_choices":[{"data":"WordoMod:Cleanse","floor":6,"key":"SMITH"},{"floor":15,"key":"REST"}],"circlet_count":0,"master_deck":["WordoMod:StrikeCard","WordoMod:StrikeCard+1","WordoMod:StrikeCard","WordoMod:StrikeCard","WordoMod:DefendCard","WordoMod:DefendCard","WordoMod:DefendCard","WordoMod:DefendCard","WordoMod:Accursed","WordoMod:IllWill","WordoMod:Pestilence","WordoMod:Cleanse+1","Hallucinations","Doubt","WordoMod:MaliceSoul","Parasite","Amnesia","Carnage","WordoMod:Pestilence","Amnesia","Immolate"],"relics":["WordoMod:Obsidian","WordoMod:Effigy","EVO:Axolotl","NeowsBlessing","PrismaticShard","Ancient Tea Set","Bag of Marbles","Replay:Mystery Machine","Boot"],"acts_visited":["Exordium"],"potions_floor_usage":[12,12,16],"damage_taken":[{"damage":0,"enemies":"2 Louse","floor":1,"turns":1},{"damage":0,"enemies":"Small Slimes","floor":2,"turns":1},{"damage":0,"enemies":"3 Sentries","floor":11,"turns":1},{"damage":8,"enemies":"Jaw Worm","floor":12,"turns":6},{"damage":6,"enemies":"2 Fungi Beasts","floor":13,"turns":2},{"damage":15,"enemies":"Looter","floor":14,"turns":3},{"damage":68,"enemies":"Hexaghost","floor":16,"turns":6}],"seed_played":"3099109491732592750","potions_obtained":[{"floor":1,"key":"FearPotion"},{"floor":11,"key":"DistilledChaos"},{"floor":12,"key":"Strength Potion"},{"floor":13,"key":"blueLaboratory:PhilterOfMotion"}],"is_trial":false,"path_per_floor":["M","M","$","?","?","R","$","?","T","T","E","M","M","M","R","B"],"character_chosen":"JUDGE_CLASS","items_purchased":["WordoMod:Cleanse","WordoMod:MaliceSoul","Ancient Tea Set"],"campfire_rested":1,"item_purchase_floors":[3,7,7],"current_hp_per_floor":[75,75,75,75,75,75,75,75,75,75,75,67,61,46,68,0,0],"gold":237,"neow_bonus":"THREE_ENEMY_KILL","is_daily":false,"chose_seed":false,"campfire_upgraded":1,"win_rate":0.0,"timestamp":1612806393,"path_taken":["M","M","$","?","?","R","?","?","T","?","E","M","M","M","R","BOSS"],"items_purchased_type":["Card","Card","Relic"],"build_version":"2020-12-22","purchased_purges":0,"victory":false,"max_hp_per_floor":[75,75,75,75,75,75,75,75,75,75,75,75,75,75,75,75,75],"card_choices":[{"not_picked":["WordoMod:FalseDiagnosis","WordoMod:BurdenOfSin","WordoMod:Malice"],"picked":"SKIP","floor":1},{"not_picked":["WordoMod:BadMemories","WordoMod:ThornedFist"],"picked":"WordoMod:Pestilence","floor":2},{"not_picked":["Pain","Replay:Hysterical Blindness"],"picked":"Amnesia","floor":11},{"not_picked":["survmod:TakeAim","stsjorbsmod:FracturedMind"],"picked":"Carnage","floor":11},{"not_picked":["Evaluate","CutThroughFate","hierophant:CursedGold"],"picked":"SKIP","floor":12},{"not_picked":["WordoMod:SoulSpear","StSpp:Succumb"],"picked":"WordoMod:Pestilence","floor":13},{"not_picked":["Normality","infinitespire:Pacifist"],"picked":"Amnesia","floor":14},{"not_picked":["stsjorbsmod:Ectoplasm_Cull","RobotSpaceExplorer:Pulsar"],"picked":"Immolate","floor":14}],"player_experience":1781766,"relics_obtained":[{"floor":9,"key":"Bag of Marbles"},{"floor":10,"key":"Replay:Mystery Machine"},{"floor":11,"key":"Boot"}],"event_choices":[{"damage_healed":0,"gold_gain":175,"player_choice":"AGREE","damage_taken":18,"max_hp_gain":0,"max_hp_loss":0,"event_name":"betterThird:BetterSerpent","floor":5,"gold_loss":0}],"is_beta":false,"boss_relics":[],"items_purged_floors":[],"is_endless":false,"potions_floor_spawned":[1,11,12,13],"killed_by":"Hexaghost","ascension_level":0,"is_humility":true}}