{"host":"ul3z8ex5o8l5j7mh","time":1612805339,"event":{"mods":["AchievementEnabler","BaseMod","Bestiary","Colored Map","Colored Powertips","DeckTracker","Keyboard Shortcuts","Minty Spire (QoL Compilation)","SuperFastMode"],"gold_per_floor":[112,112,187,7,20,20,55,55,55,55,75,96,24,24,24,148,148,161,161,16,16,29,29,29,29],"floor_reached":24,"language":"ENG","playtime":855,"items_purged":[],"score":236,"play_id":"c7db60a9-29b4-4ebd-9595-2d7d651da5ba","local_time":"20210208182859","is_ascension_mode":true,"campfire_choices":[{"floor":6,"key":"REST"},{"floor":10,"key":"REST"},{"floor":15,"key":"REST"},{"floor":23,"key":"REST"}],"circlet_count":0,"master_deck":["Strike_G","Strike_G","Strike_G","Strike_G","Strike_G","Defend_G","Defend_G","Defend_G","Defend_G","Defend_G","Survivor","Neutralize","Flying Knee","Caltrops","Backstab+1","Catalyst","Bane","Bouncing Flask","Noxious Fumes","Envenom","Distraction","Noxious Fumes","Deflect"],"relics":["Ring of the Snake","Golden Idol","Membership Card","Paper Crane","White Beast Statue","FossilizedHelix","WristBlade","Nilry\u0027s Codex","Pantograph","Strawberry"],"acts_visited":["Exordium","TheCity"],"potions_floor_usage":[5,12,16,18,22,22],"damage_taken":[{"damage":1,"enemies":"Cultist","floor":1,"turns":5},{"damage":3,"enemies":"Jaw Worm","floor":5,"turns":4},{"damage":37,"enemies":"Gremlin Nob","floor":7,"turns":6},{"damage":0,"enemies":"2 Louse","floor":11,"turns":1},{"damage":0,"enemies":"Gremlin Gang","floor":12,"turns":4},{"damage":14,"enemies":"The Guardian","floor":16,"turns":8},{"damage":38,"enemies":"Spheric Guardian","floor":18,"turns":5},{"damage":16,"enemies":"3 Byrds","floor":22,"turns":6},{"damage":51,"enemies":"Slavers","floor":24,"turns":3}],"seed_played":"-5526140719767496656","potions_obtained":[{"floor":11,"key":"BlessingOfTheForge"},{"floor":12,"key":"EssenceOfSteel"},{"floor":16,"key":"Fire Potion"},{"floor":18,"key":"Fire Potion"},{"floor":22,"key":"Fruit Juice"}],"is_trial":false,"path_per_floor":["M","?","?","$","M","R","E","?","T","R","M","M","$","?","R","B",null,"M","?","$","?","M","R","E"],"character_chosen":"THE_SILENT","items_purchased":["Membership Card","PowerPotion","Bouncing Flask","Noxious Fumes","Noxious Fumes","Pantograph"],"campfire_rested":4,"item_purchase_floors":[4,4,13,13,20,20],"current_hp_per_floor":[76,57,46,46,43,66,29,29,29,52,52,52,52,45,68,54,77,39,23,23,30,19,45,0,0],"gold":29,"neow_bonus":"TEN_PERCENT_HP_BONUS","is_daily":false,"chose_seed":false,"campfire_upgraded":0,"win_rate":0.0,"timestamp":1612805339,"path_taken":["M","?","?","$","M","R","E","?","T","R","M","?","?","?","R","BOSS","M","?","$","?","M","R","E"],"items_purchased_type":["Relic","Potion","Card","Card","Card","Relic"],"build_version":"2020-12-22","purchased_purges":0,"victory":false,"max_hp_per_floor":[77,77,77,77,77,77,77,77,77,77,77,77,77,77,77,77,77,77,77,77,84,89,89,89,89],"card_choices":[{"not_picked":["Slice","PiercingWail"],"picked":"Flying Knee","floor":1},{"not_picked":["Slice","Calculated Gamble"],"picked":"Caltrops","floor":5},{"not_picked":["Acrobatics","Poisoned Stab"],"picked":"Backstab","floor":7},{"not_picked":["Bane","Prepared"],"picked":"Catalyst","floor":11},{"not_picked":["Blade Dance","Endless Agony"],"picked":"Bane","floor":12},{"not_picked":["After Image","Storm of Steel"],"picked":"Envenom","floor":16},{"not_picked":["Backflip","Dagger Throw"],"picked":"Distraction","floor":18},{"not_picked":["Underhanded Strike+1","Expertise"],"picked":"Deflect","floor":22}],"player_experience":331591,"relics_obtained":[{"floor":7,"key":"Paper Crane"},{"floor":9,"key":"White Beast Statue"},{"floor":19,"key":"Nilry\u0027s Codex"}],"event_choices":[{"damage_healed":0,"gold_gain":0,"player_choice":"Take Damage","damage_taken":19,"relics_obtained":["Golden Idol"],"max_hp_gain":0,"max_hp_loss":0,"event_name":"Golden Idol","floor":2,"gold_loss":0},{"damage_healed":0,"gold_gain":75,"player_choice":"Gather Gold","damage_taken":11,"max_hp_gain":0,"max_hp_loss":0,"event_name":"World of Goop","floor":3,"gold_loss":0},{"damage_healed":0,"gold_gain":0,"player_choice":"Upgraded","damage_taken":0,"max_hp_gain":0,"max_hp_loss":0,"event_name":"Upgrade Shrine","floor":8,"gold_loss":0,"cards_upgraded":["Backstab"]},{"damage_healed":0,"gold_gain":0,"player_choice":"Success","damage_taken":7,"relics_obtained":["FossilizedHelix"],"max_hp_gain":0,"max_hp_loss":0,"event_name":"Scrap Ooze","floor":14,"gold_loss":0},{"damage_healed":0,"gold_gain":0,"player_choice":"Obtained Book","damage_taken":16,"max_hp_gain":0,"max_hp_loss":0,"event_name":"Cursed Tome","floor":19,"gold_loss":0},{"damage_healed":0,"gold_gain":0,"player_choice":"Opened","damage_taken":0,"relics_obtained":["Strawberry"],"max_hp_gain":0,"max_hp_loss":0,"event_name":"The Mausoleum","floor":21,"gold_loss":0}],"is_beta":false,"boss_relics":[{"not_picked":["Coffee Dripper","SlaversCollar"],"picked":"WristBlade"}],"items_purged_floors":[],"is_endless":false,"potions_floor_spawned":[11,12,16,18,22],"killed_by":"Slavers","ascension_level":2}}