{"host":"rzvepkyh9344fbo1","time":1612745306,"event":{"mods":["AchievementEnabler","Act Like it!","BaseMod","Colored Map","Colored Powertips","Curses Come First","Downfall","Hermit","Highlight Path","Minty Spire (QoL Compilation)","Replay The Spire","Robot Space Explorer","Shade Mod","Shop Mod","StS++","StSLib","The Cursed","The Necromancer"],"gold_per_floor":[110,110,126,144,144,144,144,144],"floor_reached":7,"language":"ENG","playtime":704,"items_purged":[],"score":41,"play_id":"a61c53a8-93f6-404b-aa14-10431c43d2e2","local_time":"20210208114826","is_ascension_mode":false,"campfire_choices":[{"data":"Shade:AnimateDead","floor":6,"key":"SMITH"}],"circlet_count":0,"master_deck":["Shade:Strike_Shade","Shade:Strike_Shade","Shade:Strike_Shade","Shade:Strike_Shade","Shade:Defend_Shade","Shade:Defend_Shade","Shade:Defend_Shade","Shade:Defend_Shade","Shade:AnimateDead+1","Shade:CarefulCut","Shade:TouchOfTheGrave","Shade:Bite_Shade","Delirium"],"relics":["Shade:YorickSkull","ReplayTheSpireMod:Ring of Collecting","Ring of Fangs"],"acts_visited":["Exordium"],"potions_floor_usage":[7],"damage_taken":[{"damage":0,"enemies":"Jaw Worm","floor":1,"turns":4},{"damage":1,"enemies":"Cultist","floor":3,"turns":4},{"damage":0,"enemies":"2 Louse","floor":4,"turns":3},{"damage":68,"enemies":"3 Sentries","floor":7,"turns":12}],"seed_played":"2955076227568122833","potions_obtained":[{"floor":4,"key":"Languid Potion"}],"is_trial":false,"path_per_floor":["M","?","M","M","?","R","E"],"character_chosen":"SHADE","items_purchased":[],"campfire_rested":0,"item_purchase_floors":[],"current_hp_per_floor":[71,71,70,70,70,70,7,7],"gold":144,"neow_bonus":"TEN_PERCENT_HP_BONUS","is_daily":false,"chose_seed":false,"campfire_upgraded":1,"win_rate":0.0,"timestamp":1612745306,"path_taken":["M","?","M","?","?","R","E"],"items_purchased_type":[],"build_version":"2020-12-22","purchased_purges":0,"victory":false,"max_hp_per_floor":[71,71,71,71,71,71,71,71],"card_choices":[{"not_picked":["Shade:FuneraryArmor","Shade:FleshToFlesh"],"picked":"Shade:TouchOfTheGrave","floor":1},{"not_picked":["Shade:PoundOfFlesh","Shade:BoneShards","Shade:FreshBones"],"picked":"SKIP","floor":3},{"not_picked":["Shade:Trample","Shade:SkeletonHug"],"picked":"Shade:Bite_Shade","floor":4}],"player_experience":273630,"relics_obtained":[{"floor":5,"key":"ReplayTheSpireMod:Ring of Collecting"},{"floor":5,"key":"Ring of Fangs"}],"event_choices":[{"damage_healed":0,"gold_gain":0,"player_choice":"Ignored","damage_taken":0,"max_hp_gain":0,"max_hp_loss":0,"event_name":"NoteForYourself","floor":2,"gold_loss":0}],"is_beta":false,"boss_relics":[],"items_purged_floors":[],"is_endless":false,"potions_floor_spawned":[4],"killed_by":"3 Sentries","ascension_level":0}}