{"host":"¿à÷økuyou","time":1612798507,"event":{"mods":["ATMod(°¢èªMod)","Act Like it!","BaseMod","BetterRewards","Minty Spire (QoL Compilation)","Quick Restart","StSLib"],"gold_per_floor":[114,129,129,129,173,173,211,280,280,580,599,637,186,205,205,330,330,349,428,78,97,116,184,233,282,332,430,449,449,498,413,413,568,568,617,617,271,271,320,418,418,467,467,486,505,554,573,641,641,641],"floor_reached":51,"language":"ZHS","playtime":2257,"items_purged":["Regret","AT_IrregularMenstruation","AT_KingSlayer"],"score":1040,"play_id":"0e4115ce-b8b6-4eb3-94ed-7836c93d90fc","local_time":"20210208233507","daily_mods":["Shiny","Green Cards","Terminal"],"is_ascension_mode":false,"campfire_choices":[{"data":"Adrenaline","floor":6.0,"key":"SMITH"},{"data":"Fasting2","floor":15.0,"key":"SMITH"},{"floor":32.0,"key":"REST"},{"data":"After Image","floor":41.0,"key":"SMITH"},{"data":"AT_EmpoweredMortalDraw","floor":49,"key":"SMITH"}],"circlet_count":0,"master_deck":["AT_EssenceShift","Corpse Explosion","Die Die Die","Adrenaline+1","Envenom","Doppelganger","Burst","Wraith Form v2","Tools of the Trade","After Image+1","A Thousand Cuts","Venomology","Malaise","Phantasmal Killer","AT_MyraUnstableElement+1","Night Terror","Unload","Bullet Time","Storm of Steel","Glass Knife","Grand Finale","Brilliance","Devotion","AT_MachinaRedman","LessonLearned+1","Vault","Alpha","Establishment","DeusExMachina","AT_RealColorLess","Judgement","ConjureBlade","MasterReality","Ragnarok","Scrawl+1","AT_ChampionKick+1","Wish+1","Omniscience","SpiritShield","DevaForm","AT_FamilyPortrait","Acrobatics+1","Blade Dance+1","TalkToTheHand","Fasting2+1","AT_Desolate","TalkToTheHand","AT_ThistleTea+1","Blade Dance+1","Wish+1","AT_EmpoweredMortalDraw+1","Enlightenment+1","AT_KneejerkReflex","AT_OneInchPunch","Terror+1","Concentrate+1"],"relics":["PureWater","AT_ATBox","Toxic Egg 2","Golden Idol","Whetstone","Toy Ornithopter","Old Coin","Regal Pillow","OrangePellets","Oddly Smooth Stone","Snecko Eye","AT_ImmortalShieldbow","AT_RedTearstoneRing","Strawberry","Question Card","Juzu Bracelet","AT_MortalBlade","MealTicket","Smiling Mask","AT_BellDemon","Dead Branch","Anchor","Eternal Feather","AT_SpeedBoots","Ice Cream","AT_GuinsooRageblade"],"acts_visited":["Exordium","TheCity","TheBeyond"],"potions_floor_usage":[46,48,50],"damage_taken":[{"damage":0.0,"enemies":"Small Slimes","floor":1.0,"turns":2.0},{"damage":0.0,"enemies":"2 Louse","floor":2.0,"turns":2.0},{"damage":0.0,"enemies":"Jaw Worm","floor":5.0,"turns":1.0},{"damage":4.0,"enemies":"3 Sentries","floor":7.0,"turns":5.0},{"damage":20.0,"enemies":"Gremlin Gang","floor":11.0,"turns":4.0},{"damage":9.0,"enemies":"Gremlin Nob","floor":12.0,"turns":4.0},{"damage":3.0,"enemies":"Large Slime","floor":14.0,"turns":5.0},{"damage":2.0,"enemies":"Hexaghost","floor":16.0,"turns":7.0},{"damage":0.0,"enemies":"Chosen","floor":18.0,"turns":3.0},{"damage":0.0,"enemies":"3 Byrds","floor":19.0,"turns":3.0},{"damage":0.0,"enemies":"Centurion and Healer","floor":21.0,"turns":4.0},{"damage":0.0,"enemies":"Snake Plant","floor":22.0,"turns":2.0},{"damage":0.0,"enemies":"Slavers","floor":23.0,"turns":4.0},{"damage":0.0,"enemies":"Snecko","floor":24.0,"turns":3.0},{"damage":0.0,"enemies":"Shelled Parasite and Fungi","floor":25.0,"turns":1.0},{"damage":33.0,"enemies":"Gremlin Leader","floor":27.0,"turns":7.0},{"damage":0.0,"enemies":"Centurion and Healer","floor":28.0,"turns":2.0},{"damage":0.0,"enemies":"Snecko","floor":30.0,"turns":2.0},{"damage":11.0,"enemies":"Champ","floor":33.0,"turns":4.0},{"damage":0.0,"enemies":"3 Darklings","floor":35.0,"turns":5.0},{"damage":18.0,"enemies":"3 Shapes","floor":39.0,"turns":3.0},{"damage":0.0,"enemies":"Nemesis","floor":40.0,"turns":5.0},{"damage":13.0,"enemies":"Spire Growth","floor":42.0,"turns":4.0},{"damage":0,"enemies":"4 Shapes","floor":44,"turns":1},{"damage":0,"enemies":"Jaw Worm Horde","floor":45,"turns":2},{"damage":0,"enemies":"Sphere and 2 Shapes","floor":46,"turns":2},{"damage":0,"enemies":"4 Shapes","floor":47,"turns":1},{"damage":2,"enemies":"Giant Head","floor":48,"turns":4},{"damage":31,"enemies":"Time Eater","floor":50,"turns":5}],"seed_played":"-2425098010432476902","potions_obtained":[{"floor":1.0,"key":"ColorlessPotion"},{"floor":7.0,"key":"Strength Potion"},{"floor":28.0,"key":"FairyPotion"},{"floor":30.0,"key":"PowerPotion"},{"floor":40.0,"key":"FearPotion"},{"floor":47,"key":"PowerPotion"}],"is_trial":false,"path_per_floor":["M","M","?","?","M","R","E","?","T","?","M","E","$","M","R","B",null,"M","M","$","M","M","E","M","M","T","E","M","?","M","?","R","B",null,"M","?","$","?","M","E","R","M","T","M","M","M","M","E","R","B",null],"character_chosen":"WATCHER","items_purchased":["OrangePellets","Oddly Smooth Stone","TalkToTheHand","AT_ImmortalShieldbow","MealTicket","AT_KneejerkReflex"],"campfire_rested":1,"item_purchase_floors":[13,13,13,20,37,37],"current_hp_per_floor":[70,69,62,45,45,45,41,41,41,41,21,12,12,13,13,11,54,53,52,51,50,49,48,47,46,52,19,19,11,16,16,46,35,49,48,47,46,45,27,32,32,19,19,19,19,24,24,27,34,15],"gold":641,"neow_bonus":"","is_daily":true,"chose_seed":false,"campfire_upgraded":4,"win_rate":0.0,"timestamp":1612798507,"path_taken":["M","M","?","?","M","R","E","?","T","?","?","E","$","M","R","BOSS","M","M","$","M","M","E","M","M","T","E","?","?","M","?","R","BOSS","M","?","$","?","M","E","R","M","T","M","M","M","M","E","R","BOSS"],"items_purchased_type":["Relic","Relic","Card","Relic","Relic","Card"],"build_version":"2020-12-18","purchased_purges":3,"victory":true,"max_hp_per_floor":[70,69,68,67,66,65,64,63,62,61,60,59,58,57,56,55,54,53,52,51,50,49,48,47,46,52,51,50,54,53,52,51,50,49,48,47,46,45,44,43,42,41,40,39,38,37,36,35,34,33],"card_choices":[{"not_picked":["AT_RealFormLess","CrushJoints","Predator"],"picked":"SKIP","floor":1.0},{"not_picked":["CutThroughFate","AT_TwilightShroud","Prostrate"],"picked":"SKIP","floor":2.0},{"not_picked":["Backflip+1","Cloak And Dagger+1","Bane"],"picked":"SKIP","floor":5.0},{"not_picked":["Conclude","Bouncing Flask+1"],"picked":"Acrobatics+1","floor":7.0},{"not_picked":["FearNoEvil","SashWhip","Prostrate+1"],"picked":"SKIP","floor":11.0},{"not_picked":["MentalFortress","CrushJoints"],"picked":"Blade Dance+1","floor":12.0},{"not_picked":["Endless Agony","PiercingWail+1"],"picked":"Fasting2","floor":14.0},{"not_picked":["EmptyBody+1","Blur+1","EmptyFist"],"picked":"SKIP","floor":18.0},{"not_picked":["AT_ShadowStep+1","FollowUp","Dagger Throw"],"picked":"SKIP","floor":19.0},{"not_picked":["ClearTheMind+1","SashWhip","Prostrate+1"],"picked":"SKIP","floor":21.0},{"not_picked":["Consecrate","ThirdEye+1"],"picked":"AT_Desolate","floor":22.0},{"not_picked":["Reflex+1","Masterful Stab+1"],"picked":"TalkToTheHand","floor":23.0},{"not_picked":["AT_ThistleTea+1","AT_KingSlayer","AT_TinkerSharpsword+1"],"picked":"SKIP","floor":24.0},{"not_picked":["AT_KingSlayer","AT_TinkerSharpsword+1"],"picked":"AT_ThistleTea+1","floor":24.0},{"not_picked":["ForeignInfluence+1","Bouncing Flask+1","Underhanded Strike"],"picked":"SKIP","floor":25.0},{"not_picked":["Slice","CutThroughFate"],"picked":"Blade Dance+1","floor":27.0},{"not_picked":["Worship+1","Bane","CarveReality+1","AT_TwilightShroud+1"],"picked":"SKIP","floor":28.0},{"not_picked":["Evaluate+1","AT_FocusSwordFire+1","SashWhip","Terror+1"],"picked":"SKIP","floor":30.0},{"not_picked":["Scrawl+1","AT_EssenceShift","Wraith Form v2"],"picked":"Wish+1","floor":33.0},{"not_picked":["CutThroughFate","Sucker Punch","Reflex+1","Dagger Spray"],"picked":"SKIP","floor":35.0},{"not_picked":["Mind Blast","AT_PowerWithin","Panacea+1"],"picked":"Enlightenment+1","floor":36.0},{"not_picked":["Evaluate+1","LikeWater+1","Pray+1"],"picked":"AT_OneInchPunch","floor":39.0},{"not_picked":["AT_ThistleTea+1","Predator+1","FearNoEvil+1","Evaluate+1"],"picked":"SKIP","floor":40.0},{"not_picked":["AT_ChampionKick","Sucker Punch","ReachHeaven"],"picked":"Terror+1","floor":42.0},{"not_picked":["All Out Attack+1","CrushJoints+1","Consecrate","Protect+1"],"picked":"SKIP","floor":44},{"not_picked":["Dagger Spray+1","LessonLearned","EmptyFist+1","Quick Slash+1"],"picked":"SKIP","floor":45},{"not_picked":["Finisher","SignatureMove","ClearTheMind+1","Well Laid Plans"],"picked":"SKIP","floor":46},{"not_picked":["FearNoEvil+1","Cloak And Dagger+1","FollowUp","Evaluate+1"],"picked":"SKIP","floor":47},{"not_picked":["Glass Knife","InnerPeace+1","FlyingSleeves+1"],"picked":"Concentrate+1","floor":48}],"player_experience":202937,"relics_obtained":[{"floor":7.0,"key":"Whetstone"},{"floor":9.0,"key":"Toy Ornithopter"},{"floor":12.0,"key":"Regal Pillow"},{"floor":23.0,"key":"AT_RedTearstoneRing"},{"floor":26.0,"key":"Strawberry"},{"floor":27.0,"key":"Question Card"},{"floor":40.0,"key":"Smiling Mask"},{"floor":43.0,"key":"AT_BellDemon"},{"floor":44,"key":"Dead Branch"},{"floor":45,"key":"Anchor"},{"floor":46,"key":"Eternal Feather"},{"floor":47,"key":"AT_SpeedBoots"},{"floor":48,"key":"Ice Cream"},{"floor":48,"key":"AT_GuinsooRageblade"}],"event_choices":[{"damage_healed":0.0,"max_hp_gain":0.0,"max_hp_loss":0.0,"gold_gain":0.0,"event_name":"Scrap Ooze","player_choice":"Success","floor":3.0,"gold_loss":0.0,"damage_taken":7.0,"relics_obtained":["Toxic Egg 2"]},{"damage_healed":0.0,"max_hp_gain":0.0,"max_hp_loss":0.0,"gold_gain":0.0,"event_name":"Golden Idol","player_choice":"Take Damage","floor":4.0,"gold_loss":0.0,"damage_taken":17.0,"relics_obtained":["Golden Idol"]},{"damage_healed":0.0,"max_hp_gain":0.0,"max_hp_loss":0.0,"gold_gain":69.0,"event_name":"Golden Wing","player_choice":"Gained Gold","floor":8.0,"gold_loss":0.0,"damage_taken":0.0},{"damage_healed":0.0,"max_hp_gain":0.0,"max_hp_loss":0.0,"gold_gain":0.0,"event_name":"Big Fish","player_choice":"Box","floor":10.0,"gold_loss":0.0,"damage_taken":0.0,"relics_obtained":["Old Coin"],"cards_obtained":["Regret"]},{"damage_healed":0.0,"max_hp_gain":5.0,"max_hp_loss":0.0,"gold_gain":0.0,"event_name":"Forgotten Altar","player_choice":"Shed Blood","floor":29.0,"gold_loss":0.0,"damage_taken":13.0},{"damage_healed":0.0,"max_hp_gain":0.0,"max_hp_loss":0.0,"gold_gain":0.0,"event_name":"Addict","player_choice":"Obtained Relic","floor":31.0,"gold_loss":85.0,"damage_taken":0.0,"relics_obtained":["Juzu Bracelet"]},{"damage_healed":0.0,"max_hp_gain":0.0,"max_hp_loss":0.0,"gold_gain":0.0,"event_name":"SensoryStone","player_choice":"Memory 1","floor":36.0,"gold_loss":0.0,"damage_taken":0.0},{"cards_removed":["Blasphemy"],"damage_healed":0.0,"max_hp_gain":0.0,"max_hp_loss":0.0,"gold_gain":0.0,"event_name":"Falling","player_choice":"Removed Skill","floor":38.0,"gold_loss":0.0,"damage_taken":0.0}],"is_beta":true,"boss_relics":[{"not_picked":["Velvet Choker","Fusion Hammer"],"picked":"Snecko Eye"},{"not_picked":["Astrolabe","VioletLotus"],"picked":"AT_MortalBlade"}],"items_purged_floors":[13,20,37],"is_endless":false,"potions_floor_spawned":[1,7,14,21,23,24,28,30,33,40,47,48],"ascension_level":0}}