{"host":"nia1zwr35jsu5y7h","time":1612792314,"event":{"mods":["2.2 Compatiblity","Abigail Mod","Bard","BaseMod","Colored Map","Conspire","Downfall","Friendly Minions","Hermit","Highlight Path","Hubris","Infinite Spire","Kiyohime????","Koishi","Marisa????????","Minty Spire (QoL Compilation)","Quick Restart","Replay The Spire","Shade Mod","Shop Mod","StSLib","The Administrix","The Animator","The Construct","The Cursed","The Disciple","The Mystic","The Necromancer","The Servant 0.9.4"],"gold_per_floor":[115,115,115,128,145,178,192,192,192,34,34,309,309,320,320,320,320],"floor_reached":16,"language":"ENG","playtime":604,"items_purged":["mysticmod:Strike_Mystic"],"score":200,"play_id":"8d618d57-dbab-4c25-8ef0-98d6be89901e","local_time":"20210208055154","is_ascension_mode":true,"campfire_choices":[{"data":"mysticmod:Haste","floor":8,"key":"SMITH"},{"data":"mysticmod:Feint","floor":11,"key":"SMITH"},{"data":"mysticmod:CureLightWounds","floor":13,"key":"SMITH"},{"floor":15,"key":"REST"}],"circlet_count":0,"master_deck":["AscendersBane","mysticmod:Strike_Mystic","mysticmod:Strike_Mystic","mysticmod:Defend_Mystic","mysticmod:Defend_Mystic","mysticmod:Defend_Mystic","mysticmod:Defend_Mystic","mysticmod:ArcaneDodge","mysticmod:ShockingGrasp","mysticmod:Fly","mysticmod:Feint+1","mysticmod:CureLightWounds+1","mysticmod:Fly","mysticmod:Haste+1","mysticmod:ComboCaster","Regret","mysticmod:MightyMagic"],"relics":["mysticmod:SpellBook","NeowsBlessing","infinitespire:CursedDice","Ginger"],"acts_visited":["Exordium"],"potions_floor_usage":[5,6],"damage_taken":[{"damage":0,"enemies":"Jaw Worm","floor":1,"turns":1},{"damage":0,"enemies":"2 Louse","floor":4,"turns":1},{"damage":0,"enemies":"Cultist","floor":5,"turns":1},{"damage":37,"enemies":"Lagavulin","floor":6,"turns":10},{"damage":15,"enemies":"Exordium Wildlife","floor":7,"turns":8},{"damage":9,"enemies":"Red Slaver","floor":14,"turns":6},{"damage":41,"enemies":"Slime Boss","floor":16,"turns":15}],"seed_played":"666908281815218889","potions_obtained":[{"floor":4,"key":"Adrenaline Potion"},{"floor":5,"key":"Fruit Juice"}],"is_trial":false,"path_per_floor":["M","?","?","M","M","E","M","R","T","$","R","?","R","M","R","B"],"character_chosen":"MYSTIC_CLASS","items_purchased":["mysticmod:ComboCaster"],"campfire_rested":1,"item_purchase_floors":[10],"current_hp_per_floor":[65,65,65,65,70,36,24,24,24,24,24,24,24,21,44,9,9],"gold":320,"neow_bonus":"THREE_ENEMY_KILL","is_daily":false,"chose_seed":false,"campfire_upgraded":3,"win_rate":0.0,"timestamp":1612792314,"path_taken":["M","?","?","?","M","E","M","R","T","$","R","?","R","?","R","BOSS"],"items_purchased_type":["Card"],"build_version":"2020-12-22","purchased_purges":1,"victory":false,"max_hp_per_floor":[72,72,72,72,77,77,77,77,77,77,77,77,77,77,77,77,77],"card_choices":[{"not_picked":["mysticmod:DiviningBlow","mysticmod:PureInstinct"],"picked":"mysticmod:Fly","floor":1},{"not_picked":["mysticmod:Disengage","mysticmod:LightningBolt"],"picked":"mysticmod:CureLightWounds","floor":4},{"not_picked":["mysticmod:Riposte","mysticmod:IllusionOfCalm","mysticmod:Shield"],"picked":"SKIP","floor":5},{"not_picked":["mysticmod:PowerSlash","mysticmod:Disengage"],"picked":"mysticmod:Fly","floor":6},{"not_picked":["mysticmod:BulkUp","mysticmod:PowerSlash"],"picked":"mysticmod:Haste","floor":7},{"not_picked":["mysticmod:Alacrity","mysticmod:Riposte"],"picked":"mysticmod:MightyMagic","floor":14}],"player_experience":2326646,"relics_obtained":[{"floor":6,"key":"infinitespire:CursedDice"},{"floor":9,"key":"Ginger"}],"event_choices":[{"cards_removed":["mysticmod:Strike_Mystic"],"damage_healed":0,"gold_gain":0,"player_choice":"Purged","damage_taken":0,"max_hp_gain":0,"max_hp_loss":0,"event_name":"Purifier","floor":3,"gold_loss":0},{"damage_healed":0,"gold_gain":275,"player_choice":"Desecrate","damage_taken":0,"max_hp_gain":0,"max_hp_loss":0,"event_name":"Golden Shrine","floor":12,"gold_loss":0,"cards_obtained":["Regret"]}],"is_beta":false,"boss_relics":[],"items_purged_floors":[10],"is_endless":false,"potions_floor_spawned":[4,5],"killed_by":"Slime Boss","ascension_level":20}}