{"host":"i627ldzjvyz252sa","time":1612760395,"event":{"mods":["BaseMod","Colored Map","Curses Come First","Downfall","Marisa????????","Minty Spire (QoL Compilation)","StSLib","The Bug Knight","The Cursed","The Disciple","The Necromancer","The Servant 0.9.4"],"gold_per_floor":[111,121,137,173,183,217,234,234,289,289,318,338,159,188,188,290,290,302,312,326,326,72,107,124,124,124,124,124],"floor_reached":27,"language":"ENG","playtime":2796,"items_purged":["Strike_S","Strike_S"],"score":305,"play_id":"771cb23f-1053-4aff-957a-c3b8770a1d6d","local_time":"20210207205955","is_ascension_mode":false,"campfire_choices":[{"floor":10.0,"key":"REST"},{"floor":15.0,"key":"REST"}],"circlet_count":3,"master_deck":["Strike_S","Defend_S","Defend_S","Defend_S","Defend_S","KidneyShot","Exchange+1","Foresight","Potential","ShatteredReality","Replace+1","PendulumOfEternity","Alleviate","Contraction","Potential","TimeWarp","FlawlessForm","TimeWarp","BottledTime"],"relics":["Uniform","Circlet","War Paint","Ornamental Fan","Blood Vial","Centennial Puzzle"],"acts_visited":[],"potions_floor_usage":[],"damage_taken":[{"damage":4.0,"enemies":"conspire:RoseBush","floor":1.0,"turns":5.0},{"damage":4.0,"enemies":"Cultist","floor":2.0,"turns":3.0},{"damage":0.0,"enemies":"2 Louse","floor":3.0,"turns":3.0},{"damage":0.0,"enemies":"Blue Slaver","floor":4.0,"turns":6.0},{"damage":4.0,"enemies":"Blue Slaver","floor":5.0,"turns":3.0},{"damage":17.0,"enemies":"3 Sentries","floor":6.0,"turns":4.0},{"damage":18.0,"enemies":"Gremlin Gang","floor":7.0,"turns":3.0},{"damage":3.0,"enemies":"Lagavulin","floor":11.0,"turns":6.0},{"damage":10.0,"enemies":"Looter","floor":12.0,"turns":4.0},{"damage":8.0,"enemies":"strawberrySpire:EnergyPylons","floor":14.0,"turns":3.0},{"damage":0.0,"enemies":"The Guardian","floor":16.0,"turns":9.0},{"damage":1.0,"enemies":"2 Thieves","floor":18.0,"turns":3.0},{"damage":8.0,"enemies":"Chosen","floor":19.0,"turns":6.0},{"damage":8.0,"enemies":"3 Cultists","floor":20.0,"turns":5.0},{"damage":23.0,"enemies":"conspire:SneckoGhost","floor":23.0,"turns":10.0},{"damage":3.0,"enemies":"conspire:HollyBat","floor":24.0,"turns":8.0},{"damage":0,"enemies":"Shelled Parasite and Fungi","floor":27,"turns":1}],"seed_played":"1489483122865474749","potions_obtained":[{"floor":1.0,"key":"GamblersBrew"},{"floor":6.0,"key":"AttackPotion"},{"floor":14.0,"key":"jedi:tentaclejuice"},{"floor":16.0,"key":"Energy Potion"},{"floor":18.0,"key":"FearPotion"},{"floor":19.0,"key":"SteroidPotion"}],"is_trial":false,"path_per_floor":["M","M","M","MIM","M","E","M","?","T","R","E","M","$","E","R","B",null,"M","M","M","?","$","E","M","AVR","T","M"],"character_chosen":"THE_SERVANT","items_purchased":["Swift Potion","Potential","Blood Vial"],"campfire_rested":2,"item_purchase_floors":[13,13,22],"current_hp_per_floor":[61,57,57,57,53,36,18,11,11,30,27,17,17,9,28,28,65,64,56,48,48,48,27,26,26,26,28,28],"gold":124,"neow_bonus":"THREE_CARDS","is_daily":false,"chose_seed":false,"campfire_upgraded":0,"win_rate":0.0,"timestamp":1612760395,"path_taken":["M","M","?","?","M","E","M","?","T","R","E","M","$","E","R","BOSS","M","M","M","?","$","E","M","AVR","T","?"],"items_purchased_type":["Potion","Card","Relic"],"build_version":"2020-12-22","purchased_purges":2,"victory":false,"max_hp_per_floor":[65,65,65,65,65,65,65,65,65,65,65,65,65,65,65,65,65,65,65,65,65,65,65,65,65,65,65,65],"card_choices":[{"not_picked":["DualDimension","Spin"],"picked":"Foresight","floor":0.0},{"not_picked":["Luminosity","Advance"],"picked":"Potential","floor":1.0},{"not_picked":["RealityMarble","Comet"],"picked":"ShatteredReality","floor":2.0},{"not_picked":["FastForward","Spin","Defy"],"picked":"SKIP","floor":3.0},{"not_picked":["Rewind","Rearm"],"picked":"Replace","floor":4.0},{"not_picked":["ReturningBlade","Gouge","Ricochet"],"picked":"SKIP","floor":5.0},{"not_picked":["FastForward","Reset"],"picked":"PendulumOfEternity","floor":6.0},{"not_picked":["Starlight","SpecialFormula"],"picked":"Alleviate","floor":7.0},{"not_picked":["Rearm","Ricochet","Alleviate"],"picked":"SKIP","floor":11.0},{"not_picked":["MurderousAura","Replace"],"picked":"Contraction","floor":12.0},{"not_picked":["SilverBlades","Starlight"],"picked":"TimeWarp","floor":14.0},{"not_picked":["Initiator","Dilation"],"picked":"FlawlessForm","floor":16.0},{"not_picked":["FanOfKnives","Defy","SilverBlades"],"picked":"SKIP","floor":18.0},{"not_picked":["SurpressingFire","Read","Spin"],"picked":"SKIP","floor":19.0},{"not_picked":["SilverBlades","Misdirection"],"picked":"TimeWarp","floor":20.0},{"not_picked":["Spin","FanOfKnives"],"picked":"BottledTime","floor":23.0},{"not_picked":["WasteNot+1","BestPractice","Collapse"],"picked":"SKIP","floor":24.0}],"player_experience":143934,"relics_obtained":[{"floor":6.0,"key":"jedi:bottledfury"},{"floor":9.0,"key":"War Paint"},{"floor":11.0,"key":"halation:PromiseList"},{"floor":14.0,"key":"Ornamental Fan"},{"floor":23.0,"key":"infinitespire:Satchel"},{"floor":26.0,"key":"Centennial Puzzle"}],"event_choices":[{"cards_removed":["Strike_S"],"damage_healed":0.0,"max_hp_gain":0.0,"max_hp_loss":0.0,"gold_gain":0.0,"event_name":"Golden Wing","player_choice":"Card Removal","floor":8.0,"gold_loss":0.0,"damage_taken":7.0},{"damage_healed":0.0,"max_hp_gain":0.0,"max_hp_loss":0.0,"gold_gain":0.0,"event_name":"The Woman in Blue","player_choice":"Bought 0 Potions","floor":21.0,"gold_loss":0.0,"damage_taken":0.0}],"is_beta":false,"boss_relics":[{"not_picked":["halation:LoveArrow","Ring of Chaos"],"picked":"hubris:ScarierMask"}],"items_purged_floors":[13,22],"is_endless":false,"potions_floor_spawned":[1,6,14,16,18,19,20],"killed_by":"Shelled Parasite and Fungi","ascension_level":0}}