{"host":"p9vmbvw2hh2n16dn","time":1612795049,"event":{"mods":["AchievementEnabler","BaseMod","Block Reminder","Minty Spire (QoL Compilation)","Relic Stats","SuperFastMode"],"gold_per_floor":[110,110,125,400,414,455,455,491,570,570,570],"floor_reached":10,"language":"ENG","playtime":226,"items_purged":[],"score":110,"play_id":"63a12cd3-9303-4d7c-b3f9-3cf61b923ae1","local_time":"20210208153729","is_ascension_mode":true,"campfire_choices":[{"data":"Rip and Tear","floor":7,"key":"SMITH"}],"circlet_count":0,"master_deck":["Strike_B","Strike_B","Strike_B","Strike_B","Defend_B+1","Defend_B","Defend_B","Defend_B","Zap+1","Dualcast","CurseOfTheBell","Conserve Battery","Sweeping Beam","Regret","Rip and Tear+1","Cold Snap"],"relics":["Calling Bell","Lantern","Question Card","Incense Burner","Golden Idol","Torii","War Paint","White Beast Statue"],"acts_visited":["Exordium"],"potions_floor_usage":[6,8],"damage_taken":[{"damage":2,"enemies":"Jaw Worm","floor":1,"turns":5},{"damage":1,"enemies":"Cultist","floor":3,"turns":4},{"damage":10,"enemies":"Small Slimes","floor":5,"turns":4},{"damage":12,"enemies":"3 Sentries","floor":6,"turns":4},{"damage":36,"enemies":"Gremlin Nob","floor":8,"turns":4},{"damage":14,"enemies":"Lagavulin","floor":10,"turns":2}],"seed_played":"1328094094959637427","potions_obtained":[{"floor":1,"key":"AttackPotion"},{"floor":6,"key":"PowerPotion"}],"is_trial":false,"path_per_floor":["M","?","M","?","M","E","R","E","T","E"],"character_chosen":"DEFECT","items_purchased":[],"campfire_rested":0,"item_purchase_floors":[],"current_hp_per_floor":[66,66,65,65,55,43,43,7,7,0,0],"gold":570,"neow_bonus":"BOSS_RELIC","is_daily":false,"chose_seed":false,"campfire_upgraded":1,"win_rate":0.0,"timestamp":1612795049,"path_taken":["M","?","M","?","?","E","R","E","T","E"],"items_purchased_type":[],"build_version":"2020-12-22","purchased_purges":0,"victory":false,"max_hp_per_floor":[75,69,69,69,69,69,69,69,69,69,69],"relic_stats":{"Torii":0,"counters":[6,23],"Golden Idol":21,"War Paint":["Defend_B","Zap"],"Question Card":5,"obtain_stats":[{"Calling Bell":0,"Lantern":0,"Torii":6,"Golden Idol":2,"Incense Burner":0,"War Paint":8,"Cracked Core":0,"Question Card":0,"White Beast Statue":9},{"Calling Bell":0,"Lantern":0,"Torii":4,"Golden Idol":1,"Incense Burner":0,"War Paint":5,"Cracked Core":0,"Question Card":0,"White Beast Statue":5},{"Calling Bell":0,"Lantern":0,"Torii":17,"Golden Idol":5,"Incense Burner":0,"War Paint":21,"Cracked Core":0,"Question Card":0,"White Beast Statue":21}]},"card_choices":[{"not_picked":["Turbo","Consume","Stack"],"picked":"Conserve Battery","floor":1},{"not_picked":["Coolheaded","Steam","Conserve Battery"],"picked":"Sweeping Beam","floor":3},{"not_picked":["Steam","Aggregate","Go for the Eyes","Gash"],"picked":"SKIP","floor":5},{"not_picked":["All For One","Chaos","Go for the Eyes"],"picked":"Rip and Tear","floor":6},{"not_picked":["Hologram","FTL","Static Discharge"],"picked":"Cold Snap","floor":8}],"player_experience":307726,"relics_obtained":[{"floor":0,"key":"Lantern"},{"floor":0,"key":"Question Card"},{"floor":0,"key":"Incense Burner"},{"floor":6,"key":"Torii"},{"floor":8,"key":"War Paint"},{"floor":9,"key":"White Beast Statue"}],"event_choices":[{"damage_healed":0,"gold_gain":0,"player_choice":"Lose Max HP","damage_taken":0,"relics_obtained":["Golden Idol"],"max_hp_gain":0,"max_hp_loss":6,"event_name":"Golden Idol","floor":2,"gold_loss":0},{"damage_healed":0,"gold_gain":275,"player_choice":"Desecrate","damage_taken":0,"max_hp_gain":0,"max_hp_loss":0,"event_name":"Golden Shrine","floor":4,"gold_loss":0,"cards_obtained":["Regret"]}],"is_beta":false,"boss_relics":[],"items_purged_floors":[],"is_endless":false,"potions_floor_spawned":[1,6],"killed_by":"Lagavulin","ascension_level":9}}