{"host":"928gv66myv2vlnsd","time":1612746263,"event":{"mods":["BaseMod","Highlight Path","Minty Spire (QoL Compilation)","StSLib"],"gold_per_floor":[111,130,149,74,94,94,121,121,121,133,178,190,202,250,262,274,274],"floor_reached":16,"language":"ENG","playtime":516,"items_purged":["Strike_R"],"score":236,"play_id":"93321bdf-83ab-4776-99fc-420b4249855e","local_time":"20210207200423","is_ascension_mode":true,"campfire_choices":[{"data":"Feel No Pain","floor":6,"key":"SMITH"},{"data":"Shockwave","floor":8,"key":"SMITH"},{"data":"Hemokinesis","floor":10,"key":"SMITH"},{"floor":12,"key":"REST"},{"floor":15,"key":"REST"}],"circlet_count":0,"master_deck":["AscendersBane","Strike_R","Strike_R","Strike_R","Strike_R","Defend_R","Defend_R","Defend_R","Defend_R","Bash","Shockwave+1","Pommel Strike","Hemokinesis+1","Feel No Pain+1","Warcry","Inflame","Ghostly Armor"],"relics":["Burning Blood","NeowsBlessing","Potion Belt","MawBank","Mercury Hourglass","Golden Idol","Bag of Marbles"],"acts_visited":[],"potions_floor_usage":[7],"damage_taken":[{"damage":0,"enemies":"Cultist","floor":1,"turns":1},{"damage":0,"enemies":"Small Slimes","floor":2,"turns":1},{"damage":0,"enemies":"2 Louse","floor":3,"turns":2},{"damage":19,"enemies":"Exordium Wildlife","floor":5,"turns":4},{"damage":19,"enemies":"Lagavulin","floor":7,"turns":7},{"damage":21,"enemies":"3 Sentries","floor":11,"turns":12},{"damage":26,"enemies":"Lagavulin","floor":14,"turns":6},{"damage":81,"enemies":"Hexaghost","floor":16,"turns":9}],"seed_played":"6675493393857564264","potions_obtained":[{"floor":3,"key":"SkillPotion"},{"floor":7,"key":"DuplicationPotion"},{"floor":14,"key":"FairyPotion"}],"is_trial":false,"path_per_floor":["M","M","M","$","M","R","E","R","T","R","E","R","?","E","R","B"],"character_chosen":"IRONCLAD","items_purchased":[],"campfire_rested":2,"item_purchase_floors":[],"current_hp_per_floor":[74,75,75,75,62,62,49,49,49,49,34,56,56,36,56,0,0],"gold":274,"neow_bonus":"THREE_ENEMY_KILL","is_daily":false,"chose_seed":false,"campfire_upgraded":3,"win_rate":0.0,"timestamp":1612746263,"path_taken":["M","M","?","?","?","R","E","R","T","R","E","R","?","E","R","BOSS"],"items_purchased_type":[],"build_version":"2020-12-22","purchased_purges":1,"victory":false,"max_hp_per_floor":[75,75,75,75,75,75,75,75,75,75,75,75,68,68,68,68,68],"card_choices":[{"not_picked":["Armaments","Clothesline"],"picked":"Shockwave","floor":1},{"not_picked":["Clothesline","Heavy Blade"],"picked":"Pommel Strike","floor":2},{"not_picked":["Ghostly Armor","Armaments"],"picked":"Hemokinesis","floor":3},{"not_picked":["Clash","Limit Break"],"picked":"Feel No Pain","floor":5},{"not_picked":["Anger","Thunderclap"],"picked":"Warcry","floor":7},{"not_picked":["Armaments","Wild Strike"],"picked":"Inflame","floor":11},{"not_picked":["Heavy Blade","Armaments"],"picked":"Ghostly Armor","floor":14}],"player_experience":1464567,"relics_obtained":[{"floor":7,"key":"Potion Belt"},{"floor":9,"key":"MawBank"},{"floor":11,"key":"Mercury Hourglass"},{"floor":14,"key":"Bag of Marbles"}],"event_choices":[{"damage_healed":0,"gold_gain":0,"player_choice":"Lose Max HP","damage_taken":0,"relics_obtained":["Golden Idol"],"max_hp_gain":0,"max_hp_loss":7,"event_name":"Golden Idol","floor":13,"gold_loss":0}],"is_beta":false,"boss_relics":[],"items_purged_floors":[4],"is_endless":false,"potions_floor_spawned":[3,7,14],"killed_by":"Hexaghost","ascension_level":20}}