{"host":"og6lam4kt3nibbw0","time":1612806725,"event":{"mods":["AchievementEnabler","BaseMod","Colored Map","DeckTracker","Highlight Path","Keyboard Shortcuts","Minty Spire (QoL Compilation)","Permanent Neow","Quick Restart","StSLib","SuperFastMode"],"gold_per_floor":[18,36,49,69,144,144,170,170,248,248,248,298,118,137,137,137,211,211,225,225,241,258,183,183,196,31,78,78,92,72,91,121,121,121,121],"floor_reached":34,"language":"KOR","playtime":1077,"items_purged":["Strike_R"],"score":544,"play_id":"c20a08dc-ee69-4f98-95bf-cd36b8f13fcf","local_time":"20210209025205","is_ascension_mode":true,"campfire_choices":[{"data":"Fire Breathing","floor":6.0,"key":"SMITH"},{"floor":8.0,"key":"REST"},{"data":"Armaments","floor":10.0,"key":"SMITH"},{"floor":11.0,"key":"REST"},{"data":"Heavy Blade","floor":15.0,"key":"SMITH"},{"floor":16.0,"key":"REST"},{"floor":24.0,"key":"REST"},{"floor":28.0,"key":"REST"},{"floor":33.0,"key":"REST"}],"circlet_count":0,"master_deck":["AscendersBane","Strike_R","Defend_R","Defend_R","Defend_R","Defend_R","Bash","Heavy Blade+1","Armaments+1","Clash","Fire Breathing+1","Demon Form","Whirlwind","Flex","Shrug It Off","Offering","Evolve","Demon Form","Heavy Blade"],"relics":["Burning Blood","WingedGreaves","Self Forming Clay","Snecko Eye","Strawberry","Anchor","Boot"],"acts_visited":["Exordium","TheCity"],"potions_floor_usage":[],"damage_taken":[{"damage":6.0,"enemies":"Jaw Worm","floor":1.0,"turns":7.0},{"damage":1.0,"enemies":"2 Louse","floor":2.0,"turns":3.0},{"damage":1.0,"enemies":"Cultist","floor":3.0,"turns":3.0},{"damage":27.0,"enemies":"Gremlin Gang","floor":4.0,"turns":8.0},{"damage":42.0,"enemies":"Gremlin Nob","floor":7.0,"turns":5.0},{"damage":11.0,"enemies":"Looter","floor":14.0,"turns":4.0},{"damage":38.0,"enemies":"Slime Boss","floor":17.0,"turns":7.0},{"damage":11.0,"enemies":"Chosen","floor":19.0,"turns":5.0},{"damage":25.0,"enemies":"Shell Parasite","floor":21.0,"turns":5.0},{"damage":33.0,"enemies":"Sentry and Sphere","floor":22.0,"turns":6.0},{"damage":33.0,"enemies":"Snake Plant","floor":25.0,"turns":5.0},{"damage":19.0,"enemies":"Centurion and Healer","floor":29.0,"turns":4.0},{"damage":8.0,"enemies":"Snecko","floor":31.0,"turns":3.0},{"damage":31.0,"enemies":"Gremlin Leader","floor":32.0,"turns":5.0},{"damage":75,"enemies":"Automaton","floor":34,"turns":6}],"seed_played":"-7607366835998340683","potions_obtained":[{"floor":1.0,"key":"Weak Potion"},{"floor":4.0,"key":"Dexterity Potion"},{"floor":7.0,"key":"PowerPotion"},{"floor":19.0,"key":"FairyPotion"},{"floor":22.0,"key":"Regen Potion"},{"floor":30.0,"key":"SmokeBomb"}],"is_trial":false,"path_per_floor":["M","M","M","M","?","R","E","R","T","R","R","?","$","M","R","R","B",null,"M","?","M","M","?","R","M","$","T","R","M","?","M","E","R","B"],"character_chosen":"IRONCLAD","items_purchased":["Whirlwind","Flex","Strawberry"],"campfire_rested":6,"item_purchase_floors":[13,13,26],"current_hp_per_floor":[68,73,75,54,43,43,7,29,29,29,51,51,51,46,46,68,36,65,60,60,41,14,14,36,9,16,16,40,32,32,30,30,54,0,0],"gold":121,"neow_bonus":"REMOVE_TWO","is_daily":false,"chose_seed":false,"campfire_upgraded":3,"win_rate":0.0,"timestamp":1612806725,"path_taken":["M","M","M","M","?","R","E","R","T","R","R","?","$","M","R","R","BOSS","M","?","?","M","?","R","M","$","T","R","M","?","M","E","R","BOSS"],"items_purchased_type":["Card","Card","Relic"],"build_version":"2020-12-22","purchased_purges":1,"victory":false,"max_hp_per_floor":[75,75,75,75,75,75,75,75,75,75,75,75,75,75,75,75,75,75,75,75,75,75,75,75,75,82,82,82,82,82,82,82,82,82,82],"card_choices":[{"not_picked":["Rupture","Shockwave"],"picked":"Heavy Blade","floor":1.0},{"not_picked":["Second Wind","Disarm"],"picked":"Armaments","floor":2.0},{"not_picked":["Bloodletting","Thunderclap"],"picked":"Clash","floor":3.0},{"not_picked":["Dual Wield","Thunderclap"],"picked":"Fire Breathing","floor":4.0},{"not_picked":["Searing Blow","Armaments"],"picked":"Demon Form","floor":7.0},{"not_picked":["Havoc","Sever Soul"],"picked":"Shrug It Off","floor":14.0},{"not_picked":["Barricade","Immolate"],"picked":"Offering","floor":17.0},{"not_picked":["Pommel Strike","Flex"],"picked":"Evolve","floor":19.0},{"not_picked":["Whirlwind","Feel No Pain"],"picked":"Heavy Blade","floor":21.0},{"not_picked":["Havoc","Armaments","Uppercut"],"picked":"SKIP","floor":22.0},{"not_picked":["Heavy Blade","Anger","Headbutt"],"picked":"SKIP","floor":25.0},{"not_picked":["Combust+1","Sword Boomerang","Disarm"],"picked":"SKIP","floor":29.0},{"not_picked":["Perfected Strike","Feel No Pain","Armaments"],"picked":"SKIP","floor":31.0},{"not_picked":["Dual Wield","Disarm","Sword Boomerang"],"picked":"SKIP","floor":32.0}],"player_experience":982566,"relics_obtained":[{"floor":7.0,"key":"WingedGreaves"},{"floor":9.0,"key":"Self Forming Clay"},{"floor":27.0,"key":"Anchor"},{"floor":32.0,"key":"Boot"}],"event_choices":[{"damage_healed":0.0,"max_hp_gain":0.0,"max_hp_loss":0.0,"gold_gain":75.0,"event_name":"World of Goop","player_choice":"Gather Gold","floor":5.0,"gold_loss":0.0,"damage_taken":11.0},{"damage_healed":0.0,"max_hp_gain":0.0,"max_hp_loss":0.0,"gold_gain":50.0,"event_name":"Golden Shrine","player_choice":"Pray","floor":12.0,"gold_loss":0.0,"damage_taken":0.0},{"damage_healed":0.0,"max_hp_gain":0.0,"max_hp_loss":0.0,"gold_gain":0.0,"event_name":"Duplicator","player_choice":"Copied","floor":20.0,"gold_loss":0.0,"damage_taken":0.0,"cards_obtained":["Demon Form"]},{"cards_removed":["Strike_R"],"damage_healed":0.0,"max_hp_gain":0.0,"max_hp_loss":0.0,"gold_gain":0.0,"event_name":"Beggar","player_choice":"Gave Gold","floor":23.0,"gold_loss":75.0,"damage_taken":0.0},{"damage_healed":0.0,"max_hp_gain":0.0,"max_hp_loss":0.0,"gold_gain":0.0,"event_name":"The Woman in Blue","player_choice":"Bought 1 Potion","floor":30.0,"gold_loss":0.0,"damage_taken":0.0}],"is_beta":false,"boss_relics":[{"not_picked":["Calling Bell","SacredBark"],"picked":"Snecko Eye"}],"items_purged_floors":[13],"is_endless":false,"potions_floor_spawned":[1,4,7,17,19,22,25],"killed_by":"Automaton","ascension_level":20}}