{"host":"i70yit5z0kpl303k","time":1612811158,"event":{"mods":["2.2 Compatiblity","Act Like it!","BaseMod","BetterRewards","Evolution","Infinite Spire","Ironclad Rager","Koishi","Marked Mod","Minty Spire (QoL Compilation)","Relic Stats","Reliquary","Replay The Spire","StSLib","The Blue Laboratory","The Marked","TheSwordswoman"],"gold_per_floor":[211,225,225,244,26,52,52,77,103,118,118,128,128,144,144,239,239,256,16,27,27,27,27,62,75,75,75,91,91,190,207,207,307,307,327,30,30,46,63,63,95,114,114,126,126,126],"floor_reached":45,"language":"ENG","playtime":1917,"items_purged":[],"score":574,"play_id":"606b099f-4c35-4d46-8cd2-233919065e26","local_time":"20210208110558","is_ascension_mode":true,"campfire_choices":[{"floor":11,"key":"REST"},{"floor":15,"key":"REST"},{"data":"White Noise","floor":23,"key":"SMITH"},{"floor":29,"key":"REST"},{"floor":32,"key":"REST"},{"floor":40,"key":"REST"}],"circlet_count":0,"master_deck":["Cold Snap","Cold Snap","Strike_B+1","Strike_B+1","Defend_B+1","Defend_B+1","Defend_B+1","Defend_B+1","Zap","Dualcast","ReplayGash","ReplayGash+1","Crystallizer","Capacitor","White Noise+1","Zap","Reboot","Go for the Eyes","BasicCrystalCard+1","Conserve Battery","Machine Learning","Leap+1","Ball Lightning","Steam+1","Stack","All For One","FIFO Queue","Rainbow","Conserve Battery+1","ReplayTheSpireMod:Calculation Training+1","ReplayTheSpireMod:Calculation Training+1","Conserve Battery+1","Self Repair","Go for the Eyes+1","Barrage"],"relics":["Cracked Core","EVO:Axolotl","OrangePellets","Replay:Rubber Ducky","ReplayTheSpireMod:TigerMarble","Replay:Baseball","Painkiller Herb","Bottled Tornado","Shovel","Golden Egg","Counterbalance","Strawberry"],"acts_visited":["Exordium","TheCity","TheBeyond"],"potions_floor_usage":[8,31,39],"damage_taken":[{"damage":0,"enemies":"Cultist","floor":1,"turns":3},{"damage":3,"enemies":"2 Louse","floor":2,"turns":3},{"damage":4,"enemies":"Small Slimes","floor":4,"turns":3},{"damage":12,"enemies":"3 Sentries","floor":6,"turns":6},{"damage":26,"enemies":"Replay:BlueRogue","floor":8,"turns":5},{"damage":16,"enemies":"Gremlin Gang","floor":10,"turns":3},{"damage":8,"enemies":"Exordium Thugs","floor":12,"turns":4},{"damage":0,"enemies":"Large Slime","floor":14,"turns":3},{"damage":29,"enemies":"The Guardian","floor":16,"turns":10},{"damage":8,"enemies":"3 Byrds","floor":18,"turns":6},{"damage":3,"enemies":"Spheric Guardian","floor":20,"turns":5},{"damage":38,"enemies":"Slavers","floor":24,"turns":5},{"damage":5,"enemies":"Snecko","floor":25,"turns":5},{"damage":3,"enemies":"3 Cultists","floor":28,"turns":5},{"damage":2,"enemies":"Shelled Parasite and Fungi","floor":31,"turns":7},{"damage":8,"enemies":"Champ","floor":33,"turns":12},{"damage":20,"enemies":"3 Darklings","floor":35,"turns":6},{"damage":20,"enemies":"3 Shapes","floor":38,"turns":4},{"damage":5,"enemies":"Jaw Worm Horde","floor":39,"turns":8},{"damage":29,"enemies":"Giant Head","floor":41,"turns":9},{"damage":0,"enemies":"Spire Growth","floor":42,"turns":6},{"damage":7,"enemies":"Writhing Mass","floor":44,"turns":9},{"damage":52,"enemies":"Transient","floor":45,"turns":5}],"seed_played":"-3575957567530209159","potions_obtained":[{"floor":1,"key":"Fire Potion"},{"floor":4,"key":"blueLaboratory:BottledHope"},{"floor":10,"key":"blueLaboratory:TrueEctoplasm"},{"floor":16,"key":"blueLaboratory:ImpenetrablePotion"},{"floor":35,"key":"Languid Potion"},{"floor":42,"key":"blueLaboratory:RememoryPotion"}],"is_trial":false,"path_per_floor":["M","M","?","M","$","E","?","E","T","M","R","M","$","M","R","B",null,"?","?","?","T","?","T","E","?","T","T","?","T","?","?","T","B",null,"?","T","?","?","?","T","E","?","T","?","?"],"character_chosen":"DEFECT","items_purchased":["Capacitor","OrangePellets","Golden Egg","ReplayTheSpireMod:Calculation Training"],"campfire_rested":5,"item_purchase_floors":[5,5,36,36],"current_hp_per_floor":[75,72,72,68,68,56,56,30,30,14,36,28,28,28,50,21,75,67,67,64,64,64,64,26,21,21,21,18,40,40,38,60,52,75,55,55,55,35,30,52,23,30,37,37,0,0],"gold":126,"neow_bonus":"HUNDRED_GOLD","is_daily":false,"chose_seed":false,"campfire_upgraded":1,"win_rate":0.0,"timestamp":1612811158,"path_taken":["M","?","?","M","$","E","?","E","T","M","R","?","?","?","R","BOSS","?","?","?","T","?","T","E","?","T","T","?","T","?","?","T","BOSS","?","T","?","?","?","T","E","?","T","?","?"],"items_purchased_type":["Card","Relic","Relic","Card"],"build_version":"2020-12-22","purchased_purges":0,"victory":false,"max_hp_per_floor":[75,75,75,75,75,75,75,75,75,75,75,75,75,75,75,75,75,75,75,75,75,75,75,75,75,75,75,75,75,75,75,75,75,75,75,75,75,75,75,75,75,75,82,82,82,82],"relic_stats":{"OrangePellets":[13],"Shovel":0,"counters":[23,132],"obtain_stats":[{"OrangePellets":5,"Golden Egg":36,"Replay:Baseball":9,"Shovel":26,"Counterbalance":41,"Strawberry":43,"Painkiller Herb":17,"ReplayTheSpireMod:TigerMarble":8,"EVO:Axolotl":0,"Bottled Tornado":24,"Cracked Core":0,"Replay:Rubber Ducky":6},{"OrangePellets":3,"Golden Egg":17,"Replay:Baseball":5,"Shovel":13,"Counterbalance":20,"Strawberry":21,"Painkiller Herb":9,"ReplayTheSpireMod:TigerMarble":5,"EVO:Axolotl":0,"Bottled Tornado":12,"Cracked Core":0,"Replay:Rubber Ducky":4},{"OrangePellets":9,"Golden Egg":91,"Replay:Baseball":20,"Shovel":61,"Counterbalance":112,"Strawberry":118,"Painkiller Herb":40,"ReplayTheSpireMod:TigerMarble":20,"EVO:Axolotl":0,"Bottled Tornado":56,"Cracked Core":0,"Replay:Rubber Ducky":15}]},"card_choices":[{"not_picked":["Hologram","Coolheaded"],"picked":"ReplayGash","floor":1},{"not_picked":["Capacitor","Rebound"],"picked":"ReplayGash","floor":2},{"not_picked":["Stack","Turbo"],"picked":"Crystallizer","floor":4},{"not_picked":["BasicCrystalCard","Cold Snap"],"picked":"White Noise","floor":6},{"not_picked":["Rebound","Sunder","ReplayTheSpireMod:Repulse"],"picked":"SKIP","floor":8},{"not_picked":["Multi-Cast","Chaos"],"picked":"Go for the Eyes","floor":10},{"not_picked":["Barrage","Chaos"],"picked":"BasicCrystalCard","floor":12},{"not_picked":["Rebound","Double Energy"],"picked":"Conserve Battery","floor":14},{"not_picked":["Meteor Strike","Buffer"],"picked":"Machine Learning","floor":16},{"not_picked":["Doom and Gloom","Compile Driver"],"picked":"Leap+1","floor":18},{"not_picked":["Turbo","Leap+1"],"picked":"Ball Lightning","floor":20},{"not_picked":["Go for the Eyes","Melter"],"picked":"Steam+1","floor":24},{"not_picked":["Heatsinks+1","Aggregate"],"picked":"Stack","floor":25},{"not_picked":["Cold Snap","Leap"],"picked":"All For One","floor":28},{"not_picked":["Ball Lightning","Aggregate"],"picked":"FIFO Queue","floor":31},{"not_picked":["Machine Learning","Mirror Shield"],"picked":"Rainbow","floor":33},{"not_picked":["Go for the Eyes","Steam"],"picked":"Conserve Battery+1","floor":35},{"not_picked":["Conserve Battery","Steam","Sunder+1"],"picked":"SKIP","floor":38},{"not_picked":["BootSequence+1","Redo+1"],"picked":"Conserve Battery+1","floor":39},{"not_picked":["BasicCrystalCard","Streamline"],"picked":"Self Repair","floor":41},{"not_picked":["Streamline","Ball Lightning+1"],"picked":"Go for the Eyes+1","floor":42},{"not_picked":["Reinforced Body+1","Aggregate+1"],"picked":"Barrage","floor":44}],"player_experience":267409,"relics_obtained":[{"floor":6,"key":"Replay:Rubber Ducky"},{"floor":8,"key":"ReplayTheSpireMod:TigerMarble"},{"floor":9,"key":"Replay:Baseball"},{"floor":24,"key":"Bottled Tornado"},{"floor":26,"key":"Shovel"},{"floor":41,"key":"Counterbalance"},{"floor":43,"key":"Strawberry"}],"event_choices":[{"damage_healed":0,"gold_gain":0,"player_choice":"2 cards matched","damage_taken":0,"max_hp_gain":0,"max_hp_loss":0,"event_name":"Match and Keep!","floor":7,"gold_loss":0,"cards_obtained":["Zap","Reboot"]},{"damage_healed":0,"gold_gain":0,"player_choice":"Simplicity","damage_taken":0,"max_hp_gain":0,"max_hp_loss":0,"event_name":"Back to Basics","floor":22,"gold_loss":0,"cards_upgraded":["Strike_B","Strike_B","Defend_B","Defend_B","Defend_B","Defend_B"]},{"damage_healed":0,"gold_gain":99,"player_choice":"Stole From Cult","damage_taken":0,"max_hp_gain":0,"max_hp_loss":0,"event_name":"Nest","floor":30,"gold_loss":0},{"damage_healed":0,"gold_gain":0,"player_choice":"Upgraded","damage_taken":0,"max_hp_gain":0,"max_hp_loss":0,"event_name":"Upgrade Shrine","floor":37,"gold_loss":0,"cards_upgraded":["BasicCrystalCard"]}],"is_beta":false,"boss_relics":[{"not_picked":["Astrolabe","Empty Cage"],"picked":"Painkiller Herb"},{"not_picked":["reliquary:Craggleroot","Abe\u0027s Treasure","Coffee Dripper"]}],"items_purged_floors":[],"is_endless":false,"potions_floor_spawned":[1,4,10,16,18,28,35,42,44],"killed_by":"Transient","ascension_level":3}}