{"host":"pft5kheyb7v7gger","time":1612793638,"event":{"mods":["Act Like it!","BaseMod","Downfall","Energized Spire","LagranYue(拉格朗・月)","Lobotomy","LobotomyExtend","Minty Spire (QoL Compilation)","Replay The Spire","StSLib","【遗物卡牌】REMEMod"],"gold_per_floor":[115,115,32,32,57,57,90,90,143,179,179,55,91,115,115,235,235,255,22,35,35,35,62,75,103,127,127,152,152,152,169,169,269,269,279,359,359,112,162,162,190,204,204,220,252,252,282,60,60,60],"floor_reached":51,"language":"ZHS","playtime":4060,"items_purged":["Delirium"],"score":1418,"play_id":"defb83a3-5529-42a5-afe5-7c8a998d9451","local_time":"20210208221358","is_ascension_mode":true,"campfire_choices":[{"data":"Magnetism","floor":6,"key":"SMITH"},{"data":"Juggernaut","floor":8,"key":"SMITH"},{"data":"LagranYue:EatTigerCard","floor":15,"key":"SMITH"},{"floor":27,"key":"RECALL"},{"data":"REME_Flogging","floor":30,"key":"SMITH"},{"data":"LagranYue:PowerGoldStartCard","floor":40,"key":"SMITH"},{"data":"LagranYue:SkillBlazingSevenRingsCard","floor":46,"key":"SMITH"},{"data":"ReplayUltimateDefense","floor":49,"key":"SMITH"}],"circlet_count":0,"master_deck":["LagranYue:BaseAttackCard","LagranYue:BaseAttackCard","LagranYue:BaseAttackCard","LagranYue:BaseDefendCard","LagranYue:BaseDefendCard","LagranYue:BaseDefendCard","LagranYue:AttackTopazCard","LagranYue:SkillBrokenSwordCard","LagranYue:AttackFlintCard","LagranYue:AttackGodSpearCard","Juggernaut+1","champ:Defend","Defend_G","Magnetism+1","LagranYue:SkillLiberationCard","LagranYue:EatTigerCard+1","LagranYue:EatTigerCard","LagranYue:PhysicalFitnessCard","LagranYue:AttackGoldCard","LagranYue:MultipleThornsCard","LagranYue:SkillExplosiveArmorCard+1","LagranYue:AttackRubyCard","LagranYue:AttackGodArchCard","Hallucinations","CommonCold","LagranYue:EatTigerCard+1","LagranYue:SkillDeadlyBloomCard","LagranYue:SkillDeadlyBloomCard","REME_Flogging+1","LagranYue:DefendBetterCard","LagranYue:DefendBetterCard","LagranYue:SkillTestamentCard","LagranYue:SkillHeartWaterCard","LagranYue:RubyDefendCard+1","LagranYue:AttackCellGodCard","LagranYue:SkillTestamentCard","LagranYue:PowerTwelveTrialsCard","LagranYue:AttackMagicStarsCard","LagranYue:AttackGalacticZeroCard","LagranYue:SkillHeartWaterCard","LagranYue:AttackFaithCard+1","LagranYue:SkillEightFeetJadeCard","LagranYue:SkillEightFeetJadeCard","Madness","Madness","LagranYue:SkillDeadlyBloomCard+1","LagranYue:FantasyCard","LagranYue:PowerGoldStartCard+1","LagranYue:SkillDeadlyBloomCard","LagranYue:RubyDefendCard","LagranYue:AttackFaithCard","LagranYue:DefendBetterCard+1","LagranYue:SkillBlazingSevenRingsCard+1","LagranYue:AttackFaithCard+1","LagranYue:RubyDefendCard","LagranYue:SkillTestamentCard","LagranYue:SkillBrokenSwordCard","LagranYue:SkillFalseAerialAceCard","ReplayUltimateDefense+1","LagranYue:ForgingCard+1"],"relics":["LagranYue:ArmsProficiencyRelics","REME_ComplimentaryCards","LagranYue:RandomDrawCardRelic","Centennial Puzzle","LetterFromLob","Bloody Idol","Replay:Wax Seal","Divine Protection","Toy Ornithopter","Strawberry","LagranYue:LuEnSwordRelics","Orichalcum","Gremlin Food","Replay:Mystery Machine","ReplayFunnel","Replay:Ancient Bell","MealTicket","ReplayTheSpireMod:Shallot","Replay:Kaleidoscope","LagranYue:MagicReflectiveArmorRelic","Regal Pillow","LagranYue:ZabaniyaRelics","Smiling Mask","LagranYue:GungnirRelics","Ancient Tea Set","Bag of Preparation","ReplayTheSpireMod:Lightbulb","ReplayTheSpireMod:TigerMarble","Philosopher\u0027s Stone","Potion Belt","REME_HandOfSuture","Turnip","Mango","Oddly Smooth Stone","War Paint"],"acts_visited":["Exordium","TheCity","TheBeyond"],"potions_floor_usage":[1,5,11,28],"damage_taken":[{"damage":8,"enemies":"Small Slimes","floor":1,"turns":6},{"damage":9,"enemies":"Cultist","floor":5,"turns":8},{"damage":9,"enemies":"Lagavulin","floor":7,"turns":11},{"damage":17,"enemies":"Gremlin Nob","floor":10,"turns":6},{"damage":0,"enemies":"3 Sentries","floor":13,"turns":4},{"damage":0,"enemies":"Jaw Worm","floor":14,"turns":6},{"damage":0,"enemies":"Slime Boss","floor":16,"turns":9},{"damage":13,"enemies":"3 Byrds","floor":18,"turns":6},{"damage":23,"enemies":"Spheric Guardian","floor":20,"turns":7},{"damage":0,"enemies":"Book of Stabbing","floor":23,"turns":7},{"damage":6,"enemies":"Snake Plant","floor":24,"turns":7},{"damage":0,"enemies":"Replay:Snechameleon","floor":25,"turns":10},{"damage":0,"enemies":"Gremlin Leader","floor":28,"turns":10},{"damage":0,"enemies":"3 Cultists","floor":31,"turns":5},{"damage":0,"enemies":"Champ","floor":33,"turns":7},{"damage":0,"enemies":"3 Shapes","floor":35,"turns":3},{"damage":0,"enemies":"Mind Bloom Boss Battle","floor":39,"turns":4},{"damage":0,"enemies":"R_Hoarder","floor":41,"turns":2},{"damage":0,"enemies":"3 Darklings","floor":42,"turns":1},{"damage":0,"enemies":"Transient","floor":44,"turns":4},{"damage":0,"enemies":"Nemesis","floor":45,"turns":5},{"damage":0,"enemies":"Reptomancer","floor":47,"turns":4},{"damage":0,"enemies":"Awakened One","floor":50,"turns":9},{"damage":0,"enemies":"Malkuth","floor":51,"turns":1},{"damage":46,"enemies":"Hod","floor":51,"turns":8},{"damage":53,"enemies":"Tiphereth","floor":51,"turns":7},{"damage":5,"enemies":"Hokma","floor":51,"turns":6},{"damage":40,"enemies":"Angela","floor":51,"turns":8}],"seed_played":"4476147122305748288","potions_obtained":[{"floor":1,"key":"REME_GoldPotion"},{"floor":5,"key":"Strength Potion"},{"floor":5,"key":"FearPotion"},{"floor":11,"key":"REME_GoldPotion"},{"floor":11,"key":"SkillPotion"},{"floor":20,"key":"Adrenaline Potion"},{"floor":25,"key":"champ:CounterPotion"},{"floor":36,"key":"bronze:BurnAndBuffPotion"},{"floor":36,"key":"Energy Potion"},{"floor":41,"key":"Energy Potion"},{"floor":44,"key":"bronze:BurnAndBuffPotion"}],"is_trial":false,"path_per_floor":["M","?","$","?","M","R","E","R","T","E","?","$","E","M","R","B",null,"M","$","M","$","?","E","M","E","T","R","E","?","R","M","R","B",null,"M","?","?","$","?","R","E","M","T","M","E","R","E","$","R","B",null],"character_chosen":"LagranYueCharacter","items_purchased":["LagranYue:EatTigerCard","AttackPotion","LagranYue:MultipleThornsCard","LagranYue:SkillExplosiveArmorCard","LagranYue:SkillDeadlyBloomCard","REME_Flogging","LagranYue:SkillDeadlyBloomCard","LagranYue:FantasyCard","LagranYue:PowerGoldStartCard","ReplayUltimateDefense","LagranYue:ForgingCard+1"],"campfire_rested":0,"item_purchase_floors":[3,3,12,12,19,19,38,38,38,48,48],"current_hp_per_floor":[67,75,75,57,68,68,59,59,59,49,54,54,54,54,54,54,82,69,82,59,74,74,79,81,82,82,82,82,92,92,92,92,92,92,92,74,62,77,82,82,101,111,111,111,120,120,121,121,121,121],"gold":60,"neow_bonus":"RANDOM_COLORLESS_2","is_daily":false,"chose_seed":false,"campfire_upgraded":7,"win_rate":0.0,"timestamp":1612793638,"path_taken":["M","?","$","?","M","R","E","R","T","E","?","$","E","M","R","BOSS","M","?","M","$","?","E","M","E","T","R","E","?","R","?","R","BOSS","M","?","?","$","?","R","E","M","T","?","E","R","E","$","R","BOSS"],"items_purchased_type":["Card","Potion","Card","Card","Card","Card","Card","Card","Card","Card","Card"],"build_version":"2020-12-22","purchased_purges":1,"victory":true,"max_hp_per_floor":[75,75,75,75,75,75,75,75,75,82,82,82,82,82,82,82,82,82,82,82,82,82,82,82,82,82,82,82,92,92,92,92,92,92,92,92,92,92,92,92,106,111,111,111,120,120,121,121,121,121],"card_choices":[{"not_picked":["Sadistic Nature","Panache"],"picked":"Magnetism","floor":0},{"not_picked":["LagranYue:ProjectionCard","LagranYue:SkillIncompleteArchCard"],"picked":"LagranYue:SkillLiberationCard","floor":1},{"not_picked":["LagranYue:DefendBetterCard","LagranYue:PrematureBurialCard"],"picked":"LagranYue:PhysicalFitnessCard","floor":5},{"not_picked":["LagranYue:PhysicalFitnessCard","LagranYue:SkillDeathBolgCard"],"picked":"LagranYue:PowerDoubleArmsCard","floor":7},{"not_picked":["LagranYue:AttackMagicStarsCard","LagranYue:BraveTemperamentCard"],"picked":"LagranYue:AttackGoldCard","floor":10},{"not_picked":["LagranYue:AttackKillerCard","LagranYue:AttackRavagedCard"],"picked":"LagranYue:AttackRubyCard","floor":13},{"not_picked":["LagranYue:AttackRavagedCard","LagranYue:AttackTopazCard","LagranYue:AttackEmeraldCard"],"picked":"SKIP","floor":14},{"not_picked":["LagranYue:AttackGodSwordCard","LagranYue:SkillDisasterEquipmentCard"],"picked":"LagranYue:AttackGodArchCard","floor":16},{"not_picked":["Spreading Infection","Pain"],"picked":"Hallucinations","floor":17},{"not_picked":["downfall:Aged","CurseOfTheBell"],"picked":"Delirium","floor":17},{"not_picked":["downfall:Bewildered","Overencumbered"],"picked":"CommonCold","floor":17},{"not_picked":["LagranYue:SkillDistortionCard","LagranYue:EmeraldRemorseCard"],"picked":"LagranYue:EatTigerCard+1","floor":18},{"not_picked":["LagranYue:AttackDevilCard+1","LagranYue:AttackMagicStarsCard"],"picked":"LagranYue:DefendBetterCard","floor":20},{"not_picked":["LagranYue:AttackGoldCard","LagranYue:AttackDegenerateCard"],"picked":"LagranYue:DefendBetterCard","floor":23},{"not_picked":["LagranYue:AttackSummerCard","LagranYue:BraveTemperamentCard"],"picked":"LagranYue:SkillTestamentCard","floor":23},{"not_picked":["LagranYue:AttackMagicStarsCard","LagranYue:PowerDoubleArmsCard"],"picked":"LagranYue:SkillHeartWaterCard","floor":24},{"not_picked":["LagranYue:SkillDistortionCard","LagranYue:AttackMagicMoonCard","LagranYue:AttackRavagedCard"],"picked":"SKIP","floor":24},{"not_picked":["LagranYue:SkillWoodSpearCard","LagranYue:PowerBloodyTempleCard"],"picked":"LagranYue:RubyDefendCard+1","floor":25},{"not_picked":["LagranYue:SkillVictorySwordCard","LagranYue:AttackAerCard"],"picked":"LagranYue:AttackCellGodCard","floor":25},{"not_picked":["LagranYue:AttackPurpleCard","LagranYue:SkillWoodSpearCard"],"picked":"LagranYue:SkillTestamentCard","floor":28},{"not_picked":["LagranYue:AttackRavagedCard+1","LagranYue:AttackKingCard+1"],"picked":"LagranYue:PowerTwelveTrialsCard","floor":28},{"not_picked":["LagranYue:PowerTwelveTrialsCard","LagranYue:AttackAerCard"],"picked":"LagranYue:AttackMagicStarsCard","floor":31},{"not_picked":["LagranYue:PrematureBurialCard","LagranYue:SapphirePrayerCard"],"picked":"LagranYue:AttackGalacticZeroCard","floor":33},{"not_picked":["LagranYue:SkillGanJiangMoYeSwordCard","LagranYue:AttackEmeraldCard"],"picked":"LagranYue:SkillHeartWaterCard","floor":33},{"not_picked":["LagranYue:PrematureBurialCard","LagranYue:AttackEngravingRoseCard+1"],"picked":"LagranYue:AttackFaithCard+1","floor":35},{"not_picked":["LagranYue:AttackPurpleCard","LagranYue:SkillFalseAerialAceCard"],"picked":"LagranYue:SkillEightFeetJadeCard","floor":35},{"not_picked":["LagranYue:SkillDeadlyBloomCard+1","LagranYue:AttackFireCard"],"picked":"LagranYue:SkillEightFeetJadeCard","floor":36},{"not_picked":["LagranYue:PowerKingTreasureCard","LagranYue:SkillVictorySwordCard"],"picked":"LagranYue:SkillDeadlyBloomCard","floor":39},{"not_picked":["LagranYue:SkillEightFeetJadeCard+1","LagranYue:AttackRubyCard+1"],"picked":"LagranYue:RubyDefendCard","floor":39},{"not_picked":["LagranYue:TestChooseCard","LagranYue:PowerDoubleArmsCard"],"picked":"LagranYue:AttackFaithCard","floor":41},{"not_picked":["LagranYue:AttackEngravingRoseCard+1","LagranYue:SkillBrokenShieldCard","LagranYue:ProjectionCard+1"],"picked":"SKIP","floor":41},{"not_picked":["LagranYue:SkillBrokenSwordCard","LagranYue:AttackFlintCard+1"],"picked":"LagranYue:DefendBetterCard+1","floor":42},{"not_picked":["LagranYue:SkillBrokenSwordCard","LagranYue:AttackEnchantmentCard"],"picked":"LagranYue:SkillBlazingSevenRingsCard","floor":44},{"not_picked":["LagranYue:PurpleNightmareCard+1","LagranYue:SkillFalseAerialAceCard"],"picked":"LagranYue:AttackFaithCard+1","floor":44},{"not_picked":["LagranYue:GoldForgingCard","LagranYue:SkillBrokenShieldCard"],"picked":"LagranYue:RubyDefendCard","floor":45},{"not_picked":["LagranYue:AttackRavagedCard+1","LagranYue:MagicSkyrocketCard"],"picked":"LagranYue:SkillTestamentCard","floor":45},{"not_picked":["LagranYue:SkillHeartWaterCard","LagranYue:AttackEngravingRoseCard"],"picked":"LagranYue:SkillBrokenSwordCard","floor":47},{"not_picked":["LagranYue:AttackEngravingRoseCard","LagranYue:ProjectionCard+1"],"picked":"LagranYue:SkillFalseAerialAceCard","floor":47}],"player_experience":265558,"relics_obtained":[{"floor":1,"key":"Centennial Puzzle"},{"floor":1,"key":"LetterFromLob"},{"floor":5,"key":"Replay:Wax Seal"},{"floor":7,"key":"Divine Protection"},{"floor":7,"key":"Toy Ornithopter"},{"floor":10,"key":"Strawberry"},{"floor":10,"key":"LagranYue:LuEnSwordRelics"},{"floor":13,"key":"Orichalcum"},{"floor":13,"key":"Gremlin Food"},{"floor":14,"key":"Replay:Mystery Machine"},{"floor":16,"key":"ReplayFunnel"},{"floor":20,"key":"LagranYue:MagicReflectiveArmorRelic"},{"floor":23,"key":"Regal Pillow"},{"floor":23,"key":"LagranYue:ZabaniyaRelics"},{"floor":24,"key":"Smiling Mask"},{"floor":25,"key":"LagranYue:GungnirRelics"},{"floor":25,"key":"Ancient Tea Set"},{"floor":26,"key":"Bag of Preparation"},{"floor":28,"key":"ReplayTheSpireMod:Lightbulb"},{"floor":31,"key":"ReplayTheSpireMod:TigerMarble"},{"floor":36,"key":"Potion Belt"},{"floor":39,"key":"REME_HandOfSuture"},{"floor":39,"key":"Turnip"},{"floor":41,"key":"Mango"},{"floor":45,"key":"Oddly Smooth Stone"},{"floor":47,"key":"War Paint"}],"event_choices":[{"damage_healed":0,"gold_gain":0,"player_choice":"Take Damage","damage_taken":18,"relics_obtained":["Golden Idol"],"max_hp_gain":0,"max_hp_loss":0,"event_name":"Golden Idol","floor":4,"gold_loss":0},{"damage_healed":0,"gold_gain":0,"player_choice":"Got Potions","damage_taken":0,"max_hp_gain":0,"max_hp_loss":0,"event_name":"Lab","floor":11,"gold_loss":0},{"damage_healed":0,"gold_gain":0,"player_choice":"Gave Idol","damage_taken":0,"relics_obtained":["Bloody Idol"],"max_hp_gain":0,"max_hp_loss":0,"event_name":"Forgotten Altar","floor":22,"relics_lost":["Golden Idol"],"gold_loss":0},{"cards_removed":["LagranYue:PowerDoubleArmsCard"],"damage_healed":0,"gold_gain":0,"player_choice":"Offered Rare","damage_taken":0,"max_hp_gain":10,"max_hp_loss":0,"event_name":"Bonfire Elementals","floor":29,"gold_loss":0},{"damage_healed":0,"gold_gain":0,"player_choice":"Embrace Madness","damage_taken":12,"max_hp_gain":0,"max_hp_loss":0,"event_name":"Winding Halls","floor":37,"gold_loss":0,"cards_obtained":["Madness","Madness"]},{"damage_healed":0,"gold_gain":0,"player_choice":"Fight","damage_taken":0,"max_hp_gain":0,"max_hp_loss":0,"event_name":"MindBloom","floor":39,"gold_loss":0}],"is_beta":false,"boss_relics":[{"not_picked":["Replay:Drink Me","Tiny House"],"picked":"Replay:Ancient Bell"},{"not_picked":["Akabeko","Bag of Marbles"],"picked":"MealTicket"},{"not_picked":["Question Card","LagranYue:RuleBreakerRelics"],"picked":"ReplayTheSpireMod:Shallot"},{"not_picked":["LagranYue:OveredgeRelics","REME_IWantAll"],"picked":"Replay:Kaleidoscope"},{"not_picked":["Runic Dome","LagranYue:BrokenPhantasmRelics"],"picked":"Philosopher\u0027s Stone"}],"items_purged_floors":[38],"is_endless":false,"potions_floor_spawned":[1,5,14,18,20,24,25,41,44],"ascension_level":2}}