{"host":"0mk07bycsqo1qk03","time":1612770032,"event":{"mods":["BaseMod","Downfall","Hermit","Hubris","Minty Spire (QoL Compilation)","Reliquary","Replay The Spire","StSLib","The Cursed"],"gold_per_floor":[156,209,27,64,156,156,196,196,196,196,196,231,231,231,231,332,332,332,332],"floor_reached":18,"language":"ENG","playtime":628,"items_purged":["Voices"],"score":251,"play_id":"9b2a3952-e0e3-4cdc-b772-4dd19710df1b","local_time":"20210208084032","is_ascension_mode":true,"campfire_choices":[{"data":"HandOfGreed","floor":6,"key":"SMITH"},{"floor":8,"key":"REST"},{"data":"Terror","floor":11,"key":"SMITH"},{"floor":15,"key":"DIG"}],"circlet_count":0,"master_deck":["AscendersBane","Strike_G","Strike_G","Strike_G","Strike_G","Defend_G","Defend_G","Defend_G","Defend_G","Defend_G","Survivor","Neutralize","HandOfGreed+1","Well Laid Plans","Acrobatics","ReplayTheSpireMod:Splinters","Terror+1","Fluid Movement","Blade Dance","Outmaneuver","Glass Knife"],"relics":["ReplayTheSpireMod:CursedCoin","Ninja Scroll","Pear","Sizzling Blood","Happy Flower","Snecko Scales"],"acts_visited":["Exordium","TheCity"],"potions_floor_usage":[5,5],"damage_taken":[{"damage":1,"enemies":"2 Louse","floor":1,"turns":6},{"damage":7,"enemies":"Small Slimes","floor":2,"turns":7},{"damage":0,"enemies":"Jaw Worm","floor":4,"turns":4},{"damage":35,"enemies":"Gremlin Gang","floor":5,"turns":8},{"damage":8,"enemies":"Blue Slaver","floor":7,"turns":3},{"damage":0,"enemies":"Red Slaver","floor":12,"turns":2},{"damage":38,"enemies":"The Guardian","floor":16,"turns":12},{"damage":0,"enemies":"2 Thieves","floor":18,"turns":1}],"seed_played":"5042662144319785886","potions_obtained":[{"floor":1,"key":"Energy Potion"},{"floor":4,"key":"Dexterity Potion"},{"floor":7,"key":"FearPotion"},{"floor":16,"key":"Fire Potion"}],"is_trial":false,"path_per_floor":["M","M","$","M","M","R","M","R","T","?","R","M","?","?","R","B",null,"M"],"character_chosen":"THE_SILENT","items_purchased":["ReplayTheSpireMod:CursedCoin","Ninja Scroll"],"campfire_rested":1,"item_purchase_floors":[3,3],"current_hp_per_floor":[62,55,55,55,20,20,12,33,43,47,47,51,51,51,51,17,67,67,67],"gold":332,"neow_bonus":"RANDOM_COLORLESS_2","is_daily":false,"chose_seed":false,"campfire_upgraded":2,"win_rate":0.0,"timestamp":1612770032,"path_taken":["M","M","$","M","M","R","M","R","T","?","R","M","?","?","R","BOSS","M"],"items_purchased_type":["Relic","Relic"],"build_version":"2020-12-22","purchased_purges":1,"victory":false,"max_hp_per_floor":[70,70,70,70,70,70,70,70,80,84,84,84,84,84,84,84,84,84,84],"card_choices":[{"not_picked":["Thinking Ahead","Metamorphosis"],"picked":"HandOfGreed","floor":0},{"not_picked":["Expertise","Prepared"],"picked":"Well Laid Plans","floor":1},{"not_picked":["Eviscerate","ReplayTheSpireMod:Exploit Weakness"],"picked":"Acrobatics","floor":2},{"not_picked":["Escape Plan","Outmaneuver"],"picked":"Terror","floor":4},{"not_picked":["Quick Slash","hubris:Sniper"],"picked":"Fluid Movement","floor":5},{"not_picked":["Choke","PiercingWail"],"picked":"Blade Dance","floor":7},{"not_picked":["Dodge and Roll","Reflex"],"picked":"Outmaneuver","floor":12},{"not_picked":["Burst","Grand Finale"],"picked":"Glass Knife","floor":16}],"player_experience":1020380,"relics_obtained":[{"floor":9,"key":"Pear"},{"floor":15,"key":"Happy Flower"}],"event_choices":[{"damage_healed":0,"gold_gain":0,"player_choice":"Ignored","damage_taken":0,"max_hp_gain":0,"max_hp_loss":0,"event_name":"Liars Game","floor":13,"gold_loss":0}],"is_beta":false,"boss_relics":[{"not_picked":["SacredBark","Snecko Eye"],"picked":"Snecko Scales"}],"items_purged_floors":[3],"is_endless":false,"potions_floor_spawned":[1,4,7,16],"killed_by":"2 Thieves","ascension_level":13}}