{"host":"f3chan41r3z23lol","time":1612760454,"event":{"mods":["BaseMod","Hermit","Minty Spire (QoL Compilation)","StSLib","The Poker Player"],"gold_per_floor":[216,216,142,154,164,178,193,212,212,240,282,311,323,347,359,466,478,504,81,99,114,127,127,153,7,7,7,7,7,7],"floor_reached":28,"language":"KOR","playtime":1272,"items_purged":["PokerPlayerMod:Club1"],"score":246,"play_id":"7c61ea8c-c845-4f6c-8a89-f019267a4431","local_time":"20210208140054","is_ascension_mode":false,"metric_token":350,"campfire_choices":[{"floor":13,"key":"REST"},{"data":"PokerPlayerMod:Mulligan","floor":15,"key":"SMITH"},{"data":"PokerPlayerMod:Diamond1","floor":23,"key":"SMITH"},{"floor":27,"key":"REST"}],"circlet_count":0,"master_deck":["PokerPlayerMod:Diamond2","PokerPlayerMod:Diamond2","PokerPlayerMod:Diamond3","PokerPlayerMod:Diamond4","PokerPlayerMod:Diamond8","PokerPlayerMod:Spade1","PokerPlayerMod:Spade2","PokerPlayerMod:Spade3","PokerPlayerMod:Spade4","PokerPlayerMod:Club2","PokerPlayerMod:Heart2","PokerPlayerMod:TrumpStrike","PokerPlayerMod:Mulligan+1","PokerPlayerMod:Fold","PokerPlayerMod:Heart8","PokerPlayerMod:Diamond7","PokerPlayerMod:DiamondStrike","PokerPlayerMod:HiddenCard","PokerPlayerMod:Diamond7","PokerPlayerMod:Diamond5","PokerPlayerMod:Sharpen","PokerPlayerMod:Diamond8","PokerPlayerMod:Diamond8","PokerPlayerMod:Trickery+1"],"relics":["PokerPlayerMod:DeckCase","MawBank","Bottled Lightning","SacredBark","Pear","Nunchaku","PokerPlayerMod:PenAndEraser","Juzu Bracelet"],"acts_visited":["Exordium","TheCity"],"potions_floor_usage":[16],"damage_taken":[{"damage":0.0,"enemies":"Jaw Worm","floor":1.0,"turns":1.0},{"damage":0.0,"enemies":"Cultist","floor":4.0,"turns":3.0},{"damage":2.0,"enemies":"Small Slimes","floor":5.0,"turns":3.0},{"damage":6.0,"enemies":"Looter","floor":6.0,"turns":3.0},{"damage":13.0,"enemies":"Large Slime","floor":7.0,"turns":4.0},{"damage":10.0,"enemies":"Exordium Thugs","floor":8.0,"turns":2.0},{"damage":7,"enemies":"Blue Slaver","floor":10,"turns":2},{"damage":39,"enemies":"Lagavulin","floor":11,"turns":6},{"damage":0,"enemies":"Large Slime","floor":12,"turns":4},{"damage":31,"enemies":"Exordium Wildlife","floor":14,"turns":5},{"damage":16,"enemies":"Slime Boss","floor":16,"turns":5},{"damage":10,"enemies":"Spheric Guardian","floor":18,"turns":3},{"damage":21,"enemies":"Shell Parasite","floor":20,"turns":4},{"damage":6,"enemies":"Chosen and Byrds","floor":21,"turns":4},{"damage":8,"enemies":"3 Cultists","floor":22,"turns":4},{"damage":43,"enemies":"Slavers","floor":24,"turns":4},{"damage":40,"enemies":"Book of Stabbing","floor":28,"turns":5}],"seed_played":"3167441700633056258","potions_obtained":[{"floor":4.0,"key":"BlessingOfTheForge"},{"floor":7.0,"key":"CultistPotion"},{"floor":10,"key":"Explosive Potion"},{"floor":16,"key":"DuplicationPotion"}],"is_trial":false,"path_per_floor":["M","?","$","M","M","M","M","M","T","M","E","M","R","M","R","B",null,"M","$","M","M","M","R","E","$","T","R","E"],"character_chosen":"THE_POKER_PLAYER","items_purchased":["PokerPlayerMod:Heart8","PokerPlayerMod:Diamond8","Pear","PokerPlayerMod:PenAndEraser"],"campfire_rested":2,"item_purchase_floors":[3,19,19,25],"current_hp_per_floor":[52,52,52,52,52,46,33,23,23,34,5,23,38,19,19,14,52,42,52,45,49,45,45,12,12,12,30,0,0,0],"gold":7,"neow_bonus":"HUNDRED_GOLD","is_daily":false,"chose_seed":false,"campfire_upgraded":2,"win_rate":0.0,"timestamp":1612760454,"path_taken":["M","?","$","M","M","M","M","M","T","M","E","?","R","M","R","BOSS","M","$","?","M","M","R","E","$","T","R","E"],"items_purchased_type":["Card","Card","Relic","Relic"],"build_version":"2020-12-22","purchased_purges":1,"victory":false,"max_hp_per_floor":[52,52,52,52,52,52,52,52,52,52,52,52,52,52,52,52,52,52,62,62,62,62,62,62,62,62,62,62,62,62],"card_choices":[{"not_picked":["PokerPlayerMod:Diamond3","PokerPlayerMod:DartThrow"],"picked":"PokerPlayerMod:Fold","floor":1.0},{"not_picked":["PokerPlayerMod:Diamond3","PokerPlayerMod:CloakAndDiamond"],"picked":"PokerPlayerMod:Diamond4","floor":4.0},{"not_picked":["PokerPlayerMod:Club3","PokerPlayerMod:Heart2"],"picked":"PokerPlayerMod:DiamondStrike","floor":5.0},{"not_picked":["PokerPlayerMod:SpadeStrike","PokerPlayerMod:Spade2"],"picked":"PokerPlayerMod:HiddenCard","floor":6.0},{"not_picked":["PokerPlayerMod:SecondChance","PokerPlayerMod:HotShotCut"],"picked":"PokerPlayerMod:Diamond7","floor":7.0},{"not_picked":["PokerPlayerMod:Diamond2","PokerPlayerMod:Spade2","PokerPlayerMod:Heart1"],"picked":"SKIP","floor":8.0},{"not_picked":["PokerPlayerMod:Spade1","PokerPlayerMod:Raise"],"picked":"PokerPlayerMod:Diamond5","floor":10},{"not_picked":["PokerPlayerMod:MagicTrick","PokerPlayerMod:CloakAndDiamond","PokerPlayerMod:ClubShade"],"picked":"SKIP","floor":11},{"not_picked":["PokerPlayerMod:ClubsClub","PokerPlayerMod:Spade3"],"picked":"PokerPlayerMod:Sharpen","floor":12},{"not_picked":["PokerPlayerMod:Diamond6","PokerPlayerMod:Club4","PokerPlayerMod:Sharpen"],"picked":"SKIP","floor":14},{"not_picked":["PokerPlayerMod:Spade7","PokerPlayerMod:Diamond10+"],"picked":"PokerPlayerMod:Diamond8","floor":16},{"not_picked":["PokerPlayerMod:Club2","PokerPlayerMod:CardBurn","PokerPlayerMod:Fold"],"picked":"SKIP","floor":18},{"not_picked":["PokerPlayerMod:Spade2","PokerPlayerMod:CardBurn","PokerPlayerMod:Diamond2"],"picked":"SKIP","floor":20},{"not_picked":["PokerPlayerMod:CloakAndDiamond","PokerPlayerMod:Configure+1","PokerPlayerMod:Diamond3"],"picked":"SKIP","floor":21},{"not_picked":["PokerPlayerMod:StackedDeck","PokerPlayerMod:Spade5","PokerPlayerMod:Spade2"],"picked":"SKIP","floor":22},{"not_picked":["PokerPlayerMod:ClubShade","PokerPlayerMod:Spade9"],"picked":"PokerPlayerMod:Trickery+1","floor":24}],"player_experience":237582,"relics_obtained":[{"floor":9.0,"key":"MawBank"},{"floor":11,"key":"Bottled Lightning"},{"floor":24,"key":"Nunchaku"},{"floor":26,"key":"Juzu Bracelet"}],"event_choices":[{"cards_removed":["PokerPlayerMod:BadJoker"],"damage_healed":0.0,"max_hp_gain":0.0,"max_hp_loss":0.0,"gold_gain":0.0,"event_name":"Bonfire Elementals","player_choice":"Offered Basic","floor":2.0,"gold_loss":0.0,"damage_taken":0.0}],"is_beta":false,"boss_relics":[{"not_picked":["Black Star","Sozu"],"picked":"SacredBark"}],"items_purged_floors":[19],"is_endless":false,"potions_floor_spawned":[4,7,10,11,12,16,21,24],"killed_by":"Book of Stabbing","ascension_level":0}}