{"host":"92wx9z21c4p52du4","time":1612811295,"event":{"mods":["Act Like it!","Arknights","Bard","BaseMod","ChefMod","GungeonMod","Infinite Spire","Lobotomy","LobotomyExtend","Minty Spire (QoL Compilation)","Relic Stats","Reliquary","Robot Space Explorer","StSLib","SuperFastMode","The Blue Laboratory","The Disciple","The Hierophant","The Jungle","The Runesmith","TheSurvivalist"],"gold_per_floor":[114,124,124,138,138,138,12,12,35,54,4,20,20,53,53,53,53],"floor_reached":16,"language":"ENG","playtime":651,"items_purged":["hierophant:Strike_Hierophant","hierophant:Defend_Hierophant"],"score":100,"play_id":"42439599-78e8-471d-9024-f6ff2df03e4f","local_time":"20210208130815","is_ascension_mode":false,"campfire_choices":[{"data":"hierophant:ChurchCoffers","floor":6,"key":"SMITH"},{"data":"hierophant:SealAway","floor":15,"key":"SMITH"}],"circlet_count":0,"master_deck":["hierophant:Strike_Hierophant","hierophant:Strike_Hierophant","hierophant:Strike_Hierophant","hierophant:Punish","hierophant:Defend_Hierophant","hierophant:Defend_Hierophant","hierophant:Defend_Hierophant","hierophant:ChurchCoffers+1","hierophant:Endure","hierophant:PristineSoul","hierophant:MirrorShield","hierophant:OrnateBuckler","infinitespire:NeuralNetwork","hierophant:OrnateBuckler","hierophant:SealAway+1","hierophant:Flagellation"],"relics":["hierophant:PropheticMaskRelic","NeowsBlessing","LetterFromLob","HonorFeather","Smiling Mask","reliquary:TatteredRug","DemoMod:WeirdEgg"],"acts_visited":["Exordium"],"potions_floor_usage":[14,14],"damage_taken":[{"damage":0,"enemies":"Small Slimes","floor":1,"turns":1},{"damage":0,"enemies":"Jaw Worm","floor":2,"turns":1},{"damage":0,"enemies":"Jaw Worm","floor":3,"turns":1},{"damage":0,"enemies":"Cultist","floor":4,"turns":4},{"damage":0,"enemies":"3 Louse","floor":10,"turns":3},{"damage":2,"enemies":"Large Slime","floor":12,"turns":7},{"damage":35,"enemies":"Gremlin Nob","floor":14,"turns":5},{"damage":80,"enemies":"Hexaghost","floor":16,"turns":15}],"seed_played":"-2005183913074813250","potions_obtained":[{"floor":1,"key":"blueLaboratory:CorrosionFlask"},{"floor":4,"key":"PowerPotion"},{"floor":10,"key":"blueLaboratory:FruitPunch"}],"is_trial":false,"path_per_floor":["M","M","?","M","M","R","$","?","T","M","$","M","?","E","R","B"],"character_chosen":"HIEROPHANT","items_purchased":["hierophant:OrnateBuckler"],"campfire_rested":0,"item_purchase_floors":[7],"current_hp_per_floor":[75,75,25,25,25,75,75,57,57,57,57,55,48,15,77,0,0],"gold":53,"neow_bonus":"THREE_ENEMY_KILL","is_daily":false,"chose_seed":false,"campfire_upgraded":2,"win_rate":0.0,"timestamp":1612811295,"path_taken":["M","M","?","M","M","R","$","?","T","M","$","M","?","E","R","BOSS"],"items_purchased_type":["Card"],"build_version":"2020-12-22","purchased_purges":2,"victory":false,"max_hp_per_floor":[75,75,75,75,75,75,75,75,75,75,75,75,75,77,77,77,77],"relic_stats":{"counters":[8,37],"Smiling Mask":50,"obtain_stats":[{"HonorFeather":3,"NeowsBlessing":0,"hierophant:PropheticMaskRelic":0,"DemoMod:WeirdEgg":14,"DemoMod:GlassGuonStoneRelic":1,"reliquary:TatteredRug":13,"LetterFromLob":1,"Smiling Mask":9},{"HonorFeather":3,"NeowsBlessing":0,"hierophant:PropheticMaskRelic":0,"DemoMod:WeirdEgg":7,"DemoMod:GlassGuonStoneRelic":1,"reliquary:TatteredRug":6,"LetterFromLob":1,"Smiling Mask":4},{"HonorFeather":3,"NeowsBlessing":0,"hierophant:PropheticMaskRelic":0,"DemoMod:WeirdEgg":22,"DemoMod:GlassGuonStoneRelic":1,"reliquary:TatteredRug":17,"LetterFromLob":1,"Smiling Mask":7}]},"card_choices":[{"not_picked":["hierophant:AuricBeam","hierophant:Smite"],"picked":"hierophant:Endure","floor":1},{"not_picked":["hierophant:RepressedViolence","hierophant:Doomsaying"],"picked":"hierophant:PristineSoul","floor":2},{"not_picked":["hierophant:Martyrdom","hierophant:FieryStrike"],"picked":"hierophant:MirrorShield","floor":4},{"not_picked":["infinitespire:DeathsTouch","infinitespire:FinalStrike"],"picked":"infinitespire:NeuralNetwork","floor":8},{"not_picked":["hierophant:Racketeering","hierophant:RepressedViolence"],"picked":"hierophant:OrnateBuckler","floor":10},{"not_picked":["hierophant:ThreeLashes","hierophant:Purify"],"picked":"hierophant:SealAway","floor":12},{"not_picked":["hierophant:CursedGold","hierophant:Repentance"],"picked":"hierophant:Flagellation","floor":14}],"player_experience":232438,"relics_obtained":[{"floor":1,"key":"LetterFromLob"},{"floor":9,"key":"Smiling Mask"},{"floor":14,"key":"DemoMod:WeirdEgg"}],"event_choices":[{"damage_healed":0,"gold_gain":0,"player_choice":"Success","damage_taken":7,"relics_obtained":["reliquary:TatteredRug"],"max_hp_gain":0,"max_hp_loss":0,"event_name":"Scrap Ooze","floor":13,"gold_loss":0}],"is_beta":false,"boss_relics":[],"items_purged_floors":[7,11],"is_endless":false,"potions_floor_spawned":[1,4,10],"killed_by":"Hexaghost","ascension_level":0}}