{"host":"oehe2dxjvdgux73m","time":1612794910,"event":{"mods":["AchievementEnabler","BaseMod","Colored Map","Colored Powertips","DeckTracker","Keyboard Shortcuts","Minty Spire (QoL Compilation)","Permanent Neow","Quick Restart","StSLib","SuperFastMode"],"gold_per_floor":[116,130,142,161,177,206,206,226,226,241,254,254,286,305,305,305,305],"floor_reached":16,"language":"KOR","playtime":447,"items_purged":[],"score":218,"play_id":"0ffd8bb0-610f-4f96-bb11-03315bd6cbb4","local_time":"20210208233510","is_ascension_mode":true,"campfire_choices":[{"data":"Body Slam","floor":7.0,"key":"SMITH"},{"floor":12.0,"key":"REST"},{"floor":15.0,"key":"REST"}],"circlet_count":0,"master_deck":["AscendersBane","Strike_R","Strike_R","Strike_R","Strike_R","Strike_R","Defend_R","Defend_R","Defend_R","Defend_R","Bash","Body Slam+1","Shrug It Off","Blood for Blood","Pommel Strike","Clothesline","Double Tap","True Grit","Power Through","Impervious"],"relics":["Burning Blood","Nunchaku","Sundial","Tiny Chest"],"acts_visited":["Exordium"],"potions_floor_usage":[],"damage_taken":[{"damage":7.0,"enemies":"Cultist","floor":1.0,"turns":4.0},{"damage":6.0,"enemies":"2 Louse","floor":2.0,"turns":4.0},{"damage":11.0,"enemies":"Jaw Worm","floor":3.0,"turns":4.0},{"damage":12.0,"enemies":"3 Louse","floor":4.0,"turns":4.0},{"damage":9.0,"enemies":"Looter","floor":5.0,"turns":3.0},{"damage":29.0,"enemies":"Gremlin Nob","floor":6.0,"turns":5.0},{"damage":13.0,"enemies":"Large Slime","floor":8.0,"turns":4.0},{"damage":24.0,"enemies":"Exordium Thugs","floor":10.0,"turns":6.0},{"damage":5.0,"enemies":"Red Slaver","floor":11.0,"turns":4.0},{"damage":31.0,"enemies":"Lagavulin","floor":13.0,"turns":11.0},{"damage":8.0,"enemies":"3 Louse","floor":14.0,"turns":4.0},{"damage":32,"enemies":"Slime Boss","floor":16,"turns":9}],"seed_played":"-9000083832008469570","potions_obtained":[{"floor":1.0,"key":"SpeedPotion"},{"floor":2.0,"key":"FearPotion"},{"floor":10.0,"key":"Energy Potion"},{"floor":13.0,"key":"Swift Potion"}],"is_trial":false,"path_per_floor":["M","M","M","M","M","E","R","M","T","M","M","R","E","M","R","B"],"character_chosen":"IRONCLAD","items_purchased":[],"campfire_rested":2,"item_purchase_floors":[],"current_hp_per_floor":[74,74,69,63,60,37,37,30,30,12,13,37,12,10,34,2,2],"gold":305,"neow_bonus":"TEN_PERCENT_HP_BONUS","is_daily":false,"chose_seed":false,"campfire_upgraded":1,"win_rate":0.0,"timestamp":1612794910,"path_taken":["M","M","M","M","?","E","R","M","T","M","M","R","E","M","R","BOSS"],"items_purchased_type":[],"build_version":"2020-12-22","purchased_purges":0,"victory":false,"max_hp_per_floor":[82,82,82,82,82,82,82,82,82,82,82,82,82,82,82,82,82],"card_choices":[{"not_picked":["Flame Barrier","Bloodletting"],"picked":"Body Slam","floor":1.0},{"not_picked":["Sword Boomerang","Dual Wield"],"picked":"Shrug It Off","floor":2.0},{"not_picked":["Wild Strike","Flex"],"picked":"Blood for Blood","floor":3.0},{"not_picked":["Anger","Searing Blow"],"picked":"Pommel Strike","floor":4.0},{"not_picked":["Heavy Blade","Whirlwind"],"picked":"Clothesline","floor":5.0},{"not_picked":["Infernal Blade","Warcry"],"picked":"Double Tap","floor":6.0},{"not_picked":["Rage","Shrug It Off"],"picked":"True Grit","floor":8.0},{"not_picked":["Clothesline","Perfected Strike"],"picked":"Power Through","floor":10.0},{"not_picked":["Blood for Blood","Sword Boomerang","Anger"],"picked":"SKIP","floor":11.0},{"not_picked":["Anger","Iron Wave","Cleave"],"picked":"SKIP","floor":13.0},{"not_picked":["Clothesline","Flex"],"picked":"Impervious","floor":14.0}],"player_experience":420255,"relics_obtained":[{"floor":6.0,"key":"Nunchaku"},{"floor":9.0,"key":"Sundial"},{"floor":13.0,"key":"Tiny Chest"}],"event_choices":[],"is_beta":false,"boss_relics":[],"items_purged_floors":[],"is_endless":false,"potions_floor_spawned":[1,2,10,13],"killed_by":"Slime Boss","ascension_level":17}}