{"host":"iv8ljmz7si0xetfh","time":1612778054,"event":{"mods":["100% Spire Juice","BaseMod","Bestiary","Better Note","Colored Map","Colored Powertips","Dark Map","DeckTracker","Displayed Cursed Tome","Downfall","Highlight Path","Minty Spire (QoL Compilation)","Prisma Mod","Rare Cards Sparkle","Relic Stats","StSLib","The Alterego","Unceasing Turn Reminder"],"gold_per_floor":[99,138,178,69,69,69,69,219,238,238,274,309,309,369,410,539,589,489,530,530,113,113,113,163,163,276,316,328,429,229,139,225,322,322,322,359,372,416,441,330,356,356,356,368,368,403,52,91,101,176,176],"floor_reached":50,"language":"ENG","playtime":6283,"items_purged":["Pain","PrismaMod:MiyuUncommonAttack","Coolheaded"],"score":591,"play_id":"40805fb1-f8ee-45da-af0d-300f03316ac2","local_time":"20210208095414","daily_mods":["Draft","Heirloom","Time Dilation"],"is_ascension_mode":false,"campfire_choices":[{"data":"PrismaMod:IllyaSaphire","floor":1.0,"key":"SMITH"},{"data":"PrismaMod:MiyuUncommonDexBuff","floor":10.0,"key":"SMITH"},{"floor":13.0,"key":"RECALL"},{"data":"PrismaMod:MiyuUberAOEAttack","floor":18.0,"key":"SMITH"},{"data":"PrismaMod:MiyuUberAOEAttack","floor":23.0,"key":"SMITH"},{"data":"PrismaMod:MiyuEvokeBuffStr","floor":30,"key":"SMITH"},{"data":"Machine Learning","floor":35,"key":"SMITH"},{"data":"PrismaMod:IllyaUberChannel","floor":43,"key":"SMITH"},{"data":"Aggregate","floor":45,"key":"SMITH"}],"circlet_count":0,"master_deck":["PrismaMod:IllyaSaphire+1","Capacitor","PrismaMod:MiyuCheapChannelWeak+1","PrismaMod:IllyaCheapChannelAttack","PrismaMod:IllyaCheapChannelAttack","Force Field","Leap","PrismaMod:MiyuUberAOEAttack+1","Sweeping Beam","PrismaMod:MiyuEvokeBuffStr+1","Sweeping Beam","PrismaMod:MiyuEvokeBuffStr","Leap","PrismaMod:MiyuCheapChannelRandom","PrismaMod:MiyuCheapChannelAttack","Self Repair","BootSequence","Steam","PrismaMod:MiyuUncommonDexBuff+1","PrismaMod:MiyuAttackChannelWeak","Reboot","Machine Learning+1","PrismaMod:MiyuUberAOEAttack+1","Barrage+1","FTL","PrismaMod:MiyuUberAOEAttack+1","PrismaMod:MiyuEvokeCheapAttack","PrismaMod:IllyaUncommonDefend+1","Electrodynamics","PrismaMod:IllyaUberChannel+1","PrismaMod:IllyaBride+1","Coolheaded+1","FTL","Aggregate+1","PrismaMod:MiyuUberAttack","PrismaMod:MiyuCheapChannelVul+1","PrismaMod:MiyuEvokeCheapAttack","PrismaMod:MiyuAttackChannelVul","PrismaMod:MiyuUberAttack+1"],"relics":["Unceasing Top","Dead Branch","bronze:BronzeIdol","downfall:BrokenWingStatue","Ornamental Fan","Potion Belt","Bottled Lightning","Tiny House","downfall:HeartBlessingRed","WarpedTongs","StoneCalendar","PreservedInsect","Vajra","downfall:HeartBlessingGreen","downfall:HeartBlessingBlue","expansioncontent:StudyCardRelic","Centennial Puzzle","Strange Spoon","MealTicket","Sundial"],"acts_visited":["Exordium","TheCity","TheBeyond"],"potions_floor_usage":[31,32,36,38,39,50],"damage_taken":[{"damage":0.0,"enemies":"Cultist","floor":2.0,"turns":3.0},{"damage":0.0,"enemies":"Small Slimes","floor":3.0,"turns":3.0},{"damage":8.0,"enemies":"downfall:FleeingMerchant","floor":4.0,"turns":4.0},{"damage":28.0,"enemies":"downfall:LadyInBlue","floor":8.0,"turns":9.0},{"damage":0.0,"enemies":"2 Louse","floor":9.0,"turns":2.0},{"damage":2.0,"enemies":"Large Slime","floor":11.0,"turns":4.0},{"damage":1.0,"enemies":"downfall:FleeingMerchant","floor":12.0,"turns":4.0},{"damage":22.0,"enemies":"Lagavulin","floor":14.0,"turns":6.0},{"damage":12.0,"enemies":"3 Louse","floor":15.0,"turns":3.0},{"damage":18.0,"enemies":"DF_ARCHETYPE_STREAMLINE","floor":16.0,"turns":11.0},{"damage":0.0,"enemies":"3 Byrds","floor":19.0,"turns":3.0},{"damage":9.0,"enemies":"downfall:FleeingMerchant","floor":21.0,"turns":4.0},{"damage":12.0,"enemies":"Spheric Guardian","floor":26.0,"turns":6.0},{"damage":18.0,"enemies":"Snake Plant","floor":27.0,"turns":4.0},{"damage":0.0,"enemies":"Centurion and Healer","floor":28.0,"turns":3.0},{"damage":42,"enemies":"Gremlin Leader","floor":29,"turns":6},{"damage":0,"enemies":"downfall:FleeingMerchant","floor":31,"turns":4},{"damage":5,"enemies":"Shelled Parasite and Fungi","floor":32,"turns":4},{"damage":14,"enemies":"IC_MUSHROOM_ARCHETYPE","floor":33,"turns":5},{"damage":9,"enemies":"3 Darklings","floor":36,"turns":3},{"damage":0,"enemies":"Orb Walker","floor":37,"turns":3},{"damage":13,"enemies":"Spire Growth","floor":38,"turns":5},{"damage":0,"enemies":"Writhing Mass","floor":39,"turns":2},{"damage":9,"enemies":"downfall:FleeingMerchant","floor":40,"turns":3},{"damage":0,"enemies":"3 Darklings","floor":44,"turns":2},{"damage":0,"enemies":"Sphere and 2 Shapes","floor":46,"turns":2},{"damage":0,"enemies":"Maw","floor":48,"turns":4},{"damage":0,"enemies":"3 Darklings","floor":49,"turns":3},{"damage":96,"enemies":"WA_ARCHETYPE_DIVINITY","floor":50,"turns":5}],"seed_played":"4636386209641180635","potions_obtained":[{"floor":2.0,"key":"Block Potion"},{"floor":8.0,"key":"Weak Potion"},{"floor":8.0,"key":"FocusPotion"},{"floor":8.0,"key":"hexamod:SoulburnPotion"},{"floor":8.0,"key":"Energy Potion"},{"floor":14.0,"key":"Weak Potion"},{"floor":15.0,"key":"Ancient Potion"},{"floor":17.0,"key":"SmokeBomb"},{"floor":32,"key":"AttackPotion"},{"floor":37,"key":"Slimebound:ThreeZeroPotion"},{"floor":44,"key":"Strength Potion"},{"floor":46,"key":"AttackPotion"}],"is_trial":true,"path_per_floor":["R","M","M","$","?","?","T","?","M","R","M","$","R","E","M","B",null,"R","M","?","$","?","R","T","T","M","M","M","E","R","$","M","B",null,"R","M","M","M","M","$","T","?","R","M","R","M","?","M","M","B"],"character_chosen":"DEFECT","items_purchased":["bronze:BronzeIdol","FTL","StoneCalendar","PrismaMod:MiyuEvokeCheapAttack","Centennial Puzzle","Strange Spoon","Aggregate","Sundial","PrismaMod:MiyuEvokeCheapAttack","PrismaMod:MiyuAttackChannelVul"],"campfire_rested":0,"item_purchase_floors":[4,21,21,31,40,40,40,47,47,47],"current_hp_per_floor":[75,75,75,67,67,67,67,51,51,51,56,62,62,47,42,39,80,80,80,80,78,80,80,80,80,75,64,64,34,44,44,46,32,90,90,88,88,82,82,83,83,83,83,83,83,90,90,90,90,0,0],"gold":176,"neow_bonus":"","is_daily":false,"chose_seed":false,"campfire_upgraded":8,"win_rate":0.0,"timestamp":1612778054,"path_taken":["R","M","M","$","?","?","T","?","?","R","M","$","R","E","M","BOSS","R","M","?","$","?","R","T","?","M","M","M","E","R","$","M","BOSS","R","M","M","M","M","$","T","?","R","M","R","M","?","M","M","BOSS"],"items_purchased_type":["Relic","Card","Relic","Card","Relic","Relic","Card","Relic","Card","Card"],"build_version":"2020-12-22","purchased_purges":3,"victory":false,"max_hp_per_floor":[75,75,75,75,75,75,75,75,75,75,75,75,75,75,75,75,80,80,80,80,80,80,80,80,80,80,80,80,80,90,90,90,90,90,90,90,90,90,90,90,90,90,90,90,90,90,90,90,90,90,90],"relic_stats":{"Strange Spoon":[25],"Centennial Puzzle":[3],"counters":[29,120],"Ornamental Fan":[132],"Sundial":[2],"Dead Branch":[175],"StoneCalendar":[0],"MealTicket":0,"PreservedInsect":56,"obtain_stats":[{"Potion Belt":8,"Tiny House":17,"downfall:HeartBlessingRed":18,"Dead Branch":0,"Vajra":29,"StoneCalendar":21,"downfall:HeartBlessingGreen":30,"PreservedInsect":25,"expansioncontent:StudyCardRelic":34,"bronze:BronzeIdol":4,"WarpedTongs":20,"Strange Spoon":40,"Centennial Puzzle":40,"downfall:BrokenWingStatue":6,"Ornamental Fan":7,"downfall:HeartBlessingBlue":30,"Sundial":47,"MealTicket":41,"Bottled Lightning":14,"Unceasing Top":0},{"Potion Belt":4,"Tiny House":10,"downfall:HeartBlessingRed":10,"Dead Branch":0,"Vajra":16,"StoneCalendar":12,"downfall:HeartBlessingGreen":16,"PreservedInsect":12,"expansioncontent:StudyCardRelic":19,"bronze:BronzeIdol":3,"WarpedTongs":11,"Strange Spoon":24,"Centennial Puzzle":24,"downfall:BrokenWingStatue":3,"Ornamental Fan":3,"downfall:HeartBlessingBlue":16,"Sundial":26,"MealTicket":24,"Bottled Lightning":8,"Unceasing Top":0},{"Potion Belt":19,"Tiny House":49,"downfall:HeartBlessingRed":49,"Dead Branch":0,"Vajra":75,"StoneCalendar":56,"downfall:HeartBlessingGreen":75,"PreservedInsect":56,"expansioncontent:StudyCardRelic":88,"bronze:BronzeIdol":10,"WarpedTongs":52,"Strange Spoon":104,"Centennial Puzzle":104,"downfall:BrokenWingStatue":10,"Ornamental Fan":10,"downfall:HeartBlessingBlue":75,"Sundial":108,"MealTicket":104,"Bottled Lightning":35,"Unceasing Top":0}],"Unceasing Top":[18],"WarpedTongs":[68]},"card_choices":[{"not_picked":["PrismaMod:IllyaTestament","PrismaMod:IllyaUpgradeOrbs"],"picked":"PrismaMod:IllyaSaphire","floor":0.0},{"not_picked":["PrismaMod:IllyaGun","PrismaMod:IllyaRapidFire"],"picked":"PrismaMod:MiyuUncommonAttack","floor":0.0},{"not_picked":["Turbo","PrismaMod:MiyuCheapDefend1"],"picked":"Coolheaded","floor":0.0},{"not_picked":["PrismaMod:IllyaCommonEvoke","PrismaMod:IllyaPoisoningPhantasm"],"picked":"Capacitor","floor":0.0},{"not_picked":["Hello World","PrismaMod:IllyaStunPoison"],"picked":"PrismaMod:MiyuCheapChannelWeak","floor":0.0},{"not_picked":["Heatsinks","Hello World"],"picked":"Ball Lightning","floor":0.0},{"not_picked":["PrismaMod:IllyaCheapChannelPoison","Tempest"],"picked":"PrismaMod:IllyaCheapChannelAttack","floor":0.0},{"not_picked":["PrismaMod:IllyaMaid","Compile Driver"],"picked":"Go for the Eyes","floor":0.0},{"not_picked":["PrismaMod:IllyaStunPoison","PrismaMod:IllyaPoisoningPhantasm"],"picked":"PrismaMod:IllyaCheapChannelAttack","floor":0.0},{"not_picked":["PrismaMod:MiyuCheapPlate","Rebound"],"picked":"Force Field","floor":0.0},{"not_picked":["PrismaMod:IllyaCheapChannelAttack","PrismaMod:MiyuMaid"],"picked":"Leap","floor":0.0},{"not_picked":["Chill","White Noise"],"picked":"PrismaMod:MiyuUberAOEAttack","floor":0.0},{"not_picked":["PrismaMod:IllyaEvokeAll","Rip and Tear"],"picked":"Sweeping Beam","floor":0.0},{"not_picked":["PrismaMod:IllyaPoisonTippedWeapons","PrismaMod:MiyuCheapEvoke"],"picked":"PrismaMod:MiyuEvokeBuffStr","floor":0.0},{"not_picked":["Stack","PrismaMod:IllyaBerserCAR"],"picked":"Sweeping Beam","floor":0.0},{"not_picked":["PrismaMod:IllyaRubysPotion","Auto Shields","PrismaMod:MiyuDefenseRemoval"],"picked":"SKIP","floor":2.0},{"not_picked":["PrismaMod:MiyuCheapEvoke","PrismaMod:IllyaBride"],"picked":"PrismaMod:MiyuEvokeBuffStr","floor":3.0},{"not_picked":["PrismaMod:MiyuCheapEvoke","PrismaMod:MiyuMaid"],"picked":"Leap","floor":4.0},{"not_picked":["Glacier","Chill"],"picked":"PrismaMod:MiyuUncommonDexBuff","floor":8.0},{"not_picked":["PrismaMod:MiyuDefenseRemoval","Stack","PrismaMod:MiyuCheapAttack2"],"picked":"SKIP","floor":9.0},{"not_picked":["PrismaMod:IllyaGun","PrismaMod:IllyaBerserCAR"],"picked":"PrismaMod:MiyuAttackChannelWeak","floor":11.0},{"not_picked":["PrismaMod:IllyaGun","Conserve Battery"],"picked":"Reboot","floor":12.0},{"not_picked":["Compile Driver","PrismaMod:IllyaRubysPotion","PrismaMod:MiyuEvokeAll"],"picked":"SKIP","floor":14.0},{"not_picked":["Aggregate","Beam Cell","PrismaMod:IllyaUncommonAttack"],"picked":"SKIP","floor":15.0},{"not_picked":["All For One","Meteor Strike"],"picked":"Machine Learning","floor":16.0},{"not_picked":["PrismaMod:IllyaCheapChannelPoison","PrismaMod:IllyaGun+1"],"picked":"PrismaMod:MiyuUberAOEAttack","floor":19.0},{"not_picked":["Redo","PrismaMod:IllyaHassanGift"],"picked":"Barrage+1","floor":21.0},{"not_picked":["PrismaMod:IllyaRussianRoulette","PrismaMod:MiyuCheapChannelWeak"],"picked":"PrismaMod:MiyuUberAOEAttack+1","floor":26.0},{"not_picked":["PrismaMod:IllyaFeed","PrismaMod:MiyuEvokeAll+1","PrismaMod:MiyuDevil"],"picked":"SKIP","floor":27.0},{"not_picked":["PrismaMod:MiyuEvokeBuffDex+1","PrismaMod:IllyaMinorZwei","PrismaMod:MiyuChristmas+1"],"picked":"SKIP","floor":28},{"not_picked":["PrismaMod:IllyaSaphire+1","PrismaMod:IllyaUberPoisonBlock","Reboot"],"picked":"SKIP","floor":29},{"not_picked":["PrismaMod:MiyuEvokeBuffStr","PrismaMod:MiyuMaid","PrismaMod:IllyaAlice"],"picked":"SKIP","floor":31},{"not_picked":["PrismaMod:MiyuCheapAttack1","PrismaMod:IllyaMinorRapidFire"],"picked":"PrismaMod:IllyaUncommonDefend+1","floor":32},{"not_picked":["Core Surge","PrismaMod:IllyaCarnivalPrismaAstolfo"],"picked":"Electrodynamics","floor":33},{"not_picked":["PrismaMod:MiyuCheapChannelVul","PrismaMod:MiyuCheapStrBuff"],"picked":"PrismaMod:IllyaUberChannel","floor":36},{"not_picked":["Capacitor","PrismaMod:MiyuCheapChannelVul+1"],"picked":"PrismaMod:IllyaBride+1","floor":37},{"not_picked":["Rebound+1","Redo"],"picked":"Coolheaded+1","floor":38},{"not_picked":["PrismaMod:IllyaEvokeAll","Biased Cognition"],"picked":"FTL","floor":40},{"not_picked":["PrismaMod:MiyuAttackChannelWeak","PrismaMod:IllyaRubysPotion+1"],"picked":"PrismaMod:MiyuUberAttack","floor":44},{"not_picked":["Steam","PrismaMod:MiyuCheapChannelHeal"],"picked":"PrismaMod:MiyuCheapChannelVul+1","floor":46},{"not_picked":["Hello World","Barrage+1","PrismaMod:IllyaCommonEvoke+1"],"picked":"SKIP","floor":48},{"not_picked":["Sweeping Beam","PrismaMod:IllyaRussianRoulette"],"picked":"PrismaMod:MiyuUberAttack+1","floor":49}],"player_experience":388937,"relics_obtained":[{"floor":7.0,"key":"Ornamental Fan"},{"floor":8.0,"key":"Potion Belt"},{"floor":14.0,"key":"Bottled Lightning"},{"floor":25.0,"key":"PreservedInsect"},{"floor":29,"key":"Vajra"},{"floor":41,"key":"MealTicket"}],"event_choices":[{"damage_healed":0.0,"max_hp_gain":0.0,"max_hp_loss":0.0,"gold_gain":0.0,"event_name":"Accursed Blacksmith","player_choice":"Rummage","floor":20.0,"gold_loss":0.0,"damage_taken":0.0,"relics_obtained":["WarpedTongs"],"cards_obtained":["Pain"]},{"cards_removed":["Go for the Eyes"],"damage_healed":5.0,"max_hp_gain":0.0,"max_hp_loss":0.0,"gold_gain":0.0,"event_name":"Bonfire Elementals","player_choice":"Offered Common","floor":22.0,"gold_loss":0.0,"damage_taken":0.0},{"cards_removed":["Go for the Eyes"],"damage_healed":5.0,"max_hp_gain":0.0,"max_hp_loss":0.0,"gold_gain":0.0,"event_name":"Bonfire Elementals","player_choice":"Offered Special","floor":22.0,"gold_loss":0.0,"damage_taken":0.0},{"cards_removed":["Ball Lightning"],"damage_healed":0,"gold_gain":0,"player_choice":"Removed Attack","damage_taken":0,"max_hp_gain":0,"max_hp_loss":0,"event_name":"Falling","floor":42,"gold_loss":0}],"is_beta":false,"boss_relics":[{"not_picked":["Black Star","Snecko Eye"],"picked":"Tiny House"},{"not_picked":["Calling Bell","Busted Crown"],"picked":"expansioncontent:StudyCardRelic"}],"items_purged_floors":[21,31,40],"is_endless":false,"potions_floor_spawned":[2,8,14,15,26,28,29,32,37,44,46],"killed_by":"WA_ARCHETYPE_DIVINITY","ascension_level":0}}