{"host":"n7gt2lywuauec2nz","time":1612763754,"event":{"mods":["100% Spire Juice","2.2 Compatiblity","Act Like it!","Aspiration","BaseMod","Better Third Choice","Colored Powertips","DeckTracker","GifTheSpireLib","Highlight Path","HololiveMod","Hubris","Infinite Spire","Minty Spire (QoL Compilation)","Quick Restart","Random Character Button","Relic Sorter","Replay The Spire","Retaliation","StSLib","Synergy Search","The IronCluck"],"gold_per_floor":[115,11,11,28,38,38,68,80,80,93,93,55,70,4,4,4,4],"floor_reached":16,"language":"ENG","playtime":596,"items_purged":[],"score":102,"play_id":"4b75f348-0d85-4067-bfc2-4ebcf71a5a87","local_time":"20210207215554","is_ascension_mode":false,"campfire_choices":[{"data":"Moonworks:x16BigRocket","floor":6,"key":"SMITH"},{"floor":11,"key":"REST"},{"data":"Moonworks:x16BigRocket+1","floor":15,"key":"SMITH"}],"circlet_count":0,"master_deck":["Moonworks:Strike","Moonworks:Strike","Moonworks:Strike","Moonworks:Strike","Moonworks:Defend","Moonworks:Defend","Moonworks:Defend","Moonworks:Ambush","Moonworks:LongDistanceShot","Moonworks:SakisCookie","Moonworks:x16BigRocket+2","Moonworks:RagingMadness","Moonworks:SweetBattle","Moonworks:ForcedRevival","Moonworks:AwakeningOfTalent","Moonworks:Bloodlust","Moonworks:WindyEnchantment","Moonworks:RagingMadness","Moonworks:MiracleRedBeanIceCream"],"relics":["Moonworks:BrokenBomb","Moonworks:Homemark","Du-Vu Doll","hubris:Metronome"],"acts_visited":["Exordium"],"potions_floor_usage":[8,8,10,13],"damage_taken":[{"damage":6,"enemies":"Cultist","floor":1,"turns":4},{"damage":9,"enemies":"Small Slimes","floor":4,"turns":3},{"damage":6,"enemies":"2 Louse","floor":5,"turns":2},{"damage":19,"enemies":"Lagavulin","floor":7,"turns":7},{"damage":21,"enemies":"Lots of Slimes","floor":8,"turns":5},{"damage":24,"enemies":"Exordium Wildlife","floor":10,"turns":4},{"damage":18,"enemies":"Looter","floor":13,"turns":4},{"damage":8,"enemies":"Fading Forest","floor":16,"turns":4}],"seed_played":"-4188517204142709038","potions_obtained":[{"floor":1,"key":"Milkshake"},{"floor":4,"key":"SpeedPotion"},{"floor":7,"key":"Block Potion"},{"floor":10,"key":"Swift Potion"}],"is_trial":false,"path_per_floor":["M","$","?","M","M","R","E","M","T","M","R","$","M","?","R","B"],"character_chosen":"THE_STARBREAKER","items_purchased":["Moonworks:x16BigRocket","Moonworks:RagingMadness","Moonworks:RagingMadness"],"campfire_rested":1,"item_purchase_floors":[2,2,12],"current_hp_per_floor":[60,60,60,51,45,45,33,25,25,18,37,37,40,40,40,51,51],"gold":4,"neow_bonus":"TEN_PERCENT_HP_BONUS","is_daily":false,"chose_seed":false,"campfire_upgraded":2,"win_rate":0.0,"timestamp":1612763754,"path_taken":["M","?","?","M","M","R","E","M","T","?","R","$","M","?","R","BOSS"],"items_purchased_type":["Card","Card","Card"],"build_version":"2020-12-22","purchased_purges":0,"victory":false,"max_hp_per_floor":[66,66,66,66,66,66,66,66,66,66,66,66,66,66,66,66,66],"card_choices":[{"not_picked":["Moonworks:IndiscriminateFireSupport","Moonworks:NicePresent"],"picked":"Moonworks:SakisCookie","floor":1},{"not_picked":["Moonworks:Dinner","Moonworks:SakisCookie"],"picked":"Moonworks:SweetBattle","floor":4},{"not_picked":["Moonworks:IndiscriminateFireSupport","Moonworks:CloudOfSeagulls"],"picked":"Moonworks:ForcedRevival","floor":5},{"not_picked":["Moonworks:ReproductionOfRecords","Moonworks:NicePresent"],"picked":"Moonworks:AwakeningOfTalent","floor":7},{"not_picked":["Moonworks:LulusLuckyEgg","Moonworks:SakisCookie"],"picked":"Moonworks:Bloodlust","floor":8},{"not_picked":["Moonworks:EvilSpyWorkPreparation","Moonworks:IndiscriminateFireSupport"],"picked":"Moonworks:WindyEnchantment","floor":10},{"not_picked":["Moonworks:FullSpeedAlicianrone","Moonworks:ImOnFire"],"picked":"Moonworks:MiracleRedBeanIceCream","floor":13}],"player_experience":131231,"relics_obtained":[{"floor":7,"key":"Du-Vu Doll"},{"floor":9,"key":"hubris:Metronome"}],"event_choices":[{"cards_removed":["Moonworks:Defend"],"damage_healed":0,"gold_gain":0,"player_choice":"Purged","damage_taken":0,"max_hp_gain":0,"max_hp_loss":0,"event_name":"Purifier","floor":3,"gold_loss":0},{"damage_healed":0,"gold_gain":54,"player_choice":"Gained Gold","damage_taken":0,"max_hp_gain":0,"max_hp_loss":0,"event_name":"Golden Wing","floor":14,"gold_loss":0}],"is_beta":false,"boss_relics":[],"items_purged_floors":[],"is_endless":false,"potions_floor_spawned":[1,4,7,10],"killed_by":"Fading Forest","ascension_level":0}}