{"host":"6rg8kqrcyg7lkx0e","time":1612777016,"event":{"mods":["BaseMod","Downfall","Minty Spire (QoL Compilation)","Relic Filter Mod","StSLib"],"gold_per_floor":[99,112,130,130,40,40,114,114,124,150,166,178,78,89,106,201,201,201,301,501,517,517,545,570,585,385,62,107,42,42,52,71,171,171,171,190,208,335,352,203,203,231,244,271,271,64,84,84,101,101,101,130,130,130,130,130],"floor_reached":57,"language":"ZHS","playtime":12640,"items_purged":["Slimebound:Tackle","downfall:Haunted","Writhe","Parasite","downfall:Bewildered"],"score":1309,"play_id":"3e23a6a1-381d-43d0-8460-de6bef35a495","local_time":"20210208173656","is_ascension_mode":false,"campfire_choices":[{"data":"Slimebound:Split","floor":1.0,"key":"SMITH"},{"data":"Slimebound:CorrosiveSpit","floor":6.0,"key":"SMITH"},{"data":"Slimebound:RejuvenatingLick","floor":8.0,"key":"SMITH"},{"data":"Slimebound:Teamwork","floor":13.0,"key":"SMITH"},{"floor":18.0,"key":"RECALL"},{"data":"Slimebound:LeadByExample","floor":26.0,"key":"SMITH"},{"data":"Slimebound:MassRepurpose","floor":35.0,"key":"SMITH"},{"data":"Slimebound:LevelUp","floor":54,"key":"SMITH"}],"circlet_count":0,"master_deck":["Slimebound:Strike_Slimebound","Slimebound:Strike_Slimebound","Slimebound:Defend_Slimebound","Slimebound:Defend_Slimebound","Slimebound:Split+1","Slimebound:CorrosiveSpit+1","Slimebound:PressTheAttack","Slimebound:Split+1","Slimebound:RejuvenatingLick+1","Slimebound:Repurpose","Slimebound:SplitMire","Slimebound:GoopSpray","Slimebound:SplitAcid","Slimebound:Teamwork+1","Slimebound:LeadByExample+1","Slimebound:SplitMire","Slimebound:Teamwork","Slimebound:SpikyOuterGoop","Slimebound:LeechingTouch+1","Slimebound:MassFeed","expansioncontent:QuickStudy","Slimebound:LevelUp+1","Slimebound:RejuvenatingLick+1","Slimebound:MassRepurpose+1","Slimebound:Teamwork+1","Slimebound:TongueLash+1","Slimebound:RainOfGoop+1","Slimebound:Schlurp+1","Slimebound:Schlurp+1","Slimebound:MassRepurpose+1","Slimebound:SlimeBrawl+1","Slimebound:Equalize+1","expansioncontent:YouAreMine","expansioncontent:AwakenDeath","expansioncontent:PolyBeam","Slimebound:LevelUp+1"],"relics":["Slimebound:AbsorbEndCombat","Pantograph","FossilizedHelix","downfall:HeartBlessingGreen","Cursed Key","Du-Vu Doll","HornCleat","Dream Catcher","downfall:HeartBlessingBlue","downfall:HeartBlessingRed","Membership Card","Centennial Puzzle","Astrolabe","Thread and Needle","DollysMirror","PreservedInsect","Happy Flower","Pear","Slimebound:MaxSlimesRelic","Akabeko"],"acts_visited":["Exordium","TheCity","TheBeyond","TheEnding"],"potions_floor_usage":[55,56],"damage_taken":[{"damage":5.0,"enemies":"2 Louse","floor":2.0,"turns":3.0},{"damage":4.0,"enemies":"Cultist","floor":3.0,"turns":3.0},{"damage":8.0,"enemies":"downfall:FleeingMerchant","floor":5.0,"turns":4.0},{"damage":4.0,"enemies":"Jaw Worm","floor":9.0,"turns":3.0},{"damage":47.0,"enemies":"Gremlin Nob","floor":10.0,"turns":4.0},{"damage":0.0,"enemies":"Exordium Thugs","floor":11.0,"turns":3.0},{"damage":0.0,"enemies":"Blue Slaver","floor":12.0,"turns":2.0},{"damage":0.0,"enemies":"2 Fungi Beasts","floor":14.0,"turns":2.0},{"damage":0.0,"enemies":"Blue Slaver","floor":15.0,"turns":2.0},{"damage":28.0,"enemies":"DF_ARCHETYPE_STREAMLINE","floor":16.0,"turns":7.0},{"damage":32.0,"enemies":"WA_ARCHETYPE_RETAIN","floor":19.0,"turns":5.0},{"damage":13.0,"enemies":"3 Byrds","floor":21.0,"turns":4.0},{"damage":21.0,"enemies":"Book of Stabbing","floor":23.0,"turns":4.0},{"damage":0.0,"enemies":"Spheric Guardian","floor":25.0,"turns":4.0},{"damage":0.0,"enemies":"downfall:FleeingMerchant","floor":27.0,"turns":4.0},{"damage":0.0,"enemies":"downfall:FleeingMerchant","floor":29.0,"turns":4.0},{"damage":12.0,"enemies":"Centurion and Healer","floor":31.0,"turns":5.0},{"damage":5.0,"enemies":"Snake Plant","floor":32.0,"turns":3.0},{"damage":17.0,"enemies":"IC_MUSHROOM_ARCHETYPE","floor":33.0,"turns":4.0},{"damage":11.0,"enemies":"3 Shapes","floor":36.0,"turns":9.0},{"damage":10.0,"enemies":"Orb Walker","floor":37.0,"turns":4.0},{"damage":0.0,"enemies":"downfall:FleeingMerchant","floor":38.0,"turns":4.0},{"damage":0.0,"enemies":"4 Shapes","floor":39.0,"turns":3.0},{"damage":0,"enemies":"Nemesis","floor":42,"turns":5},{"damage":0,"enemies":"Transient","floor":43,"turns":5},{"damage":0,"enemies":"Giant Head","floor":44,"turns":6},{"damage":0,"enemies":"Spire Growth","floor":47,"turns":4},{"damage":0,"enemies":"3 Darklings","floor":49,"turns":4},{"damage":71,"enemies":"WA_ARCHETYPE_DIVINITY","floor":50,"turns":7},{"damage":10,"enemies":"downfall:CharBossMerchant","floor":52,"turns":6},{"damage":62,"enemies":"downfall:NeowBoss","floor":55,"turns":11},{"damage":99,"enemies":"downfall:NeowBossFinal","floor":56,"turns":12}],"seed_played":"-2819575377460364716","potions_obtained":[{"floor":2.0,"key":"Explosive Potion"},{"floor":9.0,"key":"ColorlessPotion"},{"floor":14.0,"key":"SteroidPotion"},{"floor":23.0,"key":"Fire Potion"},{"floor":31.0,"key":"Block Potion"},{"floor":33.0,"key":"FairyPotion"},{"floor":42,"key":"GamblersBrew"}],"is_trial":false,"path_per_floor":["R","M","M","?","$","R","T","R","M","E","M","M","R","M","M","B",null,"R","?","?","M","?","E","T","M","R","$","T","$","?","M","M","B",null,"R","M","M","$","M","$","T","E","M","E","?","$","M","?","M","B",null,"E","$","R","B","B",null],"character_chosen":"SLIMEBOUND","items_purchased":["Slimebound:Repurpose","Membership Card","expansioncontent:QuickStudy","Slimebound:LevelUp","Thread and Needle","DollysMirror","Slimebound:MaxSlimesRelic"],"campfire_rested":0,"item_purchase_floors":[5,27,27,27,38,40,46],"current_hp_per_floor":[71,66,66,66,64,64,64,64,66,21,27,31,31,35,37,42,71,71,45,45,36,36,21,21,23,33,41,41,45,45,40,42,58,87,87,76,70,72,78,78,78,84,84,94,84,84,90,90,94,29,94,92,92,92,36,28],"gold":130,"neow_bonus":"TEN_PERCENT_HP_BONUS","is_daily":false,"chose_seed":false,"campfire_upgraded":7,"win_rate":0.0,"timestamp":1612777016,"path_taken":["R","M","M","?","?","R","T","R","M","E","?","M","R","M","M","BOSS","R","?","?","M","?","E","T","M","R","$","?","$","?","?","M","BOSS","R","M","M","$","M","$","T","E","M","E","?","$","M","?","M","BOSS","E","$","R","BOSS","BOSS"],"items_purchased_type":["Card","Relic","Card","Card","Relic","Relic","Relic"],"build_version":"2020-12-22","purchased_purges":5,"victory":true,"max_hp_per_floor":[71,71,71,71,71,71,71,71,71,71,71,71,71,71,71,71,71,71,71,71,71,71,71,71,71,81,81,81,81,81,84,87,87,87,87,87,87,87,87,84,84,84,84,94,94,94,94,94,94,94,94,94,94,94,94,94],"card_choices":[{"not_picked":["Slimebound:AcidTongue","Slimebound:SlimeBrawl"],"picked":"Slimebound:PressTheAttack","floor":2.0},{"not_picked":["Slimebound:SlimeBrawl","Slimebound:GoopTackle","Slimebound:RejuvenatingLick"],"picked":"SKIP","floor":3.0},{"not_picked":["Slimebound:Dissolve","Slimebound:FormOfPuddle"],"picked":"Slimebound:RejuvenatingLick","floor":5.0},{"not_picked":["Slimebound:GoopTackle","Slimebound:Prepare"],"picked":"Slimebound:SplitMire","floor":9.0},{"not_picked":["Slimebound:DisruptingSlam","Slimebound:ComboTackle"],"picked":"Slimebound:GoopSpray","floor":10.0},{"not_picked":["Slimebound:RainOfGoop","Slimebound:GoopSpray"],"picked":"Slimebound:SplitAcid","floor":11.0},{"not_picked":["Slimebound:ComboTackle","Slimebound:Prepare"],"picked":"Slimebound:Teamwork","floor":12.0},{"not_picked":["Slimebound:SlimeSpikes","Slimebound:Grow"],"picked":"Slimebound:LeadByExample","floor":14.0},{"not_picked":["Slimebound:ComboTackle","Slimebound:LivingWall"],"picked":"Slimebound:SplitMire","floor":15.0},{"not_picked":["Slimebound:SelfFormingGoo","Slimebound:DouseInSlime"],"picked":"Slimebound:Teamwork","floor":16.0},{"not_picked":["Slimebound:Prepare","Slimebound:SamplingLick"],"picked":"Slimebound:LeadByExample","floor":19.0},{"not_picked":["Slimebound:FormOfPuddle","Slimebound:Nibble","Slimebound:Prepare"],"picked":"SKIP","floor":21.0},{"not_picked":["Slimebound:Schlurp+1","Slimebound:RollThrough"],"picked":"Slimebound:SpikyOuterGoop","floor":23.0},{"not_picked":["Slimebound:Schlurp","Slimebound:SpikyOuterGoop"],"picked":"Slimebound:LeechingTouch+1","floor":25.0},{"not_picked":["Slimebound:ProtectTheBoss","Slimebound:DuplicatedForm"],"picked":"Slimebound:MassFeed","floor":27.0},{"not_picked":["Slimebound:AcidTongue","Slimebound:ComboTackle","Slimebound:LivingWall"],"picked":"SKIP","floor":29.0},{"not_picked":["Slimebound:SlimeSpikes+1","Slimebound:GoopSpray"],"picked":"Slimebound:RejuvenatingLick+1","floor":31.0},{"not_picked":["Slimebound:Nibble","Slimebound:Prepare","Slimebound:LivingWall"],"picked":"SKIP","floor":32.0},{"not_picked":["Slimebound:FirmFortitude","Slimebound:RallyTheTroops"],"picked":"Slimebound:MassRepurpose","floor":33.0},{"not_picked":["Slimebound:Dissolve+1","Slimebound:SamplingLick","Slimebound:SplitLeeching"],"picked":"SKIP","floor":36.0},{"not_picked":["Slimebound:PressTheAttack","Slimebound:ComboTackle","Slimebound:DouseInSlime"],"picked":"SKIP","floor":37.0},{"not_picked":["Slimebound:PressTheAttack","Slimebound:GoopTackle"],"picked":"Slimebound:Schlurp+1","floor":38.0},{"not_picked":["Slimebound:PressTheAttack","Slimebound:GoopTackle"],"picked":"Slimebound:Schlurp+1","floor":39.0},{"not_picked":["Slimebound:SplitBruiser+1","Slimebound:SlimeSpikes"],"picked":"Slimebound:SlimeBrawl+1","floor":42},{"not_picked":["Slimebound:SplitAcid","Slimebound:MegaLick+1"],"picked":"Slimebound:Equalize+1","floor":43},{"not_picked":["Slimebound:RollThrough+1","Slimebound:DisruptingSlam+1","Slimebound:Dissolve"],"picked":"SKIP","floor":44},{"not_picked":["expansioncontent:AwakenDeath","expansioncontent:HyperBeam"],"picked":"expansioncontent:YouAreMine","floor":45},{"not_picked":["expansioncontent:Chronoboost","expansioncontent:HyperBeam"],"picked":"expansioncontent:AwakenDeath","floor":45},{"not_picked":["expansioncontent:Hexaburn","expansioncontent:AwakenDeath"],"picked":"expansioncontent:PolyBeam","floor":45},{"not_picked":["Slimebound:Replication","Slimebound:SplitMire+1"],"picked":"Slimebound:LevelUp+1","floor":47},{"not_picked":["Slimebound:ItLooksTasty+1","Slimebound:HauntingLick","Slimebound:Schlurp"],"picked":"SKIP","floor":49},{"not_picked":["Slimebound:OozeBath","Slimebound:SplitMire+1","Slimebound:Nibble"],"picked":"SKIP","floor":52}],"player_experience":758892,"relics_obtained":[{"floor":7.0,"key":"Pantograph"},{"floor":10.0,"key":"FossilizedHelix"},{"floor":19.0,"key":"Du-Vu Doll"},{"floor":19.0,"key":"HornCleat"},{"floor":23.0,"key":"Dream Catcher"},{"floor":28.0,"key":"Centennial Puzzle"},{"floor":41.0,"key":"PreservedInsect"},{"floor":42,"key":"Happy Flower"},{"floor":44,"key":"Pear"},{"floor":52,"key":"Akabeko"}],"event_choices":[{"cards_removed":["Slimebound:LeadByExample"],"damage_healed":0,"gold_gain":0,"player_choice":"Removed Power","damage_taken":0,"max_hp_gain":0,"max_hp_loss":0,"event_name":"Falling","floor":48,"gold_loss":0}],"is_beta":false,"boss_relics":[{"not_picked":["Sozu","Runic Pyramid"],"picked":"Cursed Key"},{"not_picked":["Velvet Choker","Snecko Eye"],"picked":"Astrolabe"}],"items_purged_floors":[27,29,38,40,46],"is_endless":false,"potions_floor_spawned":[2,9,14,15,16,23,31,33,37,42,47,52],"ascension_level":0}}