{"host":"78azdv0oxplymbah","time":1612793008,"event":{"mods":["Aspiration","BaseMod","Better Third Choice","BetterRewards","Challenge The Spire","Conspire","Highlight Path","Mimic Mod","Minty Spire (QoL Compilation)","MostiFishMod","Quick Restart","Reimu£¨²©ÀöÁéÃÎ£©","Relic Stats","Remilia£¨ÀÙÃ×ÀòÑÇ£©","Remove Card Discount Mod","Replay The Spire","RumiaBox-Â¶Ã×æ«µÄÉñÃØºÐ×Ó","Spicy Shops","StSLib","TestMod","The Administrix","The Servant 0.9.4","UnlockEverythingMod","Waifu the Spire","Youmu£¨»êÆÇÑýÃÎ£©","¡¾¹¦ÄÜMod¡¿»ìãçÖ®»·ÐÞ¸´²¹¶¡","¡¾ÒÅÎï¿¨ÅÆ¡¿REMEMod"],"gold_per_floor":[153,189,246,303,303,303,345,407,524,23,138,176,276,337,337,650,650,707,115,172,210,291,419,473,593,619,665,695,731,775,150,150,455,455,496,298,361,409,445,590,691,742,881,938,977,1034,1162,1162,1162],"floor_reached":48,"language":"ZHS","playtime":2031,"items_purged":["UniversalSpiritual:ReiMu","Strike_Lin:ReiMu","Strike_Lin:ReiMu","Strike_Lin:ReiMu","Defend_Lin:ReiMu","SpreadBorder2:ReiMu","Defend_Lin:ReiMu","Defend_Lin:ReiMu+1","Defend_Lin:ReiMu","Strike_Lin:ReiMu+1","SealNeedle:ReiMu"],"score":940,"play_id":"a0d8c99e-b93b-47b1-b472-41d139bcabc3","local_time":"20210208220328","daily_mods":["Vintage","Colorless Cards","Heirloom","Time Dilation","Flight","Lethality","Midas"],"is_ascension_mode":false,"campfire_choices":[{"floor":6,"key":"REST"},{"floor":15,"key":"REST"},{"floor":32,"key":"REST"}],"circlet_count":0,"master_deck":["NB:ReiMu","Stagnation:ReiMu","HeavenSword","RainPray2:ReiMu+1","InherentArray:ReiMu","testmod-Recap","SafetyPray:ReiMu","MostiFishMod:PerfectForm","RainPray2:ReiMu+1","SpreadBorder2:ReiMu","RainPray2:ReiMu+1","testmod-DisillusionmentEcho","KyokaiOfKami:ReiMu","CareerPray:ReiMu+1","RainPray2:ReiMu+1","Gathering:ReiMu+1"],"relics":["Unceasing Top","DaveBox","replay:Trail_Library","REME_ComplimentaryCards","testmod-TestBox","testmod-Hope","Chemical X","testmod-RainbowHikingShoes","testmod-IntensifyImprint","SynthV:TestCard","GodSword6","CeramicFish","RuthlessExorcism:ReiMu","Replay:Bandana","aspiration:Lifesprig","Mastiff:ReiMu","REME_CardOfGreed","Ccalipers","ReplayTheSpireMod:ShopPack","testmod-BlackFramedGlasses","testmod-Brilliant","ReplayTheSpireMod:Lightbulb","RhineCircuit","Replay:Rubber Ducky","GodSword3","Bag of Preparation","Anchor","Simple Rune","REME_ArchaeologicalTools","REME_HandOfSuture","Replay:Bottled Flurry","Shuriken","Toy Ornithopter","Bronze Scales","Mummified Hand","REME_LimitBreaker","Snack Pack","Oddly Smooth Stone","Mercury Hourglass","CheatingSign:ReiMu","MostiFishMod:AdaptiveDefenses","ZombieArmy","aspiration:PoetsPen_weak","Pen Nib","testmod-AssaultLearning","Replay:Mystery Machine","Eternal Feather","Bow_fan:ReiMu","aspiration:SeaSaltIceCream","aspiration:Nostalgia","m_SnakeCloak","testmod-Antiphasic","Prayer Wheel","Divine Protection","Mirror","Art of War","Replay:Bottled Eggs"],"acts_visited":["Exordium","TheCity","TheBeyond"],"potions_floor_usage":[11,13,13],"damage_taken":[{"damage":14,"enemies":"Jaw Worm","floor":1,"turns":4},{"damage":9,"enemies":"Cultist","floor":2,"turns":3},{"damage":0,"enemies":"Small Slimes","floor":3,"turns":3},{"damage":25,"enemies":"3 Louse","floor":4,"turns":3},{"damage":0,"enemies":"Red Slaver","floor":7,"turns":4},{"damage":4,"enemies":"Looter","floor":8,"turns":3},{"damage":4,"enemies":"Blue Slaver","floor":9,"turns":4},{"damage":12,"enemies":"3 Sentries","floor":11,"turns":5},{"damage":5,"enemies":"Blue Slaver","floor":12,"turns":3},{"damage":0,"enemies":"Lagavulin","floor":13,"turns":6},{"damage":1,"enemies":"Large Slime","floor":14,"turns":3},{"damage":5,"enemies":"Hexaghost","floor":16,"turns":2},{"damage":0,"enemies":"2 Thieves","floor":18,"turns":1},{"damage":0,"enemies":"3 Byrds","floor":20,"turns":1},{"damage":0,"enemies":"Snake Plant","floor":21,"turns":2},{"damage":0,"enemies":"Cultist and Chosen","floor":22,"turns":1},{"damage":0,"enemies":"conspire:Head Lice","floor":23,"turns":1},{"damage":0,"enemies":"Sentry and Sphere","floor":24,"turns":1},{"damage":5,"enemies":"Replay:Snechameleon","floor":25,"turns":4},{"damage":0,"enemies":"Snecko","floor":27,"turns":2},{"damage":0,"enemies":"Shelled Parasite and Fungi","floor":28,"turns":1},{"damage":0,"enemies":"Centurion and Healer","floor":29,"turns":1},{"damage":8,"enemies":"Snake Plant","floor":30,"turns":1},{"damage":0,"enemies":"Automaton","floor":33,"turns":4},{"damage":0,"enemies":"Orb Walker","floor":35,"turns":1},{"damage":0,"enemies":"3 Shapes","floor":37,"turns":1},{"damage":0,"enemies":"Jaw Worm Horde","floor":38,"turns":1},{"damage":0,"enemies":"Sphere and 2 Shapes","floor":39,"turns":1},{"damage":0,"enemies":"R_Hoarder","floor":40,"turns":2},{"damage":0,"enemies":"Reptomancer","floor":41,"turns":1},{"damage":0,"enemies":"4 Shapes","floor":42,"turns":1},{"damage":0,"enemies":"Writhing Mass","floor":43,"turns":2},{"damage":0,"enemies":"Writhing Mass","floor":44,"turns":1},{"damage":0,"enemies":"Jaw Worm Horde","floor":45,"turns":1},{"damage":0,"enemies":"Transient","floor":46,"turns":4},{"damage":0,"enemies":"R_Hoarder","floor":47,"turns":2},{"damage":0,"enemies":"Giant Head","floor":48,"turns":1}],"seed_played":"3338513272004781771","potions_obtained":[{"floor":2,"key":"BlessingOfTheForge"},{"floor":5,"key":"PowerPotion"},{"floor":5,"key":"Fire Potion"},{"floor":7,"key":"Block Potion"},{"floor":11,"key":"Fire Potion"},{"floor":13,"key":"FairyPotion"},{"floor":16,"key":"LiquidBronze"}],"is_trial":true,"path_per_floor":["M","M","M","M","?","R","M","M","MIM","$","E","M","E","M","R","B",null,"M","$","M","M","M","E","M","E","T","M","M","M","M","$","R","B",null,"M","$","M","M","M","E","E","M","MIM","M","M","M","E","E"],"character_chosen":"REIMU","items_purchased":["InherentArray:ReiMu","REME_CardOfGreed","Ccalipers","ReplayTheSpireMod:ShopPack","GodSword3","Bag of Preparation","Anchor","RainPray2:ReiMu","Mercury Hourglass","CheatingSign:ReiMu","MostiFishMod:AdaptiveDefenses","ZombieArmy","RainPray2:ReiMu","KyokaiOfKami:ReiMu"],"campfire_rested":3,"item_purchase_floors":[10,10,10,10,19,19,19,19,31,31,31,31,31,36],"current_hp_per_floor":[51,42,42,17,17,36,36,32,28,28,16,14,20,22,41,65,65,65,65,65,65,65,65,65,61,61,63,64,65,57,57,65,65,65,65,65,65,65,65,65,65,65,65,65,65,65,65,65,65],"gold":1162,"neow_bonus":"","is_daily":false,"chose_seed":false,"campfire_upgraded":0,"win_rate":0.0,"timestamp":1612793008,"path_taken":["M","M","M","M","?","R","M","M","MIM","$","E","M","E","M","R","BOSS","M","$","M","M","M","E","M","E","T","M","M","M","M","$","R","BOSS","M","$","M","M","M","E","E","M","MIM","M","M","M","E","E"],"items_purchased_type":["Card","Relic","Relic","Relic","Relic","Relic","Relic","Card","Relic","Relic","Relic","Relic","Card","Card"],"build_version":"2020-12-22","purchased_purges":11,"victory":false,"max_hp_per_floor":[65,65,65,65,65,65,65,65,65,65,65,65,65,65,65,65,65,65,65,65,65,65,65,65,65,65,65,65,65,65,65,65,65,65,65,65,65,65,65,65,65,65,65,65,65,65,65,65,65],"relic_stats":{"counters":[37,82],"CeramicFish":126,"Eternal Feather":0,"Pen Nib":[3],"Bag of Preparation":[42],"Mercury Hourglass":[163],"Shuriken":[6],"Mummified Hand":[61],"Bronze Scales":[15],"Prayer Wheel":0,"Art of War":[0],"Chemical X":[3],"obtain_stats":[{"Divine Protection":44,"CeramicFish":3,"MostiFishMod:AdaptiveDefenses":31,"aspiration:PoetsPen_weak":34,"testmod-RainbowHikingShoes":0,"testmod-BlackFramedGlasses":11,"Mastiff:ReiMu":9,"Ccalipers":10,"Prayer Wheel":43,"REME_ArchaeologicalTools":21,"Replay:Bottled Flurry":23,"replay:Trail_Library":0,"m_SnakeCloak":41,"testmod-IntensifyImprint":1,"testmod-TestBox":0,"aspiration:Nostalgia":41,"Oddly Smooth Stone":30,"Eternal Feather":39,"Pen Nib":35,"aspiration:SeaSaltIceCream":41,"REME_LimitBreaker":28,"RhineCircuit":17,"Shuriken":24,"Bronze Scales":26,"Simple Rune":20,"GodSword6":2,"GodSword3":19,"Mirror":45,"Unceasing Top":0,"aspiration:Lifesprig":8,"DaveBox":0,"Bag of Preparation":19,"Replay:Mystery Machine":38,"Bow_fan:ReiMu":40,"Replay:Rubber Ducky":18,"testmod-Brilliant":12,"Replay:Bandana":7,"Mummified Hand":27,"Chemical X":0,"Replay:Bottled Eggs":47,"ZombieArmy":31,"Mercury Hourglass":31,"testmod-Antiphasic":42,"Anchor":19,"SynthV:TestCard":1,"testmod-AssaultLearning":37,"testmod-Hope":0,"REME_HandOfSuture":22,"CheatingSign:ReiMu":31,"Snack Pack":29,"Art of War":46,"REME_CardOfGreed":10,"ReplayTheSpireMod:Lightbulb":14,"Toy Ornithopter":25,"REME_ComplimentaryCards":0,"RuthlessExorcism:ReiMu":4,"ReplayTheSpireMod:ShopPack":10},{"Divine Protection":33,"CeramicFish":3,"MostiFishMod:AdaptiveDefenses":23,"aspiration:PoetsPen_weak":24,"testmod-RainbowHikingShoes":0,"testmod-BlackFramedGlasses":8,"Mastiff:ReiMu":7,"Ccalipers":7,"Prayer Wheel":32,"REME_ArchaeologicalTools":15,"Replay:Bottled Flurry":17,"replay:Trail_Library":0,"m_SnakeCloak":30,"testmod-IntensifyImprint":1,"testmod-TestBox":0,"aspiration:Nostalgia":30,"Oddly Smooth Stone":23,"Eternal Feather":28,"Pen Nib":25,"aspiration:SeaSaltIceCream":30,"REME_LimitBreaker":21,"RhineCircuit":12,"Shuriken":18,"Bronze Scales":19,"Simple Rune":14,"GodSword6":2,"GodSword3":13,"Mirror":34,"Unceasing Top":0,"aspiration:Lifesprig":6,"DaveBox":0,"Bag of Preparation":13,"Replay:Mystery Machine":27,"Bow_fan:ReiMu":29,"Replay:Rubber Ducky":13,"testmod-Brilliant":9,"Replay:Bandana":5,"Mummified Hand":20,"Chemical X":0,"Replay:Bottled Eggs":36,"ZombieArmy":23,"Mercury Hourglass":23,"testmod-Antiphasic":31,"Anchor":13,"SynthV:TestCard":1,"testmod-AssaultLearning":26,"testmod-Hope":0,"REME_HandOfSuture":16,"CheatingSign:ReiMu":23,"Snack Pack":22,"Art of War":35,"REME_CardOfGreed":7,"ReplayTheSpireMod:Lightbulb":11,"Toy Ornithopter":19,"REME_ComplimentaryCards":0,"RuthlessExorcism:ReiMu":4,"ReplayTheSpireMod:ShopPack":7},{"Divine Protection":74,"CeramicFish":10,"MostiFishMod:AdaptiveDefenses":59,"aspiration:PoetsPen_weak":63,"testmod-RainbowHikingShoes":0,"testmod-BlackFramedGlasses":29,"Mastiff:ReiMu":24,"Ccalipers":24,"Prayer Wheel":73,"REME_ArchaeologicalTools":47,"Replay:Bottled Flurry":49,"replay:Trail_Library":0,"m_SnakeCloak":70,"testmod-IntensifyImprint":4,"testmod-TestBox":0,"aspiration:Nostalgia":70,"Oddly Smooth Stone":59,"Eternal Feather":67,"Pen Nib":64,"aspiration:SeaSaltIceCream":70,"REME_LimitBreaker":57,"RhineCircuit":43,"Shuriken":50,"Bronze Scales":54,"Simple Rune":45,"GodSword6":7,"GodSword3":44,"Mirror":75,"Unceasing Top":0,"aspiration:Lifesprig":20,"DaveBox":0,"Bag of Preparation":44,"Replay:Mystery Machine":66,"Bow_fan:ReiMu":69,"Replay:Rubber Ducky":44,"testmod-Brilliant":32,"Replay:Bandana":17,"Mummified Hand":56,"Chemical X":0,"Replay:Bottled Eggs":81,"ZombieArmy":59,"Mercury Hourglass":59,"testmod-Antiphasic":71,"Anchor":44,"SynthV:TestCard":4,"testmod-AssaultLearning":65,"testmod-Hope":0,"REME_HandOfSuture":48,"CheatingSign:ReiMu":59,"Snack Pack":58,"Art of War":79,"REME_CardOfGreed":24,"ReplayTheSpireMod:Lightbulb":41,"Toy Ornithopter":54,"REME_ComplimentaryCards":0,"RuthlessExorcism:ReiMu":13,"ReplayTheSpireMod:ShopPack":24}],"Unceasing Top":[0],"Toy Ornithopter":0},"card_choices":[{"not_picked":["testmod-HeadAttack","Amulet:ReiMu","SubcavityInstant:ReiMu","Crusade:ReiMu"],"picked":"RainPray2:ReiMu","floor":9},{"not_picked":["testmod-Wormhole","Midas Touch","Mayhem","testmod-TreasureHunter"],"picked":"testmod-Recap","floor":10},{"not_picked":["testmod-PainDetonator","Metamorphosis","EmergencyTakeOff:ReiMu","Meditation:ReiMu"],"picked":"SafetyPray:ReiMu","floor":11},{"not_picked":["TightArray:ReiMu","AirStrike:ReiMu","BarrageOfMoneybags:ReiMu","testmod-PerfectCombo"],"picked":"SealNeedle:ReiMu","floor":13},{"not_picked":["Authority:ReiMu","Metamorphosis","MostiFishMod:OneDayCity","HandOfGreed"],"picked":"MostiFishMod:PerfectForm","floor":16},{"not_picked":["Intuition:ReiMu","ForcedLanding:ReiMu","Meditation:ReiMu","EmergencyTakeOff:ReiMu+1"],"picked":"SpreadBorder2:ReiMu","floor":23},{"not_picked":["OrbThrow:ReiMu","Replay:Parry","RainPray2:ReiMu","Amulet:ReiMu","Flash of Steel+1"],"picked":"SKIP","floor":25},{"not_picked":["testmod-Recap","CleanRite:ReiMu","REME_HeartOfCthun","Authority:ReiMu"],"picked":"testmod-DisillusionmentEcho","floor":33},{"not_picked":["TightArray:ReiMu+1","testmod-DeathImprint+1","MostiFishMod:Kaleido","Amulet:ReiMu"],"picked":"CareerPray:ReiMu+1","floor":40},{"not_picked":["SpringWay:ReiMu","testmod-BackupPower","Flash of Steel","Panacea+1"],"picked":"RainPray2:ReiMu+1","floor":41},{"not_picked":["Meditation:ReiMu+1","Tactician","Prepared","SpreadBorder2:ReiMu+1"],"picked":"Gathering:ReiMu+1","floor":43},{"not_picked":["Metamorphosis","Dagger Throw+1","testmod-LifeRuler+1","Intuition:ReiMu+1","BarrageOfMoneybags:ReiMu"],"picked":"SKIP","floor":47}],"player_experience":54660,"relics_obtained":[{"floor":1,"key":"testmod-IntensifyImprint"},{"floor":1,"key":"SynthV:TestCard"},{"floor":2,"key":"GodSword6"},{"floor":3,"key":"CeramicFish"},{"floor":4,"key":"RuthlessExorcism:ReiMu"},{"floor":7,"key":"Replay:Bandana"},{"floor":8,"key":"aspiration:Lifesprig"},{"floor":9,"key":"Mastiff:ReiMu"},{"floor":11,"key":"testmod-BlackFramedGlasses"},{"floor":12,"key":"testmod-Brilliant"},{"floor":14,"key":"ReplayTheSpireMod:Lightbulb"},{"floor":18,"key":"Replay:Rubber Ducky"},{"floor":20,"key":"Simple Rune"},{"floor":21,"key":"REME_ArchaeologicalTools"},{"floor":22,"key":"REME_HandOfSuture"},{"floor":23,"key":"Replay:Bottled Flurry"},{"floor":24,"key":"Shuriken"},{"floor":25,"key":"Toy Ornithopter"},{"floor":26,"key":"Bronze Scales"},{"floor":27,"key":"Mummified Hand"},{"floor":28,"key":"REME_LimitBreaker"},{"floor":29,"key":"Snack Pack"},{"floor":30,"key":"Oddly Smooth Stone"},{"floor":35,"key":"Pen Nib"},{"floor":37,"key":"testmod-AssaultLearning"},{"floor":38,"key":"Replay:Mystery Machine"},{"floor":39,"key":"Eternal Feather"},{"floor":40,"key":"Bow_fan:ReiMu"},{"floor":41,"key":"aspiration:SeaSaltIceCream"},{"floor":42,"key":"testmod-Antiphasic"},{"floor":43,"key":"Prayer Wheel"},{"floor":44,"key":"Divine Protection"},{"floor":45,"key":"Mirror"},{"floor":46,"key":"Art of War"},{"floor":47,"key":"Replay:Bottled Eggs"}],"event_choices":[{"damage_healed":0,"gold_gain":0,"player_choice":"Got Potions","damage_taken":0,"max_hp_gain":0,"max_hp_loss":0,"event_name":"Lab","floor":5,"gold_loss":0}],"is_beta":false,"boss_relics":[{"not_picked":["DonationBox:ReiMu","ExusiaiGun"],"picked":"RhineCircuit"},{"not_picked":["aspiration:FutureDiary","FixedStarFall"],"picked":"aspiration:PoetsPen_weak"}],"items_purged_floors":[10,10,10,10,10,31,31,31,31,31,36],"is_endless":true,"potions_floor_spawned":[2,7,8,11,13,16,18,20,21,28,30,37,41,42,44,46,47],"killed_by":"Giant Head","ascension_level":0}}