{"host":"6jrd8fn9k88n08be","time":1612754127,"event":{"mods":["BaseMod","Minty Spire (QoL Compilation)","StSLib"],"gold_per_floor":[112,64,64,79,92,120,139,155,180,205,205,205,223,240,240,339,339,355,373,392,407,426,451,463,20,74,102,102,134,134,150,150,254,254,268,268,284,329,347,347,347],"floor_reached":40,"language":"ENG","playtime":2067,"items_purged":["Strike_R"],"score":584,"play_id":"68dfbf4a-6f2f-4685-a26c-b001eae6c045","local_time":"20210207221527","is_ascension_mode":true,"campfire_choices":[{"data":"Feed","floor":12.0,"key":"SMITH"},{"data":"Bash","floor":15.0,"key":"SMITH"},{"data":"Apotheosis","floor":30.0,"key":"SMITH"},{"floor":32.0,"key":"REST"}],"circlet_count":0,"master_deck":["Strike_R","Strike_R","Defend_R","Defend_R","Defend_R","Defend_R","Bash+1","True Grit+1","Clash","Clash","Feed+1","Cleave","Rampage","Shrug It Off","Reaper","Flex+1","Pommel Strike+1","Disarm","Whirlwind+1","Ghostly Armor","Apotheosis+1","Inflame","Flame Barrier","Battle Trance+1","Juggernaut","Madness","Madness","Evolve+1","True Grit"],"relics":["Burning Blood","NeowsBlessing","Bag of Preparation","Orichalcum","Juzu Bracelet","Smiling Mask","Sozu","Regal Pillow","Medical Kit","Happy Flower","Pen Nib","Art of War","Empty Cage","CaptainsWheel"],"acts_visited":["Exordium","TheCity","TheBeyond"],"potions_floor_usage":[],"damage_taken":[{"damage":0.0,"enemies":"2 Louse","floor":1.0,"turns":1.0},{"damage":0.0,"enemies":"Cultist","floor":4.0,"turns":1.0},{"damage":0.0,"enemies":"Jaw Worm","floor":5.0,"turns":1.0},{"damage":21.0,"enemies":"3 Sentries","floor":6.0,"turns":9.0},{"damage":0.0,"enemies":"3 Louse","floor":7.0,"turns":2.0},{"damage":8.0,"enemies":"Blue Slaver","floor":8.0,"turns":4.0},{"damage":30.0,"enemies":"Gremlin Nob","floor":10.0,"turns":5.0},{"damage":0.0,"enemies":"Looter","floor":13.0,"turns":2.0},{"damage":0.0,"enemies":"Large Slime","floor":14.0,"turns":4.0},{"damage":37.0,"enemies":"The Guardian","floor":16.0,"turns":12.0},{"damage":2.0,"enemies":"Chosen","floor":18.0,"turns":4.0},{"damage":9.0,"enemies":"Shell Parasite","floor":19.0,"turns":2.0},{"damage":3.0,"enemies":"Centurion and Healer","floor":20.0,"turns":6.0},{"damage":23.0,"enemies":"3 Cultists","floor":21.0,"turns":6.0},{"damage":3.0,"enemies":"Chosen and Byrds","floor":22.0,"turns":4.0},{"damage":22.0,"enemies":"Slavers","floor":23.0,"turns":6.0},{"damage":16.0,"enemies":"Snake Plant","floor":24.0,"turns":4.0},{"damage":2.0,"enemies":"Gremlin Leader","floor":27.0,"turns":6.0},{"damage":39.0,"enemies":"Book of Stabbing","floor":29.0,"turns":6.0},{"damage":12.0,"enemies":"Snecko","floor":31.0,"turns":5.0},{"damage":52,"enemies":"Collector","floor":33,"turns":13},{"damage":30,"enemies":"Orb Walker","floor":35,"turns":6},{"damage":11,"enemies":"3 Darklings","floor":37,"turns":3},{"damage":33,"enemies":"2 Orb Walkers","floor":38,"turns":5},{"damage":17,"enemies":"Transient","floor":39,"turns":5},{"damage":49,"enemies":"Nemesis","floor":40,"turns":2}],"seed_played":"710390514040076254","potions_obtained":[{"floor":4.0,"key":"Strength Potion"},{"floor":7.0,"key":"SteroidPotion"},{"floor":8.0,"key":"SkillPotion"},{"floor":13.0,"key":"PowerPotion"},{"floor":16.0,"key":"SpeedPotion"}],"is_trial":false,"path_per_floor":["M","$","?","M","M","E","M","M","T","E","?","R","M","M","R","B",null,"M","M","M","M","M","E","M","$","T","E","$","E","R","M","R","B",null,"M","?","M","?","M","E"],"character_chosen":"IRONCLAD","items_purchased":["True Grit","Medical Kit","Apotheosis","Inflame"],"campfire_rested":1,"item_purchase_floors":[2,25,25,25],"current_hp_per_floor":[80,80,80,80,80,65,74,75,75,54,51,51,61,71,71,40,97,101,102,109,106,113,101,91,91,91,99,99,66,66,60,111,69,125,101,85,80,57,46,0,0],"gold":347,"neow_bonus":"THREE_ENEMY_KILL","is_daily":false,"chose_seed":false,"campfire_upgraded":3,"win_rate":0.0,"timestamp":1612754127,"path_taken":["M","$","?","?","M","E","M","M","T","E","?","R","M","M","R","BOSS","M","M","M","M","M","E","M","$","T","E","$","E","R","M","R","BOSS","M","?","M","?","M","E"],"items_purchased_type":["Card","Relic","Card","Card"],"build_version":"2020-12-22","purchased_purges":1,"victory":false,"max_hp_per_floor":[80,80,80,80,80,80,83,86,86,89,89,89,93,97,97,97,97,101,105,109,113,113,117,117,117,117,121,121,121,121,121,121,125,125,125,125,125,129,129,129,129],"card_choices":[{"not_picked":["Wild Strike","Dual Wield","Cleave"],"picked":"SKIP","floor":1.0},{"not_picked":["Reckless Charge","Flex"],"picked":"Clash","floor":4.0},{"not_picked":["Flex","Entrench"],"picked":"Clash","floor":5.0},{"not_picked":["Evolve","Reckless Charge"],"picked":"Feed","floor":6.0},{"not_picked":["Perfected Strike","Anger","Pommel Strike"],"picked":"SKIP","floor":7.0},{"not_picked":["Flex","Thunderclap"],"picked":"Cleave","floor":8.0},{"not_picked":["Berserk","Power Through"],"picked":"Rampage","floor":10.0},{"not_picked":["Iron Wave","Feel No Pain"],"picked":"Shrug It Off","floor":13.0},{"not_picked":["Hemokinesis","Clothesline","Twin Strike"],"picked":"SKIP","floor":14.0},{"not_picked":["Demon Form","Brutality"],"picked":"Reaper","floor":16.0},{"not_picked":["Havoc+1","Clothesline"],"picked":"Flex+1","floor":18.0},{"not_picked":["Wild Strike","Pummel"],"picked":"Pommel Strike+1","floor":19.0},{"not_picked":["Body Slam","Headbutt"],"picked":"Disarm","floor":20.0},{"not_picked":["Whirlwind+1","Body Slam+1","Pommel Strike"],"picked":"SKIP","floor":21.0},{"not_picked":["Body Slam+1","Pommel Strike"],"picked":"Whirlwind+1","floor":21.0},{"not_picked":["Armaments","Bloodletting","Pommel Strike"],"picked":"SKIP","floor":22.0},{"not_picked":["Bloodletting+1","Searing Blow","Dropkick"],"picked":"SKIP","floor":23.0},{"not_picked":["Power Through","True Grit"],"picked":"Ghostly Armor","floor":24.0},{"not_picked":["Clothesline+1","Shockwave"],"picked":"Flame Barrier","floor":27.0},{"not_picked":["Twin Strike+1","Pommel Strike","Corruption"],"picked":"SKIP","floor":29.0},{"not_picked":["Ghostly Armor","Wild Strike"],"picked":"Battle Trance+1","floor":31.0},{"not_picked":["Offering","Corruption"],"picked":"Juggernaut","floor":33},{"not_picked":["Cleave","Pummel","Iron Wave"],"picked":"SKIP","floor":35},{"not_picked":["Hemokinesis+1","Clash"],"picked":"Evolve+1","floor":37},{"not_picked":["Clothesline+1","Pommel Strike+1"],"picked":"True Grit","floor":39}],"player_experience":160871,"relics_obtained":[{"floor":6.0,"key":"Bag of Preparation"},{"floor":9.0,"key":"Orichalcum"},{"floor":10.0,"key":"Juzu Bracelet"},{"floor":23.0,"key":"Regal Pillow"},{"floor":26.0,"key":"Happy Flower"},{"floor":27.0,"key":"Pen Nib"},{"floor":29.0,"key":"Art of War"},{"floor":38,"key":"CaptainsWheel"}],"event_choices":[{"damage_healed":0.0,"max_hp_gain":0.0,"max_hp_loss":0.0,"gold_gain":0.0,"event_name":"Upgrade Shrine","player_choice":"Upgraded","floor":3.0,"gold_loss":0.0,"damage_taken":0.0,"cards_upgraded":["True Grit"]},{"damage_healed":0.0,"max_hp_gain":0.0,"max_hp_loss":0.0,"gold_gain":0.0,"event_name":"Scrap Ooze","player_choice":"Success","floor":11.0,"gold_loss":0.0,"damage_taken":3.0,"relics_obtained":["Smiling Mask"]},{"damage_healed":0,"gold_gain":0,"player_choice":"Embrace Madness","damage_taken":16,"max_hp_gain":0,"max_hp_loss":0,"event_name":"Winding Halls","floor":36,"gold_loss":0,"cards_obtained":["Madness","Madness"]},{"damage_healed":0,"gold_gain":0,"player_choice":"Fight","damage_taken":0,"max_hp_gain":0,"max_hp_loss":0,"event_name":"Mysterious Sphere","floor":38,"gold_loss":0}],"is_beta":false,"boss_relics":[{"not_picked":["Runic Dome","Ectoplasm"],"picked":"Sozu"},{"not_picked":["Busted Crown","Tiny House"],"picked":"Empty Cage"}],"items_purged_floors":[25],"is_endless":false,"potions_floor_spawned":[4,7,8,13,16,19,20,24,27,33,37,38],"killed_by":"Nemesis","ascension_level":3}}