{"host":"s24sb66hw4a4sfft","time":1612754766,"event":{"mods":["AchievementEnabler","BaseMod","Colored Map","Colored Powertips","Googly Eyes","Hermit","Hubris","Minty Spire (QoL Compilation)","Quick Restart","Shop Mod","StSLib"],"gold_per_floor":[113,113,113,126,15,50,50,68,68,68,95,112,143,159,159,234,234,246,260,274,87,47,72,85,85,85,112,112,122,151,162,162,236,236,254,254,254,269,280,280,305,321,347,378,391,406,434,449,449,449,449,449,62,91,91,91],"floor_reached":55,"language":"ENG","playtime":2986,"items_purged":["Strike_G","Strike_G","Strike_G"],"score":1619,"play_id":"bf0550ef-92b9-4e7e-9173-86dff2488855","local_time":"20210207222606","is_ascension_mode":true,"campfire_choices":[{"floor":7,"key":"REST"},{"floor":10,"key":"RECALL"},{"floor":15,"key":"REST"},{"floor":25,"key":"REST"},{"floor":32,"key":"REST"},{"floor":40,"key":"REST"},{"floor":49,"key":"REST"},{"data":"Adrenaline","floor":52,"key":"SMITH"}],"circlet_count":0,"master_deck":["AscendersBane","Strike_G+1","Strike_G","Defend_G","Defend_G+1","Defend_G","Defend_G","Defend_G","Survivor","Neutralize","Dagger Spray+1","Backstab","Crippling Poison","Blade Dance","Accuracy","Corpse Explosion","Die Die Die","Blade Dance+1","hubris:SlightOfHand+1","Dramatic Entrance+1","Blade Dance","Cloak And Dagger+1","Blade Dance","Adrenaline+1","Accuracy+1","hubris:Sniper","Accuracy","hubris:Sniper"],"relics":["Ring of the Snake","NeowsBlessing","hubris:Towel","Dead Branch","HornCleat","Mercury Hourglass","Lantern","hubris:VirtuousBlindfold","Shuriken","InkBottle","Regal Pillow","Bottled Lightning","hubris:HollowSoul","Pen Nib","Bag of Marbles","Boot","Pear","hubris:CrystalStatue","Turnip"],"acts_visited":["Exordium","TheCity","TheBeyond","TheEnding"],"potions_floor_usage":[11,30,30,33,41,45,45,55],"damage_taken":[{"damage":0,"enemies":"Jaw Worm","floor":1,"turns":1},{"damage":0,"enemies":"Small Slimes","floor":4,"turns":1},{"damage":0,"enemies":"Lagavulin","floor":6,"turns":1},{"damage":0,"enemies":"Cultist","floor":8,"turns":3},{"damage":2,"enemies":"3 Sentries","floor":11,"turns":3},{"damage":0,"enemies":"Exordium Thugs","floor":12,"turns":2},{"damage":15,"enemies":"Lagavulin","floor":13,"turns":6},{"damage":9,"enemies":"Exordium Wildlife","floor":14,"turns":2},{"damage":0,"enemies":"Slime Boss","floor":16,"turns":4},{"damage":0,"enemies":"3 Byrds","floor":18,"turns":1},{"damage":0,"enemies":"Spheric Guardian","floor":19,"turns":1},{"damage":9,"enemies":"Centurion and Healer","floor":20,"turns":2},{"damage":29,"enemies":"Slavers","floor":23,"turns":2},{"damage":0,"enemies":"Sentry and Sphere","floor":24,"turns":3},{"damage":12,"enemies":"Book of Stabbing","floor":27,"turns":3},{"damage":16,"enemies":"Snake Plant","floor":29,"turns":4},{"damage":12,"enemies":"Gremlin Leader","floor":30,"turns":2},{"damage":0,"enemies":"Snecko","floor":31,"turns":2},{"damage":5,"enemies":"Automaton","floor":33,"turns":5},{"damage":15,"enemies":"3 Shapes","floor":35,"turns":1},{"damage":0,"enemies":"Orb Walker","floor":38,"turns":1},{"damage":6,"enemies":"Spire Growth","floor":39,"turns":3},{"damage":0,"enemies":"Nemesis","floor":41,"turns":4},{"damage":0,"enemies":"Jaw Worm Horde","floor":42,"turns":1},{"damage":0,"enemies":"Giant Head","floor":44,"turns":4},{"damage":6,"enemies":"Writhing Mass","floor":45,"turns":2},{"damage":0,"enemies":"3 Darklings","floor":46,"turns":2},{"damage":20,"enemies":"Nemesis","floor":47,"turns":3},{"damage":12,"enemies":"Transient","floor":48,"turns":5},{"damage":26,"enemies":"hubris:GrandSnecko","floor":50,"turns":3},{"damage":0,"enemies":"Shield and Spear","floor":54,"turns":2},{"damage":53,"enemies":"The Heart","floor":55,"turns":3}],"seed_played":"5215373894992586087","potions_obtained":[{"floor":4,"key":"SkillPotion"},{"floor":8,"key":"SteroidPotion"},{"floor":16,"key":"Ancient Potion"},{"floor":27,"key":"Strength Potion"},{"floor":31,"key":"Dexterity Potion"},{"floor":38,"key":"Explosive Potion"},{"floor":39,"key":"Explosive Potion"},{"floor":44,"key":"EssenceOfSteel"},{"floor":46,"key":"FairyPotion"},{"floor":48,"key":"EssenceOfSteel"}],"is_trial":false,"path_per_floor":["M","?","?","M","$","E","R","M","T","R","E","M","E","M","R","B",null,"M","M","M","$","?","E","M","R","T","E","T","M","E","M","R","B",null,"M","?","?","M","M","R","E","M","T","E","M","M","E","M","R","B",null,"R","$","E","B"],"character_chosen":"THE_SILENT","items_purchased":["Backstab","Dramatic Entrance","hubris:CrystalStatue"],"campfire_rested":6,"item_purchase_floors":[5,21,53],"current_hp_per_floor":[63,63,49,49,49,49,70,70,70,70,68,68,53,44,65,65,69,69,69,60,60,60,31,31,52,52,40,40,24,12,12,48,43,63,48,48,48,48,42,70,70,70,70,70,64,64,54,42,80,54,74,74,74,74,0,0],"gold":91,"neow_bonus":"THREE_ENEMY_KILL","is_daily":false,"chose_seed":false,"campfire_upgraded":1,"win_rate":0.0,"timestamp":1612754766,"path_taken":["M","?","?","M","$","E","R","M","T","R","E","M","E","M","R","BOSS","M","M","M","$","?","E","?","R","T","E","?","M","E","M","R","BOSS","M","?","?","M","M","R","E","M","T","E","M","M","E","M","R","BOSS","R","$","E","BOSS"],"items_purchased_type":["Card","Card","Relic"],"build_version":"2020-12-22","purchased_purges":3,"victory":false,"max_hp_per_floor":[70,70,70,70,70,70,70,70,70,70,70,70,70,70,70,70,70,70,70,70,70,70,70,70,70,70,70,70,70,70,70,70,70,70,70,70,70,70,70,70,70,70,70,70,70,70,80,80,80,80,80,80,80,80,80,80],"card_choices":[{"not_picked":["Catalyst","Dagger Throw"],"picked":"Dagger Spray","floor":1},{"not_picked":["Dagger Throw","Dash","Flying Knee"],"picked":"SKIP","floor":4},{"not_picked":["Prepared","Catalyst"],"picked":"Crippling Poison","floor":6},{"not_picked":["Sucker Punch","hubris:Sniper"],"picked":"Blade Dance","floor":8},{"not_picked":["Quick Slash","Crippling Poison"],"picked":"Accuracy","floor":11},{"not_picked":["Endless Agony","Dagger Throw"],"picked":"Slice","floor":12},{"not_picked":["Prepared","Poisoned Stab"],"picked":"Corpse Explosion","floor":13},{"not_picked":["Outmaneuver","Well Laid Plans","Bouncing Flask"],"picked":"SKIP","floor":14},{"not_picked":["Night Terror","Tools of the Trade"],"picked":"Die Die Die","floor":16},{"not_picked":["Backflip","Acrobatics"],"picked":"Blade Dance+1","floor":18},{"not_picked":["Sucker Punch","Predator"],"picked":"hubris:SlightOfHand+1","floor":19},{"not_picked":["Bouncing Flask","Noxious Fumes+1","Dagger Spray"],"picked":"SKIP","floor":20},{"not_picked":["hubris:Counter","hubris:Sniper","Poisoned Stab"],"picked":"SKIP","floor":23},{"not_picked":["Cloak And Dagger","Underhanded Strike"],"picked":"Blade Dance","floor":24},{"not_picked":["Heel Hook","PiercingWail"],"picked":"Cloak And Dagger+1","floor":27},{"not_picked":["Slice","Wraith Form v2"],"picked":"Blade Dance","floor":29},{"not_picked":["Slice","Footwork","Storm of Steel"],"picked":"SKIP","floor":30},{"not_picked":["Quick Slash","hubris:SlightOfHand","hubris:Counter"],"picked":"SKIP","floor":31},{"not_picked":["Bullet Time","Corpse Explosion"],"picked":"Adrenaline","floor":33},{"not_picked":["Underhanded Strike","Infinite Blades+1"],"picked":"Accuracy+1","floor":35},{"not_picked":["Backflip","Skewer","Crippling Poison"],"picked":"SKIP","floor":38},{"not_picked":["Eviscerate","Backflip","Dagger Spray"],"picked":"SKIP","floor":39},{"not_picked":["Poisoned Stab","Doppelganger","Infinite Blades"],"picked":"SKIP","floor":41},{"not_picked":["Catalyst","Riddle With Holes+1","Flechettes"],"picked":"SKIP","floor":42},{"not_picked":["Slice+1","Escape Plan","Catalyst+1"],"picked":"SKIP","floor":44},{"not_picked":["Deadly Poison","Dash"],"picked":"hubris:Sniper","floor":45},{"not_picked":["PiercingWail","Outmaneuver"],"picked":"Accuracy","floor":46},{"not_picked":["Finisher","Dodge and Roll","Cloak And Dagger"],"picked":"SKIP","floor":47},{"not_picked":["Quick Slash+1","PiercingWail+1","hubris:SlightOfHand"],"picked":"SKIP","floor":48},{"not_picked":["Blur+1","Tactician"],"picked":"hubris:Sniper","floor":54}],"player_experience":587746,"relics_obtained":[{"floor":6,"key":"Dead Branch"},{"floor":9,"key":"HornCleat"},{"floor":11,"key":"Mercury Hourglass"},{"floor":13,"key":"Lantern"},{"floor":23,"key":"Shuriken"},{"floor":27,"key":"InkBottle"},{"floor":28,"key":"Regal Pillow"},{"floor":30,"key":"Bottled Lightning"},{"floor":41,"key":"Pen Nib"},{"floor":43,"key":"Bag of Marbles"},{"floor":44,"key":"Boot"},{"floor":47,"key":"Pear"},{"floor":54,"key":"Turnip"}],"event_choices":[{"damage_healed":0,"gold_gain":0,"player_choice":"Entered Light","damage_taken":14,"max_hp_gain":0,"max_hp_loss":0,"event_name":"Shining Light","floor":3,"gold_loss":0,"cards_upgraded":["Strike_G","Dagger Spray"]},{"damage_healed":0,"gold_gain":0,"player_choice":"Upgraded Two","damage_taken":0,"max_hp_gain":0,"max_hp_loss":0,"event_name":"Designer","floor":22,"gold_loss":40,"cards_upgraded":["Defend_G","Dramatic Entrance"]},{"cards_removed":["Slice"],"damage_healed":0,"gold_gain":0,"player_choice":"Removed Attack","damage_taken":0,"max_hp_gain":0,"max_hp_loss":0,"event_name":"Falling","floor":37,"gold_loss":0}],"is_beta":false,"boss_relics":[{"not_picked":["Astrolabe","SacredBark"],"picked":"hubris:VirtuousBlindfold"},{"not_picked":["Coffee Dripper","hubris:Stopwatch"],"picked":"hubris:HollowSoul"}],"items_purged_floors":[5,21,53],"is_endless":false,"potions_floor_spawned":[4,8,11,16,18,27,29,31,38,39,44,46,48],"killed_by":"The Heart","ascension_level":13}}