{"host":"8a3jzv7qxg3y7b6t","time":1612764080,"event":{"mods":["BaseMod","Better Third Choice","Downfall","Hermit","Minty Spire (QoL Compilation)","Relic Stats","StSLib","The Bug Knight","The Cursed"],"gold_per_floor":[112,112,62,40,58,58,117,117,117],"floor_reached":8,"language":"ENG","playtime":285,"items_purged":[],"score":51,"play_id":"4999baa1-aca6-4a4a-b725-6b709a58f29d","local_time":"20210207220120","is_ascension_mode":true,"campfire_choices":[{"floor":6,"key":"RECALL"}],"circlet_count":0,"master_deck":["Strike_G","Strike_G","Strike_G","Strike_G","Strike_G","Defend_G","Defend_G","Defend_G","Defend_G","Defend_G","Survivor","Neutralize","Noxious Fumes","Distraction","Endless Agony"],"relics":["Runic Dome","HollowMod:LifeEnderRelic"],"acts_visited":["Exordium"],"potions_floor_usage":[],"damage_taken":[{"damage":0,"enemies":"2 Louse","floor":1,"turns":3},{"damage":2,"enemies":"Jaw Worm","floor":5,"turns":4},{"damage":50,"enemies":"Gremlin Nob","floor":7,"turns":6},{"damage":19,"enemies":"Lagavulin","floor":8,"turns":7}],"seed_played":"5269646988809866487","potions_obtained":[],"is_trial":false,"path_per_floor":["M","?","?","?","M","R","?","E"],"character_chosen":"THE_SILENT","items_purchased":[],"campfire_rested":0,"item_purchase_floors":[],"current_hp_per_floor":[70,70,70,70,68,68,18,0,0],"gold":117,"neow_bonus":"BOSS_RELIC","is_daily":false,"chose_seed":false,"campfire_upgraded":0,"win_rate":0.0,"timestamp":1612764080,"path_taken":["M","?","?","?","M","R","?","E"],"items_purchased_type":[],"build_version":"2020-12-22","purchased_purges":0,"victory":false,"max_hp_per_floor":[70,70,70,70,70,70,70,70,70],"relic_stats":{"counters":[4,20],"obtain_stats":[{"Runic Dome":0,"HollowMod:LifeEnderRelic":7,"Ring of the Snake":0},{"Runic Dome":0,"HollowMod:LifeEnderRelic":3,"Ring of the Snake":0},{"Runic Dome":0,"HollowMod:LifeEnderRelic":13,"Ring of the Snake":0}]},"card_choices":[{"not_picked":["Prepared","Flying Knee"],"picked":"Noxious Fumes","floor":1},{"not_picked":["Bane","Prepared"],"picked":"Distraction","floor":5},{"not_picked":["Setup","Calculated Gamble"],"picked":"Endless Agony","floor":7}],"player_experience":666736,"relics_obtained":[{"floor":7,"key":"HollowMod:LifeEnderRelic"}],"event_choices":[{"damage_healed":70,"gold_gain":0,"player_choice":"Embrace Burn","damage_taken":0,"max_hp_gain":0,"max_hp_loss":70,"event_name":"betterThird:BetterShining","floor":2,"gold_loss":0},{"cards_removed":["Burn"],"damage_healed":0,"gold_gain":0,"player_choice":"Card Removal","damage_taken":0,"max_hp_gain":0,"max_hp_loss":0,"event_name":"The Cleric","floor":3,"gold_loss":50},{"damage_healed":0,"gold_gain":0,"player_choice":"Left","damage_taken":0,"max_hp_gain":0,"max_hp_loss":0,"event_name":"betterThird:BetterGoop","floor":4,"gold_loss":22},{"damage_healed":0,"gold_gain":30,"player_choice":"Searched \u00273\u0027 times","damage_taken":0,"max_hp_gain":0,"max_hp_loss":0,"event_name":"Dead Adventurer","floor":7,"gold_loss":0}],"is_beta":false,"boss_relics":[],"items_purged_floors":[],"is_endless":false,"potions_floor_spawned":[],"killed_by":"Lagavulin","ascension_level":3}}