{"host":"g907ck67u7c3hrs6","time":1612767418,"event":{"mods":["BaseMod","Colored Map","DeckTracker","Highlight Path","Keyboard Shortcuts","Minty Spire (QoL Compilation)","Permanent Neow","Say the Spire","SuperFastMode"],"gold_per_floor":[111,286,211,225,243,243,271,271,296,326,337,237,74,24,24,123,123,123],"floor_reached":17,"language":"KOR","playtime":382,"items_purged":["Doubt","Strike_G"],"score":188,"play_id":"4951635e-6532-4698-8f63-ebfa74725c70","local_time":"20210208155658","daily_mods":["Heirloom","Flight"],"is_ascension_mode":false,"campfire_choices":[{"data":"Glass Knife","floor":6,"key":"SMITH"},{"data":"Cloak And Dagger","floor":8,"key":"SMITH"},{"data":"Apotheosis","floor":15,"key":"SMITH"}],"circlet_count":0,"master_deck":["Strike_G","Strike_G","Strike_G","Defend_G","Defend_G","Defend_G","Defend_G","Defend_G","Survivor","Neutralize","Tactician+1","Dagger Throw","Glass Knife+1","Cloak And Dagger+1","Backflip","Escape Plan+1","Noxious Fumes","Blur","Catalyst","Apotheosis+1","Malaise"],"relics":["Ring of the Snake","Prayer Wheel","War Paint","Dream Catcher","Omamori","Cursed Key"],"acts_visited":["Exordium","TheCity"],"potions_floor_usage":[],"damage_taken":[{"damage":0,"enemies":"2 Louse","floor":1,"turns":3},{"damage":0,"enemies":"Jaw Worm","floor":4,"turns":3},{"damage":0,"enemies":"Cultist","floor":5,"turns":2},{"damage":8,"enemies":"Gremlin Nob","floor":7,"turns":4},{"damage":0,"enemies":"3 Sentries","floor":10,"turns":7},{"damage":3,"enemies":"Red Slaver","floor":11,"turns":4},{"damage":36,"enemies":"Slime Boss","floor":16,"turns":10}],"seed_played":"-3670045423865659416","potions_obtained":[{"floor":4,"key":"Swift Potion"},{"floor":7,"key":"Regen Potion"},{"floor":11,"key":"LiquidBronze"}],"is_trial":true,"path_per_floor":["M","?","$","M","M","R","E","R","T","E","M","$","$","?","R","B",null],"character_chosen":"THE_SILENT","items_purchased":["Apotheosis"],"campfire_rested":0,"item_purchase_floors":[13],"current_hp_per_floor":[70,70,70,70,70,70,62,62,62,62,59,59,59,59,59,23,70,70],"gold":123,"neow_bonus":"","is_daily":false,"chose_seed":false,"campfire_upgraded":3,"win_rate":0.0,"timestamp":1612767418,"path_taken":["M","?","$","M","M","R","E","R","T","T","T","T","E","M","$","$","?","R","BOSS"],"items_purchased_type":["Card"],"build_version":"2020-12-22","purchased_purges":2,"victory":false,"max_hp_per_floor":[70,70,70,70,70,70,70,70,70,70,70,70,70,70,70,70,70,70],"card_choices":[{"not_picked":["Quick Slash","Deadly Poison"],"picked":"Tactician","floor":1},{"not_picked":["Underhanded Strike","Deadly Poison"],"picked":"Dagger Throw","floor":1},{"not_picked":["Backflip","Quick Slash"],"picked":"Glass Knife","floor":4},{"not_picked":["Sucker Punch","Deflect"],"picked":"Cloak And Dagger","floor":4},{"not_picked":["Deadly Poison","PiercingWail"],"picked":"Backflip","floor":5},{"not_picked":["Outmaneuver","Bane","Riddle With Holes"],"picked":"SKIP","floor":5},{"not_picked":["Deadly Poison","Well Laid Plans"],"picked":"Escape Plan","floor":7},{"not_picked":["Choke","Deadly Poison"],"picked":"Noxious Fumes","floor":10},{"not_picked":["PiercingWail","Calculated Gamble"],"picked":"Blur","floor":11},{"not_picked":["Choke","Deadly Poison"],"picked":"Catalyst","floor":11},{"not_picked":["Phantasmal Killer","Venomology"],"picked":"Malaise","floor":16}],"player_experience":268260,"relics_obtained":[{"floor":7,"key":"War Paint"},{"floor":9,"key":"Dream Catcher"},{"floor":10,"key":"Omamori"}],"event_choices":[{"damage_healed":0,"gold_gain":175,"player_choice":"AGREE","damage_taken":0,"max_hp_gain":0,"max_hp_loss":0,"event_name":"Liars Game","floor":2,"gold_loss":0,"cards_obtained":["Doubt"]},{"cards_removed":["Strike_G"],"damage_healed":0,"gold_gain":0,"player_choice":"Card Removal","damage_taken":0,"max_hp_gain":0,"max_hp_loss":0,"event_name":"The Cleric","floor":14,"gold_loss":50}],"is_beta":false,"boss_relics":[{"not_picked":["Calling Bell","WristBlade"],"picked":"Cursed Key"}],"items_purged_floors":[3,12],"is_endless":false,"potions_floor_spawned":[4,7,11],"ascension_level":0}}