{"host":"9vecvdjkx64cw9bo","time":1612786800,"event":{"mods":["Ascension Unlocker","BaseMod","Custom Start","Keyboard Shortcuts","Minty Spire (QoL Compilation)","Quick Restart","StSLib","SuperFastMode"],"gold_per_floor":[118,136,136,136,152,152,191,213,237,144,163,163,190,150,150,150,150],"floor_reached":16,"language":"KOR","playtime":349,"items_purged":["Strike_G"],"score":204,"play_id":"03ff7915-9c31-46f7-ab4a-bff0c6cc5dc1","local_time":"20210208212000","is_ascension_mode":true,"campfire_choices":[{"data":"Venomology","floor":6.0,"key":"SMITH"},{"data":"Neutralize","floor":12.0,"key":"SMITH"},{"data":"Deadly Poison","floor":15,"key":"SMITH"}],"circlet_count":0,"master_deck":["AscendersBane","Strike_G","Strike_G","Strike_G","Defend_G","Defend_G","Defend_G","Defend_G","Defend_G","Survivor","Neutralize+1","Venomology+1","Deadly Poison+1","After Image","Bane","Noxious Fumes","Reflex","Acrobatics","Corpse Explosion"],"relics":["Ring of the Snake","CeramicFish","Smiling Mask"],"acts_visited":["Exordium"],"potions_floor_usage":[16,16,16,16,16],"damage_taken":[{"damage":13.0,"enemies":"Jaw Worm","floor":1.0,"turns":6.0},{"damage":3.0,"enemies":"Cultist","floor":2.0,"turns":4.0},{"damage":9.0,"enemies":"2 Louse","floor":5.0,"turns":3.0},{"damage":11.0,"enemies":"Gremlin Nob","floor":7.0,"turns":4.0},{"damage":2.0,"enemies":"Blue Slaver","floor":8.0,"turns":5.0},{"damage":4.0,"enemies":"Exordium Wildlife","floor":11.0,"turns":5.0},{"damage":1.0,"enemies":"2 Fungi Beasts","floor":13.0,"turns":4.0},{"damage":0,"enemies":"Looter","floor":14,"turns":4},{"damage":34,"enemies":"Slime Boss","floor":16,"turns":10}],"seed_played":"-2389891870121139553","potions_obtained":[{"floor":1.0,"key":"Strength Potion"},{"floor":4.0,"key":"Ancient Potion"},{"floor":8.0,"key":"FearPotion"},{"floor":13.0,"key":"EntropicBrew"}],"is_trial":false,"path_per_floor":["M","M","?","?","M","R","E","M","T","$","M","R","M","M","R","B"],"character_chosen":"THE_SILENT","items_purchased":["Acrobatics"],"campfire_rested":0,"item_purchase_floors":[10],"current_hp_per_floor":[46,43,43,43,34,34,23,21,21,21,17,17,16,16,16,0,0],"gold":150,"neow_bonus":"ONE_RANDOM_RARE_CARD","is_daily":false,"chose_seed":false,"campfire_upgraded":3,"win_rate":0.0,"timestamp":1612786800,"path_taken":["M","M","?","?","M","R","E","M","T","$","M","R","M","?","R","BOSS"],"items_purchased_type":["Card"],"build_version":"2020-12-22","purchased_purges":1,"victory":false,"max_hp_per_floor":[66,66,66,66,66,66,66,66,66,66,66,66,66,66,66,66,66],"card_choices":[{"not_picked":["Bane","Prepared","Flying Knee"],"picked":"SKIP","floor":1.0},{"not_picked":["Flying Knee","Dagger Spray"],"picked":"Deadly Poison","floor":2.0},{"not_picked":["Backflip","Infinite Blades"],"picked":"Bane","floor":5.0},{"not_picked":["Tactician","Skewer"],"picked":"Noxious Fumes","floor":7.0},{"not_picked":["Escape Plan","Poisoned Stab"],"picked":"Reflex","floor":8.0},{"not_picked":["Sucker Punch","Acrobatics","Flying Knee"],"picked":"SKIP","floor":11.0},{"not_picked":["Expertise","Well Laid Plans"],"picked":"Corpse Explosion","floor":13.0},{"not_picked":["Expertise","Sucker Punch","Dagger Spray"],"picked":"SKIP","floor":14}],"player_experience":788302,"relics_obtained":[{"floor":7.0,"key":"CeramicFish"},{"floor":9.0,"key":"Smiling Mask"}],"event_choices":[{"damage_healed":0.0,"max_hp_gain":0.0,"max_hp_loss":0.0,"gold_gain":0.0,"cards_transformed":["Strike_G"],"event_name":"Living Wall","player_choice":"Change","floor":3.0,"gold_loss":0.0,"damage_taken":0.0,"cards_obtained":["After Image"]},{"damage_healed":0.0,"max_hp_gain":0.0,"max_hp_loss":0.0,"gold_gain":0.0,"event_name":"Lab","player_choice":"Got Potions","floor":4.0,"gold_loss":0.0,"damage_taken":0.0}],"is_beta":false,"boss_relics":[],"items_purged_floors":[10],"is_endless":false,"potions_floor_spawned":[1,8,13],"killed_by":"Slime Boss","ascension_level":20}}