{"host":"s24sb66hw4a4sfft","time":1612784067,"event":{"mods":["AchievementEnabler","BaseMod","Colored Map","Colored Powertips","Googly Eyes","Hermit","Hubris","Minty Spire (QoL Compilation)","Quick Restart","Shop Mod","StSLib"],"gold_per_floor":[115,40,40,56,56,56,97,23,50,50,71,103,146,159,159,166,166],"floor_reached":16,"language":"ENG","playtime":594,"items_purged":["hermit:Strike_Hermit"],"score":110,"play_id":"2e610af3-e579-4145-8b7b-e81336e85add","local_time":"20210208063427","is_ascension_mode":false,"campfire_choices":[{"data":"hermit:TakeAim","floor":6,"key":"SMITH"},{"data":"hermit:Scavenge","floor":10,"key":"SMITH"},{"floor":15,"key":"REST"}],"circlet_count":0,"master_deck":["hermit:Strike_Hermit","hermit:Strike_Hermit","hermit:Strike_Hermit","hermit:Defend_Hermit","hermit:Defend_Hermit","hermit:Defend_Hermit","hermit:Defend_Hermit","hermit:Snapshot","hermit:Covet","Injury","hermit:TakeAim+1","Regret","hermit:Scavenge+1","hermit:Shortfuse","hermit:PistolWhip"],"relics":["hermit:Momento","NeowsBlessing","Golden Idol","hubris:PeanutButter","hubris:BottledRain","hubris:SlimyHat","Vajra"],"acts_visited":["Exordium"],"potions_floor_usage":[],"damage_taken":[{"damage":0,"enemies":"Cultist","floor":1,"turns":1},{"damage":0,"enemies":"Jaw Worm","floor":4,"turns":1},{"damage":1,"enemies":"3 Sentries","floor":7,"turns":2},{"damage":0,"enemies":"2 Louse","floor":11,"turns":1},{"damage":0,"enemies":"2 Fungi Beasts","floor":12,"turns":5},{"damage":45,"enemies":"Gremlin Nob","floor":13,"turns":6},{"damage":2,"enemies":"Looter","floor":14,"turns":3},{"damage":29,"enemies":"Slime Boss","floor":16,"turns":9}],"seed_played":"8193901958165060771","potions_obtained":[{"floor":1,"key":"FearPotion"},{"floor":12,"key":"Block Potion"},{"floor":13,"key":"Block Potion"}],"is_trial":false,"path_per_floor":["M","$","?","M","?","R","E","$","T","R","M","M","E","M","R","B"],"character_chosen":"HERMIT","items_purchased":["hermit:Shortfuse"],"campfire_rested":1,"item_purchase_floors":[8],"current_hp_per_floor":[75,75,75,75,75,75,74,74,74,74,74,74,29,27,49,20,20],"gold":166,"neow_bonus":"THREE_ENEMY_KILL","is_daily":false,"chose_seed":false,"campfire_upgraded":2,"win_rate":0.0,"timestamp":1612784067,"path_taken":["M","$","?","M","?","R","E","?","T","R","M","M","E","M","R","BOSS"],"items_purchased_type":["Card"],"build_version":"2020-12-22","purchased_purges":1,"victory":false,"max_hp_per_floor":[75,75,75,75,75,75,75,75,75,75,75,75,75,75,75,75,75],"card_choices":[{"not_picked":["hermit:NoHoldsBarred","hermit:Manifest","hermit:Cheat"],"picked":"SKIP","floor":1},{"not_picked":["hermit:Misfire","hermit:Maintenance"],"picked":"hermit:TakeAim","floor":4},{"not_picked":["hermit:Feint","hermit:Deadeye"],"picked":"hermit:Scavenge","floor":7},{"not_picked":["hermit:CalledShot","hermit:TakeCover","hermit:Coalescence"],"picked":"SKIP","floor":11},{"not_picked":["hermit:HighCaliber","hermit:GhostlyPresence","hermit:Midnight"],"picked":"SKIP","floor":12},{"not_picked":["hermit:BigShot","hermit:TakeAim","hermit:ShadowCloak"],"picked":"SKIP","floor":13},{"not_picked":["hermit:Gestalt","hermit:NoHoldsBarred"],"picked":"hermit:PistolWhip","floor":14}],"player_experience":590879,"relics_obtained":[{"floor":7,"key":"hubris:BottledRain"},{"floor":9,"key":"hubris:SlimyHat"},{"floor":13,"key":"Vajra"}],"event_choices":[{"damage_healed":0,"gold_gain":0,"player_choice":"Take Wound","damage_taken":0,"relics_obtained":["Golden Idol"],"max_hp_gain":0,"max_hp_loss":0,"event_name":"Golden Idol","floor":3,"gold_loss":0,"cards_obtained":["Injury"]},{"damage_healed":0,"gold_gain":0,"player_choice":"Box","damage_taken":0,"relics_obtained":["hubris:PeanutButter"],"max_hp_gain":0,"max_hp_loss":0,"event_name":"Big Fish","floor":5,"gold_loss":0,"cards_obtained":["Regret"]}],"is_beta":false,"boss_relics":[],"items_purged_floors":[2],"is_endless":false,"potions_floor_spawned":[1,12,13,14],"killed_by":"Slime Boss","ascension_level":0}}