{"host":"2ty4h143nj8vwezc","time":1612757287,"event":{"mods":["BaseMod","Colored Map","Googly Eyes","Highlight Path","Minty Spire (QoL Compilation)","Quick Restart","StSLib"],"gold_per_floor":[111,129,141,154,154,154,180,180,203,203,203],"floor_reached":10,"language":"ENG","playtime":399,"items_purged":[],"score":136,"play_id":"788ecff2-cae5-441d-938e-ccebffb8ee71","local_time":"20210207230807","is_ascension_mode":true,"campfire_choices":[{"data":"Neutralize","floor":6,"key":"SMITH"},{"floor":8,"key":"REST"}],"circlet_count":0,"master_deck":["AscendersBane","Strike_G","Strike_G","Strike_G","Strike_G","Strike_G","Defend_G","Defend_G","Defend_G","Defend_G","Defend_G","Survivor","Neutralize+1","Escape Plan","Backflip","Cloak And Dagger","Terror"],"relics":["Ring of the Snake","NeowsBlessing","Art of War","Juzu Bracelet"],"acts_visited":["Exordium"],"potions_floor_usage":[7],"damage_taken":[{"damage":0,"enemies":"Jaw Worm","floor":1,"turns":1},{"damage":0,"enemies":"Cultist","floor":2,"turns":1},{"damage":0,"enemies":"2 Louse","floor":3,"turns":1},{"damage":2,"enemies":"Red Slaver","floor":4,"turns":4},{"damage":32,"enemies":"3 Sentries","floor":7,"turns":13},{"damage":59,"enemies":"Lagavulin","floor":10,"turns":11}],"seed_played":"6555905455848918025","potions_obtained":[{"floor":1,"key":"SkillPotion"},{"floor":3,"key":"SteroidPotion"},{"floor":4,"key":"FairyPotion"}],"is_trial":false,"path_per_floor":["M","M","M","M","?","R","E","R","T","E"],"character_chosen":"THE_SILENT","items_purchased":[],"campfire_rested":1,"item_purchase_floors":[],"current_hp_per_floor":[59,59,59,57,57,57,25,44,44,5,5],"gold":203,"neow_bonus":"THREE_ENEMY_KILL","is_daily":false,"chose_seed":false,"campfire_upgraded":1,"win_rate":0.0,"timestamp":1612757287,"path_taken":["M","M","M","M","?","R","E","R","T","E"],"items_purchased_type":[],"build_version":"2020-12-22","purchased_purges":0,"victory":false,"max_hp_per_floor":[66,66,66,66,66,66,66,66,66,66,66],"card_choices":[{"not_picked":["Prepared","Flying Knee"],"picked":"Escape Plan","floor":1},{"not_picked":["Reflex","Blur"],"picked":"Backflip","floor":2},{"not_picked":["Bane","Prepared"],"picked":"Leg Sweep","floor":3},{"not_picked":["Flechettes","Deflect"],"picked":"Cloak And Dagger","floor":4},{"not_picked":["Flying Knee","Sucker Punch"],"picked":"Terror","floor":7}],"player_experience":363270,"relics_obtained":[{"floor":7,"key":"Juzu Bracelet"}],"event_choices":[{"cards_removed":["Leg Sweep"],"damage_healed":0,"gold_gain":0,"player_choice":"Gave Card","damage_taken":0,"relics_obtained":["Art of War"],"max_hp_gain":0,"max_hp_loss":0,"event_name":"WeMeetAgain","floor":5,"gold_loss":0}],"is_beta":false,"boss_relics":[],"items_purged_floors":[],"is_endless":false,"potions_floor_spawned":[1,3,4],"killed_by":"Lagavulin","ascension_level":20}}