{"host":"tc1my4n9jof2q8vu","time":1612812772,"event":{"mods":["Act Like it!","BaseMod","Colored Powertips","Hubris","Minty Spire (QoL Compilation)","Replay The Spire","StSLib"],"gold_per_floor":[112,187,198,210,62,76,76,27,72,72,85,85,85,128,140,280,292,323,335,372,384,411,464,501,552,564,614,0,19,43,87,87,211,211,224,224,37,53,74,74,194,238,238,252,295,338,382,402,402,402,402],"floor_reached":50,"language":"ENG","playtime":2438,"items_purged":["Regret"],"score":814,"play_id":"c763417d-e9a2-4616-84ef-8293310ff009","local_time":"20210208143252","is_ascension_mode":false,"campfire_choices":[{"data":"ReplayTheSpireMod:Scrap Shanks","floor":10.0,"key":"SMITH"},{"data":"Accuracy","floor":13.0,"key":"SMITH"},{"data":"Prepared","floor":15.0,"key":"SMITH"},{"floor":32,"key":"RECALL"},{"data":"Metamorphosis","floor":40,"key":"SMITH"},{"data":"Burst","floor":40,"key":"SMITH"},{"data":"Replay:Bag of Tricks","floor":49,"key":"SMITH"},{"data":"Infinite Blades","floor":49,"key":"SMITH"}],"circlet_count":0,"master_deck":["Strike_G","Strike_G","Strike_G","Strike_G","Strike_G","Defend_G","Defend_G","Defend_G","Defend_G","Defend_G","Survivor","Neutralize","ReplayTheSpireMod:Scrap Shanks+1","Acrobatics","Hidden Blade","Accuracy+1","Prepared+1","Prepared","Replay:Bag of Tricks+1","Hidden Blade+1","Prepared","Reflex","Backflip+1","Caltrops","Underhanded Strike","Venomology","Dagger Throw","Magnetism","Mind Blast","Infinite Blades+1","Sucker Punch","Cloak And Dagger","Cloak And Dagger","ReplayTheSpireMod:Scrap Shanks+1","Burst+1","Backflip+1","Neutralize","Corpse Explosion","Reflex","Metamorphosis+1","Draining Mist","Blade Dance","Cloak And Dagger+1","Blade Dance+1","Blade Dance","Leg Sweep+1","ReplayTheSpireMod:Scrap Shanks+1","Endless Agony","Quick Slash","Draining Mist+1","Setup+1"],"relics":["hubris:TenFootPole","Sizzling Blood","Golden Idol","MawBank","hubris:BlackHole","Anchor","Replay:Baseball","White Beast Statue","Garlic","Replay:Arrowhead","Blood Vial","hubris:TerracottaHorce","Replay:Rubber Ducky","Bottled Flame","Snake Skull","Toxic Egg 2"],"acts_visited":["Exordium","TheCity","TheBeyond"],"potions_floor_usage":[29,31,31,33,33,33,33,35,42,42,42,46,50,50,50],"damage_taken":[{"damage":8.0,"enemies":"Small Slimes","floor":1.0,"turns":4.0},{"damage":4.0,"enemies":"Cultist","floor":3.0,"turns":5.0},{"damage":12.0,"enemies":"2 Louse","floor":4.0,"turns":4.0},{"damage":5.0,"enemies":"Blue Slaver","floor":6.0,"turns":4.0},{"damage":4.0,"enemies":"Looter","floor":11.0,"turns":4.0},{"damage":14.0,"enemies":"Lagavulin","floor":14.0,"turns":8.0},{"damage":41.0,"enemies":"The Guardian","floor":16.0,"turns":9.0},{"damage":13.0,"enemies":"2 Thieves","floor":18.0,"turns":3.0},{"damage":2.0,"enemies":"Chosen","floor":20.0,"turns":2.0},{"damage":0.0,"enemies":"Snecko","floor":22.0,"turns":2.0},{"damage":0,"enemies":"Replay:Snechameleon","floor":23,"turns":1},{"damage":0,"enemies":"Chosen and Byrds","floor":24,"turns":3},{"damage":0,"enemies":"Book of Stabbing","floor":25,"turns":2},{"damage":7,"enemies":"Slavers","floor":27,"turns":3},{"damage":0,"enemies":"Snake Plant","floor":29,"turns":2},{"damage":0,"enemies":"Centurion and Healer","floor":30,"turns":3},{"damage":0,"enemies":"Gremlin Leader","floor":31,"turns":3},{"damage":1,"enemies":"Pondfish","floor":33,"turns":3},{"damage":0,"enemies":"3 Darklings","floor":35,"turns":2},{"damage":0,"enemies":"Orb Walker","floor":38,"turns":2},{"damage":9,"enemies":"Sphere and 2 Shapes","floor":39,"turns":3},{"damage":15,"enemies":"Nemesis","floor":42,"turns":4},{"damage":10,"enemies":"Transient","floor":44,"turns":5},{"damage":26,"enemies":"Reptomancer","floor":45,"turns":4},{"damage":6,"enemies":"Jaw Worm Horde","floor":46,"turns":3},{"damage":14,"enemies":"Nemesis","floor":47,"turns":5},{"damage":11,"enemies":"Spire Growth","floor":48,"turns":3},{"damage":38,"enemies":"Time Eater","floor":50,"turns":6}],"seed_played":"-5533279662196962511","potions_obtained":[{"floor":3.0,"key":"Explosive Potion"},{"floor":4.0,"key":"FairyPotion"},{"floor":24,"key":"Block Potion"},{"floor":27,"key":"ColorlessPotion"},{"floor":29,"key":"SpeedPotion"},{"floor":30,"key":"PowerPotion"},{"floor":31,"key":"Weak Potion"},{"floor":33,"key":"SneckoOil"},{"floor":35,"key":"Explosive Potion"},{"floor":38,"key":"Poison Potion"},{"floor":39,"key":"Adrenaline Potion"},{"floor":42,"key":"EssenceOfSteel"},{"floor":44,"key":"FearPotion"},{"floor":46,"key":"GamblersBrew"},{"floor":47,"key":"Languid Potion"}],"is_trial":false,"path_per_floor":["M","?","M","M","$","M","?","$","T","R","M","?","R","E","R","B",null,"M","?","M","?","M","E","M","E","T","E","$","M","M","E","R","B",null,"M","?","$","M","M","R","?","E","T","M","E","M","E","M","R","B"],"character_chosen":"THE_SILENT","items_purchased":["Accuracy","BlessingOfTheForge","Magnetism","Mind Blast","Infinite Blades","Replay:Arrowhead","Sucker Punch","Metamorphosis"],"campfire_rested":0,"item_purchase_floors":[5,8,28,28,28,28,28,37],"current_hp_per_floor":[62,59,55,43,43,38,42,42,42,42,42,33,33,23,23,8,74,65,65,67,67,71,74,74,74,74,71,71,74,74,74,74,74,74,74,74,74,74,69,69,69,60,60,56,36,36,28,23,23,0,0],"gold":402,"neow_bonus":"RANDOM_EVENT","is_daily":false,"chose_seed":false,"campfire_upgraded":7,"win_rate":0.0,"timestamp":1612812772,"path_taken":["M","?","?","M","$","M","?","$","T","R","M","?","R","E","R","BOSS","M","?","M","?","?","E","M","E","T","E","$","?","M","E","R","BOSS","M","?","$","M","?","R","?","E","T","M","E","M","E","?","R","BOSS"],"items_purchased_type":["Card","Potion","Card","Card","Card","Relic","Card","Card"],"build_version":"2020-12-22","purchased_purges":1,"victory":false,"max_hp_per_floor":[70,70,70,70,70,70,74,74,74,74,74,74,74,74,74,74,74,74,74,74,74,74,74,74,74,74,74,74,74,74,74,74,74,74,74,74,74,74,74,74,74,74,74,74,74,74,74,74,74,74,74],"card_choices":[{"not_picked":["Dodge and Roll","hubris:SlightOfHand"],"picked":"ReplayTheSpireMod:Scrap Shanks","floor":1.0},{"not_picked":["Expertise","Dagger Spray"],"picked":"Acrobatics","floor":3.0},{"not_picked":["Underhanded Strike","Atom Bomb"],"picked":"Hidden Blade","floor":4.0},{"not_picked":["Outmaneuver","PiercingWail","Choke"],"picked":"SKIP","floor":6.0},{"not_picked":["Bane","Catalyst"],"picked":"Prepared","floor":11.0},{"not_picked":["Well Laid Plans","Skewer"],"picked":"Prepared","floor":14.0},{"not_picked":["Tools of the Trade","Die Die Die"],"picked":"Replay:Bag of Tricks","floor":16.0},{"not_picked":["Blur+1","Underhanded Strike"],"picked":"Hidden Blade+1","floor":18.0},{"not_picked":["Bane+1","Cloak And Dagger"],"picked":"Reflex","floor":20.0},{"not_picked":["PiercingWail","Dodge and Roll+1"],"picked":"Backflip+1","floor":22.0},{"not_picked":["Quick Slash+1","Slice"],"picked":"Caltrops","floor":23},{"not_picked":["Quick Slash+1","Reflex+1"],"picked":"Underhanded Strike","floor":24},{"not_picked":["Sucker Punch","hubris:Counter"],"picked":"Venomology","floor":25},{"not_picked":["Slice","Sucker Punch"],"picked":"Dagger Throw","floor":27},{"not_picked":["Masterful Stab+1","Dagger Throw"],"picked":"Cloak And Dagger","floor":29},{"not_picked":["Tactician","Slice"],"picked":"Cloak And Dagger","floor":30},{"not_picked":["Concentrate","hubris:TrickCloak"],"picked":"ReplayTheSpireMod:Scrap Shanks+1","floor":31},{"not_picked":["Poison Darts","After Image"],"picked":"Burst","floor":33},{"not_picked":["Flying Knee+1","hubris:SlightOfHand"],"picked":"Backflip+1","floor":35},{"not_picked":["ReplayTheSpireMod:Speed Training","Slice+1"],"picked":"Draining Mist","floor":38},{"not_picked":["Deadly Poison+1","Hidden Blade"],"picked":"Blade Dance","floor":39},{"not_picked":["PiercingWail","Escape Plan+1"],"picked":"Cloak And Dagger+1","floor":41},{"not_picked":["hubris:SlightOfHand","Prepared"],"picked":"Blade Dance+1","floor":41},{"not_picked":["Reflex+1","hubris:SlightOfHand+1"],"picked":"Blade Dance","floor":41},{"not_picked":["Outmaneuver","Quick Slash"],"picked":"Leg Sweep+1","floor":42},{"not_picked":["Replay:Poison Smokescreen","Slice"],"picked":"ReplayTheSpireMod:Scrap Shanks+1","floor":44},{"not_picked":["Heel Hook+1","Poisoned Stab"],"picked":"Endless Agony","floor":45},{"not_picked":["Deflect+1","Phantasmal Killer"],"picked":"Quick Slash","floor":46},{"not_picked":["Bane","Finisher"],"picked":"Draining Mist+1","floor":47},{"not_picked":["Sucker Punch+1","Replay:Poison Smokescreen+1"],"picked":"Setup+1","floor":48}],"player_experience":193205,"relics_obtained":[{"floor":14.0,"key":"MawBank"},{"floor":23,"key":"Anchor"},{"floor":25,"key":"Replay:Baseball"},{"floor":26,"key":"White Beast Statue"},{"floor":27,"key":"Garlic"},{"floor":31,"key":"Blood Vial"},{"floor":42,"key":"Replay:Rubber Ducky"},{"floor":43,"key":"Bottled Flame"},{"floor":45,"key":"Snake Skull"},{"floor":47,"key":"Toxic Egg 2"}],"event_choices":[{"damage_healed":0.0,"max_hp_gain":0.0,"max_hp_loss":0.0,"gold_gain":0.0,"event_name":"Big Fish","player_choice":"Box","floor":0.0,"gold_loss":0.0,"damage_taken":0.0,"relics_obtained":["hubris:TenFootPole"],"cards_obtained":["Regret"]},{"damage_healed":0.0,"max_hp_gain":0.0,"max_hp_loss":0.0,"gold_gain":75.0,"event_name":"FaceTrader","player_choice":"Touch","floor":2.0,"gold_loss":0.0,"damage_taken":7.0},{"damage_healed":0.0,"max_hp_gain":0.0,"max_hp_loss":0.0,"gold_gain":0.0,"event_name":"Golden Idol","player_choice":"Take Damage","floor":12.0,"gold_loss":0.0,"damage_taken":18.0,"relics_obtained":["Golden Idol"]},{"damage_healed":0.0,"max_hp_gain":0.0,"max_hp_loss":0.0,"gold_gain":0.0,"event_name":"Purifier","player_choice":"Ignored","floor":21.0,"gold_loss":0.0,"damage_taken":0.0},{"damage_healed":0,"gold_gain":0,"player_choice":"3 cards matched","damage_taken":0,"max_hp_gain":0,"max_hp_loss":0,"event_name":"Match and Keep!","floor":36,"gold_loss":0,"cards_obtained":["Neutralize","Corpse Explosion","Reflex"]}],"is_beta":false,"boss_relics":[{"not_picked":["hubris:CrackedHourglass","hubris:VirtuousBlindfold"],"picked":"hubris:BlackHole"},{"not_picked":["hubris:RunicObelisk","Sozu"],"picked":"hubris:TerracottaHorce"}],"items_purged_floors":[5],"is_endless":false,"potions_floor_spawned":[3,4,24,27,29,30,31,33,35,38,39,42,44,45,46,47,48],"killed_by":"Time Eater","ascension_level":0}}