{"host":"rolltorest","time":1612818869,"event":{"mods":["BaseMod","Minty Spire (QoL Compilation)","Relic Stats","Slay the Relics Exporter","StSLib"],"gold_per_floor":[19,19,34,54,54,82,4,35,62,72,88,88,101,117,117,188,188,202,220,220,232,243,243,273,273,297,297,297],"floor_reached":27,"language":"ENG","playtime":785,"items_purged":[],"score":544,"play_id":"535808bf-c0cc-4a79-a440-68684efca60e","local_time":"20210208131429","is_ascension_mode":true,"campfire_choices":[{"data":"Feed","floor":12,"key":"SMITH"},{"data":"Inflame","floor":15,"key":"SMITH"},{"floor":23,"key":"REST"}],"circlet_count":0,"master_deck":["AscendersBane","Strike_R+1","Strike_R+1","Strike_R","Defend_R","Defend_R","Defend_R","Defend_R","Bash","Rampage","Warcry","Anger+1","Carnage+1","Bloodletting","Reaper","Feed+1","Inflame+1","Dropkick","Pommel Strike","Double Tap","Shrug It Off","Thunderclap","Headbutt","Reaper"],"relics":["Burning Blood","Whetstone","Potion Belt","Strawberry","Runic Dome","Matryoshka","Question Card","Mummified Hand","Pen Nib","Omamori"],"acts_visited":["Exordium","TheCity"],"potions_floor_usage":[24,24,27],"damage_taken":[{"damage":7,"enemies":"Jaw Worm","floor":1,"turns":4},{"damage":4,"enemies":"Small Slimes","floor":3,"turns":4},{"damage":1,"enemies":"Cultist","floor":4,"turns":3},{"damage":35,"enemies":"Lagavulin","floor":6,"turns":5},{"damage":35,"enemies":"3 Sentries","floor":8,"turns":8},{"damage":0,"enemies":"Exordium Wildlife","floor":10,"turns":2},{"damage":30,"enemies":"Exordium Thugs","floor":11,"turns":5},{"damage":6,"enemies":"3 Louse","floor":13,"turns":3},{"damage":10,"enemies":"2 Fungi Beasts","floor":14,"turns":4},{"damage":27,"enemies":"Slime Boss","floor":16,"turns":11},{"damage":18,"enemies":"2 Thieves","floor":18,"turns":4},{"damage":30,"enemies":"Chosen","floor":19,"turns":4},{"damage":17,"enemies":"Centurion and Healer","floor":21,"turns":6},{"damage":40,"enemies":"Snecko","floor":22,"turns":5},{"damage":45,"enemies":"Book of Stabbing","floor":24,"turns":3},{"damage":61,"enemies":"Sentry and Sphere","floor":27,"turns":5}],"seed_played":"-8048050905067322386","potions_obtained":[{"floor":4,"key":"ElixirPotion"},{"floor":10,"key":"Dexterity Potion"},{"floor":11,"key":"SpeedPotion"},{"floor":13,"key":"BlessingOfTheForge"},{"floor":18,"key":"FearPotion"},{"floor":21,"key":"LiquidMemories"},{"floor":22,"key":"DuplicationPotion"},{"floor":24,"key":"ElixirPotion"}],"is_trial":false,"path_per_floor":["M","?","M","M","?","E","$","E","T","M","M","R","M","M","R","B",null,"M","M","?","M","M","R","E","T","T","M"],"character_chosen":"IRONCLAD","items_purchased":["Reaper"],"campfire_rested":1,"item_purchase_floors":[7],"current_hp_per_floor":[67,67,69,74,74,45,45,28,35,44,31,31,35,45,45,35,84,79,66,35,56,30,65,36,36,36,0,0],"gold":297,"neow_bonus":"TRANSFORM_TWO_CARDS","is_daily":false,"chose_seed":false,"campfire_upgraded":2,"win_rate":0.0,"timestamp":1612818869,"path_taken":["M","?","M","M","?","E","$","E","T","M","?","R","M","M","R","BOSS","M","M","?","M","M","R","E","?","T","?"],"items_purchased_type":["Card"],"build_version":"2020-12-18","purchased_purges":0,"victory":false,"max_hp_per_floor":[75,75,75,75,75,75,75,75,82,85,88,88,92,96,96,100,100,100,104,109,113,117,117,121,121,121,121,121],"relic_stats":{"counters":[16,76],"Mummified Hand":[1],"Pen Nib":[1],"Whetstone":["Strike_R","Strike_R"],"Question Card":0,"obtain_stats":[{"Potion Belt":8,"Runic Dome":17,"Matryoshka":24,"Mummified Hand":25,"Strawberry":9,"Pen Nib":26,"Omamori":26,"Whetstone":6,"Question Card":25,"Burning Blood":0},{"Potion Belt":5,"Runic Dome":10,"Matryoshka":15,"Mummified Hand":15,"Strawberry":5,"Pen Nib":15,"Omamori":15,"Whetstone":4,"Question Card":15,"Burning Blood":0},{"Potion Belt":24,"Runic Dome":49,"Matryoshka":71,"Mummified Hand":71,"Strawberry":24,"Pen Nib":71,"Omamori":71,"Whetstone":16,"Question Card":71,"Burning Blood":0}],"Burning Blood":90},"card_choices":[{"not_picked":["Infernal Blade","Cleave"],"picked":"Anger","floor":1},{"not_picked":["Sword Boomerang","Anger"],"picked":"Carnage","floor":3},{"not_picked":["Cleave","Carnage","Anger"],"picked":"SKIP","floor":4},{"not_picked":["Armaments","Carnage"],"picked":"Bloodletting","floor":6},{"not_picked":["Corruption","Sword Boomerang"],"picked":"Feed","floor":8},{"not_picked":["Cleave","Intimidate","Perfected Strike"],"picked":"SKIP","floor":10},{"not_picked":["Warcry","Sword Boomerang"],"picked":"Inflame","floor":11},{"not_picked":["Armaments","Seeing Red"],"picked":"Dropkick","floor":13},{"not_picked":["Anger","Twin Strike"],"picked":"Pommel Strike","floor":14},{"not_picked":["Exhume","Barricade"],"picked":"Double Tap","floor":16},{"not_picked":["Body Slam","Warcry"],"picked":"Shrug It Off","floor":18},{"not_picked":["Iron Wave","Sword Boomerang","Entrench"],"picked":"SKIP","floor":19},{"not_picked":["Fire Breathing","Bloodletting"],"picked":"Thunderclap","floor":21},{"not_picked":["Shrug It Off","Perfected Strike"],"picked":"Headbutt","floor":22},{"not_picked":["Inflame","Fire Breathing"],"picked":"Reaper","floor":24}],"player_experience":1914512,"relics_obtained":[{"floor":6,"key":"Whetstone"},{"floor":8,"key":"Potion Belt"},{"floor":9,"key":"Strawberry"},{"floor":24,"key":"Matryoshka"},{"floor":25,"key":"Question Card"},{"floor":25,"key":"Mummified Hand"},{"floor":26,"key":"Pen Nib"},{"floor":26,"key":"Omamori"}],"event_choices":[{"damage_healed":0,"gold_gain":0,"player_choice":"Grow","damage_taken":0,"max_hp_gain":0,"max_hp_loss":0,"event_name":"Living Wall","floor":2,"gold_loss":0,"cards_upgraded":["Anger"]},{"damage_healed":0,"gold_gain":0,"player_choice":"Upgraded","damage_taken":0,"max_hp_gain":0,"max_hp_loss":0,"event_name":"Upgrade Shrine","floor":5,"gold_loss":0,"cards_upgraded":["Carnage"]},{"damage_healed":0,"gold_gain":0,"player_choice":"Shed Blood","damage_taken":36,"max_hp_gain":5,"max_hp_loss":0,"event_name":"Forgotten Altar","floor":20,"gold_loss":0}],"is_beta":true,"boss_relics":[{"not_picked":["SlaversCollar","Mark of Pain"],"picked":"Runic Dome"}],"items_purged_floors":[],"is_endless":false,"potions_floor_spawned":[4,10,11,13,18,21,22,24],"killed_by":"Sentry and Sphere","ascension_level":20}}