{"host":"m7jrdcbl89w2s34c","time":1612789353,"event":{"mods":["AchievementEnabler","BaseMod","Bestiary","Block Reminder","Colored Map","Colored Powertips","Minty Spire (QoL Compilation)","Permanent Neow","Relic Stats","StSLib"],"gold_per_floor":[118,129,139,139,153,185,185,211,211,223,223,223,248,263,263,341,341,351,363,363,121,131,161,161,189,189,207,225,253,253,286,286,286,286],"floor_reached":33,"language":"ENG","playtime":2868,"items_purged":[],"score":677,"play_id":"81ac0053-0772-409c-9910-cec4129235ec","local_time":"20210208140233","is_ascension_mode":true,"campfire_choices":[{"data":"Hyperbeam","floor":7.0,"key":"SMITH"},{"data":"Coolheaded","floor":11.0,"key":"SMITH"},{"data":"Go for the Eyes","floor":15.0,"key":"SMITH"},{"data":"Sunder","floor":24,"key":"SMITH"},{"data":"Reinforced Body","floor":30,"key":"SMITH"},{"floor":32,"key":"REST"}],"circlet_count":0,"master_deck":["AscendersBane","Strike_B","Strike_B","Strike_B","Strike_B","Defend_B","Defend_B","Defend_B","Defend_B","Zap","Dualcast","Hyperbeam+1","Coolheaded+1","Cold Snap","Sunder+1","Reinforced Body+1","Go for the Eyes+1","Sweeping Beam","Cold Snap","Reinforced Body","Steam","Core Surge","Self Repair","Hologram+1","Coolheaded","Seek","Rip and Tear","Glacier","Streamline+1","Stack"],"relics":["Cracked Core","Bronze Scales","Odd Mushroom","Symbiotic Virus","Dead Branch","Nuclear Battery","Enchiridion","Shuriken","Happy Flower","InkBottle","MealTicket","Juzu Bracelet","Sundial"],"acts_visited":["Exordium","TheCity"],"potions_floor_usage":[23,25,29,33],"damage_taken":[{"damage":0.0,"enemies":"2 Louse","floor":1.0,"turns":1.0},{"damage":2.0,"enemies":"Jaw Worm","floor":2.0,"turns":3.0},{"damage":0.0,"enemies":"Small Slimes","floor":3.0,"turns":2.0},{"damage":9.0,"enemies":"Looter","floor":5.0,"turns":3.0},{"damage":0.0,"enemies":"3 Sentries","floor":6.0,"turns":1.0},{"damage":0.0,"enemies":"The Mushroom Lair","floor":8.0,"turns":3.0},{"damage":0.0,"enemies":"2 Fungi Beasts","floor":10.0,"turns":2.0},{"damage":1.0,"enemies":"Gremlin Nob","floor":13.0,"turns":3.0},{"damage":0.0,"enemies":"Large Slime","floor":14.0,"turns":3.0},{"damage":47.0,"enemies":"Hexaghost","floor":16.0,"turns":11.0},{"damage":0.0,"enemies":"Spheric Guardian","floor":18.0,"turns":3.0},{"damage":0.0,"enemies":"2 Thieves","floor":19.0,"turns":1.0},{"damage":4,"enemies":"Centurion and Healer","floor":22,"turns":8},{"damage":20,"enemies":"Gremlin Leader","floor":23,"turns":6},{"damage":0,"enemies":"Slavers","floor":25,"turns":2},{"damage":0,"enemies":"Chosen and Byrds","floor":27,"turns":4},{"damage":0,"enemies":"Cultist and Chosen","floor":28,"turns":7},{"damage":7,"enemies":"Book of Stabbing","floor":29,"turns":5},{"damage":30,"enemies":"Gremlin Leader","floor":31,"turns":7},{"damage":52,"enemies":"Automaton","floor":33,"turns":8}],"seed_played":"-3426100284553849578","potions_obtained":[{"floor":5.0,"key":"DuplicationPotion"},{"floor":6.0,"key":"Energy Potion"},{"floor":8.0,"key":"DuplicationPotion"},{"floor":10.0,"key":"Fruit Juice"},{"floor":13.0,"key":"SpeedPotion"},{"floor":14.0,"key":"FocusPotion"},{"floor":18.0,"key":"FearPotion"},{"floor":19,"key":"Weak Potion"},{"floor":23,"key":"SkillPotion"},{"floor":25,"key":"SkillPotion"},{"floor":31,"key":"Weak Potion"}],"is_trial":false,"path_per_floor":["M","M","M","?","M","E","R","?","T","M","R","?","E","M","R","B",null,"M","M","?","$","M","E","R","E","T","M","M","E","R","E","R","B"],"character_chosen":"DEFECT","items_purchased":["Shuriken"],"campfire_rested":1,"item_purchase_floors":[21],"current_hp_per_floor":[64,62,62,67,58,58,58,58,58,58,58,58,62,62,62,15,65,65,65,44,44,47,34,34,34,34,41,48,48,48,25,49,0,0],"gold":286,"neow_bonus":"ONE_RANDOM_RARE_CARD","is_daily":false,"chose_seed":false,"campfire_upgraded":5,"win_rate":0.0,"timestamp":1612789353,"path_taken":["M","M","M","?","M","E","R","?","T","M","R","?","E","M","R","BOSS","M","M","?","$","M","E","R","E","T","M","M","E","R","E","R","BOSS"],"items_purchased_type":["Relic"],"build_version":"2020-12-22","purchased_purges":0,"victory":false,"max_hp_per_floor":[71,71,71,76,76,76,76,76,76,76,76,76,81,81,81,81,81,81,81,81,81,81,81,81,81,81,81,81,81,81,81,81,81,81],"relic_stats":{"Happy Flower":[11],"counters":[20,83],"Shuriken":[15],"Sundial":[0],"Bronze Scales":[228],"Dead Branch":[23],"MealTicket":0,"Juzu Bracelet":0,"obtain_stats":[{"Happy Flower":23,"Dead Branch":13,"Enchiridion":20,"Juzu Bracelet":29,"Odd Mushroom":8,"Nuclear Battery":17,"Shuriken":21,"Sundial":31,"Bronze Scales":6,"MealTicket":26,"Cracked Core":0,"Symbiotic Virus":9,"InkBottle":25},{"Happy Flower":14,"Dead Branch":8,"Enchiridion":12,"Juzu Bracelet":18,"Odd Mushroom":6,"Nuclear Battery":10,"Shuriken":12,"Sundial":19,"Bronze Scales":5,"MealTicket":15,"Cracked Core":0,"Symbiotic Virus":6,"InkBottle":15},{"Happy Flower":50,"Dead Branch":18,"Enchiridion":36,"Juzu Bracelet":68,"Odd Mushroom":13,"Nuclear Battery":32,"Shuriken":36,"Sundial":75,"Bronze Scales":10,"MealTicket":52,"Cracked Core":0,"Symbiotic Virus":13,"InkBottle":52}],"InkBottle":[10]},"card_choices":[{"not_picked":["Conserve Battery","Redo"],"picked":"Coolheaded","floor":1.0},{"not_picked":["Conserve Battery","Static Discharge"],"picked":"Cold Snap","floor":2.0},{"not_picked":["Streamline","Amplify"],"picked":"Sunder","floor":3.0},{"not_picked":["Aggregate","Coolheaded"],"picked":"Reinforced Body","floor":5.0},{"not_picked":["Gash","Chaos"],"picked":"Go for the Eyes","floor":6.0},{"not_picked":["Steam","Gash"],"picked":"Sweeping Beam","floor":8.0},{"not_picked":["Steam","Fusion"],"picked":"Cold Snap","floor":10.0},{"not_picked":["Undo","Sunder"],"picked":"Reinforced Body","floor":13.0},{"not_picked":["Go for the Eyes","Stack"],"picked":"Steam","floor":14.0},{"not_picked":["Seek","Rainbow"],"picked":"Core Surge","floor":16.0},{"not_picked":["Redo","Gash"],"picked":"Self Repair","floor":18.0},{"not_picked":["Self Repair","Compile Driver"],"picked":"Hologram+1","floor":19},{"not_picked":["Double Energy","Heatsinks+1"],"picked":"Coolheaded","floor":22},{"not_picked":["Coolheaded","Conserve Battery"],"picked":"Seek","floor":23},{"not_picked":["Steam","Redo"],"picked":"Rip and Tear","floor":25},{"not_picked":["Static Discharge","Cold Snap"],"picked":"Glacier","floor":27},{"not_picked":["Auto Shields","Reprogram"],"picked":"Streamline+1","floor":28},{"not_picked":["Meteor Strike","Coolheaded"],"picked":"Stack","floor":29},{"not_picked":["Hologram","Beam Cell","Redo"],"picked":"SKIP","floor":31}],"player_experience":254143,"relics_obtained":[{"floor":6.0,"key":"Bronze Scales"},{"floor":8.0,"key":"Odd Mushroom"},{"floor":9.0,"key":"Symbiotic Virus"},{"floor":13.0,"key":"Dead Branch"},{"floor":20,"key":"Enchiridion"},{"floor":23,"key":"Happy Flower"},{"floor":25,"key":"InkBottle"},{"floor":26,"key":"MealTicket"},{"floor":29,"key":"Juzu Bracelet"},{"floor":31,"key":"Sundial"}],"event_choices":[{"damage_healed":0.0,"max_hp_gain":5.0,"max_hp_loss":0.0,"gold_gain":0.0,"event_name":"Big Fish","player_choice":"Donut","floor":4.0,"gold_loss":0.0,"damage_taken":0.0},{"damage_healed":0.0,"max_hp_gain":0.0,"max_hp_loss":0.0,"gold_gain":0.0,"event_name":"Mushrooms","player_choice":"Fought Mushrooms","floor":8.0,"gold_loss":0.0,"damage_taken":0.0},{"damage_healed":0.0,"max_hp_gain":0.0,"max_hp_loss":0.0,"gold_gain":0.0,"event_name":"Liars Game","player_choice":"Ignored","floor":12.0,"gold_loss":0.0,"damage_taken":0.0},{"damage_healed":0,"gold_gain":0,"player_choice":"Obtained Book","damage_taken":21,"max_hp_gain":0,"max_hp_loss":0,"event_name":"Cursed Tome","floor":20,"gold_loss":0}],"is_beta":false,"boss_relics":[{"not_picked":["Inserter","Busted Crown"],"picked":"Nuclear Battery"}],"items_purged_floors":[],"is_endless":false,"potions_floor_spawned":[5,6,8,10,13,14,18,19,23,25,31],"killed_by":"Automaton","ascension_level":15}}