{"host":"j5shy70asow5koz5","time":1612805357,"event":{"mods":["2.2 Compatiblity","Act Like it!","Arknights","BaseMod","Colored Map","Marisa£¨Ùöéë¡¡Øª×âÞÞ£©","Minty Spire (QoL Compilation)","Prisma Mod","StSLib","SuperFastMode","Td1madao Mod","The Disciple","The Gatherer","The Servant 0.9.4","Waifu the Spire"],"gold_per_floor":[115,127,142,155,155,330,330,365,365,13,13,44,44,55,55,152,152,166,177,177,197,296,330,330,330,357,371,371,371,383,400,400,503,503,514,530,544,544,259,284,64,64,64,75,34,50,50,50,50,50],"floor_reached":51,"language":"KOR","playtime":1494,"items_purged":["Doubt","Strike_B","Stack+1"],"score":707,"play_id":"3e8fd334-6a48-420f-ba3b-d20e46697dca","local_time":"20210209022917","is_ascension_mode":false,"campfire_choices":[{"data":"Zap","floor":7.0,"key":"SMITH"},{"data":"Dualcast","floor":11.0,"key":"SMITH"},{"floor":15.0,"key":"REST"},{"floor":25.0,"key":"REST"},{"data":"Redo","floor":28.0,"key":"SMITH"},{"floor":32.0,"key":"REST"},{"floor":42,"key":"REST"},{"floor":47,"key":"REST"},{"floor":49,"key":"RECALL"}],"circlet_count":0,"master_deck":["Strike_B+1","Defend_B","Defend_B+1","Defend_B","Zap+1","Dualcast+1","Auto Shields","Loop","Cold Snap+1","Consume","Static Discharge+1","Double Energy","White Noise","Echo Form+1","Hologram","Redo+1","Iron Wave","Seek","Storm+1","Conserve Battery+1","Electrodynamics+1","Blizzard+1","Capacitor+1","Conserve Battery","Machine Learning+1","Mayhem+1","Hello World+1","Darkness+1","Defragment+1","Magnetism+1"],"relics":["Cracked Core","Bag of Marbles","Pantograph","Boot","Membership Card","Frozen Egg 2","Whetstone","Nuclear Battery","Bird Faced Urn","Oddly Smooth Stone","MutagenicStrength","Fusion Hammer","Blood Vial","Centennial Puzzle","Bottled Tornado"],"acts_visited":["Exordium","TheCity","TheBeyond"],"potions_floor_usage":[35,40,40,44,46,50,50],"damage_taken":[{"damage":5.0,"enemies":"Small Slimes","floor":1.0,"turns":3.0},{"damage":0.0,"enemies":"Jaw Worm","floor":2.0,"turns":3.0},{"damage":0.0,"enemies":"2 Louse","floor":3.0,"turns":2.0},{"damage":6.0,"enemies":"Large Slime","floor":4.0,"turns":4.0},{"damage":23.0,"enemies":"Gremlin Nob","floor":8.0,"turns":5.0},{"damage":18.0,"enemies":"Lagavulin","floor":12.0,"turns":6.0},{"damage":0.0,"enemies":"Gremlin Gang","floor":14.0,"turns":3.0},{"damage":26.0,"enemies":"Slime Boss","floor":16.0,"turns":9.0},{"damage":10.0,"enemies":"Chosen","floor":18.0,"turns":5.0},{"damage":12.0,"enemies":"Spheric Guardian","floor":19.0,"turns":5.0},{"damage":4.0,"enemies":"Snecko","floor":21.0,"turns":5.0},{"damage":35.0,"enemies":"Book of Stabbing","floor":23.0,"turns":3.0},{"damage":7.0,"enemies":"Snake Plant","floor":27.0,"turns":4.0},{"damage":10.0,"enemies":"Centurion and Healer","floor":30.0,"turns":10.0},{"damage":4.0,"enemies":"Sentry and Sphere","floor":31.0,"turns":4.0},{"damage":75.0,"enemies":"Collector","floor":33.0,"turns":14.0},{"damage":34,"enemies":"3 Darklings","floor":35,"turns":4},{"damage":0,"enemies":"3 Shapes","floor":36,"turns":3},{"damage":30,"enemies":"Maw","floor":37,"turns":6},{"damage":20,"enemies":"Nemesis","floor":40,"turns":7},{"damage":20,"enemies":"Spire Growth","floor":44,"turns":4},{"damage":10,"enemies":"Sphere and 2 Shapes","floor":46,"turns":3},{"damage":45,"enemies":"Time Eater","floor":50,"turns":6}],"seed_played":"-5031901386982157256","potions_obtained":[{"floor":1.0,"key":"DistilledChaos"},{"floor":2.0,"key":"SpeedPotion"},{"floor":12.0,"key":"LiquidMemories"},{"floor":16.0,"key":"EssenceOfSteel"},{"floor":18.0,"key":"FocusPotion"},{"floor":30.0,"key":"Fire Potion"},{"floor":33.0,"key":"GamblersBrew"},{"floor":36,"key":"EssenceOfSteel"},{"floor":37,"key":"Swift Potion"},{"floor":40,"key":"Fire Potion"},{"floor":46,"key":"Energy Potion"}],"is_trial":false,"path_per_floor":["M","M","M","M","?","?","R","E","T","$","R","E","?","M","R","B",null,"M","M","?","M","?","E","?","R","T","M","R","?","M","M","R","B",null,"M","M","M","?","$","E","$","R","T","M","$","M","R","?","R","B",null],"character_chosen":"DEFECT","items_purchased":["Membership Card","Frozen Egg 2","Static Discharge+1","Machine Learning+1","Mayhem+1","Blood Vial","ColorlessPotion","Bottled Tornado","DuplicationPotion","Defragment+1","Block Potion"],"campfire_rested":5,"item_purchase_floors":[10,10,10,39,39,39,39,41,41,45,45],"current_hp_per_floor":[70,70,70,64,57,57,57,34,34,34,34,16,1,1,23,22,75,65,53,53,49,49,14,14,36,36,35,35,35,33,39,61,6,75,47,51,37,37,37,39,39,61,61,65,65,65,75,75,75,48],"gold":50,"neow_bonus":"TRANSFORM_CARD","is_daily":false,"chose_seed":false,"campfire_upgraded":3,"win_rate":0.0,"timestamp":1612805357,"path_taken":["M","M","M","M","?","?","R","E","T","$","R","E","?","M","R","BOSS","M","M","?","?","?","E","?","R","T","M","R","?","M","M","R","BOSS","M","M","M","?","$","E","$","R","T","M","?","?","R","?","R","BOSS"],"items_purchased_type":["Relic","Relic","Card","Card","Card","Relic","Potion","Relic","Potion","Card","Potion"],"build_version":"2020-12-22","purchased_purges":3,"victory":true,"max_hp_per_floor":[75,75,75,75,75,75,75,75,75,75,75,75,75,75,75,75,75,75,75,75,75,75,75,75,75,75,75,75,75,75,75,75,75,75,75,75,75,75,75,75,75,75,75,75,75,75,75,75,75,75],"card_choices":[{"not_picked":["Sweeping Beam","Gash"],"picked":"Auto Shields","floor":1.0},{"not_picked":["Rebound","Melter"],"picked":"Loop","floor":2.0},{"not_picked":["Coolheaded","Leap"],"picked":"Sunder","floor":3.0},{"not_picked":["Beam Cell","Genetic Algorithm"],"picked":"Cold Snap","floor":4.0},{"not_picked":["Redo","Sweeping Beam"],"picked":"Consume","floor":8.0},{"not_picked":["Barrage","Static Discharge+1"],"picked":"Double Energy","floor":12.0},{"not_picked":["Coolheaded","Leap"],"picked":"White Noise","floor":14.0},{"not_picked":["Amplify","Biased Cognition+1"],"picked":"Echo Form+1","floor":16.0},{"not_picked":["Streamline+1","Steam Power"],"picked":"Hologram","floor":18.0},{"not_picked":["Consume","Heatsinks+1"],"picked":"Redo","floor":19.0},{"not_picked":["Stack+1","Streamline","Chaos"],"picked":"SKIP","floor":21.0},{"not_picked":["Ball Lightning","Melter+1"],"picked":"Seek","floor":23.0},{"not_picked":["Beam Cell+1","Cold Snap+1","Hologram+1"],"picked":"SKIP","floor":27.0},{"not_picked":["Stack+1","Redo"],"picked":"Storm+1","floor":30.0},{"not_picked":["Scrape","Rebound+1"],"picked":"Conserve Battery+1","floor":31.0},{"not_picked":["Reboot","Fission"],"picked":"Electrodynamics+1","floor":33.0},{"not_picked":["Beam Cell+1","Sweeping Beam+1"],"picked":"Blizzard+1","floor":35},{"not_picked":["White Noise","Darkness"],"picked":"Capacitor+1","floor":36},{"not_picked":["Beam Cell+1","Redo"],"picked":"Conserve Battery","floor":37},{"not_picked":["Auto Shields+1","Double Energy"],"picked":"Hello World+1","floor":40},{"not_picked":["Cold Snap","Compile Driver+1"],"picked":"Darkness+1","floor":44},{"not_picked":["Beam Cell+1","Cold Snap","Fission"],"picked":"SKIP","floor":46},{"not_picked":["Bandage Up","Secret Weapon"],"picked":"Magnetism+1","floor":48}],"player_experience":86569,"relics_obtained":[{"floor":8.0,"key":"Pantograph"},{"floor":9.0,"key":"Boot"},{"floor":12.0,"key":"Whetstone"},{"floor":23.0,"key":"Bird Faced Urn"},{"floor":26.0,"key":"Oddly Smooth Stone"},{"floor":40,"key":"Centennial Puzzle"}],"event_choices":[{"damage_healed":0.0,"max_hp_gain":0.0,"max_hp_loss":0.0,"gold_gain":0.0,"event_name":"Scrap Ooze","player_choice":"Success","floor":5.0,"gold_loss":0.0,"damage_taken":7.0,"relics_obtained":["Bag of Marbles"]},{"damage_healed":0.0,"max_hp_gain":0.0,"max_hp_loss":0.0,"gold_gain":175.0,"event_name":"Liars Game","player_choice":"AGREE","floor":6.0,"gold_loss":0.0,"damage_taken":0.0,"cards_obtained":["Doubt"]},{"damage_healed":0.0,"max_hp_gain":0.0,"max_hp_loss":0.0,"gold_gain":0.0,"event_name":"Shining Light","player_choice":"Entered Light","floor":13.0,"gold_loss":0.0,"damage_taken":15.0,"cards_upgraded":["Defend_B","Stack"]},{"cards_removed":["Sunder"],"damage_healed":0.0,"max_hp_gain":0.0,"max_hp_loss":0.0,"gold_gain":0.0,"event_name":"NoteForYourself","player_choice":"Took Card","floor":20.0,"gold_loss":0.0,"damage_taken":0.0,"cards_obtained":["Iron Wave"]},{"damage_healed":0.0,"max_hp_gain":0.0,"max_hp_loss":0.0,"gold_gain":99.0,"event_name":"Nest","player_choice":"Stole From Cult","floor":22.0,"gold_loss":0.0,"damage_taken":0.0},{"cards_removed":["Strike_B"],"damage_healed":0.0,"max_hp_gain":0.0,"max_hp_loss":0.0,"gold_gain":0.0,"event_name":"Back to Basics","player_choice":"Elegance","floor":24.0,"gold_loss":0.0,"damage_taken":0.0},{"damage_healed":0.0,"max_hp_gain":0.0,"max_hp_loss":0.0,"gold_gain":0.0,"event_name":"Drug Dealer","player_choice":"Inject Mutagens","floor":29.0,"gold_loss":0.0,"damage_taken":0.0,"relics_obtained":["MutagenicStrength"]},{"cards_removed":["Defend_B"],"damage_healed":0,"gold_gain":0,"player_choice":"Removed Skill","damage_taken":0,"max_hp_gain":0,"max_hp_loss":0,"event_name":"Falling","floor":38,"gold_loss":0},{"damage_healed":0,"gold_gain":0,"player_choice":"Memory 1","damage_taken":0,"max_hp_gain":0,"max_hp_loss":0,"event_name":"SensoryStone","floor":48,"gold_loss":0}],"is_beta":false,"boss_relics":[{"not_picked":["Empty Cage","Philosopher\u0027s Stone"],"picked":"Nuclear Battery"},{"not_picked":["Astrolabe","Runic Dome"],"picked":"Fusion Hammer"}],"items_purged_floors":[10,39,41],"is_endless":false,"potions_floor_spawned":[1,2,12,16,18,30,33,36,37,40,46],"ascension_level":0}}