{"host":"u1dfzl6o6mfmauc3","time":1612815139,"event":{"mods":["2.2 Compatiblity","AchievementEnabler","BaseMod","Bestiary","Block Reminder","Challenge The Spire","Colored Map","Dark Map","Hermit","Highlight Path","Marisa????????","Minty Spire (QoL Compilation)","Random Character Button","Rare Cards Sparkle","Relic Stats","Robot Space Explorer","StSLib","The Disciple"],"gold_per_floor":[114,129,129,2,2,36,36,67,94,106,152,182,164,191,203,215,328,340,369,381,393,422,434,446,446],"floor_reached":24,"language":"ENG","playtime":755,"items_purged":[],"score":320,"play_id":"29d4d26a-92a6-4048-86ca-c7d5b8d8394c","local_time":"20210208151219","is_ascension_mode":true,"campfire_choices":[{"data":"Zap","floor":7,"key":"SMITH"},{"data":"Hologram","floor":10,"key":"SMITH"},{"floor":15,"key":"REST"},{"floor":16,"key":"REST"}],"circlet_count":0,"master_deck":["Strike_B+1","Strike_B+1","Strike_B+1","Strike_B+1","Defend_B+1","Defend_B+1","Defend_B+1","Defend_B+1","Zap+1","Dualcast","Chaos","Defragment+1","Loop","Compile Driver","Hologram+1","Multi-Cast","Buffer","Storm","Conserve Battery","Echo Form","Coolheaded","Defragment","Barrage"],"relics":["Cracked Core","NeowsBlessing","Oddly Smooth Stone","Smiling Mask","MawBank","Happy Flower","Black Star"],"acts_visited":["Exordium","TheCity"],"potions_floor_usage":[8,14,17,24,24,24],"damage_taken":[{"damage":0,"enemies":"2 Louse","floor":1,"turns":1},{"damage":0,"enemies":"Cultist","floor":2,"turns":1},{"damage":0,"enemies":"3 Sentries","floor":6,"turns":1},{"damage":18,"enemies":"Gremlin Nob","floor":8,"turns":4},{"damage":38,"enemies":"3 Sentries","floor":11,"turns":7},{"damage":0,"enemies":"Jaw Worm","floor":12,"turns":4},{"damage":0,"enemies":"Looter","floor":14,"turns":2},{"damage":23,"enemies":"Hexaghost","floor":17,"turns":12},{"damage":10,"enemies":"Spheric Guardian","floor":19,"turns":4},{"damage":25,"enemies":"3 Byrds","floor":22,"turns":5},{"damage":33,"enemies":"Masked Bandits","floor":24,"turns":3}],"seed_played":"-252689976737696680","potions_obtained":[{"floor":1,"key":"Swift Potion"},{"floor":8,"key":"Strength Potion"},{"floor":11,"key":"LiquidMemories"},{"floor":14,"key":"LiquidMemories"},{"floor":17,"key":"FearPotion"},{"floor":22,"key":"Weak Potion"}],"is_trial":false,"path_per_floor":["M","M","?","$","?","E","R","E","T","R","E","M","?","M","R","R","B",null,"M","?","?","M","?","?"],"character_chosen":"DEFECT","items_purchased":["Loop","Compile Driver"],"campfire_rested":2,"item_purchase_floors":[4,4],"current_hp_per_floor":[68,68,68,68,68,68,68,50,50,50,12,12,12,12,34,56,33,65,55,55,55,30,30,0,0],"gold":446,"neow_bonus":"THREE_ENEMY_KILL","is_daily":false,"chose_seed":false,"campfire_upgraded":2,"win_rate":0.0,"timestamp":1612815139,"path_taken":["M","M","?","$","?","E","R","E","T","R","E","?","?","M","R","R","BOSS","M","?","?","M","?","?"],"items_purchased_type":["Card","Card"],"build_version":"2020-12-22","purchased_purges":0,"victory":false,"max_hp_per_floor":[75,75,75,75,75,75,75,75,75,75,75,75,75,75,75,75,75,75,75,75,75,75,75,75,75],"relic_stats":{"Happy Flower":[10],"counters":[11,44],"Black Star":0,"Smiling Mask":0,"MawBank":180,"obtain_stats":[{"NeowsBlessing":0,"Happy Flower":11,"Oddly Smooth Stone":6,"Black Star":18,"Cracked Core":0,"Smiling Mask":8,"MawBank":9},{"NeowsBlessing":0,"Happy Flower":5,"Oddly Smooth Stone":3,"Black Star":8,"Cracked Core":0,"Smiling Mask":4,"MawBank":4},{"NeowsBlessing":0,"Happy Flower":14,"Oddly Smooth Stone":3,"Black Star":32,"Cracked Core":0,"Smiling Mask":7,"MawBank":7}]},"card_choices":[{"not_picked":["White Noise","Storm"],"picked":"Chaos","floor":1},{"not_picked":["Sweeping Beam","Gash"],"picked":"Defragment","floor":2},{"not_picked":["Loop","Heatsinks"],"picked":"Hologram","floor":6},{"not_picked":["BootSequence","Ball Lightning"],"picked":"Multi-Cast","floor":8},{"not_picked":["Barrage","Amplify"],"picked":"Buffer","floor":11},{"not_picked":["Streamline","Go for the Eyes"],"picked":"Storm","floor":12},{"not_picked":["Streamline","Stack"],"picked":"Conserve Battery","floor":14},{"not_picked":["Meteor Strike","Hyperbeam"],"picked":"Echo Form","floor":17},{"not_picked":["Hologram+1","Beam Cell+1"],"picked":"Coolheaded","floor":19},{"not_picked":["Conserve Battery","Go for the Eyes"],"picked":"Barrage","floor":22}],"player_experience":242935,"relics_obtained":[{"floor":6,"key":"Oddly Smooth Stone"},{"floor":8,"key":"Smiling Mask"},{"floor":9,"key":"MawBank"},{"floor":11,"key":"Happy Flower"}],"event_choices":[{"damage_healed":0,"gold_gain":0,"player_choice":"Ignored","damage_taken":0,"max_hp_gain":0,"max_hp_loss":0,"event_name":"Golden Wing","floor":3,"gold_loss":0},{"damage_healed":0,"gold_gain":0,"player_choice":"Forge","damage_taken":0,"max_hp_gain":0,"max_hp_loss":0,"event_name":"Accursed Blacksmith","floor":5,"gold_loss":0,"cards_upgraded":["Defragment"]},{"damage_healed":0,"gold_gain":0,"player_choice":"Left Gold","damage_taken":0,"max_hp_gain":0,"max_hp_loss":0,"event_name":"World of Goop","floor":13,"gold_loss":30},{"damage_healed":0,"gold_gain":0,"player_choice":"Ignored","damage_taken":0,"max_hp_gain":0,"max_hp_loss":0,"event_name":"Vampires","floor":20,"gold_loss":0},{"damage_healed":0,"gold_gain":0,"player_choice":"Read","damage_taken":0,"max_hp_gain":0,"max_hp_loss":0,"event_name":"The Library","floor":21,"gold_loss":0,"cards_obtained":["Defragment"]},{"damage_healed":0,"gold_gain":0,"player_choice":"Simplicity","damage_taken":0,"max_hp_gain":0,"max_hp_loss":0,"event_name":"Back to Basics","floor":23,"gold_loss":0,"cards_upgraded":["Strike_B","Strike_B","Strike_B","Strike_B","Defend_B","Defend_B","Defend_B","Defend_B"]},{"damage_healed":0,"gold_gain":0,"player_choice":"Fought Bandits","damage_taken":0,"max_hp_gain":0,"max_hp_loss":0,"event_name":"Masked Bandits","floor":24,"gold_loss":0}],"is_beta":false,"boss_relics":[{"not_picked":["Calling Bell","Tiny House"],"picked":"Black Star"}],"items_purged_floors":[],"is_endless":false,"potions_floor_spawned":[1,8,11,14,17,22],"killed_by":"Masked Bandits","ascension_level":7}}