{"host":"vumwfieg2b2mnrfl","time":1612745365,"event":{"mods":["AchievementEnabler","BaseMod","Minty Spire (QoL Compilation)","Rare Cards Sparkle","Relic Stats"],"gold_per_floor":[113,30,105,105,105,105,141,141,166,166,194,227,242,263,263,263,263],"floor_reached":16,"language":"ENG","playtime":243,"items_purged":[],"score":262,"play_id":"ed4744a2-8df2-4b33-aafa-d9754de69f9a","local_time":"20210207184925","is_ascension_mode":true,"campfire_choices":[{"data":"Noxious Fumes","floor":6,"key":"SMITH"},{"data":"Neutralize","floor":8,"key":"SMITH"},{"data":"Dagger Throw","floor":10,"key":"SMITH"},{"floor":15,"key":"REST"}],"circlet_count":0,"master_deck":["AscendersBane","Strike_G","Strike_G","Strike_G","Strike_G","Defend_G","Defend_G","Defend_G","Defend_G","Defend_G","Survivor","Neutralize+1","Noxious Fumes+1","Infinite Blades","Injury","Dagger Throw+1","Night Terror","Noxious Fumes","Bane","PiercingWail"],"relics":["Ring of the Snake","NeowsBlessing","Golden Idol","Dream Catcher","Anchor","Odd Mushroom","Juzu Bracelet"],"acts_visited":["Exordium"],"potions_floor_usage":[13],"damage_taken":[{"damage":0,"enemies":"2 Louse","floor":1,"turns":1},{"damage":0,"enemies":"Lagavulin","floor":7,"turns":1},{"damage":0,"enemies":"The Mushroom Lair","floor":11,"turns":1},{"damage":32,"enemies":"Gremlin Nob","floor":12,"turns":5},{"damage":0,"enemies":"Small Slimes","floor":13,"turns":4},{"damage":0,"enemies":"Jaw Worm","floor":14,"turns":4},{"damage":38,"enemies":"The Guardian","floor":16,"turns":4}],"seed_played":"-3236838431409053696","potions_obtained":[{"floor":1,"key":"Block Potion"},{"floor":14,"key":"Swift Potion"}],"is_trial":false,"path_per_floor":["M","$","?","?","?","R","E","R","T","R","?","E","M","M","R","B"],"character_chosen":"THE_SILENT","items_purchased":["Noxious Fumes"],"campfire_rested":1,"item_purchase_floors":[2],"current_hp_per_floor":[59,59,48,48,48,48,48,48,48,48,48,16,16,16,35,0,0],"gold":263,"neow_bonus":"THREE_ENEMY_KILL","is_daily":false,"chose_seed":false,"campfire_upgraded":3,"win_rate":0.0,"timestamp":1612745365,"path_taken":["M","$","?","?","?","R","E","R","T","R","?","E","M","M","R","BOSS"],"items_purchased_type":["Card"],"build_version":"2020-12-22","purchased_purges":0,"victory":false,"max_hp_per_floor":[66,66,66,66,66,66,66,66,66,66,66,66,66,66,66,66,66],"relic_stats":{"Dream Catcher":1,"counters":[7,20],"Golden Idol":27,"Juzu Bracelet":0,"obtain_stats":[{"Dream Catcher":7,"Anchor":9,"NeowsBlessing":0,"Golden Idol":5,"Juzu Bracelet":12,"Odd Mushroom":11,"Ring of the Snake":0},{"Dream Catcher":2,"Anchor":2,"NeowsBlessing":0,"Golden Idol":1,"Juzu Bracelet":4,"Odd Mushroom":3,"Ring of the Snake":0},{"Dream Catcher":2,"Anchor":2,"NeowsBlessing":0,"Golden Idol":1,"Juzu Bracelet":8,"Odd Mushroom":3,"Ring of the Snake":0}],"Ring of the Snake":[14]},"card_choices":[{"not_picked":["Expertise","Tactician","Outmaneuver"],"picked":"SKIP","floor":1},{"not_picked":["Deflect","Acrobatics"],"picked":"Dagger Throw","floor":7},{"not_picked":["Tactician","Flying Knee"],"picked":"Night Terror","floor":12},{"not_picked":["Dodge and Roll","Reflex"],"picked":"Noxious Fumes","floor":13},{"not_picked":["Tactician","Dodge and Roll"],"picked":"Bane","floor":14},{"not_picked":["Poisoned Stab","Infinite Blades"],"picked":"PiercingWail","floor":15}],"player_experience":535530,"relics_obtained":[{"floor":7,"key":"Dream Catcher"},{"floor":9,"key":"Anchor"},{"floor":11,"key":"Odd Mushroom"},{"floor":12,"key":"Juzu Bracelet"}],"event_choices":[{"damage_healed":0,"gold_gain":75,"player_choice":"Gather Gold","damage_taken":11,"max_hp_gain":0,"max_hp_loss":0,"event_name":"World of Goop","floor":3,"gold_loss":0},{"damage_healed":0,"gold_gain":0,"cards_transformed":["Strike_G"],"player_choice":"Change","damage_taken":0,"max_hp_gain":0,"max_hp_loss":0,"event_name":"Living Wall","floor":4,"gold_loss":0,"cards_obtained":["Infinite Blades"]},{"damage_healed":0,"gold_gain":0,"player_choice":"Take Wound","damage_taken":0,"relics_obtained":["Golden Idol"],"max_hp_gain":0,"max_hp_loss":0,"event_name":"Golden Idol","floor":5,"gold_loss":0,"cards_obtained":["Injury"]},{"damage_healed":0,"gold_gain":0,"player_choice":"Fought Mushrooms","damage_taken":0,"max_hp_gain":0,"max_hp_loss":0,"event_name":"Mushrooms","floor":11,"gold_loss":0}],"is_beta":false,"boss_relics":[],"items_purged_floors":[],"is_endless":false,"potions_floor_spawned":[1,14],"killed_by":"The Guardian","ascension_level":20}}