{"host":"f5gffvlv6a66yqkd","time":1612802177,"event":{"mods":["2.2 Compatiblity","BaseMod","Colored Map","Custom Start","DeckTracker","Keyboard Shortcuts","Minty Spire (QoL Compilation)","Permanent Neow","Quick Restart","Relic Stats","StSLib","SuperFastMode"],"gold_per_floor":[114,130,50,69,88,88,138,165,165,176,176,15,15,35,35,112,112,131,131,31,112,132,132,132,132,132,132,132,132],"floor_reached":28,"language":"KOR","playtime":485,"items_purged":["Strike_B","Strike_B"],"score":432,"play_id":"64915d8b-c1cc-4b19-be09-bfc85508953f","local_time":"20210209013617","is_ascension_mode":true,"campfire_choices":[{"data":"Defragment","floor":6.0,"key":"SMITH"},{"floor":11.0,"key":"REST"},{"data":"Dualcast","floor":13.0,"key":"SMITH"},{"data":"Zap","floor":15,"key":"SMITH"},{"data":"Storm","floor":23,"key":"SMITH"},{"floor":25,"key":"RECALL"},{"data":"Biased Cognition","floor":27,"key":"SMITH"}],"circlet_count":0,"master_deck":["AscendersBane","Strike_B","Strike_B","Defend_B","Defend_B","Defend_B","Defend_B","Zap+1","Dualcast+1","Rebound","Streamline","Glacier","Defragment+1","Ball Lightning","Coolheaded","Capacitor","White Noise","Biased Cognition+1","Self Repair","Clumsy","Storm+1"],"relics":["Cracked Core","Boot","Pantograph","Cursed Key"],"acts_visited":["Exordium","TheCity"],"potions_floor_usage":[16,22],"damage_taken":[{"damage":1.0,"enemies":"Cultist","floor":1.0,"turns":3.0},{"damage":0.0,"enemies":"2 Louse","floor":2.0,"turns":2.0},{"damage":2.0,"enemies":"Jaw Worm","floor":4.0,"turns":4.0},{"damage":1.0,"enemies":"Looter","floor":5.0,"turns":3.0},{"damage":40.0,"enemies":"3 Sentries","floor":8.0,"turns":10.0},{"damage":3.0,"enemies":"Blue Slaver","floor":10.0,"turns":4.0},{"damage":5,"enemies":"Exordium Wildlife","floor":14,"turns":4},{"damage":21,"enemies":"Slime Boss","floor":16,"turns":7},{"damage":4,"enemies":"Spheric Guardian","floor":18,"turns":4},{"damage":14,"enemies":"3 Byrds","floor":22,"turns":5},{"damage":35,"enemies":"Snake Plant","floor":28,"turns":2}],"seed_played":"4001606585770809461","potions_obtained":[{"floor":2.0,"key":"Ancient Potion"},{"floor":4.0,"key":"BlessingOfTheForge"},{"floor":8.0,"key":"Fire Potion"},{"floor":16,"key":"EssenceOfDarkness"},{"floor":18,"key":"AttackPotion"}],"is_trial":false,"path_per_floor":["M","M","$","M","M","R","?","E","T","M","R","$","R","M","R","B",null,"M","?","$","T","M","R","?","R","T","R","M"],"character_chosen":"DEFECT","items_purchased":["Defragment","Capacitor"],"campfire_rested":1,"item_purchase_floors":[3,12],"current_hp_per_floor":[63,63,63,61,60,60,53,13,13,10,31,31,31,26,26,30,61,57,57,57,57,50,50,30,30,30,30,0,0],"gold":132,"neow_bonus":"THREE_CARDS","is_daily":false,"chose_seed":false,"campfire_upgraded":5,"win_rate":0.0,"timestamp":1612802177,"path_taken":["M","M","$","?","M","R","?","E","T","M","R","$","R","M","R","BOSS","M","?","$","?","M","R","?","R","T","R","M"],"items_purchased_type":["Card","Card"],"build_version":"2020-12-22","purchased_purges":2,"victory":false,"max_hp_per_floor":[71,71,71,71,71,71,71,71,71,71,71,71,71,71,71,71,71,71,71,71,71,71,71,76,76,76,76,76,76],"relic_stats":{"counters":[11,48],"Pantograph":25,"Boot":[17],"Cursed Key":1,"obtain_stats":[{"Pantograph":9,"Cracked Core":0,"Boot":8,"Cursed Key":17},{"Pantograph":5,"Cracked Core":0,"Boot":5,"Cursed Key":8},{"Pantograph":22,"Cracked Core":0,"Boot":22,"Cursed Key":37}]},"card_choices":[{"not_picked":["Steam","Hologram"],"picked":"Rebound","floor":0.0},{"not_picked":["Coolheaded","Steam"],"picked":"Streamline","floor":1.0},{"not_picked":["Fusion","Redo"],"picked":"Glacier","floor":2.0},{"not_picked":["Double Energy","Gash"],"picked":"Ball Lightning","floor":4.0},{"not_picked":["Beam Cell","Leap","Conserve Battery"],"picked":"SKIP","floor":5.0},{"not_picked":["Multi-Cast","Gash","Steam"],"picked":"SKIP","floor":8.0},{"not_picked":["Stack","Gash"],"picked":"Coolheaded","floor":10.0},{"not_picked":["Scrape","Heatsinks"],"picked":"White Noise","floor":14},{"not_picked":["Echo Form","Seek"],"picked":"Biased Cognition","floor":16},{"not_picked":["Conserve Battery+1","Go for the Eyes"],"picked":"Self Repair","floor":18},{"not_picked":["Rebound","Beam Cell"],"picked":"Storm","floor":22}],"player_experience":1703035,"relics_obtained":[{"floor":8.0,"key":"Boot"},{"floor":9.0,"key":"Pantograph"}],"event_choices":[{"damage_healed":0.0,"max_hp_gain":0.0,"max_hp_loss":0.0,"gold_gain":50.0,"event_name":"FaceTrader","player_choice":"Touch","floor":7.0,"gold_loss":0.0,"damage_taken":7.0},{"damage_healed":0,"gold_gain":0,"player_choice":"Ignored","damage_taken":0,"max_hp_gain":0,"max_hp_loss":0,"event_name":"N\u0027loth","floor":19,"gold_loss":0},{"damage_healed":0,"gold_gain":0,"player_choice":"Shed Blood","damage_taken":25,"max_hp_gain":5,"max_hp_loss":0,"event_name":"Forgotten Altar","floor":24,"gold_loss":0}],"is_beta":false,"boss_relics":[{"not_picked":["Philosopher\u0027s Stone","Inserter"],"picked":"Cursed Key"}],"items_purged_floors":[12,20],"is_endless":false,"potions_floor_spawned":[2,4,8,10,16,18],"killed_by":"Snake Plant","ascension_level":20}}