{"host":"fc5kl670efuhtomy","time":1612822911,"event":{"mods":["AchievementEnabler","BaseMod","Colored Powertips","Downfall","Marisa（F雨　魔理沙）","Minty Spire (QoL Compilation)","Quick Restart","Rare Cards Sparkle","Relic Stats","Replay The Spire","StSLib","The Bug Knight","The Construct","The Cursed","The Necromancer","The Servant 0.9.4","WarShipGirlsR/战舰少女R mod"],"gold_per_floor":[112,132,57,57,57,95,119,19,42,67,92,92,107,132,132,261,361,379,304,304,327,348,348,369,369,369,369,369,369],"floor_reached":28,"language":"ZHS","playtime":1227,"items_purged":["HollowMod:QuickDashStart","HollowMod:NailStrikeStart"],"score":247,"play_id":"72f470f1-a07a-4362-a818-806e48c61ea9","local_time":"20210209062151","is_ascension_mode":false,"campfire_choices":[{"floor":15,"key":"REST"},{"floor":23,"key":"RECALL"}],"circlet_count":0,"master_deck":["HollowMod:NailStrikeStart","HollowMod:NailStrikeStart","HollowMod:NailStrikeStart","HollowMod:QuickDashStart","HollowMod:QuickDashStart","HollowMod:QuickDashStart","HollowMod:FocusHealStart","HollowMod:PogoStrike","HollowMod:QuirrelsAssistance","HollowMod:SharpenedNail","HollowMod:SharpenedNail","HollowMod:CornifersMapStart","HollowMod:SlysStrikes","HollowMod:SharpenedNail","HollowMod:GrimmsGift","HollowMod:Weaversong","ReplayTheSpireMod:Trickstab","Purity","HollowMod:CycloneSlash+1","HollowMod:SharpenedNail+1"],"relics":["HollowMod:VesselMask","Golden Idol","Replay:Baseball","Bag of Preparation","WarpedTongs","Replay:Wanted Poster","Calipers"],"acts_visited":["Exordium","TheCity"],"potions_floor_usage":[6,21,22,24],"damage_taken":[{"damage":0,"enemies":"2 Louse","floor":1,"turns":3},{"damage":0,"enemies":"Jaw Worm","floor":2,"turns":4},{"damage":33,"enemies":"HollowMod:MossKnight","floor":6,"turns":15},{"damage":0,"enemies":"Cultist","floor":7,"turns":2},{"damage":6,"enemies":"2 Fungi Beasts","floor":10,"turns":3},{"damage":13,"enemies":"Large Slime","floor":11,"turns":3},{"damage":12,"enemies":"Gremlin Gang","floor":13,"turns":4},{"damage":5,"enemies":"3 Louse","floor":14,"turns":2},{"damage":19,"enemies":"Slime Boss","floor":16,"turns":8},{"damage":15,"enemies":"Chosen","floor":18,"turns":4},{"damage":6,"enemies":"Spheric Guardian","floor":21,"turns":3},{"damage":32,"enemies":"Snake Plant","floor":22,"turns":4},{"damage":20,"enemies":"Snecko","floor":24,"turns":4},{"damage":5,"enemies":"Replay:Snechameleon","floor":28,"turns":1}],"seed_played":"3975269374062428307","potions_obtained":[{"floor":1,"key":"Venom Potion"},{"floor":2,"key":"Regen Potion"},{"floor":14,"key":"GamblersBrew"},{"floor":16,"key":"ColorlessPotion"},{"floor":21,"key":"GamblersBrew"},{"floor":24,"key":"Milkshake"}],"is_trial":false,"path_per_floor":["M","M","$","?","?","E","M","$","T","M","M","?","M","M","R","B",null,"M","?","?","M","M","R","M","$","T","?","E"],"character_chosen":"THE_BUGKNIGHT","items_purchased":[],"campfire_rested":1,"item_purchase_floors":[],"current_hp_per_floor":[82,82,82,62,55,49,49,49,49,49,36,36,30,31,55,42,82,73,73,54,54,28,28,8,8,8,5,0,0],"gold":369,"neow_bonus":"TEN_PERCENT_HP_BONUS","is_daily":false,"chose_seed":false,"campfire_upgraded":0,"win_rate":0.0,"timestamp":1612822911,"path_taken":["M","M","$","?","?","E","M","$","T","M","M","?","?","M","R","BOSS","M","?","?","?","M","R","M","$","T","?","E"],"items_purchased_type":[],"build_version":"2020-12-22","purchased_purges":2,"victory":false,"max_hp_per_floor":[82,82,82,82,82,82,82,82,82,82,82,82,82,82,82,82,82,82,82,82,82,82,82,82,82,82,82,82,82],"relic_stats":{"counters":[14,60],"Golden Idol":74,"Bag of Preparation":[22],"obtain_stats":[{"Replay:Wanted Poster":17,"Replay:Baseball":5,"Calipers":26,"Golden Idol":4,"HollowMod:VesselMask":0,"Bag of Preparation":6,"WarpedTongs":12},{"Replay:Wanted Poster":9,"Replay:Baseball":2,"Calipers":13,"Golden Idol":2,"HollowMod:VesselMask":0,"Bag of Preparation":3,"WarpedTongs":6},{"Replay:Wanted Poster":44,"Replay:Baseball":7,"Calipers":59,"Golden Idol":7,"HollowMod:VesselMask":0,"Bag of Preparation":22,"WarpedTongs":30}],"WarpedTongs":[30]},"card_choices":[{"not_picked":["HollowMod:SoulShaman","HollowMod:DescendingDark"],"picked":"HollowMod:QuirrelsAssistance","floor":1},{"not_picked":["HollowMod:InfectedCysts","HollowMod:SoulSplash"],"picked":"HollowMod:SharpenedNail","floor":2},{"not_picked":["HollowMod:WraithStrike","HollowMod:NewGlowingWomb"],"picked":"HollowMod:SharpenedNail","floor":6},{"not_picked":["HollowMod:InfectedAttack","HollowMod:InfectedCysts"],"picked":"HollowMod:CornifersMapStart","floor":7},{"not_picked":["HollowMod:HeavyBlow","HollowMod:SharpenedShadows"],"picked":"HollowMod:SlysStrikes","floor":10},{"not_picked":["HollowMod:SoulSplash","HollowMod:CycloneSlash","HollowMod:CornifersMapStart"],"picked":"SKIP","floor":11},{"not_picked":["HollowMod:HowlingWraiths","HollowMod:Grubsong"],"picked":"HollowMod:SharpenedNail","floor":13},{"not_picked":["HollowMod:VengefulVoid","HollowMod:HowlingWraiths"],"picked":"HollowMod:GrimmsGift","floor":14},{"not_picked":["HollowMod:Hiveblood","HollowMod:VoidDash"],"picked":"HollowMod:Weaversong","floor":16},{"not_picked":["HollowMod:WraithStrike+1","HollowMod:CornifersMapStart","HollowMod:Grubsong"],"picked":"SKIP","floor":18},{"not_picked":["HollowMod:VengefulVoid","HollowMod:DreamGate"],"picked":"HollowMod:CycloneSlash+1","floor":21},{"not_picked":["HollowMod:CoiledNail","HollowMod:MawleksShell+1"],"picked":"HollowMod:SharpenedNail+1","floor":22},{"not_picked":["HollowMod:VengefulSpirit","HollowMod:SharpenedShadows+1","HollowMod:DescendingDark"],"picked":"SKIP","floor":24}],"player_experience":175519,"relics_obtained":[{"floor":6,"key":"Bag of Preparation"},{"floor":26,"key":"Calipers"}],"event_choices":[{"damage_healed":0,"gold_gain":0,"player_choice":"Take Damage","damage_taken":20,"relics_obtained":["Golden Idol"],"max_hp_gain":0,"max_hp_loss":0,"event_name":"Golden Idol","floor":4,"gold_loss":0},{"damage_healed":0,"gold_gain":0,"player_choice":"Success","damage_taken":7,"relics_obtained":["Replay:Baseball"],"max_hp_gain":0,"max_hp_loss":0,"event_name":"Scrap Ooze","floor":5,"gold_loss":0},{"damage_healed":0,"gold_gain":0,"player_choice":"Rummage","damage_taken":0,"relics_obtained":["WarpedTongs"],"max_hp_gain":0,"max_hp_loss":0,"event_name":"Accursed Blacksmith","floor":12,"gold_loss":0,"cards_obtained":["Pain"]},{"cards_removed":["Pain"],"damage_healed":0,"gold_gain":0,"player_choice":"Gave Gold","damage_taken":0,"max_hp_gain":0,"max_hp_loss":0,"event_name":"Beggar","floor":19,"gold_loss":75},{"damage_healed":0,"gold_gain":0,"player_choice":"CARD CARD ","damage_taken":19,"max_hp_gain":0,"max_hp_loss":0,"event_name":"Knowing Skull","floor":20,"potions_obtained":[],"gold_loss":0,"cards_obtained":["ReplayTheSpireMod:Trickstab","Purity"]},{"damage_healed":0,"gold_gain":0,"player_choice":"Punched","damage_taken":3,"max_hp_gain":0,"max_hp_loss":0,"event_name":"Designer","floor":27,"gold_loss":0}],"is_beta":false,"boss_relics":[{"not_picked":["Calling Bell","Replay:Bronze Core"],"picked":"Replay:Wanted Poster"}],"items_purged_floors":[3,8],"is_endless":false,"potions_floor_spawned":[1,2,14,16,21,24],"killed_by":"Replay:Snechameleon","ascension_level":0}}