{"host":"o9lehcdjc4u6j9un","time":1612827151,"event":{"mods":["BaseMod","Better-Laid Plans","Colored Map","Downfall","Hermit","Koishi","Marisa£®ÏF”Í°°ƒß¿Ì…≥£©","Minty Spire (QoL Compilation)","Reimu£®≤©¿ˆ¡È√Œ£©","Remilia£®¿Ÿ√◊¿Ú—«£©","StSLib","The Alterego","The Runesmith","The Senshi","Youmu£®ªÍ∆«—˝√Œ£©"],"gold_per_floor":[117,42,59,69,86,118,138,138,138,171,198,226,226,226,226,324,324,337,337,337,353,365,365,399,399,426,32,44,78,78,109,109,207,207,221,234,249,98,0,0,12,40,65,28,54,54,70,70,70,70,70],"floor_reached":50,"language":"ZHS","playtime":4996,"items_purged":["Strike_P","Strike_P","Defend_P"],"score":653,"play_id":"ed5f57d1-9896-42c9-8270-949cdf326299","local_time":"20210209073231","is_ascension_mode":false,"campfire_choices":[{"floor":8,"key":"REST"},{"floor":15,"key":"REST"},{"floor":23,"key":"REST"},{"data":"ConjureBlade","floor":25,"key":"SMITH"},{"floor":32,"key":"REST"},{"floor":40,"key":"REST"},{"data":"Vault","floor":46,"key":"SMITH"},{"data":"Discovery","floor":49,"key":"SMITH"}],"circlet_count":0,"master_deck":["Defend_P","Defend_P","Eruption","Vigilance+1","FollowUp","Evaluate","Fasting2","ReachHeaven","SashWhip","Consecrate","ClearTheMind+1","Sanctity","CrushJoints","Ragnarok","ConjureBlade+1","BowlingBash+1","Halt","EmptyBody","Crescendo","Adaptation","Evaluate","Indignation","DeceiveReality","ReachHeaven+1","Vault+1","FollowUp+1","Indignation","FearNoEvil+1","FollowUp","CutThroughFate","BowlingBash+1","Meditate","CutThroughFate","Trip","Discovery+1","Blind"],"relics":["PureWater","Eternal Feather","Happy Flower","PreservedInsect","Odd Mushroom","Bottled Flame","SlaversCollar","alterego_mod:SomeoneToFightFor","Strawberry","Centennial Puzzle","Bag of Preparation","theSenshi:SailorFukuRelic","Bronze Scales","Toy Ornithopter","Philosopher\u0027s Stone","Red Mask","Bottled Lightning","MealTicket","Orichalcum"],"acts_visited":["Exordium","TheCity","TheBeyond"],"potions_floor_usage":[10,11,11,11,16,16,16,35,37,41,42,47],"damage_taken":[{"damage":6,"enemies":"Jaw Worm","floor":1,"turns":3},{"damage":4,"enemies":"2 Louse","floor":3,"turns":2},{"damage":2,"enemies":"Small Slimes","floor":4,"turns":5},{"damage":7,"enemies":"Looter","floor":5,"turns":5},{"damage":26,"enemies":"3 Sentries","floor":6,"turns":10},{"damage":11,"enemies":"2 Fungi Beasts","floor":7,"turns":5},{"damage":12,"enemies":"Lagavulin","floor":10,"turns":5},{"damage":0,"enemies":"The Mushroom Lair","floor":11,"turns":2},{"damage":0,"enemies":"Gremlin Nob","floor":12,"turns":2},{"damage":41,"enemies":"Hexaghost","floor":16,"turns":12},{"damage":16,"enemies":"Chosen","floor":18,"turns":5},{"damage":8,"enemies":"2 Thieves","floor":21,"turns":3},{"damage":40,"enemies":"Centurion and Healer","floor":22,"turns":9},{"damage":12,"enemies":"Book of Stabbing","floor":24,"turns":3},{"damage":22,"enemies":"Snake Plant","floor":28,"turns":3},{"damage":13,"enemies":"Gremlin Leader","floor":29,"turns":3},{"damage":1,"enemies":"Book of Stabbing","floor":31,"turns":2},{"damage":15,"enemies":"Collector","floor":33,"turns":6},{"damage":5,"enemies":"Orb Walker","floor":35,"turns":2},{"damage":21,"enemies":"3 Shapes","floor":36,"turns":7},{"damage":41,"enemies":"Maw","floor":37,"turns":7},{"damage":0,"enemies":"Jaw Worm Horde","floor":41,"turns":3},{"damage":15,"enemies":"Reptomancer","floor":42,"turns":4},{"damage":8,"enemies":"Nemesis","floor":45,"turns":4},{"damage":21,"enemies":"4 Shapes","floor":47,"turns":5},{"damage":87,"enemies":"Time Eater","floor":50,"turns":7}],"seed_played":"-197678039367385450","potions_obtained":[{"floor":3,"key":"SteroidPotion"},{"floor":4,"key":"LiquidBronze"},{"floor":6,"key":"Strength Potion"},{"floor":7,"key":"EntropicBrew"},{"floor":12,"key":"DistilledChaos"},{"floor":28,"key":"AttackPotion"},{"floor":31,"key":"DuplicationPotion"},{"floor":35,"key":"AttackPotion"},{"floor":36,"key":"Fire Potion"},{"floor":37,"key":"Strength Potion"},{"floor":41,"key":"Swift Potion"}],"is_trial":false,"path_per_floor":["M","$","M","M","M","E","M","R","T","E","?","E","?","?","R","B",null,"M","?","?","M","M","R","E","R","T","$","M","E","?","E","R","B",null,"M","M","M","$","?","R","M","E","T","$","E","R","M","?","R","B"],"character_chosen":"WATCHER","items_purchased":["Bag of Preparation","theSenshi:SailorFukuRelic","FollowUp","Meditate"],"campfire_rested":5,"item_purchase_floors":[27,27,38,44],"current_hp_per_floor":[73,73,69,67,60,34,23,55,55,43,43,43,27,27,59,18,79,63,63,63,55,15,50,52,64,64,64,42,29,29,28,68,53,86,86,65,29,29,29,69,74,64,64,79,71,86,65,55,76,0,0],"gold":70,"neow_bonus":"TEN_PERCENT_HP_BONUS","is_daily":false,"chose_seed":false,"campfire_upgraded":3,"win_rate":0.0,"timestamp":1612827151,"path_taken":["M","$","M","M","M","E","M","R","T","E","?","E","?","?","R","BOSS","M","?","?","M","M","R","E","R","T","$","M","E","?","E","R","BOSS","M","M","M","$","?","R","M","E","T","$","E","R","M","?","R","BOSS"],"items_purchased_type":["Relic","Relic","Card","Card"],"build_version":"2020-12-22","purchased_purges":3,"victory":false,"max_hp_per_floor":[79,79,79,79,79,79,79,79,79,79,79,79,79,79,79,79,79,79,79,79,79,79,79,86,86,86,86,86,86,86,86,86,86,86,86,86,86,86,86,86,86,86,86,86,86,86,86,86,86,86,86],"card_choices":[{"not_picked":["FlurryOfBlows","ClearTheMind"],"picked":"FollowUp","floor":1},{"not_picked":["Adaptation","Vengeance"],"picked":"Evaluate","floor":3},{"not_picked":["Pray","Evaluate"],"picked":"Fasting2","floor":4},{"not_picked":["WreathOfFlame","SashWhip"],"picked":"ReachHeaven","floor":5},{"not_picked":["FlurryOfBlows","Adaptation"],"picked":"SashWhip","floor":6},{"not_picked":["EmptyFist","Protect"],"picked":"Consecrate","floor":7},{"not_picked":["DeceiveReality","WaveOfTheHand"],"picked":"ClearTheMind","floor":10},{"not_picked":["FlurryOfBlows","JustLucky"],"picked":"Sanctity","floor":11},{"not_picked":["SandsOfTime","LikeWater"],"picked":"CrushJoints","floor":12},{"not_picked":["DevaForm","MasterReality"],"picked":"ConjureBlade","floor":16},{"not_picked":["FearNoEvil","Nirvana"],"picked":"BowlingBash+1","floor":18},{"not_picked":["ThirdEye","WheelKick"],"picked":"Halt","floor":21},{"not_picked":["Halt+1","Vengeance"],"picked":"EmptyBody","floor":22},{"not_picked":["CrushJoints","Wallop"],"picked":"Crescendo","floor":24},{"not_picked":["BowlingBash+1","Omniscience"],"picked":"Adaptation","floor":28},{"not_picked":["JustLucky","Perseverance"],"picked":"Evaluate","floor":29},{"not_picked":["BowlingBash","Evaluate"],"picked":"ReachHeaven+1","floor":31},{"not_picked":["Blasphemy","Devotion"],"picked":"Vault","floor":33},{"not_picked":["WindmillStrike+1","FlyingSleeves"],"picked":"FollowUp+1","floor":35},{"not_picked":["Halt+1","Worship+1"],"picked":"Indignation","floor":36},{"not_picked":["Conclude+1","Evaluate"],"picked":"FearNoEvil+1","floor":37},{"not_picked":["FollowUp","CrushJoints+1"],"picked":"CutThroughFate","floor":41},{"not_picked":["JustLucky","TalkToTheHand","BowlingBash+1"],"picked":"SKIP","floor":42},{"not_picked":["JustLucky","TalkToTheHand"],"picked":"BowlingBash+1","floor":42},{"not_picked":["PathToVictory","Pray","Adaptation"],"picked":"SKIP","floor":45},{"not_picked":["CarveReality","Devotion"],"picked":"CutThroughFate","floor":47},{"not_picked":["Dramatic Entrance","Panache"],"picked":"Trip","floor":48},{"not_picked":["Purity","PanicButton"],"picked":"Discovery","floor":48},{"not_picked":["Panacea","Good Instincts"],"picked":"Blind","floor":48}],"player_experience":164458,"relics_obtained":[{"floor":6,"key":"Eternal Feather"},{"floor":9,"key":"Happy Flower"},{"floor":10,"key":"PreservedInsect"},{"floor":11,"key":"Odd Mushroom"},{"floor":12,"key":"Bottled Flame"},{"floor":24,"key":"Strawberry"},{"floor":26,"key":"Centennial Puzzle"},{"floor":29,"key":"Bronze Scales"},{"floor":31,"key":"Toy Ornithopter"},{"floor":42,"key":"Bottled Lightning"},{"floor":43,"key":"MealTicket"},{"floor":45,"key":"Orichalcum"}],"event_choices":[{"damage_healed":0,"gold_gain":0,"player_choice":"Fought Mushrooms","damage_taken":0,"max_hp_gain":0,"max_hp_loss":0,"event_name":"Mushrooms","floor":11,"gold_loss":0},{"damage_healed":0,"gold_gain":0,"player_choice":"Entered Light","damage_taken":16,"max_hp_gain":0,"max_hp_loss":0,"event_name":"Shining Light","floor":13,"gold_loss":0,"cards_upgraded":["Vigilance","ClearTheMind"]},{"damage_healed":0,"gold_gain":0,"cards_transformed":["Strike_P"],"player_choice":"Change","damage_taken":0,"max_hp_gain":0,"max_hp_loss":0,"event_name":"Living Wall","floor":14,"gold_loss":0,"cards_obtained":["Ragnarok"]},{"damage_healed":0,"gold_gain":0,"player_choice":"Choice 2","damage_taken":0,"relics_obtained":["alterego_mod:SomeoneToFightFor"],"max_hp_gain":0,"max_hp_loss":0,"event_name":"∞Æµƒ…Ò •ª®‘∞","floor":19,"gold_loss":0},{"damage_healed":0,"gold_gain":0,"player_choice":"Ignored","damage_taken":0,"max_hp_gain":0,"max_hp_loss":0,"event_name":"Vampires","floor":20,"gold_loss":0},{"damage_healed":0,"gold_gain":0,"cards_transformed":["Strike_P","Defend_P"],"player_choice":"Became Test Subject","damage_taken":0,"max_hp_gain":0,"max_hp_loss":0,"event_name":"Drug Dealer","floor":30,"gold_loss":0,"cards_obtained":["Indignation","DeceiveReality"]},{"damage_healed":0,"gold_gain":0,"player_choice":"Paid","damage_taken":0,"relics_obtained":["Red Mask"],"max_hp_gain":0,"max_hp_loss":0,"event_name":"Tomb of Lord Red Mask","floor":39,"gold_loss":98},{"damage_healed":0,"gold_gain":0,"player_choice":"Memory 3","damage_taken":10,"max_hp_gain":0,"max_hp_loss":0,"event_name":"SensoryStone","floor":48,"gold_loss":0}],"is_beta":false,"boss_relics":[{"not_picked":["SacredBark","Astrolabe"],"picked":"SlaversCollar"},{"not_picked":["Tiny House","Calling Bell"],"picked":"Philosopher\u0027s Stone"}],"items_purged_floors":[2,27,38],"is_endless":false,"potions_floor_spawned":[3,4,6,7,12,28,31,35,36,37,41],"killed_by":"Time Eater","ascension_level":0}}