{"host":"ly20tmf9be7b85hl","time":1612800989,"event":{"mods":["BaseMod","Colored Map","Keyboard Shortcuts","Minty Spire (QoL Compilation)","Permanent Neow","Quick Restart","SuperFastMode"],"gold_per_floor":[112,35,35,35,85,85,103,133,156,172,172,189,189,114,114,189,189,201,220,220,236,55,86,98,98,98],"floor_reached":25,"language":"KOR","playtime":577,"items_purged":["Strike_G","Defend_G"],"score":442,"play_id":"bd712f90-4f10-4d27-94d1-76203aa920e0","local_time":"20210209011629","is_ascension_mode":true,"campfire_choices":[{"data":"Eviscerate","floor":6.0,"key":"SMITH"},{"floor":11.0,"key":"REST"},{"data":"Masterful Stab","floor":13.0,"key":"SMITH"},{"data":"Deadly Poison","floor":15.0,"key":"SMITH"}],"circlet_count":0,"master_deck":["AscendersBane","Strike_G+1","Strike_G","Defend_G","Defend_G","Defend_G","Defend_G","Survivor","Neutralize+1","Eviscerate+1","Footwork","Backstab","Masterful Stab+1","Deadly Poison+1","Footwork","Wraith Form v2","Crippling Poison","Backstab","Reflex","Deadly Poison","Cloak And Dagger","Backflip"],"relics":["Ring of the Snake","FossilizedHelix","Whetstone","Runic Pyramid","Lantern"],"acts_visited":["Exordium","TheCity"],"potions_floor_usage":[],"damage_taken":[{"damage":3.0,"enemies":"Cultist","floor":1.0,"turns":5.0},{"damage":0.0,"enemies":"Jaw Worm","floor":7.0,"turns":4.0},{"damage":20.0,"enemies":"3 Sentries","floor":8.0,"turns":8.0},{"damage":0.0,"enemies":"2 Louse","floor":10.0,"turns":1.0},{"damage":0.0,"enemies":"Lots of Slimes","floor":12.0,"turns":4.0},{"damage":24.0,"enemies":"Hexaghost","floor":16.0,"turns":11.0},{"damage":14.0,"enemies":"3 Byrds","floor":18.0,"turns":6.0},{"damage":3.0,"enemies":"Shell Parasite","floor":19.0,"turns":6.0},{"damage":9.0,"enemies":"3 Cultists","floor":21.0,"turns":7.0},{"damage":19.0,"enemies":"Book of Stabbing","floor":23.0,"turns":8.0},{"damage":5.0,"enemies":"Shelled Parasite and Fungi","floor":24.0,"turns":6.0},{"damage":8,"enemies":"Slavers","floor":25,"turns":6}],"seed_played":"7039496173340684756","potions_obtained":[{"floor":8.0,"key":"Explosive Potion"},{"floor":10.0,"key":"SkillPotion"},{"floor":18.0,"key":"Dexterity Potion"},{"floor":21.0,"key":"Regen Potion"}],"is_trial":false,"path_per_floor":["M","$","$","?","?","R","M","E","T","M","R","M","R","$","R","B",null,"M","M","?","M","$","E","M","E"],"character_chosen":"THE_SILENT","items_purchased":["Footwork","Deadly Poison","Cloak And Dagger"],"campfire_rested":1,"item_purchase_floors":[2,22,22],"current_hp_per_floor":[41,41,41,34,28,28,28,8,8,8,27,27,27,27,27,3,50,36,33,33,24,24,5,15,7,7],"gold":98,"neow_bonus":"ONE_RARE_RELIC","is_daily":false,"chose_seed":false,"campfire_upgraded":3,"win_rate":0.0,"timestamp":1612800989,"path_taken":["M","?","$","?","?","R","M","E","T","M","R","?","R","$","R","BOSS","M","M","?","?","$","E","M","E"],"items_purchased_type":["Card","Card","Card"],"build_version":"2020-12-22","purchased_purges":2,"victory":false,"max_hp_per_floor":[66,66,66,66,66,66,66,66,66,66,66,66,66,66,66,66,66,66,66,66,66,66,66,66,66,66],"card_choices":[{"not_picked":["Flying Knee","Leg Sweep"],"picked":"Eviscerate","floor":1.0},{"not_picked":["Setup","Quick Slash"],"picked":"Backstab","floor":7.0},{"not_picked":["Riddle With Holes","Sucker Punch"],"picked":"Masterful Stab","floor":8.0},{"not_picked":["Cloak And Dagger","Underhanded Strike"],"picked":"Deadly Poison","floor":10.0},{"not_picked":["Quick Slash","Cloak And Dagger"],"picked":"Footwork","floor":12.0},{"not_picked":["Grand Finale","Storm of Steel"],"picked":"Wraith Form v2","floor":16.0},{"not_picked":["Poisoned Stab","Deadly Poison"],"picked":"Crippling Poison","floor":18.0},{"not_picked":["Crippling Poison","Dagger Spray","Poisoned Stab"],"picked":"SKIP","floor":19.0},{"not_picked":["Slice+1","Sucker Punch"],"picked":"Reflex","floor":21.0},{"not_picked":["Blade Dance","Outmaneuver"],"picked":"Backflip","floor":23.0},{"not_picked":["Deflect","Endless Agony+1","Cloak And Dagger"],"picked":"SKIP","floor":24.0}],"player_experience":852332,"relics_obtained":[{"floor":8.0,"key":"Whetstone"},{"floor":23.0,"key":"Lantern"}],"event_choices":[{"cards_removed":["Strike_G"],"damage_healed":0.0,"max_hp_gain":0.0,"max_hp_loss":0.0,"gold_gain":0.0,"event_name":"Golden Wing","player_choice":"Card Removal","floor":4.0,"gold_loss":0.0,"damage_taken":7.0},{"damage_healed":0.0,"max_hp_gain":0.0,"max_hp_loss":0.0,"gold_gain":50.0,"event_name":"FaceTrader","player_choice":"Touch","floor":5.0,"gold_loss":0.0,"damage_taken":6.0},{"damage_healed":0.0,"max_hp_gain":0.0,"max_hp_loss":0.0,"gold_gain":0.0,"cards_transformed":["Strike_G"],"event_name":"Transmorgrifier","player_choice":"Transformed","floor":20.0,"gold_loss":0.0,"damage_taken":0.0,"cards_obtained":["Backstab"]}],"is_beta":false,"boss_relics":[{"not_picked":["HoveringKite","Cursed Key"],"picked":"Runic Pyramid"}],"items_purged_floors":[14,22],"is_endless":false,"potions_floor_spawned":[8,10,18,21],"killed_by":"Slavers","ascension_level":20}}