{"host":"pm6tps78s2qrawcb","time":1612816297,"event":{"mods":["BaseMod","BetterRewards","Colored Map","DeckTracker","Downfall","Hubris","Infinite Spire","Mimic Mod","Minty Spire (QoL Compilation)","Reliquary","Shop Mod","StSLib"],"gold_per_floor":[99,120,120,130,130,130,130,162,162,162,162,172,172,182,192,290,290,290,301,315,328,343,343,343,343,343,343],"floor_reached":25,"language":"ENG","playtime":1306,"items_purged":[],"score":203,"play_id":"e5fb71d0-ba50-4810-a1c3-0b01249956f1","local_time":"20210208203137","is_ascension_mode":false,"campfire_choices":[],"circlet_count":0,"master_deck":["sneckomod:Strike","sneckomod:Strike","sneckomod:Strike","sneckomod:Defend","sneckomod:Defend","sneckomod:Defend","sneckomod:TailWhip","sneckomod:SnekBite","hexamod:ThirdSeal","sneckomod:IronFang","sneckomod:WideSting","sneckomod:TrashToTreasure","Immolate","sneckomod:CheapStock","sneckomod:SoulRoll","sneckomod:IronFang","hexamod:RainOfEmbers","Pain","Feed","sneckomod:Unknown1Cost","sneckomod:RainOfDice","sneckomod:DiceCrush","sneckomod:Restock","sneckomod:UnlimitedRolls","hexamod:VolcanoVisage","sneckomod:SoulRoll","sneckomod:Unknown2Cost+1","sneckomod:UnknownClassINFINITE_BLACK","sneckomod:UnknownClassHEXA_GHOST_PURPLE","sneckomod:UnknownVulnerable+1","sneckomod:UnknownVulnerable","sneckomod:UnknownUncommonPower","infinitespire:UltimateForm"],"relics":["sneckomod:SneckoSoul","HornCleat","Oddly Smooth Stone","WarpedTongs","hubris:RunicObelisk","reliquary:FerryPass","Art of War"],"acts_visited":["Exordium","TheCity"],"potions_floor_usage":[16,16,16,25],"damage_taken":[{"damage":8,"enemies":"Jaw Worm","floor":2,"turns":4},{"damage":5,"enemies":"Small Slimes","floor":4,"turns":3},{"damage":17,"enemies":"Gremlin Nob","floor":8,"turns":5},{"damage":0,"enemies":"Cultist","floor":9,"turns":1},{"damage":13,"enemies":"3 Louse","floor":12,"turns":3},{"damage":27,"enemies":"Exordium Thugs","floor":14,"turns":5},{"damage":11,"enemies":"Blue Slaver","floor":15,"turns":4},{"damage":16,"enemies":"WA_ARCHETYPE_RETAIN","floor":16,"turns":6},{"damage":33,"enemies":"Chosen","floor":19,"turns":5},{"damage":25,"enemies":"Shelled Parasite and Fungi","floor":20,"turns":7},{"damage":30,"enemies":"Snake Plant","floor":21,"turns":5},{"damage":9,"enemies":"Cultist and Chosen","floor":22,"turns":4},{"damage":6,"enemies":"SI_SHIV_ARCHETYPE","floor":25,"turns":3}],"seed_played":"-2365931830556692678","potions_obtained":[{"floor":2,"key":"DuplicationPotion"},{"floor":8,"key":"BlessingOfTheForge"},{"floor":15,"key":"EssenceOfSteel"},{"floor":16,"key":"SteroidPotion"},{"floor":20,"key":"champ:CounterPotion"},{"floor":21,"key":"GamblersBrew"}],"is_trial":false,"path_per_floor":["R","M","?","M","?","R","T","E","M","R","?","M","R","M","M","B",null,"R","M","M","M","M","AVR","T","?"],"character_chosen":"THE_SNECKO","items_purchased":[],"campfire_rested":0,"item_purchase_floors":[],"current_hp_per_floor":[99,91,91,86,86,86,86,69,69,69,69,56,56,29,22,6,103,103,70,45,15,6,6,6,0,0,0],"gold":343,"neow_bonus":"TEN_PERCENT_HP_BONUS","is_daily":false,"chose_seed":false,"campfire_upgraded":0,"win_rate":0.0,"timestamp":1612816297,"path_taken":["R","M","?","M","?","R","T","E","M","R","?","M","R","M","M","BOSS","R","M","M","M","M","AVR","T","?"],"items_purchased_type":[],"build_version":"2020-12-22","purchased_purges":0,"victory":false,"max_hp_per_floor":[99,99,99,99,99,99,99,99,99,99,99,99,99,99,103,103,103,103,103,103,103,103,103,103,103,103,103],"card_choices":[{"not_picked":["sneckomod:QuickBite","sneckomod:UnknownUncommonPower"],"picked":"sneckomod:IronFang","floor":2},{"not_picked":["sneckomod:Nope","sneckomod:WideSting"],"picked":"sneckomod:UnknownRareAttack","floor":2},{"not_picked":["sneckomod:Unknown1Cost","sneckomod:IronFang"],"picked":"sneckomod:WideSting","floor":4},{"not_picked":["sneckomod:IronFang","sneckomod:DiceBlock"],"picked":"sneckomod:TrashToTreasure","floor":4},{"not_picked":["sneckomod:UnknownBlock","sneckomod:UnknownStrike"],"picked":"sneckomod:CheapStock","floor":8},{"not_picked":["sneckomod:SoulDraw","sneckomod:DiceBlock"],"picked":"sneckomod:SoulRoll","floor":8},{"not_picked":["sneckomod:UnknownDraw","sneckomod:WideSting"],"picked":"sneckomod:IronFang","floor":9},{"not_picked":["sneckomod:QuickBite","sneckomod:DiceCrush"],"picked":"sneckomod:UnknownRareAttack","floor":12},{"not_picked":["sneckomod:IronFang","sneckomod:SlitherStrike","sneckomod:DiceCrush"],"picked":"SKIP","floor":12},{"not_picked":["sneckomod:UnknownBlock","sneckomod:UnknownWeak"],"picked":"sneckomod:Unknown1Cost","floor":14},{"not_picked":["sneckomod:ImprovisedGuard","sneckomod:DiceCrush"],"picked":"sneckomod:RainOfDice","floor":14},{"not_picked":["sneckomod:DiceBlock","sneckomod:SlitherStrike"],"picked":"sneckomod:DiceCrush","floor":15},{"not_picked":["sneckomod:SerpentMind","sneckomod:Mudshield"],"picked":"sneckomod:Restock","floor":16},{"not_picked":["sneckomod:SerpentMind","sneckomod:DangerNoodle"],"picked":"sneckomod:UnlimitedRolls","floor":16},{"not_picked":["sneckomod:DiceCrush","sneckomod:MasterEye"],"picked":"sneckomod:SoulRoll","floor":19},{"not_picked":["sneckomod:SnekBeam","sneckomod:DiceCrush+1"],"picked":"sneckomod:Unknown2Cost+1","floor":19},{"not_picked":["sneckomod:QuickMove+1","sneckomod:SoulRoll"],"picked":"sneckomod:UnknownClassINFINITE_BLACK","floor":20},{"not_picked":["sneckomod:UnknownCommonSkill","sneckomod:SoulDraw"],"picked":"sneckomod:UnknownClassHEXA_GHOST_PURPLE","floor":20},{"not_picked":["sneckomod:WideSting","sneckomod:Unknown1Cost"],"picked":"sneckomod:UnknownVulnerable+1","floor":21},{"not_picked":["sneckomod:SnakeSap","sneckomod:DefensiveFlair"],"picked":"sneckomod:UnknownVulnerable","floor":21},{"not_picked":["sneckomod:IronFang","sneckomod:UnknownClassRED"],"picked":"sneckomod:UnknownUncommonPower","floor":22},{"not_picked":["sneckomod:UnknownClassRED","sneckomod:CheapStock+1","sneckomod:WideSting"],"picked":"SKIP","floor":22}],"player_experience":283528,"relics_obtained":[{"floor":7,"key":"HornCleat"},{"floor":8,"key":"Oddly Smooth Stone"},{"floor":24,"key":"Art of War"}],"event_choices":[{"damage_healed":0,"gold_gain":0,"player_choice":"Rummage","damage_taken":0,"relics_obtained":["WarpedTongs"],"max_hp_gain":0,"max_hp_loss":0,"event_name":"Accursed Blacksmith","floor":11,"gold_loss":0,"cards_obtained":["Pain"]}],"is_beta":false,"boss_relics":[{"not_picked":["reliquary:Craggleroot","hubris:BlackHole"],"picked":"hubris:RunicObelisk"}],"items_purged_floors":[],"is_endless":false,"potions_floor_spawned":[2,8,15,16,20,21],"killed_by":"SI_SHIV_ARCHETYPE","ascension_level":0}}