{"host":"1v3mnj67s3trvm6y","time":1612755007,"event":{"mods":["BaseMod","Challenge The Spire","Downfall","Minty Spire (QoL Compilation)","StSLib"],"gold_per_floor":[99,119,119,133,133,168,193,193,93,103,122,133,33,45,55,151,151,151,151,151,163,174,15,15,15,45,57,80,92,89,101,129,243,255,167,198,210,1221,576,576,645,645,665,665,665,698,698,723,734,734,734,769,305,305,305,305],"floor_reached":57,"language":"ENG","playtime":5475,"items_purged":["Normality","Normality"],"score":1328,"play_id":"9bcc508f-ceb2-4d8f-a6dc-77252f717636","local_time":"20210208123007","is_ascension_mode":false,"campfire_choices":[{"data":"Guardian:TwinSlam","floor":1,"key":"SMITH"},{"floor":9,"key":"REST"},{"data":"Guardian:TemporalShield","floor":13,"key":"SMITH"},{"floor":18,"key":"RECALL"},{"floor":25,"key":"REST"},{"floor":29,"key":"REST"},{"floor":35,"key":"REST"},{"floor":42,"key":"REST"},{"floor":44,"key":"REST"},{"floor":47,"key":"REST"},{"floor":54,"key":"REST"}],"circlet_count":0,"master_deck":["Guardian:Strike_Guardian","Guardian:Strike_Guardian","Guardian:Defend_Guardian","Guardian:Defend_Guardian+1","Guardian:Defend_Guardian","Guardian:CurlUp","Guardian:TwinSlam+1","Guardian:RollAttack","Guardian:VentSteam","Guardian:TemporalShield+1","Guardian:Reroute","Guardian:TemporalShield","Guardian:ChargeUp","Guardian:StasisField","Guardian:VentSteam","Writhe","Guardian:PiercingHide","Guardian:Recover+1","Guardian:ConstructionForm","Guardian:PrismaticBarrier+1","J.A.X.","Guardian:ShieldCharger","Guardian:Recover","Guardian:Emergency","downfall:Aged","Guardian:TemporalShield","Guardian:DecasProtection+1","Guardian:FloatingOrbs+1","Guardian:Preprogram+1","Guardian:PrismaticBarrier+1","Guardian:WalkerClaw+1","Guardian:TemporalStrike+1","Guardian:TemporalStrike+1","Guardian:ShieldCharger+1","expansioncontent:DashGenerateEvil","Guardian:Repulse","Guardian:CrystalBeam","expansioncontent:YouAreMine+1"],"relics":["Guardian:ModeShifter","TungstenRod","downfall:HeartBlessingBlue","downfall:HeartBlessingGreen","Fusion Hammer","Blue Candle","Prayer Wheel","Busted Crown","downfall:HeartBlessingRed","Guardian:StasisEgg","Pantograph","Toxic Egg 2","Question Card","War Paint","Akabeko","Centennial Puzzle"],"acts_visited":["Exordium","TheCity","TheBeyond","TheEnding"],"potions_floor_usage":[26,26,33,43,46,48,56,56],"damage_taken":[{"damage":0,"enemies":"2 Louse","floor":2,"turns":2},{"damage":13,"enemies":"Jaw Worm","floor":4,"turns":3},{"damage":18,"enemies":"Gremlin Nob","floor":6,"turns":4},{"damage":0,"enemies":"Cultist","floor":10,"turns":3},{"damage":3,"enemies":"Gremlin Gang","floor":11,"turns":5},{"damage":5,"enemies":"3 Louse","floor":12,"turns":3},{"damage":0,"enemies":"Exordium Wildlife","floor":14,"turns":4},{"damage":0,"enemies":"2 Fungi Beasts","floor":15,"turns":4},{"damage":16,"enemies":"IC_STATUS_ARCHETYPE","floor":16,"turns":12},{"damage":2,"enemies":"Chosen","floor":21,"turns":5},{"damage":18,"enemies":"Snake Plant","floor":22,"turns":4},{"damage":2,"enemies":"downfall:FleeingMerchant","floor":23,"turns":4},{"damage":3,"enemies":"Gremlin Leader","floor":26,"turns":9},{"damage":8,"enemies":"Cultist and Chosen","floor":28,"turns":8},{"damage":0,"enemies":"downfall:FleeingMerchant","floor":30,"turns":4},{"damage":10,"enemies":"Centurion and Healer","floor":32,"turns":6},{"damage":32,"enemies":"DF_ARCHETYPE_CLAW","floor":33,"turns":11},{"damage":7,"enemies":"Orb Walker","floor":36,"turns":5},{"damage":6,"enemies":"downfall:FleeingMerchant","floor":39,"turns":4},{"damage":13,"enemies":"3 Shapes","floor":43,"turns":6},{"damage":0,"enemies":"Giant Head","floor":46,"turns":8},{"damage":57,"enemies":"Reptomancer","floor":48,"turns":9},{"damage":7,"enemies":"Jaw Worm Horde","floor":49,"turns":6},{"damage":2,"enemies":"SI_POISON_ARCHETYPE","floor":50,"turns":9},{"damage":8,"enemies":"downfall:CharBossMerchant","floor":52,"turns":10},{"damage":13,"enemies":"downfall:NeowBoss","floor":55,"turns":17},{"damage":43,"enemies":"downfall:NeowBossFinal","floor":56,"turns":16}],"seed_played":"-851343527647224038","potions_obtained":[{"floor":6,"key":"SpeedPotion"},{"floor":11,"key":"Energy Potion"},{"floor":12,"key":"EssenceOfSteel"},{"floor":26,"key":"Regen Potion"},{"floor":27,"key":"Energy Potion"},{"floor":27,"key":"Explosive Potion"},{"floor":43,"key":"Fruit Juice"},{"floor":45,"key":"Swift Potion"},{"floor":49,"key":"GamblersBrew"}],"is_trial":false,"path_per_floor":["R","M","?","M","?","E","T","?","R","M","M","M","R","M","M","B",null,"R","?","?","M","M","$","T","R","E","?","M","R","$","?","M","B",null,"R","M","?","?","$","?","T","R","M","R","?","E","R","E","M","B",null,"E","$","R","B","B",null],"character_chosen":"GUARDIAN","items_purchased":["Guardian:ConstructionForm","Pantograph","Toxic Egg 2","Guardian:DecasProtection+1","expansioncontent:DashGenerateEvil","Guardian:Repulse","Guardian:CrystalBeam","expansioncontent:YouAreMine"],"campfire_rested":8,"item_purchase_floors":[23,39,39,39,53,53,53,53],"current_hp_per_floor":[80,80,74,61,61,43,43,43,80,80,77,72,72,72,72,56,90,90,86,86,84,66,64,64,90,87,87,79,90,90,90,80,48,90,90,83,83,83,77,77,77,90,82,95,95,95,95,38,31,54,95,87,87,95,82,58],"gold":305,"neow_bonus":"TRANSFORM_CARD","is_daily":false,"chose_seed":false,"campfire_upgraded":2,"win_rate":0.0,"timestamp":1612755007,"path_taken":["R","M","?","M","?","E","T","?","R","M","M","M","R","?","M","BOSS","R","?","?","M","?","$","T","R","E","?","?","R","$","?","M","BOSS","R","M","?","?","$","?","T","R","?","R","?","E","R","E","M","BOSS","E","$","R","BOSS","BOSS"],"items_purchased_type":["Card","Relic","Relic","Card","Card","Card","Card","Card"],"build_version":"2020-12-22","purchased_purges":2,"victory":true,"max_hp_per_floor":[80,80,80,80,80,80,80,80,90,90,90,90,90,90,90,90,90,90,90,90,90,90,90,90,90,90,90,90,90,90,90,90,90,90,90,90,90,90,90,90,90,90,95,95,95,95,95,95,95,95,95,95,95,95,95,95],"card_choices":[{"not_picked":["Guardian:ChargeCore","Guardian:RollAttack"],"picked":"Guardian:VentSteam","floor":2},{"not_picked":["Guardian:RollAttack","Guardian:PrimingBeam"],"picked":"Guardian:TemporalShield","floor":4},{"not_picked":["Guardian:PiercingHide","Guardian:PrimingBeam"],"picked":"Guardian:Gem_Orange","floor":6},{"not_picked":["Guardian:PrimingBeam","Guardian:Gem_Lightblue"],"picked":"Guardian:Reroute","floor":10},{"not_picked":["Guardian:Incinerate","Guardian:BronzeOrb"],"picked":"Guardian:TemporalShield","floor":11},{"not_picked":["Guardian:PiercingHide","Guardian:ChargeCore"],"picked":"Guardian:ChargeUp","floor":12},{"not_picked":["Guardian:Gem_Lightblue","Guardian:CrystalBeam"],"picked":"Guardian:Gem_Fragmented","floor":14},{"not_picked":["Guardian:Gem_Fragmented","Guardian:Suspension"],"picked":"Guardian:Gem_Blue","floor":15},{"not_picked":["Guardian:GatlingBeam","Guardian:SphericShield"],"picked":"Guardian:StasisField","floor":16},{"not_picked":["Guardian:MultiBeam+1","Guardian:Gem_Green"],"picked":"Guardian:PiercingHide","floor":21},{"not_picked":["Guardian:PrismaticBarrier","Guardian:BronzeOrb+1"],"picked":"Guardian:Recover","floor":22},{"not_picked":["Guardian:TimeCapacitor+1","Guardian:Suspension"],"picked":"Guardian:Gem_Red","floor":23},{"not_picked":["Guardian:FloatingOrbs+1","Guardian:Emergency"],"picked":"Guardian:Gem_Crimson","floor":26},{"not_picked":["Guardian:MultiBeam+1","Guardian:Gem_Red"],"picked":"Guardian:Gem_Yellow","floor":28},{"not_picked":["Guardian:Gem_Blue","Guardian:BodySlam"],"picked":"Guardian:PrismaticBarrier+1","floor":28},{"not_picked":["Guardian:PrimingBeam+1","Guardian:TimeCapacitor"],"picked":"Guardian:Gem_Cyan","floor":30},{"not_picked":["Guardian:Gem_Green","Guardian:Gem_Fragmented"],"picked":"Guardian:ShieldCharger","floor":32},{"not_picked":["Guardian:SpikerProtocol","Guardian:CrystalBeam"],"picked":"Guardian:Recover","floor":32},{"not_picked":["Guardian:GemFire","Guardian:ExploitGems"],"picked":"Guardian:Gem_Synthetic","floor":33},{"not_picked":[],"picked":"Guardian:Emergency","floor":36},{"not_picked":["Guardian:Reroute"],"picked":"SKIP","floor":36},{"not_picked":[],"picked":"Guardian:TemporalShield","floor":39},{"not_picked":["Guardian:Gem_Cyan"],"picked":"Guardian:FloatingOrbs+1","floor":43},{"not_picked":["Guardian:Reroute+1"],"picked":"Guardian:Preprogram+1","floor":43},{"not_picked":["Guardian:BronzeArmor+1"],"picked":"Guardian:PrismaticBarrier+1","floor":46},{"not_picked":["Guardian:CrystalBeam"],"picked":"Guardian:WalkerClaw+1","floor":48},{"not_picked":["Guardian:PrimingBeam+1"],"picked":"Guardian:TemporalStrike+1","floor":49},{"not_picked":["Guardian:Gem_Lightblue"],"picked":"Guardian:TemporalStrike+1","floor":49},{"not_picked":["Guardian:Recover+1"],"picked":"Guardian:ShieldCharger+1","floor":52}],"player_experience":1759162,"relics_obtained":[{"floor":6,"key":"TungstenRod"},{"floor":24,"key":"Prayer Wheel"},{"floor":26,"key":"MawBank"},{"floor":41,"key":"Question Card"},{"floor":46,"key":"War Paint"},{"floor":48,"key":"Akabeko"},{"floor":52,"key":"Centennial Puzzle"}],"event_choices":[{"cards_removed":["Guardian:Defend_Guardian"],"damage_healed":0,"gold_gain":0,"player_choice":"Card Removal","damage_taken":0,"max_hp_gain":0,"max_hp_loss":0,"event_name":"The Cleric","floor":8,"gold_loss":0},{"damage_healed":0,"gold_gain":0,"player_choice":"Got Potions","damage_taken":0,"max_hp_gain":0,"max_hp_loss":0,"event_name":"Lab","floor":27,"gold_loss":0},{"damage_healed":0,"gold_gain":0,"player_choice":"Obtain J.A.X.","damage_taken":0,"max_hp_gain":0,"max_hp_loss":0,"event_name":"Drug Dealer","floor":31,"gold_loss":0,"cards_obtained":["J.A.X."]},{"damage_healed":0,"gold_gain":0,"player_choice":"Ignored","damage_taken":0,"max_hp_gain":0,"max_hp_loss":0,"event_name":"NoteForYourself","floor":40,"gold_loss":0}],"is_beta":false,"boss_relics":[{"not_picked":["Black Star","Coffee Dripper"],"picked":"Fusion Hammer"},{"not_picked":["Guardian:ModeShifterPlus","Calling Bell"],"picked":"Busted Crown"}],"items_purged_floors":[39,53],"is_endless":false,"potions_floor_spawned":[6,11,12,21,26,32,43,49],"ascension_level":0}}