{"host":"prxrhpgaxnj4om9r","time":1612793998,"event":{"mods":["AchievementEnabler","BaseMod","DeckTracker","Keyboard Shortcuts","Minty Spire (QoL Compilation)"],"gold_per_floor":[214,214,214,214,228,259,277,19,46,46,46,46,46,81,81,81,81],"floor_reached":16,"language":"KOR","playtime":666,"items_purged":[],"score":127,"play_id":"15ceef77-7d38-41d9-b932-2cbb31043bc5","local_time":"20210208231958","is_ascension_mode":true,"campfire_choices":[{"data":"Searing Blow","floor":12.0,"key":"SMITH"},{"floor":15,"key":"REST"}],"circlet_count":0,"master_deck":["Strike_R","Strike_R","Strike_R","Strike_R","Defend_R","Defend_R","Defend_R","Defend_R+1","Bash","Heavy Blade","Reckless Charge","Seeing Red+1","Searing Blow+1","Power Through"],"relics":["Burning Blood","InkBottle","WingedGreaves","Matryoshka","Regal Pillow","Nunchaku","Juzu Bracelet","Paper Frog"],"acts_visited":["Exordium"],"potions_floor_usage":[16],"damage_taken":[{"damage":12.0,"enemies":"Jaw Worm","floor":1.0,"turns":3.0},{"damage":1.0,"enemies":"2 Louse","floor":5.0,"turns":3.0},{"damage":18.0,"enemies":"Gremlin Nob","floor":6.0,"turns":4.0},{"damage":0.0,"enemies":"Cultist","floor":7.0,"turns":3.0},{"damage":44,"enemies":"3 Sentries","floor":14,"turns":7},{"damage":53,"enemies":"The Guardian","floor":16,"turns":11}],"seed_played":"7663748139448512251","potions_obtained":[{"floor":1.0,"key":"BlessingOfTheForge"},{"floor":14,"key":"DuplicationPotion"}],"is_trial":false,"path_per_floor":["M","?","T","?","M","E","M","$","T","?","?","R","?","E","R","B"],"character_chosen":"IRONCLAD","items_purchased":["Matryoshka"],"campfire_rested":1,"item_purchase_floors":[8],"current_hp_per_floor":[74,79,79,79,84,72,78,78,78,61,49,49,49,11,51,0,0],"gold":81,"neow_bonus":"HUNDRED_GOLD","is_daily":false,"chose_seed":false,"campfire_upgraded":1,"win_rate":0.0,"timestamp":1612793998,"path_taken":["M","?","?","?","?","E","M","$","T","?","?","R","?","E","R","BOSS"],"items_purchased_type":["Relic"],"build_version":"2020-12-22","purchased_purges":0,"victory":false,"max_hp_per_floor":[80,85,85,85,85,85,85,85,85,85,85,85,85,85,85,85,85],"card_choices":[{"not_picked":["Bloodletting","Headbutt"],"picked":"Heavy Blade","floor":1.0},{"not_picked":["Sword Boomerang","Iron Wave"],"picked":"Reckless Charge","floor":5.0},{"not_picked":["Cleave","Hemokinesis"],"picked":"Seeing Red","floor":6.0},{"not_picked":["True Grit","Flex"],"picked":"Searing Blow","floor":7.0},{"not_picked":["Inflame","Heavy Blade"],"picked":"Power Through","floor":14}],"player_experience":320363,"relics_obtained":[{"floor":3.0,"key":"InkBottle"},{"floor":6.0,"key":"WingedGreaves"},{"floor":9.0,"key":"Regal Pillow"},{"floor":9.0,"key":"Nunchaku"},{"floor":14,"key":"Paper Frog"}],"event_choices":[{"damage_healed":0.0,"max_hp_gain":5.0,"max_hp_loss":0.0,"gold_gain":0.0,"event_name":"Big Fish","player_choice":"Donut","floor":2.0,"gold_loss":0.0,"damage_taken":0.0},{"cards_removed":["Strike_R"],"damage_healed":0.0,"max_hp_gain":0.0,"max_hp_loss":0.0,"gold_gain":0.0,"event_name":"Purifier","player_choice":"Purged","floor":4.0,"gold_loss":0.0,"damage_taken":0.0},{"damage_healed":0.0,"max_hp_gain":0.0,"max_hp_loss":0.0,"gold_gain":0.0,"event_name":"Shining Light","player_choice":"Entered Light","floor":10.0,"gold_loss":0.0,"damage_taken":17.0,"cards_upgraded":["Seeing Red","Defend_R"]},{"damage_healed":0.0,"max_hp_gain":0.0,"max_hp_loss":0.0,"gold_gain":0.0,"event_name":"Scrap Ooze","player_choice":"Success","floor":11.0,"gold_loss":0.0,"damage_taken":12.0,"relics_obtained":["Juzu Bracelet"]},{"damage_healed":0,"gold_gain":0,"player_choice":"Ignored","damage_taken":0,"max_hp_gain":0,"max_hp_loss":0,"event_name":"WeMeetAgain","floor":13,"gold_loss":0}],"is_beta":false,"boss_relics":[],"items_purged_floors":[],"is_endless":false,"potions_floor_spawned":[1,14],"killed_by":"The Guardian","ascension_level":4}}