{"host":"cfcn10u57yqishn5","time":1612749930,"event":{"mods":["BaseMod","Block Reminder","Curses Come First","Duelist Mod","GifTheSpireLib","Minty Spire (QoL Compilation)","Reliquary","StSLib","The Blue Laboratory","The Dragon Tamer"],"gold_per_floor":[116,132,132,207,207,139,154,164,164,164,181,191,191,36,36,134,134,151,76,1,1,18,18,36,36,36,62,76,95,95,195,195,300,300,316,316,316],"floor_reached":36,"language":"ENG","playtime":2458,"items_purged":["Eruption"],"score":399,"play_id":"8fa2697f-5b2c-43d8-9e66-a4a3a52e6e5d","local_time":"20210207210530","is_ascension_mode":false,"campfire_choices":[{"floor":13,"key":"REST"},{"floor":15,"key":"REST"},{"data":"PathToVictory","floor":23,"key":"SMITH"},{"floor":25,"key":"REST"},{"floor":30,"key":"REST"},{"data":"PathToVictory","floor":32,"key":"SMITH"}],"circlet_count":0,"master_deck":["Strike_P","Strike_P","Strike_P","Strike_P","Defend_P","Defend_P","Defend_P","Defend_P","Vigilance","PathToVictory+1","FollowUp","PathToVictory+1","PathToVictory","PathToVictory+1","Wallop+1","Perseverance"],"relics":["NeowsBlessing","White Beast Statue","reliquary:PartyBalloon","reliquary:RedCape","Nloth\u0027s Gift","Singing Bowl","Oddly Smooth Stone","reliquary:RedPaperclip"],"acts_visited":["Exordium","TheCity","TheBeyond"],"potions_floor_usage":[12,16,36],"damage_taken":[{"damage":0,"enemies":"Cultist","floor":1,"turns":1},{"damage":0,"enemies":"Jaw Worm","floor":2,"turns":1},{"damage":0,"enemies":"2 Louse","floor":7,"turns":1},{"damage":18,"enemies":"Lots of Slimes","floor":8,"turns":4},{"damage":17,"enemies":"3 Louse","floor":11,"turns":2},{"damage":7,"enemies":"Looter","floor":12,"turns":3},{"damage":35,"enemies":"Hexaghost","floor":16,"turns":7},{"damage":35,"enemies":"3 Byrds","floor":18,"turns":5},{"damage":5,"enemies":"Shell Parasite","floor":22,"turns":3},{"damage":19,"enemies":"Snake Plant","floor":24,"turns":3},{"damage":10,"enemies":"theDuelist:KaibaA2","floor":27,"turns":4},{"damage":4,"enemies":"Cultist and Chosen","floor":28,"turns":6},{"damage":15,"enemies":"Centurion and Healer","floor":29,"turns":5},{"damage":13,"enemies":"Champ","floor":33,"turns":7},{"damage":1,"enemies":"3 Shapes","floor":35,"turns":4},{"damage":17,"enemies":"3 Darklings","floor":36,"turns":8}],"seed_played":"-4651386568849468379","potions_obtained":[{"floor":7,"key":"Weak Potion"},{"floor":8,"key":"blueLaboratory:LouseDecoction"},{"floor":11,"key":"SteroidPotion"},{"floor":12,"key":"Fire Potion"},{"floor":16,"key":"Strength Potion"},{"floor":24,"key":"blueLaboratory:HummingbirdPotion"},{"floor":33,"key":"Regen Potion"}],"is_trial":false,"path_per_floor":["M","M","?","?","$","?","M","M","T","?","M","M","R","$","R","B",null,"M","$","?","?","M","R","M","R","T","E","M","M","R","?","R","B",null,"M","M"],"character_chosen":"WATCHER","items_purchased":["reliquary:PartyBalloon"],"campfire_rested":4,"item_purchase_floors":[14],"current_hp_per_floor":[72,72,72,61,61,61,61,43,43,31,14,7,37,37,67,32,72,37,37,37,37,32,41,22,52,52,44,42,29,61,61,70,59,80,81,64,64],"gold":316,"neow_bonus":"THREE_ENEMY_KILL","is_daily":false,"chose_seed":false,"campfire_upgraded":2,"win_rate":0.0,"timestamp":1612749930,"path_taken":["M","M","?","?","$","?","?","M","T","?","M","M","R","$","R","BOSS","M","$","?","?","M","R","M","R","T","E","M","?","R","?","R","BOSS","M","M"],"items_purchased_type":["Relic"],"build_version":"2020-12-22","purchased_purges":1,"victory":false,"max_hp_per_floor":[72,72,72,72,72,72,72,72,72,72,72,72,72,72,72,72,72,72,72,72,72,72,72,72,72,72,74,76,78,78,78,78,80,80,82,82,82],"card_choices":[{"not_picked":["BowlingBash","FearNoEvil"],"picked":"PathToVictory","floor":1},{"not_picked":["EmptyBody","CrushJoints"],"picked":"FollowUp","floor":2},{"not_picked":["Protect","Evaluate"],"picked":"PathToVictory","floor":7},{"not_picked":["SashWhip","Crescendo","ClearTheMind"],"picked":"SKIP","floor":8},{"not_picked":["Tantrum","Pray"],"picked":"TalkToTheHand","floor":11},{"not_picked":["FearNoEvil","CutThroughFate"],"picked":"PathToVictory","floor":12},{"not_picked":["FollowUp","Study"],"picked":"PathToVictory+1","floor":18},{"not_picked":["Study","Conclude+1"],"picked":"Wallop+1","floor":22},{"not_picked":["Protect","Wallop"],"picked":"Perseverance","floor":24},{"not_picked":["Halt+1","Fasting2","FlyingSleeves+1"],"picked":"Singing Bowl","floor":27},{"not_picked":["Evaluate","DeceiveReality","Protect+1"],"picked":"Singing Bowl","floor":28},{"not_picked":["Judgement","Consecrate","EmptyBody"],"picked":"Singing Bowl","floor":29},{"not_picked":["Vault","DeusExMachina","ConjureBlade"],"picked":"Singing Bowl","floor":33},{"not_picked":["SashWhip","SandsOfTime","Indignation+1"],"picked":"Singing Bowl","floor":35}],"player_experience":226686,"relics_obtained":[{"floor":9,"key":"Eternal Feather"},{"floor":26,"key":"Singing Bowl"},{"floor":27,"key":"Oddly Smooth Stone"}],"event_choices":[{"damage_healed":0,"gold_gain":0,"player_choice":"Ignored","damage_taken":0,"max_hp_gain":0,"max_hp_loss":0,"event_name":"Golden Wing","floor":3,"gold_loss":0},{"damage_healed":0,"gold_gain":75,"player_choice":"Gather Gold","damage_taken":11,"max_hp_gain":0,"max_hp_loss":0,"event_name":"World of Goop","floor":4,"gold_loss":0},{"damage_healed":0,"gold_gain":0,"player_choice":"Paid Gold","damage_taken":0,"relics_obtained":["White Beast Statue"],"max_hp_gain":0,"max_hp_loss":0,"event_name":"WeMeetAgain","floor":6,"gold_loss":68},{"damage_healed":0,"gold_gain":0,"player_choice":"Success","damage_taken":12,"relics_obtained":["reliquary:PorcupineQuills"],"max_hp_gain":0,"max_hp_loss":0,"event_name":"Scrap Ooze","floor":10,"gold_loss":0},{"cards_removed":["TalkToTheHand"],"damage_healed":0,"gold_gain":0,"player_choice":"Gave Gold","damage_taken":0,"max_hp_gain":0,"max_hp_loss":0,"event_name":"Beggar","floor":20,"gold_loss":75},{"damage_healed":0,"gold_gain":0,"player_choice":"Traded Relic","damage_taken":0,"relics_obtained":["Nloth\u0027s Gift"],"max_hp_gain":0,"max_hp_loss":0,"event_name":"N\u0027loth","floor":21,"relics_lost":["PureWater"],"gold_loss":0},{"damage_healed":0,"gold_gain":100,"player_choice":"Pray","damage_taken":0,"max_hp_gain":0,"max_hp_loss":0,"event_name":"Golden Shrine","floor":31,"gold_loss":0}],"is_beta":false,"boss_relics":[{"not_picked":["Pandora\u0027s Box","Velvet Choker"],"picked":"reliquary:RedCape"},{"not_picked":["reliquary:KinkedSpring","Snecko Eye"],"picked":"reliquary:RedPaperclip"}],"items_purged_floors":[19],"is_endless":false,"potions_floor_spawned":[2,7,8,11,12,16,18,22,24,27,28,29,33,35],"killed_by":"3 Darklings","ascension_level":0}}