{"host":"3mt4w4o4jnuk8q1t","time":1612804152,"event":{"mods":["Act Like it!","BaseMod","Colored Map","Colored Powertips","Decade(王小明)","GungeonMod","Hermit","Jedi Mod","Lobotomy","LobotomyExtend","Marisa（F雨　魔理沙）","Minty Spire (QoL Compilation)","Red Circlet Mod","Reimu（博丽灵梦）","Remilia（蕾米莉亚）","Replay The Spire","RumiaBox-露米娅的神秘盒子","Shop Mod","Spicy Shops","StSLib","TestMod","Waifu the Spire","Yakumo Yukari mod","Youmu（魂魄妖梦）","[IsaacMod]以撒尖塔","【功能Mod】混沌之环修复补丁","【功能Mod】聪明的最终Boss"],"gold_per_floor":[110,122,122,104,120,120,120],"floor_reached":6,"language":"ZHS","playtime":748,"items_purged":[],"score":38,"play_id":"12e27e3a-1704-49c2-a27a-e1d1caa18f29","local_time":"20210209010912","is_ascension_mode":false,"campfire_choices":[],"circlet_count":0,"master_deck":["Decade_Attack","Decade_Attack","Decade_Attack","Decade_Attack","KamenRide","Decade_SpecialSkill","Decade_Defend","Decade_Defend","Decade_Defend","Decade_Defend","DoctorFetus","Kiva_Eat","Blade_Beat","Blade_Beat","Blade_Slash","RideBooker_Skill_2","Blade_Beat"],"relics":["Decadriver","TOEIDeficitBill","HushsDoor","testmod-TestBox","GuppysHead","LetterFromLob","Baka2"],"acts_visited":["Exordium"],"potions_floor_usage":[],"damage_taken":[{"damage":22,"enemies":"2 Louse","floor":1,"turns":3},{"damage":14,"enemies":"Jaw Worm","floor":2,"turns":6},{"damage":17,"enemies":"Small Slimes","floor":4,"turns":4},{"damage":0,"enemies":"Exordium Thugs","floor":5,"turns":5},{"damage":23,"enemies":"Gremlin Nob","floor":6,"turns":3}],"seed_played":"-3260156649988813546","potions_obtained":[{"floor":1,"key":"Elixir"}],"is_trial":false,"path_per_floor":["M","M","?","M","M","E"],"character_chosen":"Decade","items_purchased":[],"campfire_rested":0,"item_purchase_floors":[],"current_hp_per_floor":[48,34,34,17,39,16,16],"gold":120,"neow_bonus":"ONE_RANDOM_RARE_CARD","is_daily":false,"chose_seed":false,"campfire_upgraded":0,"win_rate":0.0,"timestamp":1612804152,"path_taken":["M","M","?","M","M","E"],"items_purchased_type":[],"build_version":"2020-12-22","purchased_purges":0,"victory":false,"max_hp_per_floor":[70,70,70,70,70,70,70],"card_choices":[{"not_picked":[],"picked":"DoctorFetus","floor":0},{"not_picked":["PhotonAcceleration","FormRideStorm","FormRideTitan"],"picked":"SKIP","floor":1},{"not_picked":["UnarmedAttack8","KamenRideAgito"],"picked":"Blade_Beat","floor":2},{"not_picked":["Hibiki_Attack2","Blade_Slash"],"picked":"Blade_Beat","floor":4},{"not_picked":["Decade_Invisible","FormRideStorm"],"picked":"Blade_Slash","floor":4},{"not_picked":["Bomb","FormRideStorm"],"picked":"RideBooker_Skill_2","floor":5},{"not_picked":["Decade_Illusion","Hibiki_Attack1"],"picked":"Blade_Beat","floor":5}],"player_experience":180697,"relics_obtained":[{"floor":1,"key":"Baka"},{"floor":1,"key":"LetterFromLob"},{"floor":2,"key":"Baka2"}],"event_choices":[{"damage_healed":0,"gold_gain":0,"player_choice":"Ignored","damage_taken":0,"max_hp_gain":0,"max_hp_loss":0,"event_name":"Golden Wing","floor":3,"gold_loss":0}],"is_beta":false,"boss_relics":[],"items_purged_floors":[],"is_endless":false,"potions_floor_spawned":[1],"killed_by":"Gremlin Nob","ascension_level":0}}