{"host":"bxn2em57qlx5u4i0","time":1612806613,"event":{"mods":["BaseMod","Colored Map","Colored Powertips","Highlight Path","Minty Spire (QoL Compilation)","Random Character Button","Relic Sorter","Relic Stats","StSLib","SuperFastMode"],"gold_per_floor":[109,124,124,139,154,154,154,154],"floor_reached":7,"language":"ENG","playtime":132,"items_purged":[],"score":86,"play_id":"27aa2609-e643-49cd-abb2-62dc2a1e1aef","local_time":"20210208125013","is_ascension_mode":true,"campfire_choices":[{"data":"Dagger Spray","floor":6,"key":"SMITH"}],"circlet_count":0,"master_deck":["AscendersBane","Strike_G","Strike_G","Strike_G","Strike_G","Strike_G","Defend_G","Defend_G","Defend_G","Defend_G","Defend_G","Survivor","Neutralize","Dagger Spray+1","All Out Attack","Poisoned Stab","Deadly Poison"],"relics":["Ring of the Snake","Shovel","Lantern"],"acts_visited":["Exordium"],"potions_floor_usage":[],"damage_taken":[{"damage":2,"enemies":"2 Louse","floor":1,"turns":3},{"damage":14,"enemies":"Jaw Worm","floor":2,"turns":7},{"damage":0,"enemies":"Small Slimes","floor":4,"turns":3},{"damage":4,"enemies":"2 Fungi Beasts","floor":5,"turns":3},{"damage":32,"enemies":"Gremlin Nob","floor":7,"turns":3}],"seed_played":"-4724811085623111386","potions_obtained":[{"floor":5,"key":"Dexterity Potion"}],"is_trial":false,"path_per_floor":["M","M","?","M","M","R","E"],"character_chosen":"THE_SILENT","items_purchased":[],"campfire_rested":0,"item_purchase_floors":[],"current_hp_per_floor":[42,28,23,23,19,19,0,0],"gold":154,"neow_bonus":"ONE_RARE_RELIC","is_daily":false,"chose_seed":false,"campfire_upgraded":1,"win_rate":0.0,"timestamp":1612806613,"path_taken":["M","M","?","M","M","R","E"],"items_purchased_type":[],"build_version":"2020-12-22","purchased_purges":0,"victory":false,"max_hp_per_floor":[66,66,66,66,66,66,66,66],"relic_stats":{"Shovel":0,"counters":[5,19],"obtain_stats":[{"Lantern":3,"Shovel":0,"Ring of the Snake":0},{"Lantern":2,"Shovel":0,"Ring of the Snake":0},{"Lantern":10,"Shovel":0,"Ring of the Snake":0}],"Ring of the Snake":[10]},"card_choices":[{"not_picked":["Outmaneuver","Expertise"],"picked":"Dagger Spray","floor":1},{"not_picked":["Backflip","Acrobatics"],"picked":"All Out Attack","floor":2},{"not_picked":["Endless Agony","PiercingWail"],"picked":"Poisoned Stab","floor":4},{"not_picked":["Slice","Reflex"],"picked":"Deadly Poison","floor":5}],"player_experience":3011202,"relics_obtained":[],"event_choices":[{"damage_healed":0,"gold_gain":0,"player_choice":"Success","damage_taken":5,"relics_obtained":["Lantern"],"max_hp_gain":0,"max_hp_loss":0,"event_name":"Scrap Ooze","floor":3,"gold_loss":0}],"is_beta":false,"boss_relics":[],"items_purged_floors":[],"is_endless":false,"potions_floor_spawned":[5],"killed_by":"Gremlin Nob","ascension_level":20}}