{"host":"sxnl403xm2xmiyj1","time":1612793854,"event":{"mods":["AchievementEnabler","BaseMod","Colored Map","Keyboard Shortcuts","Minty Spire (QoL Compilation)","Quick Restart","StSLib","SuperFastMode"],"gold_per_floor":[109,109,34,52,2,32,32,61,61,96,96,125,144,155,155,254,254,254,254,254,254,31,31,31,31,31,31,8,8,8,8,8,8,8,8,8,8,8,8,8,8,8,8,8,8,8,8,8,8,8,8,8,8,8,8],"floor_reached":54,"language":"KOR","playtime":1173,"items_purged":["Decay"],"score":1359,"play_id":"d9c6fdef-a0fd-44fe-afc7-50f64e37dfde","local_time":"20210208231734","is_ascension_mode":true,"campfire_choices":[{"floor":11.0,"key":"REST"},{"data":"True Grit","floor":15.0,"key":"SMITH"},{"data":"True Grit","floor":23.0,"key":"SMITH"},{"data":"Juggernaut","floor":27.0,"key":"SMITH"},{"data":"Body Slam","floor":32,"key":"SMITH"},{"data":"Feel No Pain","floor":41,"key":"SMITH"},{"floor":44,"key":"RECALL"},{"data":"Disarm","floor":47,"key":"SMITH"},{"data":"Body Slam","floor":49,"key":"SMITH"},{"data":"Metallicize","floor":52,"key":"SMITH"}],"circlet_count":0,"master_deck":["AscendersBane","Strike_R","Strike_R","Strike_R","Strike_R","Defend_R","Defend_R","Defend_R","Defend_R","Bash","Juggernaut+1","True Grit+1","Battle Trance","Immolate","Iron Wave","Immolate","Fire Breathing","Shrug It Off","Juggernaut+1","Metallicize+1","Metallicize+1","True Grit+1","Flash of Steel","Ghostly Armor","Body Slam+1","Body Slam+1","Evolve+1","Corruption","Iron Wave","Warcry+1","Armaments+1","Disarm","Feel No Pain+1","Fire Breathing+1","Disarm+1","Sentinel+1"],"relics":["Burning Blood","Mercury Hourglass","Bronze Scales","Ornamental Fan","Regal Pillow","Eternal Feather","Ectoplasm","Membership Card","Matryoshka","Art of War","Oddly Smooth Stone","MutagenicStrength","Centennial Puzzle","Mark of Pain","Ginger","StoneCalendar","CeramicFish","Red Skull","MawBank","Anchor","Happy Flower"],"acts_visited":["Exordium","TheCity","TheBeyond","TheEnding"],"potions_floor_usage":[33,35,37,50],"damage_taken":[{"damage":18.0,"enemies":"2 Louse","floor":1.0,"turns":3.0},{"damage":1.0,"enemies":"Jaw Worm","floor":4.0,"turns":5.0},{"damage":46.0,"enemies":"Lagavulin","floor":6.0,"turns":11.0},{"damage":18.0,"enemies":"3 Sentries","floor":8.0,"turns":3.0},{"damage":17.0,"enemies":"Gremlin Nob","floor":10.0,"turns":4.0},{"damage":20.0,"enemies":"Lagavulin","floor":12.0,"turns":6.0},{"damage":0.0,"enemies":"Small Slimes","floor":13.0,"turns":1.0},{"damage":9.0,"enemies":"Blue Slaver","floor":14.0,"turns":4.0},{"damage":38.0,"enemies":"Slime Boss","floor":16.0,"turns":6.0},{"damage":9.0,"enemies":"Shell Parasite","floor":18.0,"turns":4.0},{"damage":13.0,"enemies":"Spheric Guardian","floor":19.0,"turns":4.0},{"damage":22.0,"enemies":"Snecko","floor":20.0,"turns":4.0},{"damage":19.0,"enemies":"Book of Stabbing","floor":24.0,"turns":4.0},{"damage":5.0,"enemies":"Centurion and Healer","floor":25.0,"turns":6.0},{"damage":29.0,"enemies":"Slavers","floor":29.0,"turns":2.0},{"damage":9,"enemies":"Gremlin Leader","floor":31,"turns":6},{"damage":49,"enemies":"Collector","floor":33,"turns":7},{"damage":0,"enemies":"3 Shapes","floor":35,"turns":3},{"damage":13,"enemies":"Mind Bloom Boss Battle","floor":36,"turns":7},{"damage":13,"enemies":"2 Orb Walkers","floor":37,"turns":4},{"damage":12,"enemies":"3 Darklings","floor":38,"turns":4},{"damage":0,"enemies":"Sphere and 2 Shapes","floor":39,"turns":3},{"damage":0,"enemies":"Giant Head","floor":40,"turns":5},{"damage":24,"enemies":"Nemesis","floor":42,"turns":5},{"damage":26,"enemies":"Jaw Worm Horde","floor":45,"turns":3},{"damage":25,"enemies":"Reptomancer","floor":46,"turns":5},{"damage":64,"enemies":"Awakened One","floor":50,"turns":8},{"damage":90,"enemies":"Shield and Spear","floor":54,"turns":5}],"seed_played":"-8884172351255194787","potions_obtained":[{"floor":8.0,"key":"Explosive Potion"},{"floor":10.0,"key":"BloodPotion"},{"floor":13.0,"key":"Strength Potion"},{"floor":16.0,"key":"Explosive Potion"},{"floor":20.0,"key":"LiquidMemories"},{"floor":24.0,"key":"Swift Potion"},{"floor":29.0,"key":"FearPotion"},{"floor":33,"key":"AttackPotion"},{"floor":38,"key":"Explosive Potion"},{"floor":42,"key":"SpeedPotion"}],"is_trial":false,"path_per_floor":["M","?","$","M","?","E","?","E","T","E","R","E","M","M","R","B",null,"M","M","M","?","$","R","E","M","T","R","$","E","?","E","R","B",null,"M","?","?","M","M","E","R","E","T","R","M","E","R","$","R","B",null,"R","$","E"],"character_chosen":"IRONCLAD","items_purchased":["Membership Card","True Grit","Flash of Steel","Body Slam"],"campfire_rested":1,"item_purchase_floors":[22,22,22,28],"current_hp_per_floor":[60,65,65,70,70,30,30,18,18,7,47,33,39,36,45,13,67,64,57,41,41,41,53,57,58,58,73,73,50,50,47,62,19,69,75,68,61,55,61,67,85,67,67,85,65,46,67,67,85,27,71,85,85,0,0],"gold":8,"neow_bonus":"THREE_RARE_CARDS","is_daily":false,"chose_seed":false,"campfire_upgraded":8,"win_rate":0.0,"timestamp":1612793854,"path_taken":["M","?","$","M","?","E","?","E","T","E","R","E","?","M","R","BOSS","M","M","M","?","$","R","E","M","T","R","$","E","?","E","R","BOSS","M","?","?","M","?","E","R","E","T","R","M","E","R","$","R","BOSS","R","$","E"],"items_purchased_type":["Relic","Card","Card","Card"],"build_version":"2020-12-22","purchased_purges":1,"victory":false,"max_hp_per_floor":[80,85,85,85,85,85,85,85,85,85,85,85,85,85,85,85,85,85,85,85,85,85,85,85,85,85,85,85,85,85,85,85,85,85,85,85,85,85,85,85,85,85,85,85,85,85,85,85,85,85,85,85,85,85,85],"card_choices":[{"not_picked":["Exhume","Reaper"],"picked":"Juggernaut","floor":0.0},{"not_picked":["Warcry","Rampage"],"picked":"True Grit","floor":1.0},{"not_picked":["Blood for Blood","Rage"],"picked":"Battle Trance","floor":4.0},{"not_picked":["Intimidate","Sever Soul"],"picked":"Immolate","floor":6.0},{"not_picked":["Havoc","Rupture"],"picked":"Iron Wave","floor":8.0},{"not_picked":["Inflame","Blood for Blood"],"picked":"Immolate","floor":10.0},{"not_picked":["Cleave","Clash"],"picked":"Fire Breathing","floor":12.0},{"not_picked":["Flex","Clash","Twin Strike"],"picked":"SKIP","floor":13.0},{"not_picked":["Havoc","Burning Pact"],"picked":"Shrug It Off","floor":14.0},{"not_picked":["Double Tap","Exhume"],"picked":"Juggernaut","floor":16.0},{"not_picked":["Shockwave","Power Through"],"picked":"Metallicize","floor":18.0},{"not_picked":["Reckless Charge","Spot Weakness","Sever Soul"],"picked":"SKIP","floor":19.0},{"not_picked":["Body Slam","Thunderclap"],"picked":"Metallicize+1","floor":20.0},{"not_picked":["Warcry","Flex"],"picked":"Ghostly Armor","floor":24.0},{"not_picked":["Feel No Pain","Entrench"],"picked":"Body Slam","floor":25.0},{"not_picked":["Iron Wave","Hemokinesis+1"],"picked":"Evolve+1","floor":29.0},{"not_picked":["Dual Wield","Rampage+1","Hemokinesis+1"],"picked":"SKIP","floor":31},{"not_picked":["Limit Break","Immolate"],"picked":"Corruption","floor":33},{"not_picked":["Infernal Blade","Reckless Charge"],"picked":"Iron Wave","floor":35},{"not_picked":["Pommel Strike","Wild Strike"],"picked":"Warcry+1","floor":36},{"not_picked":["Sword Boomerang","Intimidate"],"picked":"Armaments+1","floor":37},{"not_picked":["Havoc","True Grit"],"picked":"Disarm","floor":38},{"not_picked":["Juggernaut","Intimidate"],"picked":"Feel No Pain","floor":39},{"not_picked":["Reckless Charge","Body Slam"],"picked":"Fire Breathing+1","floor":40},{"not_picked":["Anger","Perfected Strike+1","Flex"],"picked":"SKIP","floor":42},{"not_picked":["Armaments","Combust"],"picked":"Disarm","floor":45},{"not_picked":["Havoc+1","Heavy Blade"],"picked":"Sentinel+1","floor":46}],"player_experience":203518,"relics_obtained":[{"floor":6.0,"key":"Mercury Hourglass"},{"floor":8.0,"key":"Bronze Scales"},{"floor":9.0,"key":"Ornamental Fan"},{"floor":10.0,"key":"Regal Pillow"},{"floor":12.0,"key":"Eternal Feather"},{"floor":24.0,"key":"Matryoshka"},{"floor":26.0,"key":"Art of War"},{"floor":29.0,"key":"Oddly Smooth Stone"},{"floor":31,"key":"Centennial Puzzle"},{"floor":36,"key":"Ginger"},{"floor":37,"key":"StoneCalendar"},{"floor":40,"key":"CeramicFish"},{"floor":42,"key":"Red Skull"},{"floor":43,"key":"MawBank"},{"floor":43,"key":"Anchor"},{"floor":46,"key":"Happy Flower"}],"event_choices":[{"damage_healed":0.0,"max_hp_gain":5.0,"max_hp_loss":0.0,"gold_gain":0.0,"event_name":"Big Fish","player_choice":"Donut","floor":2.0,"gold_loss":0.0,"damage_taken":0.0},{"cards_removed":["Strike_R"],"damage_healed":0.0,"max_hp_gain":0.0,"max_hp_loss":0.0,"gold_gain":0.0,"event_name":"The Cleric","player_choice":"Card Removal","floor":5.0,"gold_loss":50.0,"damage_taken":0.0},{"damage_healed":0.0,"max_hp_gain":0.0,"max_hp_loss":0.0,"gold_gain":0.0,"event_name":"Living Wall","player_choice":"Grow","floor":7.0,"gold_loss":0.0,"damage_taken":0.0,"cards_upgraded":["Juggernaut"]},{"damage_healed":0.0,"max_hp_gain":0.0,"max_hp_loss":0.0,"gold_gain":0.0,"event_name":"Ghosts","player_choice":"Ignored","floor":21.0,"gold_loss":0.0,"damage_taken":0.0},{"damage_healed":0,"gold_gain":0,"player_choice":"Inject Mutagens","damage_taken":0,"relics_obtained":["MutagenicStrength"],"max_hp_gain":0,"max_hp_loss":0,"event_name":"Drug Dealer","floor":30,"gold_loss":0},{"damage_healed":0,"gold_gain":0,"player_choice":"Fight","damage_taken":0,"max_hp_gain":0,"max_hp_loss":0,"event_name":"MindBloom","floor":36,"gold_loss":0},{"damage_healed":0,"gold_gain":0,"player_choice":"Fight","damage_taken":0,"max_hp_gain":0,"max_hp_loss":0,"event_name":"Mysterious Sphere","floor":37,"gold_loss":0}],"is_beta":false,"boss_relics":[{"not_picked":["Fusion Hammer","Tiny House"],"picked":"Ectoplasm"},{"not_picked":["Astrolabe","Busted Crown"],"picked":"Mark of Pain"}],"items_purged_floors":[3],"is_endless":false,"potions_floor_spawned":[8,10,13,16,19,20,24,29,33,38,42,45,46],"killed_by":"Shield and Spear","ascension_level":12}}