{"host":"rygl6lff02urotq6","time":1612823790,"event":{"mods":["AchievementEnabler","BaseMod","Bestiary","Better Altar","Better Match","Better Note","Better Sensory Stone","Better Skull","Better Third Choice","BetterRewards","Colored Map","Colored Powertips","Curses Come First","DeckTracker","Minty Spire (QoL Compilation)","Quick Restart","Spicy Shops","StSLib","SuperFastMode","The Bug Knight","Transform Curses"],"gold_per_floor":[109,84,104,115,132,132,164,174,249,249,204,204,273,284,284,388,388,408,383,401,401,401],"floor_reached":21,"language":"ENG","playtime":1507,"items_purged":[],"score":283,"play_id":"219a1fad-01c1-441d-b249-08ad00da4b14","local_time":"20210208173630","is_ascension_mode":false,"campfire_choices":[{"floor":6,"key":"RECALL"},{"floor":10,"key":"REST"},{"floor":15,"key":"REST"}],"circlet_count":0,"master_deck":["HollowMod:NailStrikeStart","HollowMod:NailStrikeStart","HollowMod:NailStrikeStart","HollowMod:NailStrikeStart","HollowMod:QuickDashStart","HollowMod:QuickDashStart","HollowMod:QuickDashStart","HollowMod:QuickDashStart","HollowMod:FocusHealStart","HollowMod:PogoStrike","HollowMod:SoulStrike","Clumsy","HollowMod:CycloneSlash","HollowMod:InfectedAttack","HollowMod:DashSlash","HollowMod:BlackTendrils","HollowMod:VengefulSpirit","HollowMod:SharpenedNail","HollowMod:SoulEater","HollowMod:VengefulVoid","HollowMod:DescendingDark","HollowMod:SlysStrikes","HollowMod:PureNailStrike+1","HollowMod:ShadowDash+1"],"relics":["HollowMod:VesselMask","Lizard Tail","Bottled Flame","Shuriken","betterThird:SlimedRelic","SsserpentHead"],"acts_visited":["TheCity"],"potions_floor_usage":[7,16,16],"damage_taken":[{"damage":3,"enemies":"2 Louse","floor":1,"turns":2},{"damage":2,"enemies":"Cultist","floor":3,"turns":3},{"damage":8,"enemies":"Small Slimes","floor":4,"turns":3},{"damage":8,"enemies":"Blue Slaver","floor":5,"turns":3},{"damage":44,"enemies":"3 Sentries","floor":7,"turns":10},{"damage":10,"enemies":"Large Slime","floor":8,"turns":6},{"damage":8,"enemies":"Looter","floor":13,"turns":4},{"damage":2,"enemies":"3 Louse","floor":14,"turns":3},{"damage":48,"enemies":"The Guardian","floor":16,"turns":11},{"damage":16,"enemies":"Chosen","floor":18,"turns":5},{"damage":48,"enemies":"2 Thieves","floor":20,"turns":5},{"damage":59,"enemies":"3 Cultists","floor":21,"turns":5}],"seed_played":"5985054619900869753","potions_obtained":[{"floor":4,"key":"SkillPotion"},{"floor":8,"key":"Explosive Potion"},{"floor":14,"key":"AttackPotion"},{"floor":18,"key":"GamblersBrew"}],"is_trial":false,"path_per_floor":["M","$","M","M","M","R","E","M","T","R","?","?","M","M","R","B",null,"M","?","M","M"],"character_chosen":"THE_BUGKNIGHT","items_purchased":["HollowMod:SoulStrike","Lizard Tail","HollowMod:InfectedAttack"],"campfire_rested":2,"item_purchase_floors":[0,0,2],"current_hp_per_floor":[72,72,70,62,54,54,20,17,17,39,28,28,20,18,40,6,75,59,59,11,0,0],"gold":401,"neow_bonus":"","is_daily":false,"chose_seed":false,"campfire_upgraded":0,"win_rate":0.0,"timestamp":1612823790,"path_taken":["M","$","M","M","M","R","E","M","T","R","?","?","?","M","R","BOSS","M","?","M","M"],"items_purchased_type":["Card","Relic","Card"],"build_version":"2020-12-22","purchased_purges":0,"victory":false,"max_hp_per_floor":[75,75,75,75,75,75,75,75,75,75,75,75,75,75,75,75,75,75,75,75,75,75],"card_choices":[{"not_picked":["HollowMod:HeavyBlow","HollowMod:ShapeofUnn"],"picked":"HollowMod:CycloneSlash","floor":1},{"not_picked":["HollowMod:DoubleDash","HollowMod:WraithStrike"],"picked":"HollowMod:DashSlash","floor":3},{"not_picked":["HollowMod:QuirrelsAssistance","HollowMod:DashSlash"],"picked":"HollowMod:BlackTendrils","floor":4},{"not_picked":["HollowMod:CloakDash","HollowMod:TaintedHusks"],"picked":"HollowMod:VengefulSpirit","floor":5},{"not_picked":["HollowMod:BrokenVessel","HollowMod:Hiveblood"],"picked":"HollowMod:SharpenedNail","floor":7},{"not_picked":["HollowMod:HeavyBlow","HollowMod:InfectedAttack"],"picked":"HollowMod:SoulEater","floor":8},{"not_picked":["HollowMod:SoulStrike","HollowMod:ChannelNail"],"picked":"HollowMod:VengefulVoid","floor":13},{"not_picked":["HollowMod:LifebloodCocoon","HollowMod:BlackTendrils"],"picked":"HollowMod:DescendingDark","floor":14},{"not_picked":["HollowMod:SoulMaster","HollowMod:NewInfectedGuardian"],"picked":"HollowMod:SlysStrikes","floor":16},{"not_picked":["HollowMod:ChannelNail","HollowMod:TaintedHusks"],"picked":"HollowMod:PureNailStrike+1","floor":18},{"not_picked":["HollowMod:MothsMistake","HollowMod:VengefulSpirit"],"picked":"HollowMod:ShadowDash+1","floor":20}],"player_experience":317542,"relics_obtained":[{"floor":7,"key":"Bottled Flame"},{"floor":9,"key":"Shuriken"}],"event_choices":[{"damage_healed":0,"gold_gain":0,"player_choice":"Slimed","damage_taken":11,"max_hp_gain":0,"max_hp_loss":0,"event_name":"betterThird:BetterGoop","floor":11,"gold_loss":45},{"damage_healed":0,"gold_gain":0,"player_choice":"Trade","damage_taken":0,"relics_obtained":["SsserpentHead"],"max_hp_gain":0,"max_hp_loss":0,"event_name":"FaceTrader","floor":12,"gold_loss":0},{"damage_healed":0,"gold_gain":0,"player_choice":"2","damage_taken":0,"max_hp_gain":0,"max_hp_loss":0,"event_name":"betterMatch:BetterMatch","floor":19,"gold_loss":0,"cards_obtained":[]}],"is_beta":false,"boss_relics":[{"not_picked":["Busted Crown","Philosopher\u0027s Stone","Runic Pyramid"]}],"items_purged_floors":[],"is_endless":false,"potions_floor_spawned":[4,8,14,18],"killed_by":"3 Cultists","ascension_level":0}}