{"host":"85rg8sallz0lemh6","time":1612812931,"event":{"mods":["BaseMod","Bestiary","Colored Powertips","Highlight Path","Minty Spire (QoL Compilation)","Quick Restart"],"gold_per_floor":[114,114,114,130,145,173,173,203,203,203,203,223,254,3,3,3,3],"floor_reached":16,"language":"ENG","playtime":354,"items_purged":[],"score":130,"play_id":"7acb09e5-ccda-475d-8db6-1f8742de4893","local_time":"20210208133531","is_ascension_mode":true,"campfire_choices":[{"data":"Dualcast","floor":7,"key":"SMITH"},{"data":"Zap","floor":11,"key":"SMITH"},{"data":"Apotheosis","floor":15,"key":"SMITH"}],"circlet_count":0,"master_deck":["Strike_B","Strike_B","Strike_B","Strike_B","Defend_B","Defend_B","Defend_B","Defend_B","Zap+1","Dualcast+1","Cold Snap","Conserve Battery","Melter","Apotheosis+1","Defragment"],"relics":["Cracked Core","NeowsBlessing","Shovel","Du-Vu Doll","Dream Catcher","Centennial Puzzle","CaptainsWheel","Kunai"],"acts_visited":["Exordium"],"potions_floor_usage":[13,16],"damage_taken":[{"damage":0,"enemies":"Small Slimes","floor":1,"turns":1},{"damage":0,"enemies":"Cultist","floor":4,"turns":1},{"damage":0,"enemies":"Jaw Worm","floor":5,"turns":1},{"damage":17,"enemies":"Gremlin Nob","floor":6,"turns":4},{"damage":20,"enemies":"Lagavulin","floor":8,"turns":9},{"damage":0,"enemies":"Looter","floor":12,"turns":4},{"damage":14,"enemies":"3 Sentries","floor":13,"turns":7},{"damage":18,"enemies":"Slime Boss","floor":16,"turns":7}],"seed_played":"955984237253009698","potions_obtained":[{"floor":6,"key":"BlessingOfTheForge"},{"floor":12,"key":"Block Potion"},{"floor":13,"key":"Block Potion"}],"is_trial":false,"path_per_floor":["M","?","?","M","M","E","R","E","T","$","R","M","E","$","R","B"],"character_chosen":"DEFECT","items_purchased":["Apotheosis","Defragment"],"campfire_rested":0,"item_purchase_floors":[14,14],"current_hp_per_floor":[75,68,68,68,68,51,51,31,31,31,31,31,17,17,17,0,0],"gold":3,"neow_bonus":"THREE_ENEMY_KILL","is_daily":false,"chose_seed":false,"campfire_upgraded":3,"win_rate":0.0,"timestamp":1612812931,"path_taken":["M","?","?","M","?","E","R","E","T","$","R","M","E","$","R","BOSS"],"items_purchased_type":["Card","Card"],"build_version":"2020-12-22","purchased_purges":0,"victory":false,"max_hp_per_floor":[75,75,75,75,75,75,75,75,75,75,75,75,75,75,75,75,75],"card_choices":[{"not_picked":["Steam","Storm"],"picked":"Cold Snap","floor":1},{"not_picked":["Turbo","Sunder","Streamline"],"picked":"SKIP","floor":4},{"not_picked":["Hyperbeam","Rebound"],"picked":"Conserve Battery","floor":5},{"not_picked":["Redo","Double Energy","Rip and Tear"],"picked":"SKIP","floor":6},{"not_picked":["Redo","Hyperbeam","Stack"],"picked":"SKIP","floor":8},{"not_picked":["Compile Driver","Conserve Battery","Rebound"],"picked":"SKIP","floor":12},{"not_picked":["Meteor Strike","Scrape"],"picked":"Melter","floor":13}],"player_experience":82832,"relics_obtained":[{"floor":3,"key":"Du-Vu Doll"},{"floor":6,"key":"Dream Catcher"},{"floor":8,"key":"Centennial Puzzle"},{"floor":9,"key":"CaptainsWheel"},{"floor":13,"key":"Kunai"}],"event_choices":[{"damage_healed":0,"gold_gain":0,"player_choice":"Success","damage_taken":7,"relics_obtained":["Shovel"],"max_hp_gain":0,"max_hp_loss":0,"event_name":"Scrap Ooze","floor":2,"gold_loss":0},{"damage_healed":0,"gold_gain":0,"player_choice":"Relic","damage_taken":0,"max_hp_gain":0,"max_hp_loss":0,"event_name":"Wheel of Change","floor":3,"gold_loss":0}],"is_beta":false,"boss_relics":[],"items_purged_floors":[],"is_endless":false,"potions_floor_spawned":[6,12,13],"killed_by":"Slime Boss","ascension_level":2}}