{"host":"qy1e0kd24tpj3i2m","time":1612817929,"event":{"mods":["Act Like it!","Alarm Clock","BaseMod","Better Skull","Better Vampires","Colored Map","Colored Powertips","Custom Start","Faster Ascension Climbing","Friendly Minions","GifTheSpireLib","Gremlin Skip","Highlight Path","Minty Spire (QoL Compilation)","Permanent Neow","Poor People Problems","Quick Restart","Red Circlet Mod","Relic Filter Mod","Relic Sorter","Reorder Act Four","SacredBarkPlus","Shop Mod","StSLib","SuperFastMode","Transform Curses","没有小屋子和绿帽子啦"],"gold_per_floor":[115,115,115,125,125,125,160,174,174,174,199,199,199],"floor_reached":12,"language":"ZHS","playtime":362,"items_purged":[],"score":206,"play_id":"4208a59e-287a-494d-8328-f8e0b5828e0f","local_time":"20210209055849","is_ascension_mode":true,"campfire_choices":[{"floor":6.0,"key":"REST"},{"data":"Berserk","floor":10.0,"key":"SMITH"}],"circlet_count":0,"master_deck":["AscendersBane","Strike_R","Strike_R","Strike_R","Strike_R","Strike_R","Defend_R","Defend_R","Defend_R","Berserk+1","Whirlwind"],"relics":["Burning Blood","NeowsBlessing","Toy Ornithopter","MealTicket","CeramicFish","Self Forming Clay"],"acts_visited":["Exordium"],"potions_floor_usage":[12],"damage_taken":[{"damage":0.0,"enemies":"Small Slimes","floor":1.0,"turns":1.0},{"damage":0.0,"enemies":"Cultist","floor":4.0,"turns":1.0},{"damage":0.0,"enemies":"Gremlin Nob","floor":7.0,"turns":1.0},{"damage":14.0,"enemies":"Jaw Worm","floor":8.0,"turns":6.0},{"damage":12.0,"enemies":"Large Slime","floor":11.0,"turns":5.0},{"damage":28,"enemies":"3 Sentries","floor":12,"turns":4}],"seed_played":"822065602727169959","potions_obtained":[{"floor":4.0,"key":"Fire Potion"},{"floor":8.0,"key":"Energy Potion"},{"floor":11.0,"key":"Fire Potion"}],"is_trial":false,"path_per_floor":["M","?","?","M","?","R","E","M","T","R","M","E"],"character_chosen":"IRONCLAD","items_purchased":[],"campfire_rested":1,"item_purchase_floors":[],"current_hp_per_floor":[74,74,67,73,19,41,47,39,39,39,43,20,20],"gold":199,"neow_bonus":"THREE_ENEMY_KILL","is_daily":false,"chose_seed":false,"campfire_upgraded":1,"win_rate":0.0,"timestamp":1612817929,"path_taken":["M","?","?","M","?","R","E","?","T","R","M","E"],"items_purchased_type":[],"build_version":"2020-12-22","purchased_purges":0,"victory":false,"max_hp_per_floor":[75,75,75,75,75,75,75,75,75,75,75,75,75],"card_choices":[{"not_picked":["Clash","Flex","Havoc"],"picked":"SKIP","floor":1.0},{"not_picked":["Battle Trance","Warcry","Cleave"],"picked":"SKIP","floor":4.0},{"not_picked":["Burning Pact","Perfected Strike"],"picked":"Berserk","floor":7.0},{"not_picked":["Clash","Flex","Clothesline"],"picked":"SKIP","floor":8.0},{"not_picked":["Iron Wave","Clash"],"picked":"Whirlwind","floor":11.0}],"player_experience":991476,"relics_obtained":[{"floor":7.0,"key":"Self Forming Clay"}],"event_choices":[{"cards_removed":["Bash"],"damage_healed":0.0,"max_hp_gain":0.0,"max_hp_loss":0.0,"gold_gain":0.0,"event_name":"Living Wall","player_choice":"Forget","floor":2.0,"gold_loss":0.0,"damage_taken":0.0},{"cards_removed":["Defend_R"],"damage_healed":0.0,"max_hp_gain":0.0,"max_hp_loss":0.0,"gold_gain":0.0,"event_name":"Golden Wing","player_choice":"Card Removal","floor":3.0,"gold_loss":0.0,"damage_taken":7.0},{"damage_healed":0.0,"max_hp_gain":0.0,"max_hp_loss":0.0,"gold_gain":0.0,"event_name":"betterSkull:BetterSkull","player_choice":"RE RE RE ","floor":5.0,"gold_loss":0.0,"damage_taken":60.0,"cards_upgraded":[],"relics_obtained":["Toy Ornithopter","MealTicket","CeramicFish"]}],"is_beta":false,"boss_relics":[],"items_purged_floors":[],"is_endless":false,"potions_floor_spawned":[4,8,11],"killed_by":"3 Sentries","ascension_level":20}}