{"host":"dh4nu8nelr2izibb","time":1612764424,"event":{"mods":["100% Spire Juice","BaseMod","Card Forge","Displayed Cursed Tome","HololiveMod","Marisa????????","Minty Spire (QoL Compilation)","Poor People Problems","Puzzle Mod","Quick Restart","Relic Filter","StSLib","The Marked","The Servant 0.9.4","WarShipGirlsR/????R mod","Yakumo Yukari mod"],"gold_per_floor":[111,123,198,8,22,22,47,63,63,83,99,99,125,125,125,198,198,208,218,418,433,450,450,14,40,64,79,79,79,111,111,111,111,111],"floor_reached":33,"language":"ENG","playtime":1039,"items_purged":["Injury","Strike_G"],"score":594,"play_id":"1f7be1fc-5821-4fd2-b4d3-887edcd96424","local_time":"20210208010704","is_ascension_mode":true,"campfire_choices":[{"data":"Glass Knife","floor":6,"key":"SMITH"},{"data":"Footwork","floor":12,"key":"SMITH"},{"data":"Dagger Spray","floor":15,"key":"SMITH"},{"floor":23,"key":"REST"},{"data":"Cloak And Dagger","floor":28,"key":"SMITH"},{"floor":32,"key":"REST"}],"circlet_count":0,"master_deck":["AscendersBane","Strike_G+1","Strike_G","Strike_G","Defend_G","Defend_G","Defend_G","Defend_G","Survivor","Neutralize+1","Glass Knife+1","Predator","Terror","Footwork+1","Blade Dance","Flying Knee","Sucker Punch+1","Dagger Spray+1","Leg Sweep","Escape Plan","Blade Dance","Adrenaline","Cloak And Dagger+1","Accuracy","Backflip+1","Burst","Writhe"],"relics":["Ring of the Snake","Hammer of Thor","Seething Fire","Anvil of the Gods","Whetstone","Bottled Flame","Incense Burner","Black Star","Nunchaku","Darkstone Periapt","Tough Bandages","Boot","PreservedInsect","Bag of Marbles","Anchor","Vajra"],"acts_visited":["Exordium","TheCity"],"potions_floor_usage":[13,16,18,25,25,30],"damage_taken":[{"damage":2,"enemies":"Jaw Worm","floor":1,"turns":4},{"damage":0,"enemies":"2 Louse","floor":2,"turns":3},{"damage":0,"enemies":"Cultist","floor":5,"turns":3},{"damage":10,"enemies":"3 Sentries","floor":7,"turns":8},{"damage":0,"enemies":"2 Fungi Beasts","floor":8,"turns":2},{"damage":0,"enemies":"Blue Slaver","floor":10,"turns":2},{"damage":0,"enemies":"3 Louse","floor":11,"turns":3},{"damage":2,"enemies":"Gremlin Nob","floor":13,"turns":3},{"damage":4,"enemies":"Slime Boss","floor":16,"turns":6},{"damage":11,"enemies":"2 Thieves","floor":18,"turns":3},{"damage":8,"enemies":"3 Byrds","floor":19,"turns":4},{"damage":20,"enemies":"Sentry and Sphere","floor":21,"turns":6},{"damage":1,"enemies":"3 Cultists","floor":22,"turns":5},{"damage":16,"enemies":"Gremlin Leader","floor":25,"turns":6},{"damage":12,"enemies":"Snecko","floor":27,"turns":6},{"damage":6,"enemies":"Slavers","floor":30,"turns":3},{"damage":51,"enemies":"Automaton","floor":33,"turns":6}],"seed_played":"-4836875784765649787","potions_obtained":[{"floor":1,"key":"GamblersBrew"},{"floor":2,"key":"SkillPotion"},{"floor":16,"key":"SteroidPotion"},{"floor":18,"key":"CultistPotion"},{"floor":25,"key":"PanachePotion"},{"floor":30,"key":"CunningPotion"}],"is_trial":false,"path_per_floor":["M","M","?","$","M","R","E","M","T","M","M","R","E","?","R","B",null,"M","M","?","M","M","R","$","E","T","M","R","?","E","T","R","B"],"character_chosen":"THE_SILENT","items_purchased":["Footwork","Blade Dance","Accuracy","Nunchaku","Regen Potion"],"campfire_rested":2,"item_purchase_floors":[4,4,24,24,24],"current_hp_per_floor":[57,57,46,46,46,46,36,36,36,36,36,36,34,56,56,52,63,52,44,44,24,23,42,42,41,41,29,29,35,29,29,50,0,0],"gold":111,"neow_bonus":"THREE_RARE_CARDS","is_daily":false,"chose_seed":false,"campfire_upgraded":4,"win_rate":0.0,"timestamp":1612764424,"path_taken":["M","M","?","$","M","R","E","M","T","M","M","R","E","?","R","BOSS","M","M","?","M","?","R","$","E","T","M","R","?","E","?","R","BOSS"],"items_purchased_type":["Card","Card","Card","Relic","Potion"],"build_version":"2020-12-22","purchased_purges":2,"victory":false,"max_hp_per_floor":[66,66,66,66,66,66,66,66,66,66,66,66,66,66,66,66,66,66,66,66,66,66,66,66,66,66,66,66,72,72,72,72,72,72],"card_choices":[{"not_picked":["A Thousand Cuts","Corpse Explosion"],"picked":"Glass Knife","floor":0},{"not_picked":["Sucker Punch","Eviscerate"],"picked":"Predator","floor":1},{"not_picked":["Catalyst","Deflect"],"picked":"Terror","floor":2},{"not_picked":["Flechettes","Underhanded Strike"],"picked":"Flying Knee","floor":5},{"not_picked":["Flying Knee","Bouncing Flask"],"picked":"Sucker Punch","floor":7},{"not_picked":["Flying Knee","Prepared"],"picked":"Dagger Spray","floor":8},{"not_picked":["Poisoned Stab","Dodge and Roll"],"picked":"Leg Sweep","floor":10},{"not_picked":["Dagger Spray","Outmaneuver"],"picked":"Escape Plan","floor":11},{"not_picked":["Dagger Throw","Malaise"],"picked":"Blade Dance","floor":13},{"not_picked":["Bullet Time","Phantasmal Killer"],"picked":"Adrenaline","floor":16},{"not_picked":["Quick Slash","Setup","Sucker Punch"],"picked":"SKIP","floor":18},{"not_picked":["Underhanded Strike","Sucker Punch","Acrobatics"],"picked":"SKIP","floor":19},{"not_picked":["Flying Knee","Deadly Poison"],"picked":"Cloak And Dagger","floor":21},{"not_picked":["Quick Slash","Slice","Poisoned Stab"],"picked":"SKIP","floor":22},{"not_picked":["Terror","Distraction"],"picked":"Backflip+1","floor":25},{"not_picked":["Dagger Throw","Backflip"],"picked":"Burst","floor":27},{"not_picked":["Outmaneuver","Dagger Spray","Dodge and Roll"],"picked":"SKIP","floor":30}],"player_experience":1146390,"relics_obtained":[{"floor":7,"key":"Whetstone"},{"floor":9,"key":"Bottled Flame"},{"floor":13,"key":"Incense Burner"},{"floor":25,"key":"Darkstone Periapt"},{"floor":25,"key":"Tough Bandages"},{"floor":26,"key":"Boot"},{"floor":30,"key":"Bag of Marbles"},{"floor":30,"key":"Anchor"},{"floor":31,"key":"Vajra"}],"event_choices":[{"damage_healed":0,"gold_gain":75,"player_choice":"Gather Gold","damage_taken":11,"max_hp_gain":0,"max_hp_loss":0,"event_name":"World of Goop","floor":3,"gold_loss":0},{"damage_healed":22,"gold_gain":0,"player_choice":"Banana","damage_taken":0,"max_hp_gain":0,"max_hp_loss":0,"event_name":"Big Fish","floor":14,"gold_loss":0},{"damage_healed":0,"gold_gain":200,"player_choice":"Gold","damage_taken":0,"max_hp_gain":0,"max_hp_loss":0,"event_name":"Wheel of Change","floor":20,"gold_loss":0},{"damage_healed":0,"gold_gain":0,"player_choice":"Opened","damage_taken":0,"relics_obtained":["PreservedInsect"],"max_hp_gain":0,"max_hp_loss":0,"event_name":"The Mausoleum","floor":29,"gold_loss":0,"cards_obtained":["Writhe"]}],"is_beta":false,"boss_relics":[{"not_picked":["Hololive_TopUpMoneyS","Velvet Choker"],"picked":"Black Star"}],"items_purged_floors":[4,24],"is_endless":false,"potions_floor_spawned":[1,2,8,16,18,25,30],"killed_by":"Automaton","ascension_level":20}}