{"host":"hrvs05np4ys7itky","time":1612763182,"event":{"mods":["BaseMod","Colored Map","Colored Powertips","Downfall","Emptier Cage","Hermit","Highlight Path","Minty Spire (QoL Compilation)","Permanent Neow","Rare Cards Sparkle","Relic Stats","Replay The Spire","StSLib","everything is the same but u backflip on backflip"],"gold_per_floor":[109,109,124,144,39,39,54,54,99,142,142,156,156,176,176,275,275,300,323,338,354,279,279,319,96,96,114,29,53,53,68,68,164,164,182,205,236,186,200,200,225,225,252,285,166,181,251,57,57,57],"floor_reached":51,"language":"ENG","playtime":3546,"items_purged":["Defend_B","ReplayTheSpireMod:Doomed","Defend_B"],"score":916,"play_id":"b3f64c46-6dd3-4811-9417-e583fe22ce95","local_time":"20210208004622","is_ascension_mode":true,"campfire_choices":[{"data":"Defragment","floor":6,"key":"SMITH"},{"floor":8,"key":"REST"},{"data":"Coolheaded","floor":13,"key":"SMITH"},{"floor":15,"key":"REST"},{"floor":23,"key":"REST"},{"floor":30,"key":"REST"},{"floor":32,"key":"REST"},{"data":"ReplayTheSpireMod:Calculation Training","floor":40,"key":"SMITH"},{"data":"Defragment","floor":42,"key":"SMITH"},{"floor":49,"key":"REST"}],"circlet_count":0,"master_deck":["AscendersBane","Zap","Dualcast","Go for the Eyes+1","Defragment+1","ReplayTheSpireMod:Calculation Training+1","Reinforced Body","Ball Lightning+1","Cold Snap","Coolheaded+1","Leap","Electrodynamics","FTL+1","Panic Button","Coolheaded+1","Darkness+1","Cold Snap+1","Coolheaded","Fission","Static Discharge","Defragment+1","Redo+1","Defragment","White Noise","Conserve Battery+1","Pot Of Greed","Pot Of Greed","Pot Of Greed"],"relics":["FrozenCore","Vajra","Golden Idol","Anchor","Geode","Replay:Grab Bag","Sozu","ChewingGum","Kintsugi","Oddly Smooth Stone","Whetstone","Bronze Scales","ReplayTheSpireMod:Lightbulb","Smiling Mask","TungstenRod","ReplayTheSpireMod:TigerMarble","Bottled Tornado","Letter Opener","Grinning Jar"],"acts_visited":["Exordium","TheCity","TheBeyond"],"potions_floor_usage":[10,16,16,24],"damage_taken":[{"damage":2,"enemies":"2 Louse","floor":1,"turns":2},{"damage":0,"enemies":"Cultist","floor":3,"turns":3},{"damage":0,"enemies":"Jaw Worm","floor":4,"turns":4},{"damage":30,"enemies":"Gremlin Gang","floor":7,"turns":4},{"damage":19,"enemies":"Gremlin Nob","floor":10,"turns":4},{"damage":0,"enemies":"Red Slaver","floor":12,"turns":3},{"damage":0,"enemies":"Blue Slaver","floor":14,"turns":3},{"damage":23,"enemies":"Slime Boss","floor":16,"turns":6},{"damage":12,"enemies":"2 Thieves","floor":18,"turns":3},{"damage":0,"enemies":"Chosen","floor":19,"turns":3},{"damage":14,"enemies":"Snake Plant","floor":20,"turns":2},{"damage":8,"enemies":"Centurion and Healer","floor":21,"turns":6},{"damage":8,"enemies":"Slavers","floor":24,"turns":4},{"damage":15,"enemies":"Snecko","floor":27,"turns":4},{"damage":0,"enemies":"Snake Plant","floor":28,"turns":4},{"damage":13,"enemies":"Shelled Parasite and Fungi","floor":31,"turns":5},{"damage":1,"enemies":"Champ","floor":33,"turns":12},{"damage":0,"enemies":"3 Shapes","floor":35,"turns":3},{"damage":0,"enemies":"Mind Bloom Boss Battle","floor":37,"turns":8},{"damage":1,"enemies":"3 Darklings","floor":39,"turns":6},{"damage":0,"enemies":"Sphere and 2 Shapes","floor":41,"turns":3},{"damage":0,"enemies":"R_Hoarder","floor":44,"turns":11},{"damage":11,"enemies":"Writhing Mass","floor":46,"turns":6},{"damage":14,"enemies":"Replay:Hell Engine","floor":50,"turns":30}],"seed_played":"492548084189947348","potions_obtained":[{"floor":7,"key":"BlessingOfTheForge"},{"floor":12,"key":"champ:CounterPotion"},{"floor":14,"key":"Swift Potion"},{"floor":16,"key":"FocusPotion"}],"is_trial":false,"path_per_floor":["M","?","M","M","$","R","M","R","T","E","?","M","R","M","R","B",null,"M","M","M","M","?","R","E","$","T","M","M","T","R","M","R","B",null,"M","T","?","$","M","R","M","R","T","E","$","M","?","$","R","B",null],"character_chosen":"DEFECT","items_purchased":["Reinforced Body","Ball Lightning+1","Whetstone","Defragment","Conserve Battery+1","Grinning Jar"],"campfire_rested":6,"item_purchase_floors":[5,5,25,45,48,48],"current_hp_per_floor":[62,62,62,62,62,62,32,51,51,32,32,32,32,32,51,28,57,45,45,31,23,23,42,34,34,34,19,19,19,38,25,44,43,60,60,60,60,60,59,59,59,59,59,59,59,48,23,23,42,28],"gold":57,"neow_bonus":"RANDOM_COMMON_RELIC","is_daily":false,"chose_seed":false,"campfire_upgraded":4,"win_rate":0.0,"timestamp":1612763182,"path_taken":["M","?","M","M","$","R","M","R","T","E","?","M","R","?","R","BOSS","M","?","M","M","?","R","E","$","T","M","M","?","R","?","R","BOSS","M","?","?","$","M","R","M","R","T","E","$","M","?","?","R","BOSS"],"items_purchased_type":["Card","Card","Relic","Card","Card","Relic"],"build_version":"2020-12-22","purchased_purges":3,"victory":true,"max_hp_per_floor":[71,66,66,66,66,66,66,66,66,66,66,66,66,66,66,66,66,66,66,66,66,66,66,66,66,66,66,66,66,66,66,66,66,66,66,66,66,66,66,66,66,66,66,66,66,66,66,66,66,66],"relic_stats":{"Sozu":7,"counters":[24,139],"Golden Idol":160,"Bronze Scales":[230],"Whetstone":["FTL","Go for the Eyes"],"Letter Opener":[48],"Smiling Mask":125,"obtain_stats":[{"Golden Idol":2,"Replay:Grab Bag":17,"Vajra":0,"Oddly Smooth Stone":24,"Geode":10,"Whetstone":25,"Letter Opener":47,"Bottled Tornado":44,"Smiling Mask":36,"FrozenCore":34,"Sozu":17,"Anchor":9,"Bronze Scales":26,"ChewingGum":17,"ReplayTheSpireMod:TigerMarble":43,"Kintsugi":17,"Grinning Jar":48,"Cracked Core":0,"ReplayTheSpireMod:Lightbulb":29,"TungstenRod":37},{"Golden Idol":1,"Replay:Grab Bag":8,"Vajra":0,"Oddly Smooth Stone":13,"Geode":5,"Whetstone":13,"Letter Opener":23,"Bottled Tornado":22,"Smiling Mask":18,"FrozenCore":17,"Sozu":8,"Anchor":4,"Bronze Scales":13,"ChewingGum":8,"ReplayTheSpireMod:TigerMarble":21,"Kintsugi":8,"Grinning Jar":23,"Cracked Core":0,"ReplayTheSpireMod:Lightbulb":15,"TungstenRod":19},{"Golden Idol":2,"Replay:Grab Bag":29,"Vajra":0,"Oddly Smooth Stone":47,"Geode":17,"Whetstone":47,"Letter Opener":109,"Bottled Tornado":103,"Smiling Mask":75,"FrozenCore":72,"Sozu":29,"Anchor":13,"Bronze Scales":47,"ChewingGum":29,"ReplayTheSpireMod:TigerMarble":92,"Kintsugi":29,"Grinning Jar":109,"Cracked Core":0,"ReplayTheSpireMod:Lightbulb":55,"TungstenRod":83}],"TungstenRod":5,"FrozenCore":[20]},"card_choices":[{"not_picked":["Turbo","Redo"],"picked":"Go for the Eyes","floor":1},{"not_picked":["Double Energy","Undo"],"picked":"Defragment","floor":3},{"not_picked":["Scrape","Steam"],"picked":"ReplayTheSpireMod:Calculation Training","floor":4},{"not_picked":["ReplaySort","Redo"],"picked":"Cold Snap","floor":7},{"not_picked":["Go for the Eyes","BasicCrystalCard","Hello World"],"picked":"SKIP","floor":10},{"not_picked":["Steam","Panic Button"],"picked":"Coolheaded","floor":12},{"not_picked":["Amplify","Gash"],"picked":"Leap","floor":14},{"not_picked":["Amplify","Thunder Strike"],"picked":"Electrodynamics","floor":16},{"not_picked":["ReplayGash","Streamline+1"],"picked":"FTL","floor":18},{"not_picked":["Compile Driver+1","Leap"],"picked":"Panic Button","floor":19},{"not_picked":["Multi-Cast","Skim"],"picked":"Coolheaded+1","floor":20},{"not_picked":["Genetic Algorithm","Go for the Eyes+1"],"picked":"Darkness+1","floor":21},{"not_picked":["Stack","Hologram","Consume+1"],"picked":"SKIP","floor":24},{"not_picked":["Stack","Hologram","All For One"],"picked":"SKIP","floor":27},{"not_picked":["Sweeping Beam","Streamline"],"picked":"Cold Snap+1","floor":28},{"not_picked":["Rebound","Compile Driver"],"picked":"Coolheaded","floor":31},{"not_picked":["Multi-Cast","ReplayTheSpireMod:Fabricate Wheel"],"picked":"Fission","floor":33},{"not_picked":["Barrage","Stack+1","Force Field"],"picked":"SKIP","floor":35},{"not_picked":["Hologram","BasicCrystalCard+1"],"picked":"Static Discharge","floor":37},{"not_picked":["Ball Lightning","Fusion","Streamline"],"picked":"SKIP","floor":39},{"not_picked":["Fission","Gash"],"picked":"Defragment","floor":41},{"not_picked":["Double Energy","Turbo"],"picked":"Redo+1","floor":44},{"not_picked":["Time Bomb","Gash"],"picked":"White Noise","floor":46}],"player_experience":1046646,"relics_obtained":[{"floor":9,"key":"Anchor"},{"floor":10,"key":"Geode"},{"floor":24,"key":"Oddly Smooth Stone"},{"floor":26,"key":"Bronze Scales"},{"floor":29,"key":"ReplayTheSpireMod:Lightbulb"},{"floor":36,"key":"Smiling Mask"},{"floor":37,"key":"TungstenRod"},{"floor":43,"key":"ReplayTheSpireMod:TigerMarble"},{"floor":44,"key":"Bottled Tornado"},{"floor":47,"key":"Letter Opener"}],"event_choices":[{"damage_healed":0,"gold_gain":0,"player_choice":"Lose Max HP","damage_taken":0,"relics_obtained":["Golden Idol"],"max_hp_gain":0,"max_hp_loss":5,"event_name":"Golden Idol","floor":2,"gold_loss":0},{"damage_healed":0,"gold_gain":0,"player_choice":"Leave","damage_taken":0,"max_hp_gain":0,"max_hp_loss":0,"event_name":"FaceTrader","floor":11,"gold_loss":0},{"cards_removed":["Strike_B"],"damage_healed":0,"gold_gain":0,"player_choice":"Gave Gold","damage_taken":0,"max_hp_gain":0,"max_hp_loss":0,"event_name":"Beggar","floor":22,"gold_loss":75},{"damage_healed":0,"gold_gain":0,"player_choice":"Fight","damage_taken":0,"max_hp_gain":0,"max_hp_loss":0,"event_name":"MindBloom","floor":37,"gold_loss":0}],"is_beta":false,"boss_relics":[{"not_picked":["Replay:Ancient Bell","bronze:MakeshiftBattery"],"picked":"Replay:Grab Bag"},{"not_picked":["Replay:Bronze Core","ReplayTheSpireMod:Onyx Gauntlets"],"picked":"Sozu"},{"not_picked":["Fusion Hammer","Philosopher\u0027s Stone"],"picked":"ChewingGum"},{"not_picked":["Nuclear Battery","Runic Pyramid"],"picked":"Kintsugi"},{"not_picked":["Empty Cage","Astrolabe"],"picked":"FrozenCore"}],"items_purged_floors":[25,38,45],"is_endless":false,"potions_floor_spawned":[7,12,14,16,19,20,24,31,37,44],"ascension_level":14}}