{"host":"gk9qdtkqd8dwfeg2","time":1612795209,"event":{"mods":["Act Like it!","Aspiration","BaseMod","Colored Powertips","Gensokyo","Minty Spire (QoL Compilation)","Quick Restart","Replay The Spire","Shop Mod","StSLib","TestMod","The Servant 0.9.4","Waifu the Spire","WarShipGirlsR/’ΩΩ¢…Ÿ≈ÆR mod"],"gold_per_floor":[113,113,123,143,162,162,235,246,246,246,262,276,309,309,309,382,382,393,643,655,723,236,271,285,315,364,364,394,394,423,436,436,631,631],"floor_reached":33,"language":"ZHS","playtime":818,"items_purged":["Strike_R"],"score":739,"play_id":"d2e8a4b1-f5c7-4bb6-a519-cc4b84d778a1","local_time":"20210208224009","is_ascension_mode":true,"campfire_choices":[{"data":"Neutralize","floor":6,"key":"SMITH"},{"data":"Dash","floor":10,"key":"SMITH"},{"data":"Armaments","floor":15,"key":"SMITH"},{"data":"Gensokyo:MonkeysPaw","floor":29,"key":"SMITH"},{"floor":32,"key":"RECALL"}],"circlet_count":0,"master_deck":["AscendersBane","Strike_R","Defend_R","Defend_R","Defend_R","Defend_R","Bash","Cleave","Dash+1","Heel Hook","Neutralize+1","Shrug It Off","Armaments+1","Uppercut+1","Reaper+1","Dropkick+1","Dual Wield","Feel No Pain","Second Wind","Power Through","Gensokyo:MonkeysPaw+1","Bloodletting"],"relics":["testmod-TestBox","testmod-Brilliant","aspiration:FutureDiary","Molten Egg 2","testmod-TurbochargingSystem","ReplayTheSpireMod:Lightbulb","Gensokyo:Justice","testmod-PortableAltar","testmod-ArcanaOfDestiny","MerchantsRug","Orrery","Self Forming Clay","aspiration:DSix","Anchor","aspiration:FrozenJewel","PreservedInsect"],"acts_visited":["Exordium","Gensokyo:Gensokyo"],"potions_floor_usage":[8,16,25,33,33,33],"damage_taken":[{"damage":0,"enemies":"Gensokyo:Gryphon","floor":1,"turns":2},{"damage":0,"enemies":"Gensokyo:2_Kodama","floor":3,"turns":1},{"damage":0,"enemies":"Gensokyo:Python","floor":4,"turns":3},{"damage":0,"enemies":"Gensokyo:Gryphon_and_Rabbit","floor":5,"turns":3},{"damage":0,"enemies":"Gensokyo:2_Rabbits","floor":8,"turns":1},{"damage":0,"enemies":"Gensokyo:3_Kodama","floor":11,"turns":1},{"damage":0,"enemies":"Gensokyo:Kitsune","floor":12,"turns":1},{"damage":0,"enemies":"Gensokyo:Cirno","floor":13,"turns":4},{"damage":33,"enemies":"Gensokyo:Reimu","floor":16,"turns":6},{"damage":1,"enemies":"Gensokyo:3_Dogs","floor":18,"turns":1},{"damage":1,"enemies":"Gensokyo:2_Gloops","floor":20,"turns":1},{"damage":12,"enemies":"Gensokyo:Koishi","floor":23,"turns":5},{"damage":13,"enemies":"Gensokyo:Slime_Group","floor":24,"turns":4},{"damage":4,"enemies":"Gensokyo:Tenshi","floor":25,"turns":5},{"damage":11,"enemies":"Gensokyo:Koishi","floor":28,"turns":4},{"damage":3,"enemies":"Gensokyo:Tenshi","floor":30,"turns":2},{"damage":2,"enemies":"Gensokyo:Wraith","floor":31,"turns":4},{"damage":94,"enemies":"Gensokyo:Eternal_Rivals","floor":33,"turns":9}],"seed_played":"-4817650356782651072","potions_obtained":[{"floor":5,"key":"CultistPotion"},{"floor":8,"key":"testmod-SpacePotion"},{"floor":12,"key":"Dexterity Potion"},{"floor":16,"key":"LiquidBronze"},{"floor":23,"key":"Block Potion"},{"floor":25,"key":"DuplicationPotion"},{"floor":31,"key":"DistilledChaos"}],"is_trial":false,"path_per_floor":["M","?","M","M","M","R","T","M","T","R","M","M","E","?","R","B",null,"M","?","M","T","$","E","M","E","T","?","E","R","E","M","R","B"],"character_chosen":"IRONCLAD","items_purchased":["MerchantsRug","Dual Wield","Orrery"],"campfire_rested":0,"item_purchase_floors":[22,22,22],"current_hp_per_floor":[68,68,68,68,68,68,68,68,68,68,68,68,68,68,68,35,65,74,68,66,66,65,52,51,59,59,53,51,51,47,49,48,0,0],"gold":631,"neow_bonus":"BOSS_RELIC","is_daily":false,"chose_seed":false,"campfire_upgraded":4,"win_rate":0.0,"timestamp":1612795209,"path_taken":["M","?","M","M","?","R","?","M","T","R","M","M","E","?","R","BOSS","M","?","M","?","?","E","M","E","T","?","E","R","E","?","R","BOSS"],"items_purchased_type":["Relic","Card","Relic"],"build_version":"2020-12-22","purchased_purges":1,"victory":false,"max_hp_per_floor":[75,75,75,75,75,75,75,75,75,75,75,75,75,75,75,75,75,74,68,67,66,65,64,63,62,61,53,52,51,50,49,48,47,47],"card_choices":[{"not_picked":["Cleave","Iron Wave","Entrench"],"picked":"SKIP","floor":1},{"not_picked":["Iron Wave","Entrench"],"picked":"Cleave","floor":1},{"not_picked":["Clothesline","Evolve"],"picked":"Shrug It Off","floor":3},{"not_picked":["Anger","Wild Strike","Pummel"],"picked":"SKIP","floor":4},{"not_picked":["Uppercut","Pummel","Perfected Strike"],"picked":"SKIP","floor":5},{"not_picked":["Thunderclap+1","ReplayTheSpireMod:Strike From Hell+1"],"picked":"Battle Trance","floor":8},{"not_picked":["Juggernaut","True Grit"],"picked":"Armaments","floor":11},{"not_picked":["Clash+1","True Grit"],"picked":"Uppercut+1","floor":12},{"not_picked":["Thunderclap+1","Headbutt+1","Twin Strike+1"],"picked":"SKIP","floor":13},{"not_picked":["Berserk","Feed+1"],"picked":"Reaper+1","floor":16},{"not_picked":["Sword Boomerang+1","Clash+1"],"picked":"Dropkick+1","floor":18},{"not_picked":["Havoc","Clash+1","Searing Blow+1"],"picked":"SKIP","floor":20},{"not_picked":["Demonic Infusion","Clothesline+1"],"picked":"Feel No Pain","floor":22},{"not_picked":["Clash+1","Pummel+1"],"picked":"Second Wind","floor":22},{"not_picked":["Iron Wave+1","Entrench"],"picked":"Power Through","floor":23},{"not_picked":["Defy Death+1","Headbutt+1","Carnage+1"],"picked":"SKIP","floor":24},{"not_picked":["ReplayTheSpireMod:LeadingStrike+1","Anger+1","Headbutt+1"],"picked":"SKIP","floor":25},{"not_picked":["Gensokyo:SevenSchoolMysteries","Gensokyo:LochNessMonster+1"],"picked":"Gensokyo:MonkeysPaw","floor":27},{"not_picked":["Warcry","Hemokinesis+1"],"picked":"Bloodletting","floor":28},{"not_picked":["ReplayTheSpireMod:Stacked","Power Through","Dual Wield+1"],"picked":"SKIP","floor":30},{"not_picked":["Perfected Strike+1","Clothesline+1","Shrug It Off"],"picked":"SKIP","floor":31}],"player_experience":717476,"relics_obtained":[{"floor":7,"key":"Molten Egg 2"},{"floor":9,"key":"testmod-TurbochargingSystem"},{"floor":13,"key":"ReplayTheSpireMod:Lightbulb"},{"floor":21,"key":"testmod-ArcanaOfDestiny"},{"floor":23,"key":"Self Forming Clay"},{"floor":25,"key":"aspiration:DSix"},{"floor":26,"key":"Anchor"},{"floor":28,"key":"aspiration:FrozenJewel"},{"floor":30,"key":"PreservedInsect"}],"event_choices":[],"is_beta":false,"boss_relics":[{"not_picked":["Ooze Armor","Honey Jar"],"picked":"testmod-PortableAltar"}],"items_purged_floors":[22],"is_endless":false,"potions_floor_spawned":[5,8,12,16,23,25,30,31],"killed_by":"Gensokyo:Eternal_Rivals","ascension_level":20}}