{"host":"pieflzu1toyu3gz6","time":1612768353,"event":{"mods":["BaseMod","BetterRewards","Friendly Minions","HololiveMod","Hubris","Kiyohime¡]²M®V¡^","Koishi","Marisa¡]Ãú«B¡@Å]²z¨F¡^","Minty Spire (QoL Compilation)","Prisma Mod","Remilia¡]Á¢¦Ì²ú?¡^","Shop Mod","StSLib","The Bladedancer","The Bug Knight","The Servant 0.9.4","The Wild Card","Youmu¡]»î¾z§¯?¡^"],"gold_per_floor":[78,88,88,100,117,147,147,172,172,172,231,231,231,257,257,353,353,367,172,172],"floor_reached":19,"language":"ZHS","playtime":1169,"items_purged":[],"score":431,"play_id":"c0f41ec2-3847-45a2-b9db-eed113b90b01","local_time":"20210208151233","is_ascension_mode":true,"campfire_choices":[{"data":"Hololive_Rebound","floor":7,"key":"SMITH"},{"data":"Hololive_Rebound","floor":12,"key":"SMITH"},{"data":"Hololive_DevilCharm","floor":15,"key":"SMITH"}],"circlet_count":0,"master_deck":["Hololive_RecruitS","Hololive_RecruitS","Hololive_RecruitS","Hololive_RecruitS+1","Hololive_Defend","Hololive_Trident","Sadistic Nature","Hololive_Rebound+1","Hololive_Rebound+1","Hololive_Trident","Hololive_OvertimeWork","Hololive_CandyCastle","Hololive_Trident","theWildCard:Loki","Hololive_FlyingPonyTail+1","Hololive_DevilCharm+1","Hololive_IdolExercise","CurseOfTheBell","Hololive_CallSpadeEcho","Hololive_StrengthChampion+1"],"relics":["Hololive_TheStar","Hololive_YagooBigFamily","hubris:SlimyHat","Dream Catcher","Bronze Scales","Meat on the Bone","Kunai","StoneCalendar","War Paint","Calling Bell","HollowMod:PaleOreRelic","HollowMod:StagPassRelic","hubris:Zylophone","MerchantsRug"],"acts_visited":["Exordium","TheCity"],"potions_floor_usage":[],"damage_taken":[{"damage":0,"enemies":"Cultist","floor":1,"turns":3},{"damage":0,"enemies":"Jaw Worm","floor":2,"turns":2},{"damage":0,"enemies":"Small Slimes","floor":4,"turns":2},{"damage":1,"enemies":"2 Fungi Beasts","floor":5,"turns":4},{"damage":0,"enemies":"Gremlin Nob","floor":6,"turns":4},{"damage":0,"enemies":"Lagavulin","floor":8,"turns":4},{"damage":0,"enemies":"Lagavulin Event","floor":11,"turns":5},{"damage":0,"enemies":"3 Sentries","floor":14,"turns":5},{"damage":0,"enemies":"Slime Boss","floor":16,"turns":6},{"damage":0,"enemies":"Shell Parasite","floor":18,"turns":5},{"damage":43,"enemies":"hubris:Merchant","floor":19,"turns":7}],"seed_played":"-3422775891748724157","potions_obtained":[{"floor":2,"key":"Energy Potion"},{"floor":6,"key":"Explosive Potion"},{"floor":11,"key":"Strength Potion"}],"is_trial":false,"path_per_floor":["M","M","?","M","M","E","R","E","T","?","?","R","?","E","R","B",null,"M","$"],"character_chosen":"Hololive_HololiveCharacter","items_purchased":["hubris:SlimyHat","Hololive_Trident","Sadistic Nature","Dream Catcher","Hololive_StrengthChampion","MerchantsRug"],"campfire_rested":0,"item_purchase_floors":[0,0,0,0,19,19],"current_hp_per_floor":[35,35,35,35,34,34,34,34,34,34,34,34,39,39,39,39,40,40,0,0],"gold":172,"neow_bonus":"","is_daily":false,"chose_seed":false,"campfire_upgraded":3,"win_rate":0.0,"timestamp":1612768353,"path_taken":["M","M","?","?","M","E","R","E","T","?","?","R","?","E","R","BOSS","M","$"],"items_purchased_type":["Relic","Card","Card","Relic","Card","Relic"],"build_version":"2020-12-22","purchased_purges":0,"victory":false,"max_hp_per_floor":[35,35,35,35,35,35,35,35,35,35,35,35,40,40,40,40,40,40,40,40],"card_choices":[{"not_picked":["Hololive_Breathe","Hololive_HuntDinosaur","Hololive_CallHimemoriLuna"],"picked":"Hololive_Rebound","floor":1},{"not_picked":["Hololive_CallRosalyn","Hololive_OvertimeWork","Hololive_CocoNews"],"picked":"Hololive_Rebound","floor":2},{"not_picked":["Hololive_OvertimeWork","Hololive_CallUruhaRushia","Hololive_CallArtia"],"picked":"Hololive_Trident","floor":4},{"not_picked":["Hololive_Trident","Hololive_RevenueBasedLive","Hololive_Breathe"],"picked":"Hololive_OvertimeWork","floor":5},{"not_picked":["Hololive_Sequa","Hololive_FlyingPonyTail","Hololive_CallShirakamiFubuki"],"picked":"Hololive_CandyCastle","floor":6},{"not_picked":["Hololive_CallUruhaRushia","Hololive_Recruit","Hololive_Drill"],"picked":"Hololive_Trident","floor":8},{"not_picked":["Hololive_Rebound","Hololive_SoulCatcher","Hololive_HuntDinosaur"],"picked":"Hololive_FlyingPonyTail","floor":11},{"not_picked":["Hololive_CallNekomataOkayu","Hololive_CallYuzukiChoco","Hololive_HuntDinosaur"],"picked":"Hololive_DevilCharm","floor":14},{"not_picked":["Hololive_Thief","Hololive_DurableLive","Hololive_DiamondStrike"],"picked":"Hololive_IdolExercise","floor":16},{"not_picked":["Hololive_OvertimeWork","Hololive_LuckPotion","Hololive_Sequa+1"],"picked":"Hololive_CallSpadeEcho","floor":18}],"player_experience":13857,"relics_obtained":[{"floor":6,"key":"Bronze Scales"},{"floor":8,"key":"Meat on the Bone"},{"floor":9,"key":"Kunai"},{"floor":14,"key":"War Paint"},{"floor":17,"key":"HollowMod:PaleOreRelic"},{"floor":17,"key":"HollowMod:StagPassRelic"},{"floor":17,"key":"hubris:Zylophone"}],"event_choices":[{"cards_removed":["Hololive_Strike"],"damage_healed":0,"gold_gain":0,"player_choice":"Card Removal","damage_taken":0,"max_hp_gain":0,"max_hp_loss":0,"event_name":"Wheel of Change","floor":3,"gold_loss":0},{"damage_healed":0,"gold_gain":0,"player_choice":"Searched \u00272\u0027 times","damage_taken":0,"relics_obtained":["StoneCalendar"],"max_hp_gain":0,"max_hp_loss":0,"event_name":"Dead Adventurer","floor":11,"gold_loss":0},{"damage_healed":0,"gold_gain":0,"player_choice":"Donut","damage_taken":0,"max_hp_gain":5,"max_hp_loss":0,"event_name":"Big Fish","floor":13,"gold_loss":0}],"is_beta":false,"boss_relics":[{"not_picked":["Hololive_Finger","hubris:RunicObelisk"],"picked":"Calling Bell"}],"items_purged_floors":[],"is_endless":false,"potions_floor_spawned":[2,6,11,16],"killed_by":"hubris:Merchant","ascension_level":1}}