{"host":"6bsan6hkua32tfq7","time":1612763388,"event":{"mods":["BaseMod","Better Third Choice","Colored Map","Highlight Path","Minty Spire (QoL Compilation)","StSLib"],"gold_per_floor":[113,113,113,127,144,144,164,192,192,192,30,64,64,89,89,166,166,186,196,213,225,3,30,30,65,65,95,20,20,40,51,51,129,129,143,67,120,130,130,130,30,30,30,58,0,11,11,25,25,25,25,25],"floor_reached":51,"language":"ENG","playtime":2090,"items_purged":["Defend_R","Strike_R"],"score":1506,"play_id":"7abb1157-5010-431e-b1f9-b23289287753","local_time":"20210208064948","is_ascension_mode":true,"campfire_choices":[{"data":"True Grit","floor":6,"key":"SMITH"},{"data":"Bash","floor":10,"key":"SMITH"},{"data":"Headbutt","floor":15,"key":"SMITH"},{"floor":24,"key":"REST"},{"floor":29,"key":"REST"},{"floor":32,"key":"REST"},{"data":"Demon Form","floor":40,"key":"SMITH"},{"data":"Metallicize","floor":42,"key":"SMITH"},{"floor":49,"key":"RECALL"}],"circlet_count":0,"master_deck":["AscendersBane","Strike_R","Strike_R","Strike_R","Strike_R","Defend_R+1","Defend_R+1","Bash+1","Metallicize+1","Heavy Blade","True Grit+1","Headbutt+1","Shrug It Off","Offering","Feed","Sword Boomerang+1","Anger","Demon Form+1","Cleave","Rage+1","Reaper","Metallicize+1","True Grit+1"],"relics":["Burning Blood","NeowsBlessing","Bag of Preparation","Orichalcum","Sling","Singing Bowl","Thread and Needle","Black Star","Orrery","Omamori","Toxic Egg 2","Unceasing Top","Toy Ornithopter","Ancient Tea Set","War Paint","Darkstone Periapt","Coffee Dripper","CaptainsWheel","Question Card","Bag of Marbles","Red Mask"],"acts_visited":["Exordium","TheCity","TheBeyond"],"potions_floor_usage":[7,8,16,21,23,25,27,37,51,51],"damage_taken":[{"damage":0,"enemies":"Small Slimes","floor":1,"turns":1},{"damage":0,"enemies":"2 Louse","floor":4,"turns":1},{"damage":0,"enemies":"Cultist","floor":5,"turns":1},{"damage":10,"enemies":"Large Slime","floor":7,"turns":8},{"damage":37,"enemies":"3 Sentries","floor":8,"turns":9},{"damage":2,"enemies":"Gremlin Nob","floor":12,"turns":3},{"damage":26,"enemies":"Lagavulin","floor":14,"turns":5},{"damage":23,"enemies":"Hexaghost","floor":16,"turns":12},{"damage":6,"enemies":"Shell Parasite","floor":18,"turns":7},{"damage":8,"enemies":"3 Byrds","floor":19,"turns":8},{"damage":37,"enemies":"Sentry and Sphere","floor":20,"turns":8},{"damage":22,"enemies":"Snake Plant","floor":21,"turns":5},{"damage":11,"enemies":"Slavers","floor":23,"turns":6},{"damage":13,"enemies":"Book of Stabbing","floor":25,"turns":3},{"damage":48,"enemies":"Slavers","floor":27,"turns":5},{"damage":0,"enemies":"Centurion and Healer","floor":30,"turns":5},{"damage":19,"enemies":"Snecko","floor":31,"turns":7},{"damage":78,"enemies":"Champ","floor":33,"turns":19},{"damage":13,"enemies":"Orb Walker","floor":35,"turns":3},{"damage":100,"enemies":"2 Orb Walkers","floor":37,"turns":7},{"damage":20,"enemies":"3 Shapes","floor":38,"turns":10},{"damage":10,"enemies":"Giant Head","floor":44,"turns":5},{"damage":10,"enemies":"Maw","floor":46,"turns":6},{"damage":43,"enemies":"4 Shapes","floor":48,"turns":13},{"damage":119,"enemies":"Time Eater","floor":50,"turns":13},{"damage":65,"enemies":"Donu and Deca","floor":51,"turns":8}],"seed_played":"-884190448580422401","potions_obtained":[{"floor":4,"key":"Block Potion"},{"floor":5,"key":"LiquidBronze"},{"floor":8,"key":"SkillPotion"},{"floor":14,"key":"LiquidMemories"},{"floor":20,"key":"Weak Potion"},{"floor":21,"key":"Regen Potion"},{"floor":23,"key":"DistilledChaos"},{"floor":27,"key":"Fire Potion"},{"floor":37,"key":"GamblersBrew"},{"floor":38,"key":"Energy Potion"},{"floor":44,"key":"BlessingOfTheForge"}],"is_trial":false,"path_per_floor":["M","?","?","M","M","R","M","E","T","R","$","E","?","E","R","B",null,"M","M","M","M","$","E","R","E","T","E","$","R","M","M","R","B",null,"M","$","?","M","?","R","$","R","T","E","?","M","?","M","R","B","B"],"character_chosen":"IRONCLAD","items_purchased":["Sling","Anger","Orrery","Metallicize"],"campfire_rested":3,"item_purchase_floors":[11,22,22,36],"current_hp_per_floor":[74,67,67,73,75,75,71,40,40,40,40,44,44,26,26,9,60,63,66,40,27,31,46,76,71,71,39,39,71,82,74,109,40,102,106,106,22,49,49,49,49,49,49,45,45,51,116,118,118,35,0,0],"gold":25,"neow_bonus":"THREE_ENEMY_KILL","is_daily":false,"chose_seed":false,"campfire_upgraded":5,"win_rate":0.0,"timestamp":1612763388,"path_taken":["M","?","?","M","M","R","M","E","T","R","$","E","?","E","R","BOSS","M","M","M","M","$","E","R","E","T","E","$","R","M","M","R","BOSS","M","$","?","M","?","R","?","R","T","E","?","M","?","M","R","BOSS","BOSS"],"items_purchased_type":["Relic","Card","Relic","Card"],"build_version":"2020-12-22","purchased_purges":2,"victory":false,"max_hp_per_floor":[75,75,75,75,75,75,75,75,75,75,75,75,75,77,77,77,77,80,85,90,93,97,102,102,104,104,109,109,109,114,119,119,122,122,127,127,132,137,137,137,137,137,137,137,137,142,116,121,121,124,124,124],"card_choices":[{"not_picked":["Wild Strike","Power Through"],"picked":"Metallicize","floor":1},{"not_picked":["Entrench","Warcry"],"picked":"Heavy Blade","floor":4},{"not_picked":["Burning Pact","Intimidate"],"picked":"True Grit","floor":5},{"not_picked":["Intimidate","Dual Wield"],"picked":"Headbutt","floor":7},{"not_picked":["Thunderclap","Infernal Blade"],"picked":"Shrug It Off","floor":8},{"not_picked":["Second Wind","Shockwave"],"picked":"Offering","floor":12},{"not_picked":["Iron Wave","Ghostly Armor","Pommel Strike"],"picked":"Singing Bowl","floor":14},{"not_picked":["Corruption","Berserk"],"picked":"Feed","floor":16},{"not_picked":["Heavy Blade","Battle Trance+1"],"picked":"Sword Boomerang+1","floor":18},{"not_picked":["Searing Blow+1","Body Slam","Flex"],"picked":"Singing Bowl","floor":19},{"not_picked":["Perfected Strike","Thunderclap","Second Wind"],"picked":"Singing Bowl","floor":20},{"not_picked":["Bloodletting","Infernal Blade"],"picked":"Reckless Charge","floor":21},{"not_picked":["Fire Breathing+1","Intimidate"],"picked":"Demon Form","floor":22},{"not_picked":["Twin Strike","Pommel Strike"],"picked":"Cleave","floor":22},{"not_picked":["Intimidate","Berserk","Armaments"],"picked":"Singing Bowl","floor":22},{"not_picked":["Body Slam","Metallicize"],"picked":"Rage+1","floor":22},{"not_picked":["Thunderclap+1","Sword Boomerang","Feel No Pain"],"picked":"Singing Bowl","floor":22},{"not_picked":["Clash","Ghostly Armor+1","Rage+1"],"picked":"Singing Bowl","floor":23},{"not_picked":["Body Slam","Havoc+1","Shrug It Off+1"],"picked":"Singing Bowl","floor":25},{"not_picked":["Anger","Havoc+1","Sword Boomerang"],"picked":"Singing Bowl","floor":27},{"not_picked":["Rage+1","Havoc+1","Wild Strike"],"picked":"Singing Bowl","floor":30},{"not_picked":["Feel No Pain","Sentinel+1","Rage+1"],"picked":"Singing Bowl","floor":31},{"not_picked":["Corruption","Immolate"],"picked":"Reaper","floor":33},{"not_picked":["Body Slam+1","Clothesline+1","Anger"],"picked":"Singing Bowl","floor":35},{"not_picked":["Warcry+1","Shrug It Off+1","Uppercut"],"picked":"Singing Bowl","floor":37},{"not_picked":["Cleave","Perfected Strike","Bludgeon"],"picked":"Singing Bowl","floor":38},{"not_picked":["Headbutt","Fiend Fire"],"picked":"True Grit+1","floor":44},{"not_picked":["Searing Blow","Flex+1","Heavy Blade","Entrench+1"],"picked":"Singing Bowl","floor":46},{"not_picked":["Ghostly Armor+1","Warcry+1","Thunderclap","Iron Wave"],"picked":"Singing Bowl","floor":48}],"player_experience":5409707,"relics_obtained":[{"floor":8,"key":"Bag of Preparation"},{"floor":9,"key":"Orichalcum"},{"floor":12,"key":"Singing Bowl"},{"floor":14,"key":"Thread and Needle"},{"floor":23,"key":"Omamori"},{"floor":23,"key":"Toxic Egg 2"},{"floor":25,"key":"Unceasing Top"},{"floor":25,"key":"Toy Ornithopter"},{"floor":26,"key":"Ancient Tea Set"},{"floor":27,"key":"War Paint"},{"floor":27,"key":"Darkstone Periapt"},{"floor":37,"key":"CaptainsWheel"},{"floor":44,"key":"Question Card"},{"floor":44,"key":"Bag of Marbles"}],"event_choices":[{"cards_removed":["Defend_R"],"damage_healed":0,"gold_gain":0,"player_choice":"Card Removal","damage_taken":7,"max_hp_gain":0,"max_hp_loss":0,"event_name":"Golden Wing","floor":2,"gold_loss":0},{"damage_healed":0,"gold_gain":0,"player_choice":"Ignored","damage_taken":113,"max_hp_gain":0,"max_hp_loss":0,"event_name":"betterThird:BetterSerpent","floor":3,"gold_loss":0},{"damage_healed":0,"gold_gain":0,"player_choice":"Forge","damage_taken":0,"max_hp_gain":0,"max_hp_loss":0,"event_name":"Accursed Blacksmith","floor":13,"gold_loss":0,"cards_upgraded":["Metallicize"]},{"damage_healed":0,"gold_gain":0,"player_choice":"Fight","damage_taken":0,"max_hp_gain":0,"max_hp_loss":0,"event_name":"Mysterious Sphere","floor":37,"gold_loss":0},{"cards_removed":["Reckless Charge"],"damage_healed":0,"gold_gain":0,"player_choice":"Removed Attack","damage_taken":0,"max_hp_gain":0,"max_hp_loss":0,"event_name":"Falling","floor":39,"gold_loss":0},{"damage_healed":0,"gold_gain":0,"player_choice":"Paid","damage_taken":0,"relics_obtained":["Red Mask"],"max_hp_gain":0,"max_hp_loss":0,"event_name":"Tomb of Lord Red Mask","floor":45,"gold_loss":58},{"damage_healed":116,"gold_gain":0,"player_choice":"Heal","damage_taken":0,"max_hp_gain":0,"max_hp_loss":26,"event_name":"The Moai Head","floor":47,"gold_loss":0}],"is_beta":false,"boss_relics":[{"not_picked":["Tiny House","Astrolabe"],"picked":"Black Star"},{"not_picked":["SacredBark","Philosopher\u0027s Stone"],"picked":"Coffee Dripper"}],"items_purged_floors":[28,41],"is_endless":false,"potions_floor_spawned":[4,5,8,14,20,21,23,27,37,38,44],"killed_by":"Donu and Deca","ascension_level":20}}