{"host":"c6u7e77myxvw4d0m","time":1612823037,"event":{"mods":["AchievementEnabler","BaseMod","Bestiary","Colored Map","Colored Powertips","Minty Spire (QoL Compilation)","Rare Cards Sparkle","Relic Stats","everything is the same but u backflip on backflip"],"gold_per_floor":[210,225,10,20,39,39,57,84,84,84,10,28,28,45,45,45,45],"floor_reached":16,"language":"ENG","playtime":956,"items_purged":[],"score":208,"play_id":"e1fc0fb6-7c30-42ff-9c38-7005186c1e15","local_time":"20210209002357","is_ascension_mode":true,"campfire_choices":[{"data":"Poisoned Stab","floor":6,"key":"SMITH"},{"data":"Deadly Poison","floor":13,"key":"SMITH"},{"data":"Footwork","floor":15,"key":"SMITH"}],"circlet_count":0,"master_deck":["AscendersBane","Strike_G","Strike_G","Strike_G","Strike_G","Strike_G","Defend_G","Defend_G","Defend_G","Defend_G","Defend_G","Survivor","Neutralize","Dagger Throw","Backstab","Footwork+1","Poisoned Stab+1","Leg Sweep","Endless Agony","Deadly Poison+1","Dodge and Roll","Calculated Gamble","Prepared","Bane"],"relics":["Ring of the Snake","Akabeko","Frozen Egg 2","InkBottle"],"acts_visited":["Exordium"],"potions_floor_usage":[8,8,16,16,16],"damage_taken":[{"damage":5,"enemies":"Small Slimes","floor":1,"turns":5},{"damage":0,"enemies":"2 Louse","floor":2,"turns":3},{"damage":0,"enemies":"Cultist","floor":4,"turns":4},{"damage":5,"enemies":"Looter","floor":5,"turns":3},{"damage":0,"enemies":"Exordium Thugs","floor":7,"turns":6},{"damage":8,"enemies":"Gremlin Nob","floor":8,"turns":3},{"damage":0,"enemies":"2 Fungi Beasts","floor":12,"turns":3},{"damage":0,"enemies":"3 Louse","floor":14,"turns":3},{"damage":47,"enemies":"Hexaghost","floor":16,"turns":15}],"seed_played":"5628411966319908998","potions_obtained":[{"floor":5,"key":"BlessingOfTheForge"},{"floor":7,"key":"Swift Potion"},{"floor":8,"key":"AttackPotion"},{"floor":12,"key":"EntropicBrew"}],"is_trial":false,"path_per_floor":["M","M","$","M","M","R","M","E","T","?","?","M","R","M","R","B"],"character_chosen":"THE_SILENT","items_purchased":["Footwork","Poisoned Stab","Leg Sweep"],"campfire_rested":0,"item_purchase_floors":[3,3,3],"current_hp_per_floor":[54,54,54,54,49,49,49,41,41,46,46,46,46,46,46,0,0],"gold":45,"neow_bonus":"HUNDRED_GOLD","is_daily":false,"chose_seed":false,"campfire_upgraded":3,"win_rate":0.0,"timestamp":1612823037,"path_taken":["M","M","$","M","M","R","M","E","T","?","?","M","R","M","R","BOSS"],"items_purchased_type":["Card","Card","Card"],"build_version":"2020-12-22","purchased_purges":0,"victory":false,"max_hp_per_floor":[66,66,66,66,66,66,66,66,66,71,71,71,71,71,71,71,71],"relic_stats":{"counters":[9,45],"obtain_stats":[{"Frozen Egg 2":9,"Akabeko":8,"InkBottle":11,"Ring of the Snake":0},{"Frozen Egg 2":6,"Akabeko":6,"InkBottle":6,"Ring of the Snake":0},{"Frozen Egg 2":24,"Akabeko":24,"InkBottle":24,"Ring of the Snake":0}],"InkBottle":[4],"Ring of the Snake":[19]},"card_choices":[{"not_picked":["Deadly Poison","Slice"],"picked":"Dagger Throw","floor":1},{"not_picked":["Quick Slash","Dagger Throw"],"picked":"Backstab","floor":2},{"not_picked":["Dagger Throw","PiercingWail"],"picked":"Endless Agony","floor":4},{"not_picked":["Backstab","Outmaneuver"],"picked":"Deadly Poison","floor":5},{"not_picked":["Sucker Punch","Backflip"],"picked":"Dodge and Roll","floor":7},{"not_picked":["A Thousand Cuts","Accuracy"],"picked":"Calculated Gamble","floor":8},{"not_picked":["Underhanded Strike","Leg Sweep"],"picked":"Prepared","floor":12},{"not_picked":["Backstab","Deflect"],"picked":"Bane","floor":14}],"player_experience":734293,"relics_obtained":[{"floor":8,"key":"Akabeko"},{"floor":9,"key":"Frozen Egg 2"}],"event_choices":[{"damage_healed":0,"gold_gain":0,"player_choice":"Donut","damage_taken":0,"max_hp_gain":5,"max_hp_loss":0,"event_name":"Big Fish","floor":10,"gold_loss":0},{"damage_healed":0,"gold_gain":0,"player_choice":"Paid Gold","damage_taken":0,"relics_obtained":["InkBottle"],"max_hp_gain":0,"max_hp_loss":0,"event_name":"WeMeetAgain","floor":11,"gold_loss":74}],"is_beta":false,"boss_relics":[],"items_purged_floors":[],"is_endless":false,"potions_floor_spawned":[5,7,8,12,14],"killed_by":"Hexaghost","ascension_level":20}}