{"host":"pletss163z7s8pvv","time":1612752608,"event":{"mods":["AchievementEnabler","BaseMod","Better Altar","Better Match","Better Note","Better Sensory Stone","Better Skull","Better Third Choice","BetterRewards","CapriCore","ChefMod","Colored Map","Colored Powertips","Conspire","Energized Spire","Evolution","GifTheSpireLib","Hermit","Ironclad Rager","Marked Mod","Minty Spire (QoL Compilation)","Retaliation","Spicy Shops","StS++","StSLib","The Alterego","The Blue Laboratory","The Cursed","The Disciple","The Forsaken"],"gold_per_floor":[113,130,144,158,233,233,84,104,104,133,133,133,133,152,152,256,306,324,335,146,158,176,176,186,202,202,233,249,249,249,268,268,370,370,385,385,403,419,419,419],"floor_reached":39,"language":"ENG","playtime":1253,"items_purged":[],"score":634,"play_id":"28b29a6d-d29d-494e-82ff-eb5b5066aa08","local_time":"20210207205008","is_ascension_mode":false,"campfire_choices":[{"floor":6,"key":"REST"},{"floor":11,"key":"REST"},{"data":"Apotheosis","floor":13,"key":"SMITH"},{"floor":15,"key":"REST"},{"floor":23,"key":"REST"},{"floor":29,"key":"REST"},{"floor":32,"key":"REST"}],"circlet_count":0,"master_deck":["hermit:Misfire","hermit:Misfire+1","hermit:Misfire","hermit:Misfire","hermit:Vantage","hermit:Vantage","hermit:Vantage","hermit:Defend_Hermit","hermit:Snapshot","hermit:Covet","hermit:Purgatory","Decay","Apotheosis+1","hermit:Grudge","hermit:SprayPray","hermit:WideOpen","hermit:Brawl","hermit:Misfire","hermit:Desperado","hermit:Glare","hermit:Headshot","hermit:Desperado","hermit:BodyArmor","hermit:BlackWind","hermit:Misfire+1","hermit:Coalescence+1","hermit:FatalDesire","hermit:Midnight","hermit:ItchyTrigger+1","hermit:Determination","hermit:CursedWeapon","hermit:Determination","hermit:EyeOfTheStorm","hermit:GoldenBullet","hermit:Glare+1","hermit:Dissolve","hermit:Feint+1","hermit:SprayPray+1","hermit:Dissolve","hermit:Roulette+1","hermit:Misfire+1","hermit:WideOpen+1"],"relics":["hermit:Momento","EVO:Axolotl","conspire:GiftBox","StSpp:BrokenTotem","Orrery","theForsaken:HumbleEgg","Letter Opener","Tiny House","Cauldron","Mummified Hand","StSpp:SailingBoat","conspire:SpecialSausage"],"acts_visited":["Exordium","TheCity","TheBeyond"],"potions_floor_usage":[27,33,33],"damage_taken":[{"damage":0,"enemies":"Cultist","floor":1,"turns":2},{"damage":0,"enemies":"2 Louse","floor":2,"turns":2},{"damage":8,"enemies":"Small Slimes","floor":3,"turns":2},{"damage":12,"enemies":"Blue Slaver","floor":4,"turns":2},{"damage":11,"enemies":"3 Louse","floor":8,"turns":3},{"damage":8,"enemies":"Lagavulin","floor":10,"turns":4},{"damage":12,"enemies":"Exordium Wildlife","floor":14,"turns":4},{"damage":41,"enemies":"Hexaghost","floor":16,"turns":8},{"damage":18,"enemies":"Shell Parasite","floor":18,"turns":4},{"damage":23,"enemies":"Chosen","floor":19,"turns":6},{"damage":14,"enemies":"Snake Plant","floor":21,"turns":4},{"damage":22,"enemies":"Cultist and Chosen","floor":22,"turns":5},{"damage":12,"enemies":"Centurion and Healer","floor":24,"turns":3},{"damage":13,"enemies":"3 Cultists","floor":25,"turns":4},{"damage":9,"enemies":"Book of Stabbing","floor":27,"turns":3},{"damage":30,"enemies":"Snake Plant","floor":28,"turns":1},{"damage":41,"enemies":"Chosen and Byrds","floor":31,"turns":5},{"damage":28,"enemies":"Automaton","floor":33,"turns":7},{"damage":2,"enemies":"Orb Walker","floor":35,"turns":3},{"damage":21,"enemies":"3 Darklings","floor":37,"turns":6},{"damage":20,"enemies":"Spire Growth","floor":38,"turns":4},{"damage":32,"enemies":"4 Shapes","floor":39,"turns":1}],"seed_played":"1308077466061047385","potions_obtained":[{"floor":2,"key":"blueLaboratory:HummingbirdPotion"},{"floor":4,"key":"hermit:Tonic"},{"floor":8,"key":"Dexterity Potion"},{"floor":17,"key":"blueLaboratory:ForbiddenFruitJuice"},{"floor":31,"key":"SpeedPotion"},{"floor":35,"key":"blueLaboratory:PyrophylliteBrew"},{"floor":37,"key":"ColorlessPotion"}],"is_trial":false,"path_per_floor":["M","M","M","M","?","R","$","M","T","E","R","?","R","M","R","B",null,"M","M","$","M","M","R","M","M","T","E","M","R","?","M","R","B",null,"M","?","M","M","M"],"character_chosen":"HERMIT","items_purchased":["StSpp:BrokenTotem","Apotheosis","hermit:Grudge","Orrery","Cauldron","hermit:CursedWeapon"],"campfire_rested":6,"item_purchase_floors":[0,0,0,7,20,20],"current_hp_per_floor":[54,54,46,34,23,45,45,34,34,26,48,48,48,36,58,17,80,62,39,39,25,3,27,15,2,2,62,32,53,53,12,33,5,70,68,68,47,27,0,0],"gold":419,"neow_bonus":"","is_daily":false,"chose_seed":false,"campfire_upgraded":1,"win_rate":0.0,"timestamp":1612752608,"path_taken":["M","?","M","M","?","R","$","M","T","E","R","?","R","M","R","BOSS","M","M","$","M","M","R","M","M","T","E","?","R","?","M","R","BOSS","M","?","M","M","M"],"items_purchased_type":["Relic","Card","Card","Relic","Relic","Card"],"build_version":"2020-12-22","purchased_purges":0,"victory":false,"max_hp_per_floor":[75,75,75,75,75,75,75,75,75,75,75,75,75,75,75,75,80,80,80,80,80,80,80,80,80,80,70,70,70,70,70,70,70,70,70,70,70,70,70,70],"card_choices":[{"not_picked":["hermit:BlackWind","hermit:EternalForm"],"picked":"hermit:Purgatory","floor":0},{"not_picked":["hermit:Vantage","hermit:TrackingShot"],"picked":"hermit:SprayPray","floor":1},{"not_picked":["hermit:Dive","hermit:TakeCover"],"picked":"hermit:WideOpen","floor":2},{"not_picked":["hermit:WideOpen","hermit:ShadowCloak"],"picked":"hermit:Brawl","floor":3},{"not_picked":["hermit:DeadMansHand","hermit:WideOpen"],"picked":"hermit:Misfire","floor":4},{"not_picked":["hermit:HoleUp","hermit:HighCaliber"],"picked":"hermit:Desperado","floor":7},{"not_picked":["hermit:Roulette","hermit:FromBeyond"],"picked":"hermit:Glare","floor":7},{"not_picked":["hermit:Feint","hermit:Dive"],"picked":"hermit:Headshot","floor":7},{"not_picked":["hermit:BigShot","hermit:GhostlyPresence"],"picked":"hermit:Desperado","floor":7},{"not_picked":["hermit:Combo","hermit:Manifest"],"picked":"hermit:BodyArmor","floor":7},{"not_picked":["hermit:PistolWhip","hermit:Snipe"],"picked":"hermit:BlackWind","floor":8},{"not_picked":["hermit:TakeCover","hermit:LowProfile+1"],"picked":"hermit:Misfire+1","floor":10},{"not_picked":["hermit:Roulette+1","hermit:Maintenance"],"picked":"hermit:Coalescence+1","floor":14},{"not_picked":["hermit:HighNoon","hermit:EternalForm"],"picked":"hermit:FatalDesire","floor":16},{"not_picked":["hermit:Feint+1","hermit:Quickdraw+1"],"picked":"hermit:Midnight","floor":17},{"not_picked":["hermit:Desperado+1","hermit:HoleUp+1"],"picked":"hermit:ItchyTrigger+1","floor":18},{"not_picked":["hermit:BigShot","hermit:Deadeye"],"picked":"hermit:Determination","floor":19},{"not_picked":["hermit:GoldenBullet","hermit:ItchyTrigger+1"],"picked":"hermit:Determination","floor":21},{"not_picked":["hermit:Quickdraw+1","hermit:Spite"],"picked":"hermit:EyeOfTheStorm","floor":22},{"not_picked":["hermit:DeadMansHand+1","hermit:HighCaliber+1"],"picked":"hermit:GoldenBullet","floor":24},{"not_picked":["hermit:GhostlyPresence","hermit:Midnight"],"picked":"hermit:Glare+1","floor":25},{"not_picked":["hermit:Vantage+1","hermit:Misfire+1"],"picked":"hermit:Dissolve","floor":27},{"not_picked":["hermit:Manifest+1","hermit:Vantage+1"],"picked":"hermit:Feint+1","floor":28},{"not_picked":["hermit:LowProfile+1","hermit:Coalescence+1"],"picked":"hermit:SprayPray+1","floor":31},{"not_picked":["hermit:Gambit","hermit:FatalDesire"],"picked":"hermit:Dissolve","floor":33},{"not_picked":["hermit:SprayPray+1","hermit:ItchyTrigger+1"],"picked":"hermit:Roulette+1","floor":35},{"not_picked":["hermit:TakeCover+1","hermit:Roulette+1"],"picked":"hermit:Misfire+1","floor":37},{"not_picked":["hermit:CalledShot+1","hermit:LoneWolf"],"picked":"hermit:WideOpen+1","floor":38}],"player_experience":506762,"relics_obtained":[{"floor":9,"key":"theForsaken:HumbleEgg"},{"floor":10,"key":"Letter Opener"},{"floor":26,"key":"Mummified Hand"},{"floor":27,"key":"StSpp:SailingBoat"}],"event_choices":[{"damage_healed":0,"gold_gain":75,"player_choice":"Gold","damage_taken":11,"max_hp_gain":0,"max_hp_loss":0,"event_name":"betterThird:BetterGoop","floor":5,"gold_loss":0},{"damage_healed":0,"gold_gain":0,"player_choice":"Bought 0 Potions","damage_taken":0,"max_hp_gain":0,"max_hp_loss":0,"event_name":"The Woman in Blue","floor":12,"gold_loss":0},{"damage_healed":0,"gold_gain":0,"player_choice":"Ignored","damage_taken":0,"max_hp_gain":0,"max_hp_loss":0,"event_name":"Fountain of Cleansing","floor":30,"gold_loss":0}],"is_beta":false,"boss_relics":[{"not_picked":["conspire:RunicOctahedron","hermit:DentedPlate"],"picked":"Tiny House"},{"not_picked":["SacredBark","theForsaken:PaleLantern"],"picked":"conspire:SpecialSausage"}],"items_purged_floors":[],"is_endless":false,"potions_floor_spawned":[2,4,8,14,19,24,25,31,35,37],"killed_by":"4 Shapes","ascension_level":0}}