{"host":"zy8sn0tmwn4g7fne","time":1612763687,"event":{"mods":["Act Like it!","BaseMod","Better-Laid Plans","CapriCore","Gensokyo","Marisa（F雨　魔理沙）","Minty Spire (QoL Compilation)","MostiFishMod","Quick Restart","Remilia（蕾米莉亚）","StSLib","The Immortal","[IsaacMod]以撒尖塔","【功能Mod】Neow奖励","【功能Mod】强力的原版药水"],"gold_per_floor":[118,128,128,128,142,177,193,193,193,204,214,248,283,315,315,390,390,407,55,71,71,471,496,496,530,554,571,597,352,352,670,670,746,746,757,757,776,776,790,820,730,758,758,774,601,601,621,429,429,729,729,729],"floor_reached":51,"language":"ZHS","playtime":3418,"items_purged":["Strike_G","Strike_G","Defend_G"],"score":2285,"play_id":"a4793608-7554-4b21-831f-ed895dc7db45","local_time":"20210208135447","is_ascension_mode":true,"campfire_choices":[{"data":"Tactician","floor":8.0,"key":"SMITH"},{"data":"Acrobatics","floor":15.0,"key":"SMITH"},{"data":"Deep Breath","floor":30.0,"key":"SMITH"},{"floor":32.0,"key":"REST"},{"data":"MostiFishMod:ShivMaster","floor":46.0,"key":"SMITH"},{"floor":49.0,"key":"RECALL"}],"circlet_count":0,"master_deck":["AscendersBane","Defend_G","Defend_G","Defend_G","Defend_G","Survivor","Neutralize","Deadly Poison+1","MostiFishMod:Opportunism+1","Crippling Poison","All Out Attack","Blade Dance","Tactician+1","Acrobatics","Accuracy","Acrobatics+1","Expertise","Malaise","After Image","Tactician","Backflip","Adrenaline","Crippling Poison+1","Deep Breath+1","Adrenaline","Acrobatics","Prepared","Footwork+1","Well Laid Plans","Gensokyo:CustomPotion","MostiFishMod:ShivMaster+1"],"relics":["DaveBox","HushsDoor","SteamSale","Sling","Astrolabe","SynthV:TestCard","Gensokyo:PortableGap","SentryEyes","Bronze Scales","Pear","Calipers","HoveringKite","TwistedFunnel","ClockworkSouvenir","Orichalcum","Pen Nib","Oddly Smooth Stone","OrangePellets","Regal Pillow","ChiXiaoBlade","DeathBook","GnawedLeaf","Prayer Wheel","Civilization","BookofShadows"],"acts_visited":["Exordium","Gensokyo:Gensokyo","Gensokyo:Gensokyoer"],"potions_floor_usage":[],"damage_taken":[{"damage":3.0,"enemies":"Gensokyo:Python","floor":1.0,"turns":4.0},{"damage":3.0,"enemies":"Gensokyo:2_Kodama","floor":2.0,"turns":4.0},{"damage":1.0,"enemies":"Gensokyo:3_Fairies","floor":5.0,"turns":5.0},{"damage":30.0,"enemies":"Gensokyo:Cirno","floor":6.0,"turns":6.0},{"damage":0.0,"enemies":"Gensokyo:3_Kodama","floor":7.0,"turns":2.0},{"damage":1.0,"enemies":"Gensokyo:Gryphon_and_Rabbit","floor":10.0,"turns":3.0},{"damage":0.0,"enemies":"Gensokyo:VengefulSpirit","floor":11.0,"turns":2.0},{"damage":0.0,"enemies":"Gensokyo:Mamizou","floor":12.0,"turns":4.0},{"damage":0.0,"enemies":"Gensokyo:Cirno","floor":13.0,"turns":4.0},{"damage":0.0,"enemies":"Gensokyo:Mamizou","floor":14.0,"turns":4.0},{"damage":23.0,"enemies":"Gensokyo:Yukari","floor":16.0,"turns":7.0},{"damage":7.0,"enemies":"Gensokyo:3_Dogs","floor":18.0,"turns":3.0},{"damage":0.0,"enemies":"Gensokyo:2_Gloops","floor":20.0,"turns":2.0},{"damage":11.0,"enemies":"Gensokyo:Tenshi","floor":23.0,"turns":5.0},{"damage":1.0,"enemies":"Gensokyo:Reisen","floor":25.0,"turns":4.0},{"damage":29.0,"enemies":"Gensokyo:Slime_Group","floor":27.0,"turns":4.0},{"damage":0.0,"enemies":"Gensokyo:3_Gloops","floor":31.0,"turns":3.0},{"damage":0.0,"enemies":"Gensokyo:Eternal_Rivals","floor":33.0,"turns":6.0},{"damage":0.0,"enemies":"Gensokyo:3_Bats","floor":35.0,"turns":1.0},{"damage":0.0,"enemies":"Gensokyo:3_Boulders","floor":37.0,"turns":2.0},{"damage":0.0,"enemies":"Gensokyo:Sharpion","floor":39.0,"turns":3.0},{"damage":0.0,"enemies":"Gensokyo:Kasen","floor":40.0,"turns":4.0},{"damage":16.0,"enemies":"Gensokyo:Marisa","floor":42.0,"turns":4.0},{"damage":0.0,"enemies":"Gensokyo:Dusk_and_Dawn","floor":44.0,"turns":3.0},{"damage":0.0,"enemies":"Gensokyo:3_Boulders","floor":47.0,"turns":2.0},{"damage":0.0,"enemies":"Gensokyo:Yuyuko","floor":50.0,"turns":4.0},{"damage":39,"enemies":"Gensokyo:Shinki","floor":51,"turns":16}],"seed_played":"-2486524406800257560","potions_obtained":[{"floor":5.0,"key":"DuplicationPotion"},{"floor":6.0,"key":"Fire Potion"},{"floor":13.0,"key":"LiquidBronze"},{"floor":23.0,"key":"FairyPotion"},{"floor":27.0,"key":"Poison Potion"},{"floor":42.0,"key":"SteroidPotion"}],"is_trial":false,"path_per_floor":["M","M","?","?","M","E","M","R","T","M","M","E","E","E","R","B",null,"M","COS","M","?","?","E","?","E","T","M","T","$","R","M","R","B",null,"M","?","M","?","M","E","?","E","T","M","COS","R","M","$","R","B","B"],"character_chosen":"THE_SILENT","items_purchased":["After Image","OrangePellets","Regal Pillow","Deep Breath","EntropicBrew","BookofShadows"],"campfire_rested":1,"item_purchase_floors":[17,29,29,29,34,48],"current_hp_per_floor":[56,53,53,53,52,22,22,22,22,21,21,21,31,31,31,8,42,35,35,35,35,35,24,24,23,23,15,15,15,15,15,45,45,48,48,48,48,48,48,48,48,32,32,32,32,32,35,35,35,35,0,0],"gold":729,"neow_bonus":"BOSS_RELIC","is_daily":false,"chose_seed":false,"campfire_upgraded":4,"win_rate":0.0,"timestamp":1612763687,"path_taken":["M","M","?","?","M","E","M","R","T","M","?","E","E","E","R","BOSS","M","COS","M","?","?","E","?","E","T","?","?","$","R","M","R","BOSS","M","?","M","?","M","E","?","E","T","M","COS","R","M","$","R","BOSS","BOSS"],"items_purchased_type":["Card","Relic","Relic","Card","Potion","Relic"],"build_version":"2020-12-22","purchased_purges":3,"victory":false,"max_hp_per_floor":[66,66,66,57,57,57,57,57,57,57,57,54,61,61,61,61,53,53,53,53,53,53,53,53,53,53,53,53,53,53,53,53,53,49,49,49,49,49,49,49,49,49,49,46,43,43,46,46,46,50,50,50],"card_choices":[{"not_picked":[],"picked":"ChaosCard","floor":0.0},{"not_picked":["Deflect","MostiFishMod:InvigoratingSolution"],"picked":"Crippling Poison","floor":1.0},{"not_picked":["Dodge and Roll","Flying Knee","Poisoned Stab","Dagger Throw"],"picked":"All Out Attack","floor":2.0},{"not_picked":["MostiFishMod:FrostNova","Predator","Quick Slash","Heel Hook"],"picked":"Blade Dance","floor":5.0},{"not_picked":["Doppelganger","Blade Dance","Prepared","Riddle With Holes","Underhanded Strike"],"picked":"SKIP","floor":6.0},{"not_picked":["MostiFishMod:PerfectParry","Underhanded Strike","PiercingWail","Dodge and Roll"],"picked":"Tactician","floor":7.0},{"not_picked":["Endless Agony","Flying Knee","Outmaneuver","Terror"],"picked":"Acrobatics","floor":10.0},{"not_picked":["Glass Knife","Sucker Punch","Dagger Throw","Blade Dance","Slice"],"picked":"SKIP","floor":11.0},{"not_picked":["Bullet Time","PiercingWail","Doppelganger","Bane"],"picked":"Accuracy","floor":12.0},{"not_picked":["Setup","Slice","MostiFishMod:FrostNova","Crippling Poison"],"picked":"Acrobatics","floor":13.0},{"not_picked":["Dodge and Roll","Setup","All Out Attack","MostiFishMod:VineMother"],"picked":"Expertise","floor":14.0},{"not_picked":["Glass Knife","MostiFishMod:Listen","Grand Finale","MostiFishMod:SpreadingSpore"],"picked":"Malaise","floor":16.0},{"not_picked":["Predator","Prepared","Poisoned Stab","Cloak And Dagger"],"picked":"Tactician","floor":18.0},{"not_picked":["Poisoned Stab","Prepared","Masterful Stab","Backstab","Blade Dance+1"],"picked":"SKIP","floor":20.0},{"not_picked":["Underhanded Strike","Sucker Punch","Blade Dance","Infinite Blades"],"picked":"Backflip","floor":23.0},{"not_picked":["Expertise","MostiFishMod:Opportunism","Caltrops+1","Dagger Spray"],"picked":"Crippling Poison+1","floor":25.0},{"not_picked":["Bane+1","Poisoned Stab","Outmaneuver","Quick Slash+1","Flying Knee"],"picked":"SKIP","floor":27.0},{"not_picked":["Bane+1","Poisoned Stab","Outmaneuver","Quick Slash+1","Flying Knee"],"picked":"SKIP","floor":27.0},{"not_picked":["Slice","Accuracy","Deadly Poison","MostiFishMod:PerfectParry","Backflip"],"picked":"SKIP","floor":31.0},{"not_picked":["Envenom","MostiFishMod:HiddenBlade","Phantasmal Killer","Tools of the Trade"],"picked":"Adrenaline","floor":33.0},{"not_picked":["Setup","Catalyst","Cloak And Dagger","Deflect"],"picked":"Acrobatics","floor":35.0},{"not_picked":["Underhanded Strike","Finisher","Deadly Poison","Slice"],"picked":"Prepared","floor":37.0},{"not_picked":["Acrobatics","Blade Dance+1","Noxious Fumes","Deflect"],"picked":"Footwork+1","floor":39.0},{"not_picked":["Outmaneuver","MostiFishMod:Listen","Endless Agony","Backflip"],"picked":"Well Laid Plans","floor":40.0},{"not_picked":["MostiFishMod:InvigoratingSolution+1","Deadly Poison","Concentrate+1","Well Laid Plans","PiercingWail"],"picked":"SKIP","floor":42.0},{"not_picked":["Flechettes","Bane","Dodge and Roll+1","Poisoned Stab"],"picked":"MostiFishMod:ShivMaster","floor":44.0},{"not_picked":["Outmaneuver","Dodge and Roll","Dagger Spray","Underhanded Strike","Poisoned Stab"],"picked":"SKIP","floor":44.0},{"not_picked":["All Out Attack","Slice","Bane+1","Outmaneuver","Dodge and Roll"],"picked":"SKIP","floor":47.0},{"not_picked":["Dodge and Roll","Leg Sweep","Cloak And Dagger","Choke","Tactician"],"picked":"SKIP","floor":47.0}],"player_experience":628378,"relics_obtained":[{"floor":1.0,"key":"SynthV:TestCard"},{"floor":6.0,"key":"SentryEyes"},{"floor":9.0,"key":"Ginger"},{"floor":12.0,"key":"Bronze Scales"},{"floor":13.0,"key":"Pear"},{"floor":14.0,"key":"Calipers"},{"floor":23.0,"key":"Orichalcum"},{"floor":28.0,"key":"Oddly Smooth Stone"},{"floor":40.0,"key":"DeathBook"},{"floor":42.0,"key":"GnawedLeaf"},{"floor":43.0,"key":"Prayer Wheel"}],"event_choices":[],"is_beta":false,"boss_relics":[{"not_picked":["SlaversCollar","Pandora\u0027s Box"],"picked":"HoveringKite"},{"not_picked":[]},{"not_picked":["OneHitWonderSystem","Fusion Hammer"],"picked":"ChiXiaoBlade"},{"not_picked":[]}],"items_purged_floors":[17,29,48],"is_endless":false,"potions_floor_spawned":[5,6,10,13,14,23,27,31,35,42,47],"killed_by":"Gensokyo:Shinki","ascension_level":20}}