{"host":"xp27heuvanyklt0b","time":1612784762,"event":{"mods":["100% Spire Juice","BaseMod","CapriCore","Koishi","Lobotomy","Minty Spire (QoL Compilation)","StSLib","The Immortal"],"gold_per_floor":[114,114,131,144,144,171,171,184,184,184,196,212,241,252,252,350,350,365,280,82,99,99,99,133,133,133,133,159,159,178,190,190,190,190,190],"floor_reached":33,"language":"KOR","playtime":1777,"items_purged":[],"score":297,"play_id":"ce897f4d-7068-4a7c-b772-c450f99ef2ad","local_time":"20210208204602","is_ascension_mode":false,"campfire_choices":[{"data":"MokouMod:RadiantBlade","floor":7,"key":"SMITH"},{"data":"MokouMod:GuidingSmoke","floor":10,"key":"SMITH"},{"floor":15,"key":"REST"},{"floor":23,"key":"RECALL"},{"floor":25,"key":"REST"},{"data":"MokouMod:Wildfire","floor":27,"key":"SMITH"},{"floor":29,"key":"REST"},{"data":"MokouMod:ImperishableFlame","floor":32,"key":"SMITH"}],"circlet_count":0,"master_deck":["MokouMod:Strike+1","MokouMod:Strike+1","MokouMod:Strike+1","MokouMod:Strike+1","MokouMod:Strike+1","MokouMod:Defend+1","MokouMod:Defend+1","MokouMod:Defend+1","MokouMod:Defend+1","MokouMod:HeatSpark","MokouMod:ImperishableFlame+1","MokouMod:ScorchingColumn","MokouMod:GuidingSmoke+1","MokouMod:RadiantBlade+1","MokouMod:Stoke","MokouMod:Afterburner","MokouMod:Wildfire+1","MokouMod:FlareStarter","MokouMod:DanceofFlames","MokouMod:Ventilation","MokouMod:IgnitionBlast+1","MokouMod:FujiyamaVolcano","MokouMod:ThermalPressure","MokouMod:Sear","MokouMod:IgnitionBarrier","MokouMod:FusionFlare+1"],"relics":["MokouMod:PhoenixFeather","NeowsBlessing","Torii","TungstenRod","FossilizedHelix","SacredBark","Omamori","OrangePellets","WingedGreaves","Nunchaku"],"acts_visited":["Exordium","TheCity"],"potions_floor_usage":[6,8,13,16,16,18,24,33],"damage_taken":[{"damage":0,"enemies":"Small Slimes","floor":1,"turns":1},{"damage":0,"enemies":"Jaw Worm","floor":3,"turns":1},{"damage":0,"enemies":"2 Louse","floor":4,"turns":1},{"damage":26,"enemies":"Gremlin Nob","floor":6,"turns":5},{"damage":0,"enemies":"Looter","floor":8,"turns":2},{"damage":0,"enemies":"Red Slaver","floor":11,"turns":2},{"damage":0,"enemies":"Gremlin Gang","floor":12,"turns":2},{"damage":8,"enemies":"3 Sentries","floor":13,"turns":3},{"damage":0,"enemies":"2 Fungi Beasts","floor":14,"turns":3},{"damage":94,"enemies":"Hexaghost","floor":16,"turns":17},{"damage":0,"enemies":"2 Thieves","floor":18,"turns":2},{"damage":0,"enemies":"Chosen","floor":21,"turns":5},{"damage":40,"enemies":"Slavers","floor":24,"turns":8},{"damage":30,"enemies":"Gremlin Leader","floor":28,"turns":9},{"damage":0,"enemies":"Centurion and Healer","floor":30,"turns":6},{"damage":7,"enemies":"Cultist and Chosen","floor":31,"turns":5},{"damage":121,"enemies":"Champ","floor":33,"turns":12}],"seed_played":"4423356827597577306","potions_obtained":[{"floor":1,"key":"Block Potion"},{"floor":8,"key":"Fruit Juice"},{"floor":12,"key":"Explosive Potion"},{"floor":13,"key":"Regen Potion"},{"floor":14,"key":"Fire Potion"},{"floor":16,"key":"Explosive Potion"},{"floor":21,"key":"Dexterity Potion"},{"floor":28,"key":"AttackPotion"}],"is_trial":false,"path_per_floor":["M","?","M","M","?","E","R","M","T","R","M","M","E","M","R","B",null,"M","?","$","M","?","R","E","R","T","R","E","R","M","M","R","B"],"character_chosen":"MKU","items_purchased":["MokouMod:FujiyamaVolcano","OrangePellets"],"campfire_rested":3,"item_purchase_floors":[20,20],"current_hp_per_floor":[75,75,75,75,75,49,49,54,54,54,54,54,46,46,70,15,80,80,80,80,80,80,80,40,64,64,64,34,58,58,51,51,0,0,0],"gold":190,"neow_bonus":"THREE_ENEMY_KILL","is_daily":false,"chose_seed":false,"campfire_upgraded":4,"win_rate":0.0,"timestamp":1612784762,"path_taken":["M","?","M","M","?","E","R","M","T","R","M","M","E","M","R","BOSS","M","?","$","M","?","R","E","R","T","R","E","R","M","M","R","BOSS"],"items_purchased_type":["Card","Relic"],"build_version":"2020-12-22","purchased_purges":0,"victory":false,"max_hp_per_floor":[75,75,75,75,75,75,75,80,80,80,80,80,80,80,80,80,80,80,80,80,80,80,80,80,80,80,80,80,80,80,80,80,80,80,80],"card_choices":[{"not_picked":["MokouMod:IndiscriminateIgnition","MokouMod:Singe"],"picked":"MokouMod:ImperishableFlame","floor":1},{"not_picked":["MokouMod:IgnitionBarrier","MokouMod:ShiftIgnition"],"picked":"MokouMod:ScorchingColumn","floor":3},{"not_picked":["MokouMod:FlickeringFlame","MokouMod:ScorchedEarth"],"picked":"MokouMod:GuidingSmoke","floor":4},{"not_picked":["MokouMod:InfernalWave","MokouMod:Scorch"],"picked":"MokouMod:RadiantBlade","floor":6},{"not_picked":["MokouMod:TemporalFireSeal","MokouMod:PhoenixFeathers"],"picked":"MokouMod:Stoke","floor":8},{"not_picked":["MokouMod:IndiscriminateIgnition","MokouMod:ResoluteFlare"],"picked":"MokouMod:Afterburner","floor":11},{"not_picked":["MokouMod:InfernalWave","MokouMod:SearingShot"],"picked":"MokouMod:Wildfire","floor":12},{"not_picked":["MokouMod:Meltdown","MokouMod:ResoluteFlare"],"picked":"MokouMod:FlareStarter","floor":13},{"not_picked":["MokouMod:ResoluteFlare","MokouMod:ScorchingColumn"],"picked":"MokouMod:DanceofFlames","floor":14},{"not_picked":["MokouMod:Geothermal","MokouMod:Extinguish"],"picked":"MokouMod:Ventilation","floor":16},{"not_picked":["MokouMod:Sear+1","MokouMod:HeatFactory"],"picked":"MokouMod:IgnitionBlast+1","floor":18},{"not_picked":["MokouMod:FlamingFireTalons+1","MokouMod:IcarusDive"],"picked":"MokouMod:ThermalPressure","floor":21},{"not_picked":["MokouMod:IllusoryBattlefield","MokouMod:Afterburner+1"],"picked":"MokouMod:Sear","floor":24},{"not_picked":["MokouMod:FlickeringFlame","MokouMod:AdaptivePyromancy+1"],"picked":"MokouMod:IgnitionBarrier","floor":28},{"not_picked":["MokouMod:TemporalFireSeal+1","MokouMod:BlazingComet","MokouMod:AdaptivePyromancy"],"picked":"SKIP","floor":30},{"not_picked":["MokouMod:BlazingComet","MokouMod:Singe"],"picked":"MokouMod:FusionFlare+1","floor":31}],"player_experience":177215,"relics_obtained":[{"floor":6,"key":"Torii"},{"floor":9,"key":"TungstenRod"},{"floor":13,"key":"FossilizedHelix"},{"floor":24,"key":"WingedGreaves"},{"floor":28,"key":"Nunchaku"}],"event_choices":[{"damage_healed":0,"gold_gain":0,"player_choice":"Ignored","damage_taken":0,"max_hp_gain":0,"max_hp_loss":0,"event_name":"Golden Wing","floor":2,"gold_loss":0},{"damage_healed":0,"gold_gain":0,"player_choice":"Ignored","damage_taken":0,"max_hp_gain":0,"max_hp_loss":0,"event_name":"Liars Game","floor":5,"gold_loss":0},{"damage_healed":0,"gold_gain":0,"player_choice":"Obtained Relic","damage_taken":0,"relics_obtained":["Omamori"],"max_hp_gain":0,"max_hp_loss":0,"event_name":"Addict","floor":19,"gold_loss":85},{"damage_healed":0,"gold_gain":0,"player_choice":"Simplicity","damage_taken":0,"max_hp_gain":0,"max_hp_loss":0,"event_name":"Back to Basics","floor":22,"gold_loss":0,"cards_upgraded":["MokouMod:Strike","MokouMod:Strike","MokouMod:Strike","MokouMod:Strike","MokouMod:Strike","MokouMod:Defend","MokouMod:Defend","MokouMod:Defend","MokouMod:Defend"]}],"is_beta":false,"boss_relics":[{"not_picked":["Pandora\u0027s Box","Snecko Eye"],"picked":"SacredBark"}],"items_purged_floors":[],"is_endless":false,"potions_floor_spawned":[1,8,12,13,14,16,21,28],"killed_by":"Champ","ascension_level":0}}