{"host":"oehe2dxjvdgux73m","time":1612810215,"event":{"mods":["AchievementEnabler","BaseMod","Colored Map","Colored Powertips","DeckTracker","Keyboard Shortcuts","Minty Spire (QoL Compilation)","Permanent Neow","Quick Restart","StSLib","SuperFastMode"],"gold_per_floor":[19,38,38,13,36,36,59,84,84,97,38,82,103,124,124,124,124],"floor_reached":16,"language":"KOR","playtime":399,"items_purged":[],"score":212,"play_id":"750424ec-c9f8-4fa2-98db-3d012c1a0bcd","local_time":"20210209035015","is_ascension_mode":true,"campfire_choices":[{"data":"Deadly Poison","floor":6.0,"key":"SMITH"},{"floor":15.0,"key":"REST"}],"circlet_count":0,"master_deck":["AscendersBane","Strike_G","Strike_G","Strike_G","Strike_G","Strike_G","Defend_G","Defend_G","Defend_G","Defend_G","Defend_G","Survivor","Neutralize","Poisoned Stab","Bouncing Flask","Deadly Poison+1","Crippling Poison","Backflip","Calculated Gamble","PiercingWail"],"relics":["Ring of the Snake","Thread and Needle","Golden Idol","TungstenRod","Eternal Feather"],"acts_visited":["Exordium"],"potions_floor_usage":[],"damage_taken":[{"damage":2.0,"enemies":"Cultist","floor":1.0,"turns":4.0},{"damage":0.0,"enemies":"Jaw Worm","floor":2.0,"turns":4.0},{"damage":4.0,"enemies":"2 Louse","floor":5.0,"turns":3.0},{"damage":14.0,"enemies":"Exordium Thugs","floor":7.0,"turns":5.0},{"damage":3.0,"enemies":"3 Louse","floor":8.0,"turns":3.0},{"damage":1.0,"enemies":"Exordium Wildlife","floor":10.0,"turns":5.0},{"damage":15.0,"enemies":"Lagavulin","floor":12.0,"turns":6.0},{"damage":0.0,"enemies":"Red Slaver","floor":13.0,"turns":4.0},{"damage":17.0,"enemies":"Large Slime","floor":14.0,"turns":6.0},{"damage":33,"enemies":"Slime Boss","floor":16,"turns":8}],"seed_played":"3684584989067221289","potions_obtained":[{"floor":5.0,"key":"SkillPotion"},{"floor":8.0,"key":"DuplicationPotion"},{"floor":10.0,"key":"Energy Potion"},{"floor":13.0,"key":"FearPotion"}],"is_trial":false,"path_per_floor":["M","M","?","$","M","R","M","M","T","M","?","E","M","M","R","B"],"character_chosen":"THE_SILENT","items_purchased":["Deadly Poison"],"campfire_rested":1,"item_purchase_floors":[4],"current_hp_per_floor":[57,57,57,57,53,53,39,36,36,35,35,20,20,3,33,0,0],"gold":124,"neow_bonus":"ONE_RARE_RELIC","is_daily":false,"chose_seed":false,"campfire_upgraded":1,"win_rate":0.0,"timestamp":1612810215,"path_taken":["M","?","?","$","M","R","M","M","T","M","?","E","?","M","R","BOSS"],"items_purchased_type":["Card"],"build_version":"2020-12-22","purchased_purges":0,"victory":false,"max_hp_per_floor":[66,66,60,60,60,60,60,60,60,60,60,60,60,60,60,60,60],"card_choices":[{"not_picked":["Setup","Caltrops"],"picked":"Poisoned Stab","floor":1.0},{"not_picked":["Cloak And Dagger","Dagger Throw"],"picked":"Bouncing Flask","floor":2.0},{"not_picked":["Outmaneuver","Deadly Poison"],"picked":"Crippling Poison","floor":5.0},{"not_picked":["Slice","Deadly Poison"],"picked":"Backflip","floor":7.0},{"not_picked":["Poisoned Stab","Backflip","Prepared"],"picked":"SKIP","floor":8.0},{"not_picked":["Heel Hook","Flying Knee","Bane"],"picked":"SKIP","floor":10.0},{"not_picked":["Backflip","Eviscerate"],"picked":"Calculated Gamble","floor":12.0},{"not_picked":["All Out Attack","Bouncing Flask","Underhanded Strike"],"picked":"SKIP","floor":13.0},{"not_picked":["Dagger Spray","Caltrops"],"picked":"PiercingWail","floor":14.0}],"player_experience":429505,"relics_obtained":[{"floor":9.0,"key":"TungstenRod"},{"floor":12.0,"key":"Eternal Feather"}],"event_choices":[{"damage_healed":0.0,"max_hp_gain":0.0,"max_hp_loss":6.0,"gold_gain":0.0,"event_name":"Golden Idol","player_choice":"Lose Max HP","floor":3.0,"gold_loss":0.0,"damage_taken":0.0,"relics_obtained":["Golden Idol"]},{"damage_healed":0.0,"max_hp_gain":0.0,"max_hp_loss":0.0,"gold_gain":0.0,"event_name":"World of Goop","player_choice":"Left Gold","floor":11.0,"gold_loss":59.0,"damage_taken":0.0}],"is_beta":false,"boss_relics":[],"items_purged_floors":[],"is_endless":false,"potions_floor_spawned":[5,8,10,13],"killed_by":"Slime Boss","ascension_level":20}}