{"host":"whyfdmrq1ty0e9zp","time":1612815044,"event":{"mods":["Act Like it!","BaseMod","Colored Map","Colored Powertips","Conspire","Energized Spire","Gensokyo","Marisa£¨ìFÓê¡¡Ä§ÀíÉ³£©","Minty Spire (QoL Compilation)","MostiFishMod","Prisma Mod","Quick Restart","Relic Stats","Remilia£¨ÀÙÃ×ÀòÑÇ£©","Replay The Spire","StSLib","TestMod","The Servant 0.9.4","¡¾ÒÅÎï¿¨ÅÆ¡¿REMEMod"],"gold_per_floor":[109,123,180,195,195,223,223,223,223,233,244,244,52,67,67,170,170,185,85,85,485,485,485,513,524,551,551,624,99,99,112,112,212,212,229,246,246,246,258,62,87,247,247,400,175,175,202,274,274,454],"floor_reached":51,"language":"ZHS","playtime":1949,"items_purged":["Strike_S","Strike_S","Exchange","KidneyShot","Contraction"],"score":1752,"play_id":"d0c07727-58bb-44b5-bb80-c79bbcfd9cb3","local_time":"20210209041044","is_ascension_mode":true,"campfire_choices":[{"data":"SilverBlades","floor":12.0,"key":"SMITH"},{"data":"Revamp","floor":15.0,"key":"SMITH"},{"data":"Rewind","floor":23.0,"key":"SMITH"},{"data":"Luminosity","floor":27.0,"key":"SMITH"},{"data":"Starlight","floor":32.0,"key":"SMITH"},{"data":"Ricochet","floor":46,"key":"SMITH"},{"data":"SurpressingFire","floor":49,"key":"SMITH"}],"circlet_count":0,"master_deck":["Defend_S","Defend_S","Defend_S","Defend_S","Gensokyo:LifeSpringInfinity","Luminosity+1","SilverBlades+1","Starlight+1","Rewind+1","Revamp+1","Revamp","GearUp","KillingDoll","SurpressingFire+1","SilverMatrix","Rearm+1","Ricochet+1","Rearm+1"],"relics":["Uniform","DaveBox","REME_ComplimentaryCards","FeatherPendant","testmod-BatchProcessingSystem","SynthV:TestCard","Kunai","Vajra","Tiny Chest","Pear","Philosopher\u0027s Stone","Pantograph","Smiling Mask","Broom","testmod-BalancedPeriapt","Toxic Egg 2","Sling","Sozu","Nunchaku","Replay:Bandana","Durian","SentryEyes","Lee\u0027s Waffle","Oddly Smooth Stone"],"acts_visited":["Exordium","TheCity","TheBeyond"],"potions_floor_usage":[],"damage_taken":[{"damage":0.0,"enemies":"2 Louse","floor":1.0,"turns":2.0},{"damage":0.0,"enemies":"Small Slimes","floor":2.0,"turns":2.0},{"damage":0.0,"enemies":"conspire:MimicChest","floor":3.0,"turns":5.0},{"damage":0.0,"enemies":"Jaw Worm","floor":4.0,"turns":2.0},{"damage":0.0,"enemies":"Lagavulin","floor":6.0,"turns":2.0},{"damage":0.0,"enemies":"Exordium Thugs","floor":10.0,"turns":1.0},{"damage":0.0,"enemies":"3 Louse","floor":11.0,"turns":2.0},{"damage":0.0,"enemies":"Large Slime","floor":14.0,"turns":1.0},{"damage":0.0,"enemies":"Slime Boss","floor":16.0,"turns":1.0},{"damage":0.0,"enemies":"Shell Parasite","floor":18.0,"turns":3.0},{"damage":0.0,"enemies":"Slavers","floor":24.0,"turns":3.0},{"damage":0.0,"enemies":"Chosen","floor":25.0,"turns":2.0},{"damage":0.0,"enemies":"Sentry and Sphere","floor":31.0,"turns":2.0},{"damage":0.0,"enemies":"Pondfish","floor":33.0,"turns":3.0},{"damage":0.0,"enemies":"3 Darklings","floor":35.0,"turns":2.0},{"damage":4.0,"enemies":"3 Shapes","floor":36.0,"turns":4.0},{"damage":0,"enemies":"Jaw Worm Horde","floor":39,"turns":1},{"damage":0,"enemies":"R_Hoarder","floor":41,"turns":3},{"damage":0,"enemies":"Maw","floor":42,"turns":1},{"damage":0,"enemies":"Reptomancer","floor":44,"turns":2},{"damage":0,"enemies":"4 Shapes","floor":48,"turns":1},{"damage":0,"enemies":"Donu and Deca","floor":50,"turns":2}],"seed_played":"8153845154823050430","potions_obtained":[{"floor":4.0,"key":"Cursed Concoction"},{"floor":10.0,"key":"AttackPotion"},{"floor":14.0,"key":"SkillPotion"},{"floor":31.0,"key":"REME_GoldPotion"},{"floor":33.0,"key":"Swift Potion"}],"is_trial":false,"path_per_floor":["M","M","?","M","?","E","?","?","T","M","M","R","$","M","R","B",null,"M","$","T","?","?","R","E","M","T","R","T","$","?","M","R","B",null,"M","M","?","?","M","$","E","M","T","E","$","R","T","M","R","B",null],"character_chosen":"THE_SERVANT","items_purchased":["GearUp","Contraction","Toxic Egg 2","SurpressingFire","Sling","Nunchaku","Rearm+1","Lee\u0027s Waffle"],"campfire_rested":0,"item_purchase_floors":[13,13,29,29,29,40,45,45],"current_hp_per_floor":[59,59,59,59,52,52,52,57,67,67,67,67,67,67,67,67,72,72,72,72,72,72,72,72,72,72,72,72,72,55,55,55,74,74,74,70,70,70,70,70,70,70,74,74,74,74,74,74,74,74],"gold":454,"neow_bonus":"REMOVE_TWO","is_daily":false,"chose_seed":false,"campfire_upgraded":7,"win_rate":0.0,"timestamp":1612815044,"path_taken":["M","M","?","M","?","E","?","?","T","M","?","R","$","M","R","BOSS","M","$","?","?","?","R","E","?","T","R","?","$","?","M","R","BOSS","M","M","?","?","M","$","E","M","T","E","$","R","?","M","R","BOSS"],"items_purchased_type":["Card","Card","Relic","Card","Relic","Relic","Card","Relic"],"build_version":"2020-12-22","purchased_purges":5,"victory":true,"max_hp_per_floor":[59,59,59,59,59,59,59,64,74,74,74,74,74,74,74,74,74,74,74,74,74,74,74,74,74,74,74,74,74,74,74,74,74,74,74,74,74,74,74,74,74,74,74,74,74,74,74,74,74,74],"relic_stats":{"Sozu":1,"Nunchaku":[1],"Lee\u0027s Waffle":0,"counters":[22,47],"Pantograph":19,"Tiny Chest":3,"Kunai":[24],"Smiling Mask":300,"obtain_stats":[{"DaveBox":0,"testmod-BatchProcessingSystem":0,"Vajra":5,"Uniform":0,"Broom":26,"Smiling Mask":24,"Sling":29,"Sozu":34,"Nunchaku":40,"Replay:Bandana":41,"Pantograph":20,"Tiny Chest":6,"Philosopher\u0027s Stone":17,"Kunai":3,"Toxic Egg 2":29,"Lee\u0027s Waffle":45,"testmod-TestBox":0,"Pear":9,"Oddly Smooth Stone":47,"SynthV:TestCard":1,"FeatherPendant":0,"SentryEyes":44,"Durian":43,"testmod-BalancedPeriapt":28,"REME_ComplimentaryCards":0},{"DaveBox":0,"testmod-BatchProcessingSystem":0,"Vajra":4,"Uniform":0,"Broom":12,"Smiling Mask":11,"Sling":12,"Sozu":14,"Nunchaku":17,"Replay:Bandana":18,"Pantograph":10,"Tiny Chest":5,"Philosopher\u0027s Stone":9,"Kunai":3,"Toxic Egg 2":12,"Lee\u0027s Waffle":20,"testmod-TestBox":0,"Pear":5,"Oddly Smooth Stone":20,"SynthV:TestCard":1,"FeatherPendant":0,"SentryEyes":20,"Durian":19,"testmod-BalancedPeriapt":12,"REME_ComplimentaryCards":0},{"DaveBox":0,"testmod-BatchProcessingSystem":0,"Vajra":11,"Uniform":0,"Broom":26,"Smiling Mask":24,"Sling":26,"Sozu":31,"Nunchaku":38,"Replay:Bandana":41,"Pantograph":21,"Tiny Chest":13,"Philosopher\u0027s Stone":18,"Kunai":9,"Toxic Egg 2":26,"Lee\u0027s Waffle":44,"testmod-TestBox":0,"Pear":13,"Oddly Smooth Stone":44,"SynthV:TestCard":2,"FeatherPendant":0,"SentryEyes":44,"Durian":42,"testmod-BalancedPeriapt":26,"REME_ComplimentaryCards":0}]},"card_choices":[{"not_picked":["DoubleEdge","Shuttle"],"picked":"Luminosity","floor":1.0},{"not_picked":["Barrier","Spin","ShatteredReality","Starlight"],"picked":"SilverBlades","floor":2.0},{"not_picked":["Replace","DoubleEdge","FastForward","Revamp"],"picked":"Starlight","floor":3.0},{"not_picked":["FastForward","Desolation","DoubleEdge","TimeWarp","DancingSilver"],"picked":"SKIP","floor":4.0},{"not_picked":["WasteNot","Defy","Orbit","Unruled"],"picked":"Rewind","floor":6.0},{"not_picked":["Foresight","Spin","Deny","RealityMarble"],"picked":"Revamp","floor":10.0},{"not_picked":["InstantArmor","Replace","Alleviate","Orbit"],"picked":"Revamp","floor":11.0},{"not_picked":["Advance","TimeWarp","Defy","Rewind","Alleviate"],"picked":"SKIP","floor":14.0},{"not_picked":["Duplication","PendulumOfEternity","FlawlessForm","Initiator"],"picked":"KillingDoll","floor":16.0},{"not_picked":["Potential","Starlight","ShatteredReality","FastForward","Replace"],"picked":"SKIP","floor":18.0},{"not_picked":["Replace","Starlight+1","FastForward+1","MoonPhase","SpecialFormula+1"],"picked":"SKIP","floor":24.0},{"not_picked":["Rewind","Sabotage","PendulumOfEternity","MoonPhase","Manipulate"],"picked":"SKIP","floor":25.0},{"not_picked":["Defy+1","TimeWarp","FanOfKnives+1","Alleviate+1","Foresight"],"picked":"SKIP","floor":31.0},{"not_picked":["FloweringNight","PendulumOfEternity","Dilation+1","KillingDoll"],"picked":"SilverMatrix","floor":33.0},{"not_picked":["Starlight","BottledTime+1","TimeWarp","Luminosity","Alleviate+1"],"picked":"SKIP","floor":35.0},{"not_picked":["Sabotage","Reset+1","BottledTime+1","Replace+1","Potential+1"],"picked":"SKIP","floor":36.0},{"not_picked":["Revamp+1","TimeWarp","Shuttle+1","Misdirection+1","Read+1"],"picked":"SKIP","floor":39},{"not_picked":["ShatteredReality+1","Revamp+1","BestPractice","Advance+1","Replace+1"],"picked":"SKIP","floor":41},{"not_picked":["BestPractice","Contraction+1","Unruled+1","Revamp+1"],"picked":"Rearm+1","floor":42},{"not_picked":["Unruled+1","StarChef+1","DoubleEdge","TheWorld+1"],"picked":"Ricochet","floor":44},{"not_picked":["DoubleEdge+1","TimeWarp","Foresight","FanOfKnives+1","Revamp+1"],"picked":"SKIP","floor":48}],"player_experience":500022,"relics_obtained":[{"floor":1.0,"key":"SynthV:TestCard"},{"floor":3.0,"key":"Kunai"},{"floor":6.0,"key":"Tiny Chest"},{"floor":9.0,"key":"Pear"},{"floor":20.0,"key":"Pantograph"},{"floor":24.0,"key":"Smiling Mask"},{"floor":26.0,"key":"Broom"},{"floor":28.0,"key":"testmod-BalancedPeriapt"},{"floor":41,"key":"Replay:Bandana"},{"floor":43,"key":"Durian"},{"floor":44,"key":"SentryEyes"},{"floor":47,"key":"Oddly Smooth Stone"}],"event_choices":[{"damage_healed":0.0,"max_hp_gain":0.0,"max_hp_loss":0.0,"gold_gain":0.0,"event_name":"Scrap Ooze","player_choice":"Success","floor":5.0,"gold_loss":0.0,"damage_taken":7.0,"relics_obtained":["Vajra"]},{"damage_healed":0.0,"max_hp_gain":0.0,"max_hp_loss":0.0,"gold_gain":0.0,"event_name":"Liars Game","player_choice":"Ignored","floor":7.0,"gold_loss":0.0,"damage_taken":0.0},{"damage_healed":0.0,"max_hp_gain":5.0,"max_hp_loss":0.0,"gold_gain":0.0,"event_name":"Big Fish","player_choice":"Donut","floor":8.0,"gold_loss":0.0,"damage_taken":0.0},{"damage_healed":0.0,"max_hp_gain":0.0,"max_hp_loss":0.0,"gold_gain":400.0,"event_name":"¶÷ÂåË¹µÄÅÌ×Ó","player_choice":"Sell","floor":21.0,"relics_lost":["testmod-TestBox"],"gold_loss":0.0,"damage_taken":0.0},{"damage_healed":0.0,"max_hp_gain":0.0,"max_hp_loss":0.0,"gold_gain":0.0,"event_name":"The Woman in Blue","player_choice":"Bought 0 Potions","floor":22.0,"gold_loss":0.0,"damage_taken":0.0},{"damage_healed":0.0,"max_hp_gain":5.0,"max_hp_loss":0.0,"gold_gain":0.0,"event_name":"Forgotten Altar","player_choice":"Shed Blood","floor":30.0,"gold_loss":0.0,"damage_taken":19.0},{"damage_healed":0,"gold_gain":0,"player_choice":"Memory 1","damage_taken":0,"max_hp_gain":0,"max_hp_loss":0,"event_name":"SensoryStone","floor":38,"gold_loss":0}],"is_beta":false,"boss_relics":[{"not_picked":["testmod-BloodSacrificeSpiritualization","testmod-CardMagician"],"picked":"Philosopher\u0027s Stone"},{"not_picked":["MoonlightInvasionPlan","ReplayTheSpireMod:DimensionalGlitch"],"picked":"Sozu"}],"items_purged_floors":[13,19,29,40,45],"is_endless":false,"potions_floor_spawned":[4,10,14,16,24,31,33,39,41],"ascension_level":8}}