{"host":"l5zfpd2l2htson6l","time":1612764401,"event":{"mods":["AchievementEnabler","BaseMod","Colored Map","Colored Powertips","Minty Spire (QoL Compilation)","Permanent Neow","Quick Restart","Rare Cards Sparkle","Relic Stats","SuperFastMode"],"gold_per_floor":[118,118,135,146,67,67,96,109,109,122,149,149,149,149,149],"floor_reached":14,"language":"ENG","playtime":620,"items_purged":[],"score":200,"play_id":"f53c131e-b330-4efb-8274-e13669e615b9","local_time":"20210207220641","is_ascension_mode":true,"campfire_choices":[{"data":"Armaments","floor":6.0,"key":"SMITH"}],"circlet_count":0,"master_deck":["AscendersBane","Strike_R","Strike_R","Strike_R","Strike_R","Strike_R","Defend_R","Defend_R","Defend_R","Defend_R","Bash","Armaments+1","Evolve","Twin Strike","Whirlwind","Thunderclap","Blood for Blood","Battle Trance","Bludgeon","Parasite"],"relics":["Burning Blood","Vajra","The Courier","Red Skull"],"acts_visited":["Exordium"],"potions_floor_usage":[],"damage_taken":[{"damage":14.0,"enemies":"Jaw Worm","floor":1.0,"turns":4.0},{"damage":2.0,"enemies":"Cultist","floor":3.0,"turns":4.0},{"damage":11.0,"enemies":"2 Louse","floor":4.0,"turns":5.0},{"damage":8.0,"enemies":"Gremlin Nob","floor":7.0,"turns":3.0},{"damage":0.0,"enemies":"Exordium Wildlife","floor":8.0,"turns":2.0},{"damage":12.0,"enemies":"Looter","floor":10.0,"turns":3.0},{"damage":21.0,"enemies":"3 Sentries","floor":11.0,"turns":5.0},{"damage":37,"enemies":"Lagavulin","floor":14,"turns":5}],"seed_played":"-4201808422050168448","potions_obtained":[{"floor":0.0,"key":"SneckoOil"},{"floor":0.0,"key":"EssenceOfSteel"},{"floor":7.0,"key":"Ancient Potion"}],"is_trial":false,"path_per_floor":["M","?","M","M","$","R","E","M","T","M","E","?","?","E"],"character_chosen":"IRONCLAD","items_purchased":["Whirlwind"],"campfire_rested":0,"item_purchase_floors":[5],"current_hp_per_floor":[60,75,75,70,70,70,68,74,74,68,53,18,36,0,0],"gold":149,"neow_bonus":"THREE_SMALL_POTIONS","is_daily":false,"chose_seed":false,"campfire_upgraded":1,"win_rate":0.0,"timestamp":1612764401,"path_taken":["M","?","M","M","?","R","E","?","T","M","E","?","?","E"],"items_purchased_type":["Card"],"build_version":"2020-12-22","purchased_purges":0,"victory":false,"max_hp_per_floor":[75,75,75,75,75,75,75,75,75,75,75,75,75,75,75],"relic_stats":{"counters":[8,31],"obtain_stats":[{"Vajra":7,"The Courier":11,"Burning Blood":0,"Red Skull":12},{"Vajra":4,"The Courier":7,"Burning Blood":0,"Red Skull":7},{"Vajra":16,"The Courier":26,"Burning Blood":0,"Red Skull":26}],"Burning Blood":38},"card_choices":[{"not_picked":["True Grit","Rupture"],"picked":"Armaments","floor":1.0},{"not_picked":["Pommel Strike","Fire Breathing"],"picked":"Evolve","floor":3.0},{"not_picked":["Clash","Havoc"],"picked":"Twin Strike","floor":4.0},{"not_picked":["Heavy Blade","Iron Wave"],"picked":"Thunderclap","floor":7.0},{"not_picked":["Sword Boomerang","Havoc"],"picked":"Blood for Blood","floor":8.0},{"not_picked":["Flex","Evolve"],"picked":"Battle Trance","floor":10.0},{"not_picked":["Body Slam","Power Through"],"picked":"Bludgeon","floor":11.0}],"player_experience":943091,"relics_obtained":[{"floor":7.0,"key":"Vajra"},{"floor":11.0,"key":"The Courier"}],"event_choices":[{"damage_healed":15.0,"max_hp_gain":0.0,"max_hp_loss":0.0,"gold_gain":0.0,"event_name":"Wheel of Change","player_choice":"Full Heal","floor":2.0,"gold_loss":0.0,"damage_taken":0.0},{"damage_healed":0.0,"max_hp_gain":0.0,"max_hp_loss":0.0,"gold_gain":0.0,"event_name":"Scrap Ooze","player_choice":"Success","floor":12.0,"gold_loss":0.0,"damage_taken":35.0,"relics_obtained":["Red Skull"]},{"damage_healed":18,"gold_gain":0,"player_choice":"Healed and dodged fight","damage_taken":0,"max_hp_gain":0,"max_hp_loss":0,"event_name":"Mushrooms","floor":13,"gold_loss":0,"cards_obtained":["Parasite"]}],"is_beta":false,"boss_relics":[],"items_purged_floors":[],"is_endless":false,"potions_floor_spawned":[3,7,10],"killed_by":"Lagavulin","ascension_level":20}}