{"host":"sxnl403xm2xmiyj1","time":1612760686,"event":{"mods":["AchievementEnabler","BaseMod","Colored Map","Keyboard Shortcuts","Minty Spire (QoL Compilation)","Quick Restart","StSLib","SuperFastMode"],"gold_per_floor":[11,11,11,11,111,111,127,157,227,227,5,5,23,43,43,146,146,157,3,13,13,33,67,67,94,94,107,136,155,155,170,170,268,268,287,12,29,74,87,122,122,155,180,194,219,219,6,20,20,20,20,20,20,51,51,51],"floor_reached":55,"language":"KOR","playtime":1495,"items_purged":["Strike_R","Strike_R"],"score":1268,"play_id":"5ec16107-c7ae-4857-bc6e-6390438ee735","local_time":"20210208140446","is_ascension_mode":true,"campfire_choices":[{"floor":6.0,"key":"REST"},{"data":"Body Slam","floor":10.0,"key":"SMITH"},{"data":"Warcry","floor":12.0,"key":"SMITH"},{"data":"Shockwave","floor":15.0,"key":"SMITH"},{"floor":24.0,"key":"REST"},{"floor":30.0,"key":"REST"},{"data":"Armaments","floor":32.0,"key":"SMITH"},{"floor":41.0,"key":"REST"},{"floor":49.0,"key":"RECALL"},{"data":"Entrench","floor":52.0,"key":"SMITH"}],"circlet_count":0,"master_deck":["Strike_R","Strike_R","Defend_R","Defend_R","Defend_R","Defend_R","Bash","Juggernaut+1","Body Slam+1","Feel No Pain","Feel No Pain","Shrug It Off","Warcry+1","Shrug It Off","Shockwave+1","Exhume","Entrench+1","Body Slam","Warcry","Offering","Feel No Pain","Infernal Blade","Iron Wave","Iron Wave","Impervious","Armaments+1","True Grit+1","Ghostly Armor+1","Disarm","Juggernaut","Sentinel+1","Shrug It Off","Finesse","Warcry","Body Slam","Iron Wave+1","Fire Breathing+1","Dark Embrace","Exhume","Entrench"],"relics":["Burning Blood","Kunai","Tiny Chest","Ornamental Fan","Mark of Pain","Orrery","HornCleat","Letter Opener","Mango","Akabeko","Busted Crown","FossilizedHelix","StoneCalendar","Singing Bowl","White Beast Statue","InkBottle","Gremlin Horn"],"acts_visited":["Exordium","TheCity","TheBeyond","TheEnding"],"potions_floor_usage":[55,55],"damage_taken":[{"damage":7.0,"enemies":"Small Slimes","floor":1.0,"turns":4.0},{"damage":8.0,"enemies":"Jaw Worm","floor":7.0,"turns":4.0},{"damage":16.0,"enemies":"Lagavulin","floor":8.0,"turns":7.0},{"damage":0.0,"enemies":"Cultist","floor":13.0,"turns":5.0},{"damage":3.0,"enemies":"Red Slaver","floor":14.0,"turns":4.0},{"damage":27.0,"enemies":"Hexaghost","floor":16.0,"turns":11.0},{"damage":12.0,"enemies":"Spheric Guardian","floor":18.0,"turns":5.0},{"damage":16.0,"enemies":"Shell Parasite","floor":20.0,"turns":5.0},{"damage":29.0,"enemies":"Snecko","floor":22.0,"turns":6.0},{"damage":16.0,"enemies":"Book of Stabbing","floor":23.0,"turns":4.0},{"damage":50.0,"enemies":"Gremlin Leader","floor":25.0,"turns":8.0},{"damage":17.0,"enemies":"Snake Plant","floor":27.0,"turns":4.0},{"damage":12.0,"enemies":"Slavers","floor":28.0,"turns":5.0},{"damage":0.0,"enemies":"Cultist and Chosen","floor":29.0,"turns":7.0},{"damage":0.0,"enemies":"Centurion and Healer","floor":31.0,"turns":9.0},{"damage":26.0,"enemies":"Champ","floor":33.0,"turns":9.0},{"damage":0.0,"enemies":"Orb Walker","floor":35.0,"turns":2.0},{"damage":11.0,"enemies":"3 Darklings","floor":37.0,"turns":5.0},{"damage":71.0,"enemies":"2 Orb Walkers","floor":38.0,"turns":5.0},{"damage":0.0,"enemies":"Spire Growth","floor":39.0,"turns":7.0},{"damage":12.0,"enemies":"Reptomancer","floor":40.0,"turns":6.0},{"damage":6.0,"enemies":"Giant Head","floor":42.0,"turns":7.0},{"damage":0.0,"enemies":"Transient","floor":44.0,"turns":5.0},{"damage":9.0,"enemies":"Reptomancer","floor":45.0,"turns":7.0},{"damage":0.0,"enemies":"Writhing Mass","floor":48.0,"turns":4.0},{"damage":50.0,"enemies":"Donu and Deca","floor":50.0,"turns":9.0},{"damage":44.0,"enemies":"Shield and Spear","floor":54.0,"turns":9.0},{"damage":52,"enemies":"The Heart","floor":55,"turns":6}],"seed_played":"7614925721173195579","potions_obtained":[{"floor":7.0,"key":"Energy Potion"},{"floor":13.0,"key":"Energy Potion"},{"floor":16.0,"key":"BloodPotion"},{"floor":18.0,"key":"Dexterity Potion"},{"floor":27.0,"key":"Fire Potion"},{"floor":31.0,"key":"Dexterity Potion"},{"floor":33.0,"key":"Swift Potion"},{"floor":38.0,"key":"AttackPotion"},{"floor":39.0,"key":"HeartOfIron"},{"floor":42.0,"key":"SkillPotion"},{"floor":44.0,"key":"BlessingOfTheForge"},{"floor":45.0,"key":"SkillPotion"},{"floor":48.0,"key":"Weak Potion"},{"floor":54.0,"key":"BlessingOfTheForge"}],"is_trial":false,"path_per_floor":["M","?","?","?","?","R","M","E","T","R","$","R","M","M","R","B",null,"M","$","M","$","M","E","R","E","T","M","E","M","R","M","R","B",null,"M","$","M","?","M","E","R","E","T","M","E","T","$","M","R","B",null,"R","$","E","B"],"character_chosen":"IRONCLAD","items_purchased":["Feel No Pain","Shrug It Off","Warcry","Orrery","Shrug It Off","Finesse","Warcry","Dark Embrace","Exhume"],"campfire_rested":4,"item_purchase_floors":[11,11,11,19,36,36,36,47,47],"current_hp_per_floor":[71,71,29,22,22,46,44,34,34,34,34,34,40,43,43,22,66,60,60,50,50,27,17,41,13,27,16,10,16,44,50,50,30,78,84,84,79,14,20,14,42,44,44,50,47,47,47,55,55,11,76,76,76,38,0,0],"gold":51,"neow_bonus":"THREE_RARE_CARDS","is_daily":false,"chose_seed":false,"campfire_upgraded":5,"win_rate":0.0,"timestamp":1612760686,"path_taken":["M","?","?","?","?","R","M","E","T","R","$","R","M","M","R","BOSS","M","$","?","?","M","E","R","E","T","M","E","M","R","M","R","BOSS","M","$","M","?","M","E","R","E","T","M","E","?","$","M","R","BOSS","R","$","E","BOSS"],"items_purchased_type":["Card","Card","Card","Relic","Card","Card","Card","Card","Card"],"build_version":"2020-12-22","purchased_purges":2,"victory":false,"max_hp_per_floor":[80,80,80,80,80,80,80,80,80,80,80,80,80,80,80,80,80,80,80,80,80,80,80,80,80,94,94,94,94,94,94,94,94,94,94,94,94,94,94,94,94,96,96,96,96,96,96,98,98,98,98,98,98,98,98,98],"card_choices":[{"not_picked":["Reaper","Feed"],"picked":"Juggernaut","floor":0.0},{"not_picked":["Perfected Strike","Flex","Hemokinesis"],"picked":"SKIP","floor":1.0},{"not_picked":["Armaments","Havoc"],"picked":"Body Slam","floor":7.0},{"not_picked":["Wild Strike","Searing Blow"],"picked":"Feel No Pain","floor":8.0},{"not_picked":["Cleave","Heavy Blade"],"picked":"Shrug It Off","floor":13.0},{"not_picked":["Havoc","Thunderclap"],"picked":"Shockwave","floor":14.0},{"not_picked":["Double Tap","Corruption"],"picked":"Exhume","floor":16.0},{"not_picked":["Cleave","Iron Wave"],"picked":"Entrench","floor":18.0},{"not_picked":["Entrench","Clothesline"],"picked":"Body Slam","floor":19.0},{"not_picked":["Reckless Charge","Twin Strike"],"picked":"Warcry","floor":19.0},{"not_picked":["Corruption","Bloodletting"],"picked":"Offering","floor":19.0},{"not_picked":["Pommel Strike","Hemokinesis"],"picked":"Feel No Pain","floor":19.0},{"not_picked":["Cleave+1","Uppercut"],"picked":"Infernal Blade","floor":19.0},{"not_picked":["Clothesline","Flex"],"picked":"Iron Wave","floor":20.0},{"not_picked":["Cleave","Pummel"],"picked":"Iron Wave","floor":22.0},{"not_picked":["True Grit","Shrug It Off"],"picked":"Impervious","floor":23.0},{"not_picked":["Perfected Strike","Twin Strike"],"picked":"Armaments","floor":25.0},{"not_picked":["Iron Wave","Flame Barrier"],"picked":"True Grit+1","floor":27.0},{"not_picked":["Wild Strike","Armaments","Dual Wield"],"picked":"SKIP","floor":28.0},{"not_picked":["Armaments","True Grit+1"],"picked":"Ghostly Armor+1","floor":29.0},{"not_picked":["Armaments","Perfected Strike"],"picked":"Disarm","floor":31.0},{"not_picked":["Bludgeon","Offering"],"picked":"Juggernaut","floor":33.0},{"not_picked":[],"picked":"Sentinel+1","floor":35.0},{"not_picked":["Spot Weakness"],"picked":"SKIP","floor":37.0},{"not_picked":[],"picked":"Body Slam","floor":38.0},{"not_picked":["Sword Boomerang+1"],"picked":"SKIP","floor":39.0},{"not_picked":["Pummel"],"picked":"SKIP","floor":40.0},{"not_picked":["Cleave+1"],"picked":"Singing Bowl","floor":42.0},{"not_picked":[],"picked":"Iron Wave+1","floor":44.0},{"not_picked":[],"picked":"Fire Breathing+1","floor":45.0},{"not_picked":["Hemokinesis+1"],"picked":"Singing Bowl","floor":48.0},{"not_picked":[],"picked":"Entrench","floor":54.0}],"player_experience":198591,"relics_obtained":[{"floor":8.0,"key":"Tiny Chest"},{"floor":9.0,"key":"Ornamental Fan"},{"floor":23.0,"key":"HornCleat"},{"floor":25.0,"key":"Letter Opener"},{"floor":26.0,"key":"Mango"},{"floor":28.0,"key":"Akabeko"},{"floor":38.0,"key":"FossilizedHelix"},{"floor":40.0,"key":"StoneCalendar"},{"floor":42.0,"key":"Singing Bowl"},{"floor":45.0,"key":"White Beast Statue"},{"floor":46.0,"key":"InkBottle"},{"floor":54.0,"key":"Gremlin Horn"}],"event_choices":[{"damage_healed":0.0,"max_hp_gain":0.0,"max_hp_loss":0.0,"gold_gain":0.0,"event_name":"Living Wall","player_choice":"Grow","floor":2.0,"gold_loss":0.0,"damage_taken":0.0,"cards_upgraded":["Juggernaut"]},{"damage_healed":0.0,"max_hp_gain":0.0,"max_hp_loss":0.0,"gold_gain":0.0,"event_name":"Scrap Ooze","player_choice":"Success","floor":3.0,"gold_loss":0.0,"damage_taken":42.0,"relics_obtained":["Kunai"]},{"cards_removed":["Strike_R"],"damage_healed":0.0,"max_hp_gain":0.0,"max_hp_loss":0.0,"gold_gain":0.0,"event_name":"Golden Wing","player_choice":"Card Removal","floor":4.0,"gold_loss":0.0,"damage_taken":7.0},{"damage_healed":0.0,"max_hp_gain":0.0,"max_hp_loss":0.0,"gold_gain":100.0,"event_name":"Golden Shrine","player_choice":"Pray","floor":5.0,"gold_loss":0.0,"damage_taken":0.0},{"damage_healed":0.0,"max_hp_gain":0.0,"max_hp_loss":0.0,"gold_gain":0.0,"event_name":"Mysterious Sphere","player_choice":"Fight","floor":38.0,"gold_loss":0.0,"damage_taken":0.0}],"is_beta":false,"boss_relics":[{"not_picked":["SacredBark","Tiny House"],"picked":"Mark of Pain"},{"not_picked":["Astrolabe","Snecko Eye"],"picked":"Busted Crown"}],"items_purged_floors":[11,36],"is_endless":false,"potions_floor_spawned":[7,13,16,18,27,31,33,37,38,39,42,44,45,48,54],"killed_by":"The Heart","ascension_level":9}}