{"host":"995ppxxqmb2p2due","time":1612821291,"event":{"mods":["BaseMod","Downfall","Minty Spire (QoL Compilation)","StSLib"],"gold_per_floor":[99,99,99,99,99,99,99,99,99,99,69,19,19,19,19,19,19,19,19,19,19,19,19,19,19,19,19,19,19,19,19,19,19,19],"floor_reached":33,"language":"ENG","playtime":1410,"items_purged":[],"score":326,"play_id":"6297d96a-27d7-4fd7-9d99-b49397c3cc13","local_time":"20210208165451","is_ascension_mode":true,"campfire_choices":[{"data":"Dagger Throw","floor":6,"key":"SMITH"},{"floor":15,"key":"REST"},{"floor":24,"key":"RECALL"},{"data":"Accuracy","floor":27,"key":"SMITH"},{"floor":32,"key":"REST"}],"circlet_count":0,"master_deck":["Strike_G","Strike_G","Strike_G","Strike_G","Strike_G","Defend_G+1","Defend_G","Defend_G","Defend_G","Survivor+1","Neutralize","Sucker Punch","Expertise","Neutralize","Deflect","Dagger Throw+1","Pain","Slice","Deadly Poison","Blur","Poisoned Stab","Blade Dance","Burst","Accuracy+1","downfall:Bewildered","Decay","Quick Slash+1","Accuracy","Infinite Blades","Escape Plan+1"],"relics":["Ectoplasm","WarpedTongs","Snake Skull","CeramicFish","Odd Mushroom","War Paint","HoveringKite","sneckomod:BabySnecko","Thread and Needle","PreservedInsect","Gremlin Horn"],"acts_visited":["Exordium","TheCity"],"potions_floor_usage":[8,13,33,33,33],"damage_taken":[{"damage":2,"enemies":"Jaw Worm","floor":1,"turns":4},{"damage":6,"enemies":"Small Slimes","floor":4,"turns":4},{"damage":2,"enemies":"Cultist","floor":7,"turns":3},{"damage":10,"enemies":"3 Sentries","floor":8,"turns":10},{"damage":28,"enemies":"Gremlin Nob","floor":10,"turns":4},{"damage":2,"enemies":"Looter","floor":11,"turns":3},{"damage":16,"enemies":"The Mushroom Lair","floor":13,"turns":2},{"damage":12,"enemies":"Slime Boss","floor":16,"turns":9},{"damage":14,"enemies":"Chosen","floor":18,"turns":5},{"damage":11,"enemies":"3 Byrds","floor":22,"turns":5},{"damage":2,"enemies":"Gremlin Leader","floor":28,"turns":3},{"damage":25,"enemies":"3 Cultists","floor":29,"turns":6},{"damage":0,"enemies":"Snecko","floor":30,"turns":4},{"damage":39,"enemies":"Collector","floor":33,"turns":8}],"seed_played":"-5943703365337408945","potions_obtained":[{"floor":4,"key":"Slimebound:ThreeZeroPotion"},{"floor":11,"key":"SkillPotion"},{"floor":16,"key":"Dexterity Potion"},{"floor":18,"key":"SkillPotion"},{"floor":22,"key":"CunningPotion"}],"is_trial":false,"path_per_floor":["M","?","?","M","?","R","M","E","T","E","M","$","?","T","R","B",null,"M","?","$","?","M","T","R","?","T","R","E","M","M","?","R","B"],"character_chosen":"THE_SILENT","items_purchased":["hexamod:SoulburnPotion"],"campfire_rested":2,"item_purchase_floors":[12],"current_hp_per_floor":[68,68,68,62,62,62,60,50,50,22,20,20,4,4,25,13,70,56,56,56,56,45,45,45,45,45,45,43,18,18,18,39,0,0],"gold":19,"neow_bonus":"BOSS_RELIC","is_daily":false,"chose_seed":false,"campfire_upgraded":2,"win_rate":0.0,"timestamp":1612821291,"path_taken":["M","?","?","?","?","R","?","E","T","E","M","?","?","?","R","BOSS","M","?","$","?","M","?","R","?","T","R","E","M","M","?","R","BOSS"],"items_purchased_type":["Potion"],"build_version":"2020-12-22","purchased_purges":0,"victory":false,"max_hp_per_floor":[70,70,70,70,70,70,70,70,70,70,70,70,70,70,70,70,70,70,70,70,70,70,70,70,70,70,70,70,70,70,70,70,70,70],"card_choices":[{"not_picked":["Dodge and Roll","Prepared"],"picked":"Sucker Punch","floor":1},{"not_picked":["Leg Sweep","Expertise"],"picked":"Dagger Throw","floor":4},{"not_picked":["Quick Slash","Underhanded Strike"],"picked":"Slice","floor":7},{"not_picked":["Outmaneuver","Well Laid Plans"],"picked":"Deadly Poison","floor":8},{"not_picked":["Predator","Underhanded Strike"],"picked":"Blur","floor":10},{"not_picked":["Acrobatics","Distraction"],"picked":"Poisoned Stab","floor":11},{"not_picked":["Bullet Time","Distraction"],"picked":"Blade Dance","floor":13},{"not_picked":["Storm of Steel","Tools of the Trade"],"picked":"Burst","floor":16},{"not_picked":["Prepared+1","Acrobatics+1"],"picked":"Accuracy","floor":18},{"not_picked":["Leg Sweep","All Out Attack"],"picked":"Quick Slash+1","floor":22},{"not_picked":["Flying Knee","Dash"],"picked":"Infinite Blades","floor":28},{"not_picked":["Footwork","Sucker Punch","Caltrops"],"picked":"SKIP","floor":29},{"not_picked":["Deadly Poison","Dash"],"picked":"Escape Plan+1","floor":30}],"player_experience":123387,"relics_obtained":[{"floor":8,"key":"Snake Skull"},{"floor":10,"key":"CeramicFish"},{"floor":13,"key":"Odd Mushroom"},{"floor":14,"key":"War Paint"},{"floor":23,"key":"Thread and Needle"},{"floor":26,"key":"PreservedInsect"},{"floor":28,"key":"Gremlin Horn"}],"event_choices":[{"damage_healed":0,"gold_gain":0,"cards_transformed":["Defend_G"],"player_choice":"Change","damage_taken":0,"max_hp_gain":0,"max_hp_loss":0,"event_name":"Living Wall","floor":2,"gold_loss":0,"cards_obtained":["Expertise"]},{"damage_healed":0,"gold_gain":0,"player_choice":"2 cards matched","damage_taken":0,"max_hp_gain":0,"max_hp_loss":0,"event_name":"Match and Keep!","floor":3,"gold_loss":0,"cards_obtained":["Neutralize","Deflect"]},{"damage_healed":0,"gold_gain":0,"player_choice":"Rummage","damage_taken":0,"relics_obtained":["WarpedTongs"],"max_hp_gain":0,"max_hp_loss":0,"event_name":"Accursed Blacksmith","floor":5,"gold_loss":0,"cards_obtained":["Pain"]},{"damage_healed":0,"gold_gain":0,"player_choice":"Fought Mushrooms","damage_taken":0,"max_hp_gain":0,"max_hp_loss":0,"event_name":"Mushrooms","floor":13,"gold_loss":0},{"damage_healed":0,"gold_gain":0,"player_choice":"Smashed Altar","damage_taken":0,"max_hp_gain":0,"max_hp_loss":0,"event_name":"Forgotten Altar","floor":21,"gold_loss":0,"cards_obtained":["Decay"]},{"damage_healed":0,"gold_gain":0,"player_choice":"Read","damage_taken":0,"max_hp_gain":0,"max_hp_loss":0,"event_name":"The Library","floor":25,"gold_loss":0,"cards_obtained":["Accuracy"]}],"is_beta":false,"boss_relics":[{"not_picked":["SacredBark","bronze:MakeshiftBattery"],"picked":"HoveringKite"}],"items_purged_floors":[],"is_endless":false,"potions_floor_spawned":[4,11,16,18,22],"killed_by":"Collector","ascension_level":2}}