{"host":"188x3om7sf6mgxv1","time":1612823178,"event":{"mods":["BaseMod","Block Reminder","Jorbs\u0027s Wanderer Trilogy","Minty Spire (QoL Compilation)","Relic Stats","StSLib"],"gold_per_floor":[119,131,145,145,145,189,189,189,239,229,245,283,301,340,340,465,465,480,480,33,57,82,120,120,158,233,358,371,371,0,24,24,152,152,172,195,43,0,19,52,52,96,96,116,157,157,172,197,197,197,197,197,74,109,109],"floor_reached":56,"language":"ENG","playtime":3657,"items_purged":["Strike_G","Parasite"],"score":1699,"play_id":"b2224298-ddc4-4512-a59d-c87948ba1854","local_time":"20210208172618","is_ascension_mode":true,"campfire_choices":[{"data":"Skewer","floor":7.0,"key":"SMITH"},{"data":"Footwork","floor":15.0,"key":"SMITH"},{"data":"Wraith Form v2","floor":24.0,"key":"SMITH"},{"data":"Wraith Form v2","floor":29.0,"key":"SMITH"},{"data":"Noxious Fumes","floor":32.0,"key":"SMITH"},{"data":"Wraith Form v2","floor":41.0,"key":"SMITH"},{"floor":49.0,"key":"RECALL"},{"data":"Catalyst","floor":52.0,"key":"SMITH"}],"circlet_count":0,"master_deck":["Strike_G","Strike_G","Strike_G","Strike_G","Defend_G","Defend_G","Defend_G","Defend_G","Defend_G","Survivor","Neutralize","Skewer+1","Dagger Throw","Backstab","Escape Plan","Leg Sweep","Footwork+1","Wraith Form v2+1","Wraith Form v2+1","Noxious Fumes+1","Backflip+1","PiercingWail","PiercingWail","Riddle With Holes","Crippling Poison","Well Laid Plans","Predator","Bouncing Flask","PiercingWail","Wraith Form v2+1","Leg Sweep","Catalyst+1","Catalyst+1"],"relics":["Ring of the Snake","Nunchaku","Golden Idol","Snake Skull","Anchor","Blood Vial","Bag of Preparation","Toy Ornithopter","Snecko Eye","ClockworkSouvenir","Orichalcum","Sundial","Pantograph","White Beast Statue","Torii","Gremlin Horn","Membership Card","Prayer Wheel","SacredBark","FossilizedHelix","Red Mask","Ancient Tea Set","InkBottle","DollysMirror","Centennial Puzzle"],"acts_visited":["Exordium","TheCity","TheBeyond","TheEnding"],"potions_floor_usage":[55,55,55],"damage_taken":[{"damage":4.0,"enemies":"Small Slimes","floor":1.0,"turns":7.0},{"damage":0.0,"enemies":"2 Louse","floor":2.0,"turns":3.0},{"damage":0.0,"enemies":"Jaw Worm","floor":3.0,"turns":4.0},{"damage":10.0,"enemies":"3 Sentries","floor":6.0,"turns":6.0},{"damage":2.0,"enemies":"Exordium Thugs","floor":10.0,"turns":6.0},{"damage":0.0,"enemies":"Red Slaver","floor":11.0,"turns":2.0},{"damage":9.0,"enemies":"Lagavulin","floor":12.0,"turns":6.0},{"damage":0.0,"enemies":"Blue Slaver","floor":13.0,"turns":1.0},{"damage":0.0,"enemies":"Gremlin Nob","floor":14.0,"turns":2.0},{"damage":45.0,"enemies":"Slime Boss","floor":16.0,"turns":19.0},{"damage":6.0,"enemies":"3 Byrds","floor":18.0,"turns":7.0},{"damage":2.0,"enemies":"Spheric Guardian","floor":21.0,"turns":6.0},{"damage":0.0,"enemies":"Centurion and Healer","floor":22.0,"turns":8.0},{"damage":0.0,"enemies":"Gremlin Leader","floor":23.0,"turns":8.0},{"damage":7.0,"enemies":"Book of Stabbing","floor":25.0,"turns":7.0},{"damage":5.0,"enemies":"Colosseum Slavers","floor":27.0,"turns":6.0},{"damage":0.0,"enemies":"Colosseum Nobs","floor":27.0,"turns":6.0},{"damage":0.0,"enemies":"Snake Plant","floor":28.0,"turns":5.0},{"damage":0.0,"enemies":"Sentry and Sphere","floor":31.0,"turns":5.0},{"damage":0.0,"enemies":"Collector","floor":33.0,"turns":10.0},{"damage":0.0,"enemies":"3 Darklings","floor":35.0,"turns":4.0},{"damage":1.0,"enemies":"Orb Walker","floor":36.0,"turns":5.0},{"damage":0.0,"enemies":"Transient","floor":39.0,"turns":5.0},{"damage":0.0,"enemies":"Nemesis","floor":40.0,"turns":6.0},{"damage":0.0,"enemies":"Giant Head","floor":42.0,"turns":11.0},{"damage":0.0,"enemies":"Sphere and 2 Shapes","floor":44.0,"turns":5.0},{"damage":0.0,"enemies":"Nemesis","floor":45.0,"turns":7.0},{"damage":0.0,"enemies":"Writhing Mass","floor":47.0,"turns":7.0},{"damage":0.0,"enemies":"Maw","floor":48.0,"turns":7.0},{"damage":6.0,"enemies":"Time Eater","floor":50.0,"turns":13.0},{"damage":0.0,"enemies":"Shield and Spear","floor":54.0,"turns":9.0},{"damage":0,"enemies":"The Heart","floor":55,"turns":8}],"seed_played":"-6201119492336623648","potions_obtained":[{"floor":1.0,"key":"Weak Potion"},{"floor":3.0,"key":"Explosive Potion"},{"floor":6.0,"key":"DuplicationPotion"},{"floor":11.0,"key":"Poison Potion"},{"floor":12.0,"key":"FearPotion"},{"floor":21.0,"key":"Swift Potion"},{"floor":23.0,"key":"CultistPotion"},{"floor":27.0,"key":"AttackPotion"},{"floor":28.0,"key":"PowerPotion"},{"floor":33.0,"key":"SpeedPotion"},{"floor":45.0,"key":"CultistPotion"},{"floor":54.0,"key":"Dexterity Potion"}],"is_trial":false,"path_per_floor":["M","M","M","?","?","E","R","?","T","M","M","E","M","E","R","B",null,"M","?","$","M","M","E","R","E","T","?","M","R","$","M","R","B",null,"M","M","$","?","M","E","R","E","T","M","E","?","M","M","R","B",null,"R","$","E","B",null],"character_chosen":"THE_SILENT","items_purchased":["Noxious Fumes","ClockworkSouvenir","Orichalcum","Membership Card","Crippling Poison","Well Laid Plans","Prayer Wheel","FossilizedHelix","DollysMirror"],"campfire_rested":0,"item_purchase_floors":[20,20,20,30,30,30,30,37,53],"current_hp_per_floor":[66,66,66,66,65,55,55,48,48,48,50,43,45,47,47,4,65,59,59,59,59,61,65,65,58,58,62,64,64,64,65,65,65,65,65,64,64,64,65,65,65,65,65,65,65,65,65,65,65,59,65,65,62,62,62],"gold":109,"neow_bonus":"RANDOM_COMMON_RELIC","is_daily":false,"chose_seed":false,"campfire_upgraded":7,"win_rate":0.0,"timestamp":1612823178,"path_taken":["M","M","M","?","?","E","R","?","T","?","M","E","M","E","R","BOSS","M","?","$","M","?","E","R","E","T","?","M","R","$","M","R","BOSS","M","M","$","?","M","E","R","E","T","M","E","?","?","M","R","BOSS","R","$","E","BOSS"],"items_purchased_type":["Card","Relic","Relic","Relic","Card","Card","Relic","Relic","Relic"],"build_version":"2020-12-22","purchased_purges":2,"victory":true,"max_hp_per_floor":[70,70,70,70,65,65,65,65,65,65,65,65,65,65,65,65,65,65,65,65,65,65,65,65,65,65,65,65,65,65,65,65,65,65,65,65,65,65,65,65,65,65,65,65,65,65,65,65,65,65,65,65,62,62,62],"relic_stats":{"Torii":0,"Gremlin Horn":[7,7],"counters":[32,211],"Golden Idol":255,"Snake Skull":[228],"Bag of Preparation":[28],"Orichalcum":[390],"Blood Vial":26,"Nunchaku":[29],"Centennial Puzzle":[0],"Sundial":[22],"Pantograph":0,"Snecko Eye":[300,292,286,307],"Prayer Wheel":7,"obtain_stats":[{"Torii":27,"Gremlin Horn":27,"SacredBark":34,"Snake Skull":6,"Bag of Preparation":12,"Ancient Tea Set":42,"ClockworkSouvenir":20,"Blood Vial":9,"Nunchaku":0,"Centennial Puzzle":54,"Sundial":23,"DollysMirror":53,"Pantograph":25,"Prayer Wheel":30,"Red Mask":38,"InkBottle":45,"Ring of the Snake":0,"Golden Idol":5,"Orichalcum":20,"White Beast Statue":26,"Anchor":8,"Snecko Eye":17,"Membership Card":30,"Toy Ornithopter":14,"FossilizedHelix":37},{"Torii":17,"Gremlin Horn":17,"SacredBark":20,"Snake Skull":4,"Bag of Preparation":7,"Ancient Tea Set":25,"ClockworkSouvenir":11,"Blood Vial":4,"Nunchaku":0,"Centennial Puzzle":31,"Sundial":14,"DollysMirror":30,"Pantograph":15,"Prayer Wheel":18,"Red Mask":22,"InkBottle":27,"Ring of the Snake":0,"Golden Idol":3,"Orichalcum":11,"White Beast Statue":15,"Anchor":4,"Snecko Eye":10,"Membership Card":18,"Toy Ornithopter":9,"FossilizedHelix":22},{"Torii":104,"Gremlin Horn":104,"SacredBark":124,"Snake Skull":20,"Bag of Preparation":34,"Ancient Tea Set":155,"ClockworkSouvenir":63,"Blood Vial":20,"Nunchaku":0,"Centennial Puzzle":203,"Sundial":85,"DollysMirror":194,"Pantograph":92,"Prayer Wheel":109,"Red Mask":133,"InkBottle":167,"Ring of the Snake":0,"Golden Idol":14,"Orichalcum":63,"White Beast Statue":92,"Anchor":20,"Snecko Eye":56,"Membership Card":109,"Toy Ornithopter":37,"FossilizedHelix":133}],"Toy Ornithopter":7,"InkBottle":[12],"Ring of the Snake":[64]},"card_choices":[{"not_picked":["Tactician","Flying Knee"],"picked":"Skewer","floor":1.0},{"not_picked":["Prepared","Underhanded Strike"],"picked":"Dagger Throw","floor":2.0},{"not_picked":["Endless Agony","Dagger Throw"],"picked":"Backstab","floor":3.0},{"not_picked":["Flechettes","Underhanded Strike","Flying Knee"],"picked":"SKIP","floor":6.0},{"not_picked":["Outmaneuver","Flechettes","Acrobatics"],"picked":"SKIP","floor":10.0},{"not_picked":["Eviscerate","Dagger Spray"],"picked":"Escape Plan","floor":11.0},{"not_picked":["After Image","Bane","Endless Agony"],"picked":"SKIP","floor":12.0},{"not_picked":["Backstab","Dodge and Roll"],"picked":"Leg Sweep","floor":13.0},{"not_picked":["Slice","Terror"],"picked":"Footwork","floor":14.0},{"not_picked":["Phantasmal Killer","Night Terror"],"picked":"Wraith Form v2","floor":16.0},{"not_picked":["Slice","Outmaneuver","Endless Agony"],"picked":"SKIP","floor":18.0},{"not_picked":["Bane","Acrobatics"],"picked":"Backflip+1","floor":21.0},{"not_picked":["Dagger Throw","Dagger Spray+1"],"picked":"PiercingWail","floor":22.0},{"not_picked":["Bane","Tactician","Dodge and Roll"],"picked":"SKIP","floor":23.0},{"not_picked":["Endless Agony","Tactician+1","Underhanded Strike"],"picked":"SKIP","floor":25.0},{"not_picked":["Caltrops","Dagger Spray"],"picked":"PiercingWail","floor":27.0},{"not_picked":["A Thousand Cuts","Deflect"],"picked":"Riddle With Holes","floor":28.0},{"not_picked":["Reflex","Dodge and Roll"],"picked":"Predator","floor":31.0},{"not_picked":["Blur","Blade Dance","Underhanded Strike+1"],"picked":"SKIP","floor":31.0},{"not_picked":["Choke+1","Distraction"],"picked":"Bouncing Flask","floor":35.0},{"not_picked":["Flying Knee","Infinite Blades","Underhanded Strike"],"picked":"SKIP","floor":35.0},{"not_picked":["Eviscerate","Distraction+1","Bane"],"picked":"SKIP","floor":36.0},{"not_picked":["Bane+1","Flying Knee","Caltrops+1"],"picked":"SKIP","floor":36.0},{"not_picked":["Bane","Sucker Punch+1"],"picked":"PiercingWail","floor":39.0},{"not_picked":["Calculated Gamble","Escape Plan+1","Dagger Throw+1"],"picked":"SKIP","floor":39.0},{"not_picked":["Riddle With Holes+1","Deflect+1"],"picked":"Wraith Form v2","floor":40.0},{"not_picked":["All Out Attack+1","Bane"],"picked":"Leg Sweep","floor":42.0},{"not_picked":["Terror+1","Quick Slash","Slice+1"],"picked":"SKIP","floor":44.0},{"not_picked":["Acrobatics","Blur","Choke+1"],"picked":"SKIP","floor":44.0},{"not_picked":["Poisoned Stab+1","Reflex+1"],"picked":"Catalyst","floor":45.0},{"not_picked":["Terror+1","Predator+1","Adrenaline"],"picked":"SKIP","floor":47.0},{"not_picked":["Blur","Poisoned Stab+1","All Out Attack+1"],"picked":"SKIP","floor":47.0},{"not_picked":["Distraction","Dagger Spray+1","Underhanded Strike+1"],"picked":"SKIP","floor":48.0},{"not_picked":["Predator","Dagger Throw","Slice+1"],"picked":"SKIP","floor":48.0},{"not_picked":["Dodge and Roll","After Image","Dagger Spray"],"picked":"SKIP","floor":54.0}],"player_experience":34464,"relics_obtained":[{"floor":6.0,"key":"Snake Skull"},{"floor":9.0,"key":"Blood Vial"},{"floor":12.0,"key":"Bag of Preparation"},{"floor":14.0,"key":"Toy Ornithopter"},{"floor":23.0,"key":"Sundial"},{"floor":25.0,"key":"Pantograph"},{"floor":26.0,"key":"White Beast Statue"},{"floor":27.0,"key":"Torii"},{"floor":27.0,"key":"Gremlin Horn"},{"floor":42.0,"key":"Ancient Tea Set"},{"floor":45.0,"key":"InkBottle"},{"floor":54.0,"key":"Centennial Puzzle"}],"event_choices":[{"damage_healed":0.0,"max_hp_gain":0.0,"max_hp_loss":0.0,"gold_gain":0.0,"event_name":"Liars Game","player_choice":"Ignored","floor":4.0,"gold_loss":0.0,"damage_taken":0.0},{"damage_healed":0.0,"max_hp_gain":0.0,"max_hp_loss":5.0,"gold_gain":0.0,"event_name":"Golden Idol","player_choice":"Lose Max HP","floor":5.0,"gold_loss":0.0,"damage_taken":0.0,"relics_obtained":["Golden Idol"]},{"damage_healed":0.0,"max_hp_gain":0.0,"max_hp_loss":0.0,"gold_gain":0.0,"event_name":"Scrap Ooze","player_choice":"Success","floor":8.0,"gold_loss":0.0,"damage_taken":7.0,"relics_obtained":["Anchor"]},{"damage_healed":0.0,"max_hp_gain":0.0,"max_hp_loss":0.0,"gold_gain":0.0,"event_name":"Duplicator","player_choice":"Copied","floor":19.0,"gold_loss":0.0,"damage_taken":0.0,"cards_obtained":["Wraith Form v2"]},{"damage_healed":0.0,"max_hp_gain":0.0,"max_hp_loss":0.0,"gold_gain":0.0,"event_name":"Colosseum","player_choice":"Fight","floor":27.0,"gold_loss":0.0,"damage_taken":0.0},{"damage_healed":0.0,"max_hp_gain":0.0,"max_hp_loss":0.0,"gold_gain":0.0,"event_name":"Colosseum","player_choice":"Fought Nobs","floor":27.0,"gold_loss":0.0,"damage_taken":0.0},{"damage_healed":0.0,"max_hp_gain":0.0,"max_hp_loss":0.0,"gold_gain":0.0,"event_name":"Tomb of Lord Red Mask","player_choice":"Paid","floor":38.0,"gold_loss":43.0,"damage_taken":0.0,"relics_obtained":["Red Mask"]},{"damage_healed":0.0,"max_hp_gain":0.0,"max_hp_loss":0.0,"gold_gain":0.0,"event_name":"WeMeetAgain","player_choice":"Ignored","floor":46.0,"gold_loss":0.0,"damage_taken":0.0}],"is_beta":false,"boss_relics":[{"not_picked":["Ring of the Serpent","Runic Dome"],"picked":"Snecko Eye"},{"not_picked":["SlaversCollar","HoveringKite"],"picked":"SacredBark"}],"items_purged_floors":[20,53],"is_endless":false,"potions_floor_spawned":[1,3,6,11,12,21,23,27,27,28,31,33,35,36,39,40,42,44,45,47,48,54],"ascension_level":2}}