{"host":"utqe55yv0jihe4d6","time":1612757818,"event":{"mods":["2.2 Compatiblity","AchievementEnabler","BaseMod","Block Reminder","Colored Map","Colored Powertips","Minty Spire (QoL Compilation)","Quick Restart","Rare Cards Sparkle","Relic Stats","SuperFastMode"],"gold_per_floor":[18,18,36,52,52,52,79,92,139,167,177,177,17,32,32,103,103,123,138,63,63,91,91,119,19,100,114,114,143,143,157,157,157,157],"floor_reached":33,"language":"ENG","playtime":945,"items_purged":["Strike_G","Strike_G"],"score":640,"play_id":"b687f363-6e4e-4840-9d78-a15d56abfeab","local_time":"20210207231658","is_ascension_mode":true,"campfire_choices":[{"data":"Blade Dance","floor":6.0,"key":"SMITH"},{"floor":12.0,"key":"REST"},{"data":"Infinite Blades","floor":15,"key":"SMITH"},{"data":"Adrenaline","floor":23,"key":"SMITH"},{"floor":28,"key":"REST"},{"data":"Catalyst","floor":30,"key":"SMITH"},{"data":"Concentrate","floor":32,"key":"SMITH"}],"circlet_count":0,"master_deck":["AscendersBane","Strike_G","Defend_G","Defend_G","Defend_G","Defend_G","Defend_G","Survivor","Neutralize+1","Blade Dance+1","Choke","Flying Knee","Terror","Poisoned Stab","Dagger Spray","Catalyst+1","Infinite Blades+1","Adrenaline+1","PiercingWail","Predator","Flechettes","Prepared","Corpse Explosion","Deadly Poison","Quick Slash","Blade Dance+1","Concentrate+1"],"relics":["Ring of the Snake","Torii","Darkstone Periapt","Snake Skull","Orichalcum","Bag of Marbles","Runic Pyramid","Red Mask","CaptainsWheel","Pantograph","Bag of Preparation"],"acts_visited":["Exordium","TheCity"],"potions_floor_usage":[29,33,33,33,33],"damage_taken":[{"damage":1.0,"enemies":"Jaw Worm","floor":1.0,"turns":6.0},{"damage":0.0,"enemies":"2 Louse","floor":3.0,"turns":3.0},{"damage":1.0,"enemies":"Small Slimes","floor":4.0,"turns":3.0},{"damage":11.0,"enemies":"3 Sentries","floor":7.0,"turns":6.0},{"damage":1.0,"enemies":"Blue Slaver","floor":8.0,"turns":2.0},{"damage":20.0,"enemies":"Gremlin Nob","floor":10.0,"turns":4.0},{"damage":1.0,"enemies":"Looter","floor":11.0,"turns":3.0},{"damage":11,"enemies":"Large Slime","floor":14,"turns":3},{"damage":12,"enemies":"Hexaghost","floor":16,"turns":8},{"damage":13,"enemies":"Chosen","floor":18,"turns":4},{"damage":9,"enemies":"Shell Parasite","floor":19,"turns":4},{"damage":1,"enemies":"Masked Bandits","floor":22,"turns":3},{"damage":4,"enemies":"Gremlin Leader","floor":24,"turns":6},{"damage":8,"enemies":"Centurion and Healer","floor":27,"turns":5},{"damage":2,"enemies":"Book of Stabbing","floor":29,"turns":4},{"damage":0,"enemies":"Snake Plant","floor":31,"turns":4},{"damage":72,"enemies":"Champ","floor":33,"turns":8}],"seed_played":"1852144902328325631","potions_obtained":[{"floor":1.0,"key":"DistilledChaos"},{"floor":4.0,"key":"GamblersBrew"},{"floor":10.0,"key":"Explosive Potion"},{"floor":24,"key":"EntropicBrew"},{"floor":29,"key":"ColorlessPotion"},{"floor":31,"key":"DistilledChaos"}],"is_trial":false,"path_per_floor":["M","?","M","M","?","R","E","M","T","E","M","R","$","M","R","B",null,"M","M","$","?","?","R","E","$","T","M","R","E","R","M","R","B"],"character_chosen":"THE_SILENT","items_purchased":["Bag of Marbles"],"campfire_rested":2,"item_purchase_floors":[13],"current_hp_per_floor":[58,58,58,57,62,62,51,50,50,30,29,50,50,39,39,27,60,47,38,38,38,37,37,33,33,33,25,46,44,44,44,44,0,0],"gold":157,"neow_bonus":"ONE_RARE_RELIC","is_daily":false,"chose_seed":false,"campfire_upgraded":5,"win_rate":0.0,"timestamp":1612757818,"path_taken":["M","?","M","M","?","R","E","M","T","E","M","R","$","M","R","BOSS","M","M","$","?","?","R","E","$","T","M","R","E","R","M","R","BOSS"],"items_purchased_type":["Relic"],"build_version":"2020-12-22","purchased_purges":2,"victory":false,"max_hp_per_floor":[66,66,66,66,71,71,71,71,71,71,71,71,71,71,71,71,71,71,71,71,71,71,71,71,71,71,71,71,71,71,71,71,71,71],"relic_stats":{"Darkstone Periapt":0,"Torii":47,"counters":[17,76],"Pantograph":25,"Snake Skull":[21],"Bag of Preparation":[4],"Orichalcum":[114],"obtain_stats":[{"Darkstone Periapt":7,"CaptainsWheel":24,"Torii":0,"Pantograph":26,"Snake Skull":9,"Bag of Marbles":13,"Red Mask":22,"Bag of Preparation":29,"Orichalcum":10,"Ring of the Snake":0,"Runic Pyramid":17},{"Darkstone Periapt":4,"CaptainsWheel":13,"Torii":0,"Pantograph":13,"Snake Skull":5,"Bag of Marbles":7,"Red Mask":12,"Bag of Preparation":15,"Orichalcum":6,"Ring of the Snake":0,"Runic Pyramid":9},{"Darkstone Periapt":18,"CaptainsWheel":55,"Torii":0,"Pantograph":55,"Snake Skull":20,"Bag of Marbles":27,"Red Mask":49,"Bag of Preparation":64,"Orichalcum":24,"Ring of the Snake":0,"Runic Pyramid":38}],"Ring of the Snake":[34]},"card_choices":[{"not_picked":["Infinite Blades","Calculated Gamble"],"picked":"Blade Dance","floor":1.0},{"not_picked":["Underhanded Strike","Cloak And Dagger"],"picked":"Choke","floor":3.0},{"not_picked":["Acrobatics","Well Laid Plans"],"picked":"Flying Knee","floor":4.0},{"not_picked":["Blur","Reflex"],"picked":"Terror","floor":7.0},{"not_picked":["All Out Attack","Prepared"],"picked":"Poisoned Stab","floor":8.0},{"not_picked":["Poisoned Stab","Bane"],"picked":"Dagger Spray","floor":10.0},{"not_picked":["Bane","Cloak And Dagger"],"picked":"Catalyst","floor":11.0},{"not_picked":["Sucker Punch","Outmaneuver"],"picked":"Infinite Blades","floor":14},{"not_picked":["Doppelganger","A Thousand Cuts"],"picked":"Adrenaline","floor":16},{"not_picked":["Outmaneuver","Quick Slash"],"picked":"PiercingWail","floor":18},{"not_picked":["Slice","Acrobatics"],"picked":"Predator","floor":19},{"not_picked":["Dagger Throw","Deflect+1"],"picked":"Corpse Explosion","floor":22},{"not_picked":["Concentrate+1","Quick Slash"],"picked":"Deadly Poison","floor":24},{"not_picked":["Well Laid Plans","Underhanded Strike"],"picked":"Quick Slash","floor":27},{"not_picked":["Underhanded Strike","Dash"],"picked":"Blade Dance+1","floor":29},{"not_picked":["Concentrate","Blade Dance","All Out Attack"],"picked":"SKIP","floor":31},{"not_picked":["Blade Dance","All Out Attack"],"picked":"Concentrate","floor":31}],"player_experience":3063979,"relics_obtained":[{"floor":7.0,"key":"Darkstone Periapt"},{"floor":9.0,"key":"Snake Skull"},{"floor":10.0,"key":"Orichalcum"},{"floor":22,"key":"Red Mask"},{"floor":24,"key":"CaptainsWheel"},{"floor":26,"key":"Pantograph"},{"floor":29,"key":"Bag of Preparation"}],"event_choices":[{"damage_healed":0.0,"max_hp_gain":0.0,"max_hp_loss":0.0,"gold_gain":0.0,"event_name":"Living Wall","player_choice":"Grow","floor":2.0,"gold_loss":0.0,"damage_taken":0.0,"cards_upgraded":["Neutralize"]},{"damage_healed":0.0,"max_hp_gain":5.0,"max_hp_loss":0.0,"gold_gain":0.0,"event_name":"Big Fish","player_choice":"Donut","floor":5.0,"gold_loss":0.0,"damage_taken":0.0},{"damage_healed":0,"gold_gain":0,"cards_transformed":["Strike_G","Strike_G"],"player_choice":"Became Test Subject","damage_taken":0,"max_hp_gain":0,"max_hp_loss":0,"event_name":"Drug Dealer","floor":21,"gold_loss":0,"cards_obtained":["Flechettes","Prepared"]},{"damage_healed":0,"gold_gain":0,"player_choice":"Fought Bandits","damage_taken":0,"max_hp_gain":0,"max_hp_loss":0,"event_name":"Masked Bandits","floor":22,"gold_loss":0}],"is_beta":false,"boss_relics":[{"not_picked":["Pandora\u0027s Box","Empty Cage"],"picked":"Runic Pyramid"}],"items_purged_floors":[20,25],"is_endless":false,"potions_floor_spawned":[1,4,10,14,24,29,31],"killed_by":"Champ","ascension_level":20}}