{"host":"bakf0s4odzu8z5xt","time":1612765780,"event":{"mods":["2.2 Compatiblity","BaseMod","Downfall","Friendly Minions","Minty Spire (QoL Compilation)","StSLib"],"gold_per_floor":[99,119,131,144,158,158,158,158,158,66,66,101,1,26,43,139,139,39,55,55,75,94,94,119,19,38,54,67,67,52,81,101,206,206,206,219,231,243,179,179,253,279,279,329,329,329,329,429,442,442,442,467,17,17,17,17],"floor_reached":57,"language":"ENG","playtime":5744,"items_purged":["Slimebound:Defend_Slimebound"],"score":1258,"play_id":"8728d771-20de-495f-ad52-14edf0e31b4e","local_time":"20210208002940","is_ascension_mode":true,"campfire_choices":[{"floor":1.0,"key":"RECALL"},{"data":"Slimebound:Strike_Slimebound","floor":9.0,"key":"PURGE"},{"data":"Slimebound:Strike_Slimebound","floor":11.0,"key":"PURGE"},{"data":"Slimebound:GrowthPunch","floor":13.0,"key":"SMITH"},{"data":"Slimebound:PrepareCrush","floor":18.0,"key":"PURGE"},{"data":"Slimebound:CorrosiveSpit","floor":23.0,"key":"SMITH"},{"data":"Slimebound:Gluttony","floor":25.0,"key":"SMITH"},{"data":"Slimebound:Schlurp","floor":29.0,"key":"SMITH"},{"data":"Slimebound:DouseInSlime","floor":35.0,"key":"SMITH"},{"data":"Slimebound:AcidTongue","floor":40.0,"key":"SMITH"},{"data":"Slimebound:TongueLash","floor":43.0,"key":"SMITH"},{"data":"Slimebound:Schlurp","floor":47.0,"key":"SMITH"},{"floor":54,"key":"REST"}],"circlet_count":0,"master_deck":["Slimebound:Tackle+1","Slimebound:Defend_Slimebound","Slimebound:Defend_Slimebound","Slimebound:CorrosiveSpit+1","Slimebound:Schlurp+1","Slimebound:LeechingTouch","Slimebound:LeechEnergy","Slimebound:SpikyOuterGoop","Slimebound:GrowthPunch+1","Slimebound:Gluttony+1","Slimebound:TongueLash+1","Slimebound:RollThrough","Slimebound:GoopSpray","Slimebound:SpikyOuterGoop","Slimebound:Replication+1","Slimebound:MegaLick+1","Slimebound:ComboTackle","Slimebound:LeechEnergy+1","Slimebound:LeechEnergy","Slimebound:LeadByExample+1","Slimebound:DouseInSlime+1","Slimebound:MegaLick+1","Slimebound:Schlurp+1","Slimebound:RainOfGoop+1","Slimebound:LivingWall+1","Slimebound:AcidTongue+1","Slimebound:ViciousTackle","Slimebound:LeechingTouch","Slimebound:GoopSpray+1","Slimebound:HungryTackle","expansioncontent:Chronoboost","Slimebound:GrowthPunch+1","Slimebound:SplitMire","Slimebound:Recycling","Slimebound:Schlurp+1"],"relics":["Slimebound:AbsorbEndCombat","Slimebound:ScrapOozeRelic","Peace Pipe","Bird Faced Urn","downfall:HeartBlessingRed","Toy Ornithopter","Philosopher\u0027s Stone","downfall:HeartBlessingGreen","downfall:HeartBlessingBlue","hexamod:BolsterEngine","Empty Cage","champ:Barbells","Shuriken","Juzu Bracelet","Guardian:GemstoneGun","InkBottle","Orichalcum"],"acts_visited":["Exordium","TheCity","TheBeyond","TheEnding"],"potions_floor_usage":[55,55],"damage_taken":[{"damage":0.0,"enemies":"Cultist","floor":2.0,"turns":4.0},{"damage":0.0,"enemies":"Small Slimes","floor":3.0,"turns":2.0},{"damage":1.0,"enemies":"Jaw Worm","floor":4.0,"turns":3.0},{"damage":0.0,"enemies":"Exordium Wildlife","floor":5.0,"turns":3.0},{"damage":0.0,"enemies":"downfall:FleeingMerchant","floor":10.0,"turns":4.0},{"damage":5.0,"enemies":"Lagavulin","floor":12.0,"turns":6.0},{"damage":9.0,"enemies":"Gremlin Nob","floor":14.0,"turns":3.0},{"damage":7.0,"enemies":"Large Slime","floor":15.0,"turns":4.0},{"damage":17.0,"enemies":"WA_ARCHETYPE_RETAIN","floor":16.0,"turns":8.0},{"damage":2.0,"enemies":"Shell Parasite","floor":19.0,"turns":4.0},{"damage":0.0,"enemies":"3 Byrds","floor":21.0,"turns":4.0},{"damage":13.0,"enemies":"Snake Plant","floor":22.0,"turns":4.0},{"damage":4.0,"enemies":"Centurion and Healer","floor":26.0,"turns":5.0},{"damage":0.0,"enemies":"Snecko","floor":27.0,"turns":5.0},{"damage":2.0,"enemies":"3 Cultists","floor":28.0,"turns":4.0},{"damage":0.0,"enemies":"downfall:FleeingMerchant","floor":30.0,"turns":4.0},{"damage":6.0,"enemies":"Gremlin Leader","floor":31.0,"turns":6.0},{"damage":0.0,"enemies":"Cultist and Chosen","floor":32.0,"turns":4.0},{"damage":11.0,"enemies":"SI_MIRROR_ARCHETYPE","floor":33.0,"turns":8.0},{"damage":0.0,"enemies":"Orb Walker","floor":36.0,"turns":2.0},{"damage":3.0,"enemies":"3 Darklings","floor":37.0,"turns":3.0},{"damage":0.0,"enemies":"Transient","floor":38.0,"turns":5.0},{"damage":3.0,"enemies":"downfall:FleeingMerchant","floor":39.0,"turns":4.0},{"damage":18.0,"enemies":"Reptomancer","floor":42.0,"turns":4.0},{"damage":3.0,"enemies":"Reptomancer","floor":44.0,"turns":4.0},{"damage":39.0,"enemies":"Spire Growth","floor":49.0,"turns":4.0},{"damage":30,"enemies":"IC_BLOCK_ARCHETYPE","floor":50,"turns":9},{"damage":71,"enemies":"downfall:CharBossMerchant","floor":52,"turns":8},{"damage":7,"enemies":"downfall:NeowBoss","floor":55,"turns":15},{"damage":64,"enemies":"downfall:NeowBossFinal","floor":56,"turns":9}],"seed_played":"-9166189369121107419","potions_obtained":[{"floor":3.0,"key":"SpeedPotion"},{"floor":14.0,"key":"AttackPotion"},{"floor":15.0,"key":"Block Potion"},{"floor":16.0,"key":"Fire Potion"},{"floor":21.0,"key":"hexamod:SoulburnPotion"},{"floor":22.0,"key":"EntropicBrew"},{"floor":26.0,"key":"GamblersBrew"},{"floor":28.0,"key":"PowerPotion"},{"floor":31.0,"key":"AttackPotion"},{"floor":36.0,"key":"Fire Potion"},{"floor":37.0,"key":"sneckomod:MuddlingPotion"}],"is_trial":false,"path_per_floor":["R","M","M","M","M","?","T","?","R","$","R","E","R","E","M","B",null,"R","M","?","M","M","R","T","R","M","M","M","R","$","E","M","B",null,"R","M","M","M","$","R","T","E","R","?","?","?","R","?","M","B",null,"E","$","R","B","B",null],"character_chosen":"SLIMEBOUND","items_purchased":["Slimebound:Gluttony","champ:Barbells","Slimebound:AcidTongue","Slimebound:ViciousTackle","Slimebound:LeechingTouch","Slimebound:Recycling","Orichalcum","Regen Potion","Slimebound:Schlurp","SkillPotion"],"campfire_rested":1,"item_purchase_floors":[10,39,39,39,39,53,53,53,53,53],"current_hp_per_floor":[65,65,65,65,65,65,65,65,65,65,65,64,64,60,63,63,65,65,65,65,65,59,59,59,69,71,75,75,75,75,71,75,75,75,75,75,72,75,75,75,75,65,65,75,75,75,75,75,49,37,75,8,8,30,70,21],"gold":17,"neow_bonus":"RANDOM_COMMON_RELIC","is_daily":false,"chose_seed":false,"campfire_upgraded":8,"win_rate":0.0,"timestamp":1612765780,"path_taken":["R","M","M","M","M","?","T","?","R","$","R","E","R","E","M","BOSS","R","M","?","M","M","R","T","R","M","M","M","R","$","E","M","BOSS","R","M","M","M","$","R","T","E","R","?","?","?","R","?","M","BOSS","E","$","R","BOSS","BOSS"],"items_purchased_type":["Card","Relic","Card","Card","Card","Card","Relic","Potion","Card","Potion"],"build_version":"2020-12-22","purchased_purges":1,"victory":true,"max_hp_per_floor":[65,65,65,65,65,65,65,65,65,65,65,65,65,65,65,65,65,65,65,65,65,65,65,65,75,75,75,75,75,75,75,75,75,75,75,75,75,75,75,75,75,75,75,75,75,75,75,75,75,75,75,75,75,75,75,75],"card_choices":[{"not_picked":["Slimebound:FinishingTackle","Slimebound:SplitMire"],"picked":"Slimebound:Schlurp","floor":2.0},{"not_picked":["Slimebound:Nibble","Slimebound:PressTheAttack"],"picked":"Slimebound:LeechingTouch","floor":3.0},{"not_picked":["Slimebound:PressTheAttack","Slimebound:SlimeSpikes"],"picked":"Slimebound:LeechEnergy","floor":4.0},{"not_picked":["Slimebound:SplitSpecialist","Slimebound:FormOfPuddle"],"picked":"Slimebound:SpikyOuterGoop","floor":5.0},{"not_picked":["Slimebound:GoopSpray","Slimebound:Nibble"],"picked":"Slimebound:GrowthPunch","floor":10.0},{"not_picked":["Slimebound:Nibble","Slimebound:LivingWall"],"picked":"Slimebound:TongueLash","floor":12.0},{"not_picked":["Slimebound:ProtectTheBoss","Slimebound:MassFeed","Slimebound:RollThrough"],"picked":"SKIP","floor":14.0},{"not_picked":["Slimebound:ProtectTheBoss","Slimebound:MassFeed"],"picked":"Slimebound:RollThrough","floor":14.0},{"not_picked":["Slimebound:PressTheAttack","Slimebound:DivideAndConquer"],"picked":"Slimebound:GoopSpray","floor":15.0},{"not_picked":["Slimebound:RallyTheTroops","Slimebound:MassFeed"],"picked":"Slimebound:PrepareCrush","floor":16.0},{"not_picked":["Slimebound:LeechEnergy","Slimebound:FlameTackle"],"picked":"Slimebound:SpikyOuterGoop","floor":19.0},{"not_picked":["Slimebound:SlimeSpikes","Slimebound:GoopSpray"],"picked":"Slimebound:Replication","floor":21.0},{"not_picked":["Slimebound:RollThrough+1","Slimebound:GoopTackle","Slimebound:Repurpose+1"],"picked":"SKIP","floor":22.0},{"not_picked":["Slimebound:Chomp","Slimebound:SlimeSpikes","Slimebound:FlameTackle"],"picked":"SKIP","floor":26.0},{"not_picked":["Slimebound:SlimeSpikes","Slimebound:DisruptingSlam+1"],"picked":"Slimebound:MegaLick","floor":27.0},{"not_picked":["Slimebound:DivideAndConquer","Slimebound:LivingWall"],"picked":"Slimebound:ComboTackle","floor":28.0},{"not_picked":["Slimebound:MegaLick","Slimebound:RollThrough"],"picked":"Slimebound:LeechEnergy","floor":30.0},{"not_picked":["Slimebound:Replication","Slimebound:RollThrough"],"picked":"Slimebound:LeechEnergy","floor":31.0},{"not_picked":["Slimebound:SlimeSpikes","Slimebound:GrowthPunch"],"picked":"Slimebound:LeadByExample+1","floor":32.0},{"not_picked":["Slimebound:MassRepurpose","Slimebound:RallyTheTroops"],"picked":"Slimebound:DouseInSlime","floor":33.0},{"not_picked":["Slimebound:ProtectTheBoss","Slimebound:RollThrough+1"],"picked":"Slimebound:MegaLick+1","floor":36.0},{"not_picked":["Slimebound:SplitMire","Slimebound:FinishingTackle+1"],"picked":"Slimebound:Schlurp","floor":37.0},{"not_picked":["Slimebound:ComboTackle+1","Slimebound:ViciousTackle"],"picked":"Slimebound:RainOfGoop+1","floor":38.0},{"not_picked":["Slimebound:RainOfGoop","Slimebound:ProtectTheBoss"],"picked":"Slimebound:LivingWall+1","floor":39.0},{"not_picked":["Slimebound:MegaLick","Slimebound:SplitSpecialist+1"],"picked":"Slimebound:GoopSpray+1","floor":42.0},{"not_picked":["Slimebound:ViciousTackle","Slimebound:ForwardTackle"],"picked":"Slimebound:HungryTackle","floor":44.0},{"not_picked":["expansioncontent:PolyBeam","expansioncontent:AwakenDeath"],"picked":"expansioncontent:Chronoboost","floor":46.0},{"not_picked":["Slimebound:ItLooksTasty+1","Slimebound:Repurpose+1"],"picked":"Slimebound:GrowthPunch+1","floor":49.0},{"not_picked":["Slimebound:FirmFortitude","Slimebound:Replication+1"],"picked":"Slimebound:SplitMire","floor":52}],"player_experience":2109774,"relics_obtained":[{"floor":7.0,"key":"Peace Pipe"},{"floor":12.0,"key":"Bird Faced Urn"},{"floor":14.0,"key":"Toy Ornithopter"},{"floor":31.0,"key":"hexamod:BolsterEngine"},{"floor":41.0,"key":"Shuriken"},{"floor":42.0,"key":"Juzu Bracelet"},{"floor":44.0,"key":"Guardian:GemstoneGun"},{"floor":52,"key":"InkBottle"}],"event_choices":[],"is_beta":false,"boss_relics":[{"not_picked":["Velvet Choker","Black Star"],"picked":"Philosopher\u0027s Stone"},{"not_picked":["Slimebound:AbsorbEndCombatUpgraded","Pandora\u0027s Box"],"picked":"Empty Cage"}],"items_purged_floors":[39],"is_endless":false,"potions_floor_spawned":[3,14,15,16,21,22,26,28,31,36,37],"ascension_level":1}}