{"host":"9ab6zvx33qoi7ia9","time":1612768415,"event":{"mods":["Act Like it!","Ascension Unlocker","BaseMod","Downfall","Gensokyo","Marked Mod","Minty Spire (QoL Compilation)","Pale of the Ancients","Permanent Neow","Quick Restart","StSLib","The Jungle"],"gold_per_floor":[12,12,12,12,29,56,56,86,109,137,164,184,201,228,228,326,326,346,261,286,298,328,373,385,397,409,440,452,474,505,543,555,667,679,710,722,745,771,883,895,942,519,544,555,555,588,588,588,588,588],"floor_reached":51,"language":"ZHS","playtime":4660,"items_purged":["Clumsy"],"score":884,"play_id":"40be1beb-dd65-4c69-83c5-03c5440c20e3","local_time":"20210208151335","is_ascension_mode":true,"campfire_choices":[{"data":"Bash","floor":7.0,"key":"SMITH"},{"data":"Armaments","floor":15.0,"key":"SMITH"},{"data":"Defend_R","floor":25.0,"key":"SMITH"},{"data":"Spot Weakness","floor":32.0,"key":"SMITH"},{"data":"Heavy Blade","floor":40,"key":"SMITH"},{"data":"Flash of Steel","floor":47,"key":"SMITH"},{"floor":49,"key":"REST"}],"circlet_count":0,"master_deck":["Strike_R","Defend_R","Defend_R","Defend_R+1","Defend_R+1","Bash+1","Spot Weakness+1","Flex+1","Ghostly Armor","Armaments+1","Heavy Blade","Limit Break+1","Inflame+1","Heavy Blade+1","Double Tap","Power Through+1","Warcry","Decay","Flash of Steel+1"],"relics":["Burning Blood","Gensokyo:NagashiBinaDoll","War Paint","Bronze Scales","Bag of Preparation","Toy Ornithopter","Red Skull","Ice Cream","Cursed Key","MawBank","Kunai","Meat on the Bone","Centennial Puzzle","Empty Cage","Nunchaku","Ginger","Juzu Bracelet","PreservedInsect"],"acts_visited":["Gensokyo:Gensokyo","TheCity","TheBeyond"],"potions_floor_usage":[33,38,48,50,50],"damage_taken":[{"damage":2.0,"enemies":"Gensokyo:Python","floor":1.0,"turns":3.0},{"damage":4.0,"enemies":"Gensokyo:2_Kodama","floor":5.0,"turns":6.0},{"damage":16.0,"enemies":"Gensokyo:Aya","floor":6.0,"turns":7.0},{"damage":40.0,"enemies":"Gensokyo:Cirno","floor":8.0,"turns":11.0},{"damage":21.0,"enemies":"Gensokyo:Aya","floor":10.0,"turns":7.0},{"damage":0.0,"enemies":"Gensokyo:Mamizou","floor":11.0,"turns":4.0},{"damage":0.0,"enemies":"Gensokyo:3_Fairies","floor":12.0,"turns":4.0},{"damage":3.0,"enemies":"Gensokyo:2_Rabbits","floor":13.0,"turns":4.0},{"damage":12.0,"enemies":"Gensokyo:Mamizou","floor":14.0,"turns":7.0},{"damage":20.0,"enemies":"Gensokyo:Reimu","floor":16.0,"turns":8.0},{"damage":12.0,"enemies":"Spheric Guardian","floor":18.0,"turns":4.0},{"damage":5.0,"enemies":"Chosen","floor":20.0,"turns":5.0},{"damage":9.0,"enemies":"Sentry and Sphere","floor":22.0,"turns":5.0},{"damage":23.0,"enemies":"Book of Stabbing","floor":23.0,"turns":4.0},{"damage":13.0,"enemies":"3 Cultists","floor":27.0,"turns":4.0},{"damage":12.0,"enemies":"Cultist and Chosen","floor":29.0,"turns":4.0},{"damage":23.0,"enemies":"Sentry and Sphere","floor":30.0,"turns":5.0},{"damage":22.0,"enemies":"Gremlin Leader","floor":31.0,"turns":4.0},{"damage":65,"enemies":"Automaton","floor":33,"turns":8},{"damage":63,"enemies":"3 Darklings","floor":35,"turns":5},{"damage":12,"enemies":"3 Shapes","floor":37,"turns":4},{"damage":6,"enemies":"Spire Growth","floor":38,"turns":3},{"damage":25,"enemies":"Reptomancer","floor":41,"turns":4},{"damage":11,"enemies":"Jaw Worm Horde","floor":44,"turns":4},{"damage":12,"enemies":"Giant Head","floor":46,"turns":7},{"damage":7,"enemies":"Writhing Mass","floor":48,"turns":2},{"damage":67,"enemies":"Time Eater","floor":50,"turns":8}],"seed_played":"6230748570278863931","potions_obtained":[{"floor":5.0,"key":"BlessingOfTheForge"},{"floor":10.0,"key":"SmokeBomb"},{"floor":13.0,"key":"Weak Potion"},{"floor":16.0,"key":"Block Potion"},{"floor":18.0,"key":"DistilledChaos"},{"floor":23.0,"key":"EntropicBrew"},{"floor":30.0,"key":"Fire Potion"},{"floor":31.0,"key":"Regen Potion"},{"floor":35,"key":"Block Potion"},{"floor":38,"key":"Ancient Potion"},{"floor":44,"key":"FearPotion"}],"is_trial":false,"path_per_floor":["M","?","?","$","M","E","R","E","T","E","?","M","M","E","R","B",null,"M","?","M","?","M","E","?","R","T","M","$","M","M","E","R","B",null,"M","?","M","M","?","R","E","$","T","M","?","E","R","M","R","B",null],"character_chosen":"IRONCLAD","items_purchased":["Ginger","Warcry"],"campfire_rested":1,"item_purchase_floors":[42,42],"current_hp_per_floor":[80,80,80,80,80,70,70,36,36,21,27,33,36,35,35,21,80,74,74,75,75,77,60,80,80,80,73,73,67,55,49,49,21,80,35,35,41,58,58,58,51,51,51,58,58,52,52,56,80,36],"gold":588,"neow_bonus":"REMOVE_TWO","is_daily":false,"chose_seed":false,"campfire_upgraded":6,"win_rate":0.0,"timestamp":1612768415,"path_taken":["M","?","?","?","M","E","R","E","T","E","?","M","M","E","R","BOSS","M","?","M","?","?","E","?","R","T","M","?","M","M","E","R","BOSS","M","?","M","?","?","R","E","$","T","M","?","E","R","M","R","BOSS"],"items_purchased_type":["Relic","Card"],"build_version":"2020-12-22","purchased_purges":1,"victory":true,"max_hp_per_floor":[80,80,80,80,80,80,80,80,80,80,80,80,80,80,80,80,80,80,80,80,80,80,80,80,80,80,80,80,80,80,80,80,80,80,80,80,80,80,80,80,80,80,80,80,80,80,80,80,80,80],"card_choices":[{"not_picked":["Cleave","Warcry"],"picked":"Spot Weakness","floor":1.0},{"not_picked":["Cleave","Twin Strike"],"picked":"Flex","floor":5.0},{"not_picked":["Second Wind","Reaper","Headbutt"],"picked":"SKIP","floor":6.0},{"not_picked":["Clothesline","Sever Soul","Havoc"],"picked":"SKIP","floor":8.0},{"not_picked":["Barricade","Spot Weakness","Rage"],"picked":"SKIP","floor":10.0},{"not_picked":["Rage","Flex"],"picked":"Ghostly Armor","floor":11.0},{"not_picked":["Iron Wave","Rupture"],"picked":"Armaments","floor":12.0},{"not_picked":["Shrug It Off","Blood for Blood","Sword Boomerang"],"picked":"SKIP","floor":13.0},{"not_picked":["Havoc","Body Slam"],"picked":"Heavy Blade","floor":14.0},{"not_picked":["Berserk","Bludgeon"],"picked":"Limit Break","floor":16.0},{"not_picked":["Hemokinesis+1","Armaments","Perfected Strike"],"picked":"SKIP","floor":18.0},{"not_picked":["Hemokinesis+1","Twin Strike","Armaments"],"picked":"SKIP","floor":20.0},{"not_picked":["True Grit+1","Infernal Blade","Cleave+1"],"picked":"SKIP","floor":22.0},{"not_picked":["Hemokinesis+1","True Grit+1"],"picked":"Inflame+1","floor":23.0},{"not_picked":["Sword Boomerang+1","Anger","True Grit"],"picked":"SKIP","floor":27.0},{"not_picked":["Headbutt+1","Immolate","Whirlwind"],"picked":"SKIP","floor":29.0},{"not_picked":["Warcry","Armaments"],"picked":"Heavy Blade","floor":30.0},{"not_picked":["Perfected Strike","Anger","Wild Strike"],"picked":"SKIP","floor":31.0},{"not_picked":["Reaper","Corruption"],"picked":"Double Tap","floor":33},{"not_picked":["Burning Pact+1","True Grit","Pommel Strike"],"picked":"SKIP","floor":35},{"not_picked":["Body Slam","Wild Strike","Cleave+1"],"picked":"SKIP","floor":37},{"not_picked":["Dropkick","Reckless Charge+1","Anger+1"],"picked":"SKIP","floor":38},{"not_picked":["Infernal Blade+1","Blood for Blood+1"],"picked":"Power Through+1","floor":41},{"not_picked":["Cleave","Pommel Strike+1","Shrug It Off+1"],"picked":"SKIP","floor":44},{"not_picked":["Trip","Panache"],"picked":"Flash of Steel","floor":45},{"not_picked":["Armaments+1","Sword Boomerang","Flame Barrier+1"],"picked":"SKIP","floor":46}],"player_experience":267922,"relics_obtained":[{"floor":6.0,"key":"War Paint"},{"floor":8.0,"key":"Bronze Scales"},{"floor":9.0,"key":"Bag of Preparation"},{"floor":10.0,"key":"Toy Ornithopter"},{"floor":11.0,"key":"Red Skull"},{"floor":14.0,"key":"Ice Cream"},{"floor":23.0,"key":"Kunai"},{"floor":26.0,"key":"Meat on the Bone"},{"floor":31.0,"key":"Centennial Puzzle"},{"floor":41,"key":"Nunchaku"},{"floor":43,"key":"Juzu Bracelet"},{"floor":46,"key":"PreservedInsect"}],"event_choices":[{"damage_healed":0.0,"max_hp_gain":0.0,"max_hp_loss":0.0,"gold_gain":0.0,"event_name":"Addict","player_choice":"Obtained Relic","floor":19.0,"gold_loss":85.0,"damage_taken":0.0,"relics_obtained":["MawBank"]},{"damage_healed":0.0,"max_hp_gain":0.0,"max_hp_loss":0.0,"gold_gain":0.0,"event_name":"Upgrade Shrine","player_choice":"Upgraded","floor":21.0,"gold_loss":0.0,"damage_taken":0.0,"cards_upgraded":["Limit Break"]},{"damage_healed":20.0,"max_hp_gain":0.0,"max_hp_loss":0.0,"gold_gain":0.0,"event_name":"Wheel of Change","player_choice":"Full Heal","floor":24.0,"gold_loss":0.0,"damage_taken":0.0},{"cards_removed":["Strike_R"],"damage_healed":0,"gold_gain":0,"player_choice":"Purged","damage_taken":0,"max_hp_gain":0,"max_hp_loss":0,"event_name":"Purifier","floor":36,"gold_loss":0},{"damage_healed":0,"gold_gain":100,"player_choice":"Pray","damage_taken":0,"max_hp_gain":0,"max_hp_loss":0,"event_name":"Golden Shrine","floor":39,"gold_loss":0},{"damage_healed":0,"gold_gain":0,"player_choice":"Memory 1","damage_taken":0,"max_hp_gain":0,"max_hp_loss":0,"event_name":"SensoryStone","floor":45,"gold_loss":0}],"is_beta":false,"boss_relics":[{"not_picked":["Pandora\u0027s Box","bronze:MakeshiftBattery"],"picked":"Cursed Key"},{"not_picked":["SacredBark","Sozu"],"picked":"Empty Cage"}],"items_purged_floors":[42],"is_endless":false,"potions_floor_spawned":[5,10,13,16,18,23,30,31,35,38,44],"ascension_level":2}}