{"host":"928gv66myv2vlnsd","time":1612747104,"event":{"mods":["BaseMod","Highlight Path","Minty Spire (QoL Compilation)","StSLib"],"gold_per_floor":[115,127,127,140,160,160,177,209,262,1,1,35,35,35,35,35,35],"floor_reached":16,"language":"ENG","playtime":515,"items_purged":[],"score":220,"play_id":"05dcde93-dffb-4d5e-a6b0-5ca38a2adf1c","local_time":"20210207201824","is_ascension_mode":true,"campfire_choices":[{"data":"Flame Barrier","floor":6,"key":"SMITH"},{"data":"Entrench","floor":11,"key":"SMITH"},{"data":"Inflame","floor":15,"key":"SMITH"}],"circlet_count":0,"master_deck":["AscendersBane","Strike_R","Strike_R","Strike_R","Strike_R","Strike_R","Defend_R","Defend_R","Defend_R","Defend_R","Bash","Flame Barrier+1","True Grit","Inflame+1","Disarm+1","Entrench+1","Evolve","Shockwave"],"relics":["Burning Blood","NeowsBlessing","NlothsMask","Pear","PreservedInsect","Mercury Hourglass"],"acts_visited":["Exordium"],"potions_floor_usage":[8],"damage_taken":[{"damage":0,"enemies":"Jaw Worm","floor":1,"turns":1},{"damage":0,"enemies":"Cultist","floor":2,"turns":1},{"damage":0,"enemies":"Small Slimes","floor":4,"turns":1},{"damage":18,"enemies":"3 Louse","floor":5,"turns":7},{"damage":1,"enemies":"Looter","floor":7,"turns":4},{"damage":33,"enemies":"Gremlin Nob","floor":8,"turns":4},{"damage":18,"enemies":"3 Sentries","floor":12,"turns":9},{"damage":39,"enemies":"Hexaghost","floor":16,"turns":14}],"seed_played":"7485357511781862701","potions_obtained":[{"floor":2,"key":"Fire Potion"},{"floor":5,"key":"EssenceOfSteel"}],"is_trial":false,"path_per_floor":["M","M","?","M","M","R","M","E","T","$","R","E","?","$","R","B"],"character_chosen":"IRONCLAD","items_purchased":["PreservedInsect","Evolve"],"campfire_rested":0,"item_purchase_floors":[10,10],"current_hp_per_floor":[74,75,75,75,63,63,68,51,51,51,51,39,39,39,39,0,0],"gold":35,"neow_bonus":"THREE_ENEMY_KILL","is_daily":false,"chose_seed":false,"campfire_upgraded":3,"win_rate":0.0,"timestamp":1612747104,"path_taken":["M","M","?","M","?","R","M","E","T","?","R","E","?","$","R","BOSS"],"items_purchased_type":["Relic","Card"],"build_version":"2020-12-22","purchased_purges":0,"victory":false,"max_hp_per_floor":[75,75,75,75,75,75,75,85,85,85,85,85,85,85,85,85,85],"card_choices":[{"not_picked":["Sword Boomerang","Dropkick"],"picked":"Flame Barrier","floor":1},{"not_picked":["Twin Strike","Dark Embrace"],"picked":"True Grit","floor":2},{"not_picked":["Dark Embrace","Hemokinesis"],"picked":"Inflame","floor":4},{"not_picked":["Clothesline","Rupture","Body Slam"],"picked":"SKIP","floor":5},{"not_picked":["Dropkick","Pommel Strike"],"picked":"Disarm","floor":7},{"not_picked":["Ghostly Armor","Reckless Charge"],"picked":"Entrench","floor":8},{"not_picked":["Fire Breathing","Reckless Charge"],"picked":"Shockwave","floor":12}],"player_experience":1465384,"relics_obtained":[{"floor":8,"key":"Pear"},{"floor":12,"key":"Mercury Hourglass"}],"event_choices":[{"damage_healed":0,"gold_gain":0,"player_choice":"Trade","damage_taken":0,"relics_obtained":["NlothsMask"],"max_hp_gain":0,"max_hp_loss":0,"event_name":"FaceTrader","floor":3,"gold_loss":0},{"damage_healed":0,"gold_gain":0,"player_choice":"Grow","damage_taken":0,"max_hp_gain":0,"max_hp_loss":0,"event_name":"Living Wall","floor":13,"gold_loss":0,"cards_upgraded":["Disarm"]}],"is_beta":false,"boss_relics":[],"items_purged_floors":[],"is_endless":false,"potions_floor_spawned":[2,5],"killed_by":"Hexaghost","ascension_level":20}}