{"host":"tq99ucv8ezzqzioe","time":1612760044,"event":{"mods":["BaseMod","Colored Map","Downfall","Highlight Path","Minty Spire (QoL Compilation)","StSLib"],"gold_per_floor":[113,113,113,113,127,127,143,163,163,183,214,233,233,258,258,360,360,380,395,395,320,336,336,371,371,371,371,371],"floor_reached":27,"language":"ENG","playtime":2560,"items_purged":[],"score":340,"play_id":"94c5237c-72d5-49d5-9886-0e8f21adf8f7","local_time":"20210207235404","is_ascension_mode":true,"campfire_choices":[{"floor":6,"key":"RECALL"},{"data":"Inflame","floor":13,"key":"SMITH"},{"floor":15,"key":"REST"},{"floor":23,"key":"REST"},{"data":"Limit Break","floor":25,"key":"SMITH"}],"circlet_count":0,"master_deck":["Strike_R","Strike_R","Strike_R","Defend_R","Defend_R","Defend_R","Defend_R","Fire Breathing+1","Twin Strike","Inflame+1","Cleave","Iron Wave","Flex","Whirlwind","Pummel","Headbutt","Limit Break+1","Thunderclap+1","Spot Weakness","Warcry+1"],"relics":["Burning Blood","Akabeko","Paper Frog","Question Card","Pocketwatch","SlaversCollar","The Courier"],"acts_visited":["Exordium","TheCity"],"potions_floor_usage":[14,16,24,27],"damage_taken":[{"damage":0,"enemies":"Small Slimes","floor":1,"turns":3},{"damage":1,"enemies":"2 Louse","floor":5,"turns":3},{"damage":0,"enemies":"Cultist","floor":7,"turns":2},{"damage":22,"enemies":"Gremlin Gang","floor":8,"turns":4},{"damage":7,"enemies":"3 Louse","floor":10,"turns":3},{"damage":10,"enemies":"3 Sentries","floor":11,"turns":5},{"damage":12,"enemies":"Exordium Wildlife","floor":12,"turns":2},{"damage":25,"enemies":"Lagavulin","floor":14,"turns":6},{"damage":56,"enemies":"The Guardian","floor":16,"turns":15},{"damage":2,"enemies":"3 Byrds","floor":18,"turns":4},{"damage":20,"enemies":"Shell Parasite","floor":19,"turns":4},{"damage":14,"enemies":"Cultist and Chosen","floor":22,"turns":4},{"damage":20,"enemies":"Gremlin Leader","floor":24,"turns":5},{"damage":44,"enemies":"Book of Stabbing","floor":27,"turns":4}],"seed_played":"-8833788783793058243","potions_obtained":[{"floor":1,"key":"Swift Potion"},{"floor":10,"key":"HeartOfIron"},{"floor":11,"key":"Ancient Potion"},{"floor":19,"key":"Guardian:BlockOnCardUsePotion"},{"floor":22,"key":"LiquidMemories"}],"is_trial":false,"path_per_floor":["M","?","?","?","M","R","M","M","T","M","E","M","R","E","R","B",null,"M","M","?","?","M","R","E","R","T","E"],"character_chosen":"IRONCLAD","items_purchased":[],"campfire_rested":2,"item_purchase_floors":[],"current_hp_per_floor":[78,78,71,71,76,76,80,64,64,63,59,53,53,34,58,8,62,66,52,37,37,29,54,40,40,40,0,0],"gold":371,"neow_bonus":"RANDOM_COMMON_RELIC","is_daily":false,"chose_seed":false,"campfire_upgraded":2,"win_rate":0.0,"timestamp":1612760044,"path_taken":["M","?","?","?","M","R","M","M","T","M","E","?","R","E","R","BOSS","M","?","?","?","M","R","E","R","T","E"],"items_purchased_type":[],"build_version":"2020-12-22","purchased_purges":0,"victory":false,"max_hp_per_floor":[80,80,80,80,80,80,80,80,80,80,80,80,80,80,80,80,80,80,80,85,85,85,85,85,85,85,85,85],"card_choices":[{"not_picked":["Body Slam","Clothesline"],"picked":"Fire Breathing","floor":1},{"not_picked":["Clothesline","Body Slam"],"picked":"Inflame","floor":5},{"not_picked":["Blood for Blood","Second Wind"],"picked":"Cleave","floor":7},{"not_picked":["Wild Strike","True Grit"],"picked":"Iron Wave","floor":8},{"not_picked":["Rupture","Clash"],"picked":"Flex","floor":10},{"not_picked":["Dark Embrace","Pummel"],"picked":"Whirlwind","floor":11},{"not_picked":["Clothesline","Feed","Iron Wave"],"picked":"Pummel","floor":12},{"not_picked":["Clothesline","Rampage","Offering"],"picked":"Headbutt","floor":14},{"not_picked":["Berserk","Immolate","Impervious"],"picked":"Limit Break","floor":16},{"not_picked":["Warcry+1","Infernal Blade+1","Sword Boomerang"],"picked":"Thunderclap+1","floor":18},{"not_picked":["Ghostly Armor","Blood for Blood","Clash"],"picked":"Spot Weakness","floor":19},{"not_picked":["Cleave","Dark Embrace","Disarm"],"picked":"Warcry+1","floor":22},{"not_picked":["Dual Wield","Searing Blow","Clash","Fiend Fire"],"picked":"SKIP","floor":24}],"player_experience":892807,"relics_obtained":[{"floor":9,"key":"Paper Frog"},{"floor":11,"key":"Question Card"},{"floor":14,"key":"Pocketwatch"},{"floor":24,"key":"The Courier"}],"event_choices":[{"damage_healed":0,"gold_gain":0,"cards_transformed":["Bash"],"player_choice":"Change","damage_taken":0,"max_hp_gain":0,"max_hp_loss":0,"event_name":"Living Wall","floor":2,"gold_loss":0,"cards_obtained":["Twin Strike"]},{"cards_removed":["Strike_R"],"damage_healed":0,"gold_gain":0,"player_choice":"Card Removal","damage_taken":7,"max_hp_gain":0,"max_hp_loss":0,"event_name":"Golden Wing","floor":3,"gold_loss":0},{"damage_healed":0,"gold_gain":0,"player_choice":"Forge","damage_taken":0,"max_hp_gain":0,"max_hp_loss":0,"event_name":"Accursed Blacksmith","floor":4,"gold_loss":0,"cards_upgraded":["Fire Breathing"]},{"damage_healed":0,"gold_gain":0,"player_choice":"Shed Blood","damage_taken":20,"max_hp_gain":5,"max_hp_loss":0,"event_name":"Forgotten Altar","floor":20,"gold_loss":0},{"cards_removed":["Strike_R"],"damage_healed":0,"gold_gain":0,"player_choice":"Gave Gold","damage_taken":0,"max_hp_gain":0,"max_hp_loss":0,"event_name":"Beggar","floor":21,"gold_loss":75}],"is_beta":false,"boss_relics":[{"not_picked":["Astrolabe","Snecko Eye"],"picked":"SlaversCollar"}],"items_purged_floors":[],"is_endless":false,"potions_floor_spawned":[1,10,11,12,19,22],"killed_by":"Book of Stabbing","ascension_level":8}}