{"host":"f55nj4gldpx3ksju","time":1612808659,"event":{"mods":["BaseMod","Colored Map","Highlight Path","Minty Spire (QoL Compilation)"],"gold_per_floor":[114,129,129,129,204,204,91,91,91,91,91,91,135,154,154,304,304,348,392,292,361,86,86,124,124,124,124,143,143,58,133,133,293,343,388,388,88,100,115,175,175,190,190,205,205,250,100,100,100,100],"floor_reached":51,"language":"ZHS","playtime":3405,"items_purged":["Corpse Explosion","Envenom","Grand Finale+1","Writhe"],"score":833,"play_id":"348b5f11-4793-4d77-956d-e614bdba6394","local_time":"20210209022419","daily_mods":["Shiny","Green Cards","Terminal"],"is_ascension_mode":false,"campfire_choices":[{"data":"Omniscience","floor":6.0,"key":"SMITH"},{"data":"Burst","floor":8.0,"key":"SMITH"},{"data":"Bullet Time","floor":10.0,"key":"SMITH"},{"data":"Vault","floor":12.0,"key":"SMITH"},{"floor":15.0,"key":"REST"},{"data":"Wish","floor":23.0,"key":"SMITH"},{"data":"Alpha","floor":25.0,"key":"SMITH"},{"data":"Adrenaline","floor":27.0,"key":"SMITH"},{"data":"Devotion","floor":32.0,"key":"SMITH"},{"data":"Brilliance","floor":41.0,"key":"SMITH"},{"data":"Phantasmal Killer","floor":45,"key":"SMITH"},{"data":"Leg Sweep","floor":49,"key":"SMITH"}],"circlet_count":0,"master_deck":["Venomology","Malaise","Phantasmal Killer+1","Die Die Die","Adrenaline+1","Doppelganger","Burst+1","Wraith Form v2","Tools of the Trade+1","Night Terror","Unload","After Image","Bullet Time+1","Storm of Steel","Glass Knife","A Thousand Cuts","Judgement","ConjureBlade","MasterReality","Brilliance+1","Devotion+1","Ragnarok","LessonLearned","Scrawl","Vault+1","Alpha+1","Wish+1","Omniscience+1","Establishment+1","SpiritShield","DevaForm","DeusExMachina","Leg Sweep+1","Omniscience+1","Adrenaline","Blur"],"relics":["PureWater","Darkstone Periapt","Bloody Idol","Ancient Tea Set","Cursed Key","DollysMirror","Pen Nib","Calipers","Tiny House","Blood Vial","Thread and Needle","Oddly Smooth Stone","ClockworkSouvenir"],"acts_visited":["Exordium","TheCity","TheBeyond"],"potions_floor_usage":[50,50],"damage_taken":[{"damage":0.0,"enemies":"Small Slimes","floor":1.0,"turns":1.0},{"damage":0.0,"enemies":"2 Louse","floor":2.0,"turns":2.0},{"damage":2.0,"enemies":"Jaw Worm","floor":13.0,"turns":7.0},{"damage":0.0,"enemies":"Gremlin Gang","floor":14.0,"turns":1.0},{"damage":30.0,"enemies":"Hexaghost","floor":16.0,"turns":7.0},{"damage":5.0,"enemies":"Chosen","floor":18.0,"turns":4.0},{"damage":0.0,"enemies":"3 Byrds","floor":19.0,"turns":5.0},{"damage":15.0,"enemies":"Centurion and Healer","floor":21.0,"turns":6.0},{"damage":0.0,"enemies":"Slavers","floor":24.0,"turns":2.0},{"damage":0.0,"enemies":"Snake Plant","floor":28.0,"turns":3.0},{"damage":0.0,"enemies":"Snecko","floor":31.0,"turns":6.0},{"damage":12.0,"enemies":"Champ","floor":33.0,"turns":8.0},{"damage":23.0,"enemies":"3 Darklings","floor":35.0,"turns":4.0},{"damage":2.0,"enemies":"2 Orb Walkers","floor":38.0,"turns":5.0},{"damage":5.0,"enemies":"3 Shapes","floor":39.0,"turns":3.0},{"damage":0.0,"enemies":"Nemesis","floor":40.0,"turns":8.0},{"damage":16.0,"enemies":"Spire Growth","floor":42.0,"turns":5.0},{"damage":4,"enemies":"4 Shapes","floor":44,"turns":4},{"damage":0,"enemies":"Jaw Worm Horde","floor":46,"turns":5},{"damage":0,"enemies":"Time Eater","floor":50,"turns":9}],"seed_played":"-2425098010432476902","potions_obtained":[{"floor":1.0,"key":"ColorlessPotion"},{"floor":16.0,"key":"Dexterity Potion"},{"floor":21.0,"key":"Ancient Potion"},{"floor":28.0,"key":"DistilledChaos"},{"floor":31.0,"key":"EssenceOfSteel"},{"floor":34.0,"key":"Dexterity Potion"},{"floor":35.0,"key":"FearPotion"}],"is_trial":false,"path_per_floor":["M","M","?","?","?","R","$","R","T","R","?","R","M","M","R","B",null,"M","M","$","M","$","R","E","R","T","R","M","?","?","M","R","B",null,"M","?","$","?","M","E","R","M","T","M","R","M","$","?","R","B",null],"character_chosen":"WATCHER","items_purchased":["Leg Sweep","DollysMirror","Blood Vial","ClockworkSouvenir"],"campfire_rested":1,"item_purchase_floors":[7,22,37,47],"current_hp_per_floor":[70,69,62,45,34,34,34,34,34,34,39,39,37,37,55,25,59,54,54,54,39,39,39,39,39,39,39,39,39,39,45,44,43,47,34,51,50,49,48,47,46,35,35,38,38,41,40,39,38,37],"gold":100,"neow_bonus":"","is_daily":true,"chose_seed":false,"campfire_upgraded":11,"win_rate":0.0,"timestamp":1612808659,"path_taken":["M","M","?","?","?","R","$","R","T","R","?","R","?","M","R","BOSS","M","M","$","M","$","R","E","R","T","R","?","?","?","M","R","BOSS","M","?","$","?","M","E","R","M","T","M","R","M","$","?","R","BOSS"],"items_purchased_type":["Card","Relic","Relic","Relic"],"build_version":"2020-12-22","purchased_purges":4,"victory":true,"max_hp_per_floor":[70,69,68,67,66,65,64,63,62,61,65,64,63,62,61,60,59,58,57,56,55,54,53,52,51,50,49,48,47,46,45,44,43,47,46,51,50,49,48,47,46,45,44,43,42,41,40,39,38,37],"card_choices":[{"not_picked":["Caltrops","FlyingSleeves","Endless Agony"],"picked":"SKIP","floor":1.0},{"not_picked":["Cloak And Dagger","LikeWater","PathToVictory"],"picked":"SKIP","floor":2.0},{"not_picked":["FollowUp","Distraction","ReachHeaven"],"picked":"SKIP","floor":13.0},{"not_picked":["Reflex","Halt","Prepared"],"picked":"SKIP","floor":14.0},{"not_picked":["Outmaneuver","Crippling Poison","Collect"],"picked":"SKIP","floor":18.0},{"not_picked":["Protect","Prepared","FollowUp+1"],"picked":"SKIP","floor":19.0},{"not_picked":["Burst","FlurryOfBlows","Prostrate"],"picked":"SKIP","floor":21.0},{"not_picked":["Prepared+1","PathToVictory+1","WreathOfFlame"],"picked":"SKIP","floor":24.0},{"not_picked":["FlurryOfBlows","CutThroughFate","Acrobatics"],"picked":"SKIP","floor":28.0},{"not_picked":["Protect","FearNoEvil+1","ThirdEye"],"picked":"SKIP","floor":31.0},{"not_picked":["Protect","FearNoEvil+1","ThirdEye"],"picked":"SKIP","floor":31.0},{"not_picked":["Halt+1","Backflip+1","FlurryOfBlows"],"picked":"SKIP","floor":35.0},{"not_picked":["Dodge and Roll","LessonLearned","Dagger Throw"],"picked":"SKIP","floor":39.0},{"not_picked":["Caltrops","Choke","Blade Dance+1"],"picked":"SKIP","floor":40.0},{"not_picked":["FlurryOfBlows+1","ThirdEye","Nirvana+1"],"picked":"SKIP","floor":42.0},{"not_picked":["Prepared+1","FollowUp+1","Riddle With Holes+1"],"picked":"SKIP","floor":44},{"not_picked":["Prepared","Sucker Punch+1"],"picked":"Adrenaline","floor":46}],"player_experience":387148,"relics_obtained":[{"floor":9.0,"key":"Ancient Tea Set"},{"floor":24.0,"key":"Pen Nib"},{"floor":38.0,"key":"Thread and Needle"},{"floor":40.0,"key":"Oddly Smooth Stone"}],"event_choices":[{"damage_healed":0.0,"max_hp_gain":0.0,"max_hp_loss":0.0,"gold_gain":0.0,"event_name":"Scrap Ooze","player_choice":"Success","floor":3.0,"gold_loss":0.0,"damage_taken":7.0,"relics_obtained":["Darkstone Periapt"]},{"damage_healed":0.0,"max_hp_gain":0.0,"max_hp_loss":0.0,"gold_gain":0.0,"event_name":"Golden Idol","player_choice":"Take Damage","floor":4.0,"gold_loss":0.0,"damage_taken":17.0,"relics_obtained":["Golden Idol"]},{"damage_healed":0.0,"max_hp_gain":0.0,"max_hp_loss":0.0,"gold_gain":75.0,"event_name":"World of Goop","player_choice":"Gather Gold","floor":5.0,"gold_loss":0.0,"damage_taken":11.0},{"damage_healed":0.0,"max_hp_gain":5.0,"max_hp_loss":0.0,"gold_gain":0.0,"event_name":"Big Fish","player_choice":"Donut","floor":11.0,"gold_loss":0.0,"damage_taken":0.0},{"damage_healed":0.0,"max_hp_gain":0.0,"max_hp_loss":0.0,"gold_gain":0.0,"event_name":"Forgotten Altar","player_choice":"Gave Idol","floor":29.0,"relics_lost":["Golden Idol"],"gold_loss":0.0,"damage_taken":0.0,"relics_obtained":["Bloody Idol"]},{"damage_healed":0.0,"max_hp_gain":0.0,"max_hp_loss":0.0,"gold_gain":0.0,"event_name":"Addict","player_choice":"Obtained Relic","floor":30.0,"gold_loss":85.0,"damage_taken":0.0,"relics_obtained":["Calipers"]},{"damage_healed":12.0,"max_hp_gain":0.0,"max_hp_loss":0.0,"gold_gain":0.0,"event_name":"Winding Halls","player_choice":"Writhe","floor":36.0,"gold_loss":0.0,"damage_taken":0.0,"cards_obtained":["Writhe"]},{"damage_healed":0.0,"max_hp_gain":0.0,"max_hp_loss":0.0,"gold_gain":0.0,"event_name":"Mysterious Sphere","player_choice":"Fight","floor":38.0,"gold_loss":0.0,"damage_taken":0.0},{"damage_healed":0,"gold_gain":0,"cards_transformed":["Blasphemy"],"player_choice":"Transformed","damage_taken":0,"max_hp_gain":0,"max_hp_loss":0,"event_name":"Transmorgrifier","floor":48,"gold_loss":0,"cards_obtained":["Blur"]}],"is_beta":false,"boss_relics":[{"not_picked":["Ectoplasm","Black Star"],"picked":"Cursed Key"},{"not_picked":["Fusion Hammer","Snecko Eye"],"picked":"Tiny House"}],"items_purged_floors":[7,20,22,37],"is_endless":false,"potions_floor_spawned":[1,16,21,28,31,35,38,42],"ascension_level":0}}