{"host":"o9lehcdjc4u6j9un","time":1612762783,"event":{"mods":["BaseMod","Colored Map","Downfall","Duelist Mod","Gremlin Mod","Hermit","Marisa£®ÏF”Í°°ƒß¿Ì…≥£©","Minty Spire (QoL Compilation)","Reimu£®≤©¿ˆ¡È√Œ£©","Remilia£®¿Ÿ√◊¿Ú—«£©","StSLib","The Alterego","The Runesmith","The Senshi","Youmu£®ªÍ∆«—˝√Œ£©"],"gold_per_floor":[114,16,16,16,32,58,58,92,140,159,159,173,183,203,203,304,304,315,327,201,220,95,95,95],"floor_reached":23,"language":"ZHS","playtime":2530,"items_purged":["alterego_mod:Strike","alterego_mod:Strike","alterego_mod:Strike"],"score":228,"play_id":"1fd76dbd-524d-4172-824c-d9852cf53f8a","local_time":"20210208133943","is_ascension_mode":false,"campfire_choices":[{"floor":7,"key":"REST"},{"floor":11,"key":"REST"},{"floor":15,"key":"REST"}],"circlet_count":0,"master_deck":["alterego_mod:Strike","alterego_mod:Defend","alterego_mod:Defend","alterego_mod:Defend","alterego_mod:Defend","alterego_mod:Impale","alterego_mod:BigMeatyClaws","alterego_mod:BrynhildrsRune","alterego_mod:1TonWallop","alterego_mod:Cooking","alterego_mod:MaintainEyeContact","alterego_mod:Rip","alterego_mod:Mirror","alterego_mod:Stockings","alterego_mod:Mirror","alterego_mod:TrashNCrash","alterego_mod:Clap","alterego_mod:STier","alterego_mod:MagicResistance+1","alterego_mod:Birthday","alterego_mod:BiFurious","alterego_mod:BreastValley+1"],"relics":["alterego_mod:MasochisticConstitution","RuthlessExorcism:ReiMu","Centennial Puzzle","SlaversCollar"],"acts_visited":["Exordium","TheCity"],"potions_floor_usage":[16,16,16],"damage_taken":[{"damage":1,"enemies":"Jaw Worm","floor":1,"turns":6},{"damage":16,"enemies":"Cultist","floor":5,"turns":3},{"damage":44,"enemies":"Lagavulin","floor":6,"turns":10},{"damage":40,"enemies":"Gremlin Nob","floor":8,"turns":4},{"damage":2,"enemies":"Small Slimes","floor":10,"turns":3},{"damage":10,"enemies":"Exordium Wildlife","floor":12,"turns":3},{"damage":5,"enemies":"Red Slaver","floor":13,"turns":3},{"damage":8,"enemies":"Exordium Thugs","floor":14,"turns":5},{"damage":38,"enemies":"Hexaghost","floor":16,"turns":10},{"damage":36,"enemies":"Spheric Guardian","floor":18,"turns":8},{"damage":17,"enemies":"Chosen","floor":19,"turns":6},{"damage":33,"enemies":"3 Cultists","floor":21,"turns":5},{"damage":33,"enemies":"theDuelist:KaibaA2","floor":23,"turns":6}],"seed_played":"2358436737072700529","potions_obtained":[{"floor":6,"key":"LiquidBronze"},{"floor":10,"key":"champ:CounterPotion"},{"floor":12,"key":"AttackPotion"},{"floor":14,"key":"bronze:BurnAndBuffPotion"}],"is_trial":false,"path_per_floor":["M","$","?","$","M","E","R","E","T","M","R","M","M","M","R","B",null,"M","M","$","M","$","E"],"character_chosen":"The_Alterego","items_purchased":["alterego_mod:Cooking","alterego_mod:BiFurious"],"campfire_rested":3,"item_purchase_floors":[2,20],"current_hp_per_floor":[77,77,77,77,65,32,56,20,20,22,46,40,39,35,60,26,86,61,55,55,28,28,0,0],"gold":95,"neow_bonus":"TEN_PERCENT_HP_BONUS","is_daily":false,"chose_seed":false,"campfire_upgraded":0,"win_rate":0.0,"timestamp":1612762783,"path_taken":["M","$","?","?","M","E","R","E","T","M","R","M","M","M","R","BOSS","M","M","$","M","$","E"],"items_purchased_type":["Card","Card"],"build_version":"2020-12-22","purchased_purges":3,"victory":false,"max_hp_per_floor":[78,78,78,78,79,80,80,81,81,82,82,83,84,85,85,86,86,87,88,88,89,89,89,89],"card_choices":[{"not_picked":["alterego_mod:DeftHands","alterego_mod:BiFurious"],"picked":"alterego_mod:1TonWallop","floor":1},{"not_picked":["alterego_mod:BustOut","alterego_mod:Collar"],"picked":"alterego_mod:MaintainEyeContact","floor":5},{"not_picked":["alterego_mod:RingBreak","alterego_mod:Complex"],"picked":"alterego_mod:Rip","floor":6},{"not_picked":["alterego_mod:Pet","alterego_mod:Complex"],"picked":"alterego_mod:Mirror","floor":8},{"not_picked":["alterego_mod:PresenceConcealment","alterego_mod:BreastValley"],"picked":"alterego_mod:Stockings","floor":10},{"not_picked":["alterego_mod:DiscoLights","alterego_mod:GachaTicket"],"picked":"alterego_mod:Mirror","floor":12},{"not_picked":["alterego_mod:DeftHands","alterego_mod:Pet"],"picked":"alterego_mod:TrashNCrash","floor":13},{"not_picked":["alterego_mod:1TonWallop","alterego_mod:PerceptionDisorder"],"picked":"alterego_mod:Clap","floor":14},{"not_picked":["alterego_mod:Lift","alterego_mod:Vow"],"picked":"alterego_mod:STier","floor":16},{"not_picked":["alterego_mod:BiFurious","alterego_mod:HighServant"],"picked":"alterego_mod:MagicResistance+1","floor":18},{"not_picked":["alterego_mod:Clap","alterego_mod:SuperDuperMasochism"],"picked":"alterego_mod:Birthday","floor":19},{"not_picked":["alterego_mod:Valentines","alterego_mod:Cooking+1"],"picked":"alterego_mod:BreastValley+1","floor":21}],"player_experience":134216,"relics_obtained":[{"floor":6,"key":"RuthlessExorcism:ReiMu"},{"floor":8,"key":"Centennial Puzzle"}],"event_choices":[{"damage_healed":0,"gold_gain":0,"player_choice":"Ignored","damage_taken":0,"max_hp_gain":0,"max_hp_loss":0,"event_name":"NoteForYourself","floor":3,"gold_loss":0}],"is_beta":false,"boss_relics":[{"not_picked":["Busted Crown","bronze:MakeshiftBattery"],"picked":"SlaversCollar"}],"items_purged_floors":[2,20,22],"is_endless":false,"potions_floor_spawned":[6,10,12,14],"killed_by":"theDuelist:KaibaA2","ascension_level":0}}