{"host":"qc268ltokmxwqyrx","time":1612752045,"event":{"mods":["BaseMod","Colored Map","Colored Powertips","Minty Spire (QoL Compilation)","Relic Stats","Slay the Relics Exporter","StSLib","ojb\u0027s Info Mod"],"gold_per_floor":[118,268,33,33,51,51,77,77,103,113,124,124,156,171,171,171,171],"floor_reached":16,"language":"ENG","playtime":654,"items_purged":["Doubt"],"score":270,"play_id":"cce5a966-0577-413f-b8de-0fecad13f808","local_time":"20210207204045","is_ascension_mode":true,"campfire_choices":[{"data":"Carnage","floor":6,"key":"SMITH"},{"data":"Offering","floor":8,"key":"SMITH"},{"data":"Feed","floor":15,"key":"SMITH"}],"circlet_count":0,"master_deck":["AscendersBane","Strike_R","Strike_R","Strike_R","Strike_R","Defend_R","Defend_R","Defend_R","Defend_R","Bash","Second Wind","Corruption","Carnage+1","Metallicize","Offering+1","Shrug It Off","Reckless Charge","Feed+1","Thunderclap"],"relics":["Burning Blood","Charon\u0027s Ashes","Champion Belt"],"acts_visited":["Exordium"],"potions_floor_usage":[7,16,16],"damage_taken":[{"damage":5,"enemies":"2 Louse","floor":1,"turns":4},{"damage":16,"enemies":"Small Slimes","floor":5,"turns":4},{"damage":29,"enemies":"Lagavulin","floor":7,"turns":7},{"damage":0,"enemies":"Cultist","floor":10,"turns":3},{"damage":6,"enemies":"Looter","floor":11,"turns":2},{"damage":6,"enemies":"3 Sentries","floor":13,"turns":5},{"damage":11,"enemies":"Gremlin Gang","floor":14,"turns":3},{"damage":47,"enemies":"Hexaghost","floor":16,"turns":8}],"seed_played":"100297055269100377","potions_obtained":[{"floor":4,"key":"Energy Potion"},{"floor":4,"key":"FairyPotion"},{"floor":5,"key":"Block Potion"},{"floor":7,"key":"LiquidMemories"}],"is_trial":false,"path_per_floor":["M","?","$","?","M","R","E","R","T","M","M","?","E","M","R","B"],"character_chosen":"IRONCLAD","items_purchased":["Corruption","Carnage"],"campfire_rested":0,"item_purchase_floors":[3,3],"current_hp_per_floor":[76,76,76,76,66,66,43,43,43,49,49,49,49,47,47,0,0],"gold":171,"neow_bonus":"TEN_PERCENT_HP_BONUS","is_daily":false,"chose_seed":false,"campfire_upgraded":3,"win_rate":0.0,"timestamp":1612752045,"path_taken":["M","?","$","?","M","R","E","R","T","?","M","?","E","?","R","BOSS"],"items_purchased_type":["Card","Card"],"build_version":"2020-12-22","purchased_purges":1,"victory":false,"max_hp_per_floor":[82,82,82,82,82,82,82,82,82,82,82,82,82,85,85,85,85],"relic_stats":{"counters":[8,36],"Charon\u0027s Ashes":[181],"Champion Belt":[7],"obtain_stats":[{"Charon\u0027s Ashes":7,"Champion Belt":13,"Burning Blood":0},{"Charon\u0027s Ashes":3,"Champion Belt":6,"Burning Blood":0},{"Charon\u0027s Ashes":15,"Champion Belt":25,"Burning Blood":0}],"Burning Blood":42},"card_choices":[{"not_picked":["Flex","Warcry"],"picked":"Second Wind","floor":1},{"not_picked":["Headbutt","Blood for Blood"],"picked":"Metallicize","floor":5},{"not_picked":["Headbutt","Infernal Blade"],"picked":"Offering","floor":7},{"not_picked":["True Grit","Body Slam"],"picked":"Shrug It Off","floor":10},{"not_picked":["Twin Strike","Headbutt"],"picked":"Reckless Charge","floor":11},{"not_picked":["Battle Trance","Sword Boomerang"],"picked":"Feed","floor":13},{"not_picked":["Headbutt","Heavy Blade"],"picked":"Thunderclap","floor":14}],"player_experience":1819981,"relics_obtained":[{"floor":7,"key":"Charon\u0027s Ashes"},{"floor":13,"key":"Champion Belt"}],"event_choices":[{"damage_healed":0,"gold_gain":150,"player_choice":"AGREE","damage_taken":0,"max_hp_gain":0,"max_hp_loss":0,"event_name":"Liars Game","floor":2,"gold_loss":0,"cards_obtained":["Doubt"]},{"damage_healed":0,"gold_gain":0,"player_choice":"Got Potions","damage_taken":0,"max_hp_gain":0,"max_hp_loss":0,"event_name":"Lab","floor":4,"gold_loss":0},{"cards_removed":["Strike_R"],"damage_healed":0,"gold_gain":0,"player_choice":"Purged","damage_taken":0,"max_hp_gain":0,"max_hp_loss":0,"event_name":"Purifier","floor":12,"gold_loss":0}],"is_beta":false,"boss_relics":[],"items_purged_floors":[3],"is_endless":false,"potions_floor_spawned":[5,7,14],"killed_by":"Hexaghost","ascension_level":20}}