{"host":"6q94iy5iz6612v89","time":1612794299,"event":{"mods":["2.2 Compatiblity","AchievementEnabler","BaseMod","Colored Map","DeckTracker","Keyboard Shortcuts","Minty Spire (QoL Compilation)","Permanent Neow","StSLib","SuperFastMode"],"gold_per_floor":[110,126,126,141,66,83,83,96,96,96,117,117,138,181,181,280,280,294,184,199,99,149,183,214,214,214,214,257,132,132,172,172,172,172],"floor_reached":33,"language":"KOR","playtime":685,"items_purged":["Strike_R","Headbutt","Defend_R"],"score":806,"play_id":"66ff008a-7c4c-43e9-8dc3-b0ddff4e5488","local_time":"20210208232459","is_ascension_mode":true,"campfire_choices":[{"data":"Armaments","floor":10,"key":"SMITH"},{"data":"Body Slam","floor":12,"key":"SMITH"},{"data":"Sword Boomerang","floor":15,"key":"SMITH"},{"data":"Bludgeon","floor":25,"key":"SMITH"},{"data":"Offering","floor":27,"key":"SMITH"},{"data":"Body Slam","floor":30,"key":"SMITH"},{"floor":32,"key":"RECALL"}],"circlet_count":0,"master_deck":["AscendersBane","Defend_R","Defend_R","Defend_R+1","Bash","Body Slam+1","Armaments+1","Twin Strike","Shrug It Off","Offering+1","Sword Boomerang+1","Bludgeon+1","Entrench+1","Infernal Blade+1","Rage+1","Battle Trance","Second Wind+1","Body Slam+1","Dropkick"],"relics":["Burning Blood","Golden Idol","Red Skull","Nunchaku","Astrolabe","Self Forming Clay","Red Mask","Lantern","Question Card","Bag of Preparation"],"acts_visited":["Exordium","TheCity"],"potions_floor_usage":[0,6,8,14,16,24,31],"damage_taken":[{"damage":14,"enemies":"Jaw Worm","floor":1,"turns":4},{"damage":23,"enemies":"Small Slimes","floor":2,"turns":5},{"damage":12,"enemies":"2 Louse","floor":4,"turns":3},{"damage":9,"enemies":"Lots of Slimes","floor":6,"turns":5},{"damage":12,"enemies":"Exordium Thugs","floor":8,"turns":5},{"damage":3,"enemies":"Blue Slaver","floor":11,"turns":4},{"damage":6,"enemies":"2 Fungi Beasts","floor":13,"turns":2},{"damage":10,"enemies":"Gremlin Nob","floor":14,"turns":3},{"damage":6,"enemies":"Slime Boss","floor":16,"turns":7},{"damage":27,"enemies":"2 Thieves","floor":18,"turns":3},{"damage":6,"enemies":"Chosen","floor":20,"turns":3},{"damage":18,"enemies":"Slavers","floor":23,"turns":4},{"damage":0,"enemies":"Masked Bandits","floor":24,"turns":3},{"damage":6,"enemies":"Book of Stabbing","floor":28,"turns":3},{"damage":6,"enemies":"Slavers","floor":31,"turns":3},{"damage":41,"enemies":"Collector","floor":33,"turns":7}],"seed_played":"-5050795463487900225","potions_obtained":[{"floor":0,"key":"Fruit Juice"},{"floor":0,"key":"EssenceOfSteel"},{"floor":0,"key":"Energy Potion"},{"floor":2,"key":"Fire Potion"},{"floor":6,"key":"DistilledChaos"},{"floor":13,"key":"SteroidPotion"},{"floor":23,"key":"ColorlessPotion"},{"floor":24,"key":"Strength Potion"}],"is_trial":false,"path_per_floor":["M","M","?","M","$","M","?","M","T","R","M","R","M","E","R","B",null,"M","?","M","$","?","E","?","R","T","R","E","$","R","E","R","B"],"character_chosen":"IRONCLAD","items_purchased":[],"campfire_rested":0,"item_purchase_floors":[],"current_hp_per_floor":[65,48,48,42,42,39,39,33,33,33,36,36,36,32,32,32,62,41,41,41,41,41,29,35,35,35,35,35,35,35,35,35,0,0],"gold":172,"neow_bonus":"THREE_SMALL_POTIONS","is_daily":false,"chose_seed":false,"campfire_upgraded":6,"win_rate":0.0,"timestamp":1612794299,"path_taken":["M","M","?","M","$","M","?","M","T","R","M","R","M","E","R","BOSS","M","?","?","$","?","E","?","R","T","R","E","$","R","E","R","BOSS"],"items_purchased_type":[],"build_version":"2020-12-22","purchased_purges":3,"victory":false,"max_hp_per_floor":[80,80,80,80,80,80,72,72,72,72,72,72,72,72,72,72,72,72,72,72,72,72,72,72,72,72,72,72,72,72,72,72,72,72],"card_choices":[{"not_picked":["Flame Barrier","Blood for Blood"],"picked":"Body Slam","floor":1},{"not_picked":["Feel No Pain","Body Slam"],"picked":"Headbutt","floor":2},{"not_picked":["Infernal Blade","Body Slam"],"picked":"Armaments","floor":4},{"not_picked":["Pommel Strike","Anger"],"picked":"Twin Strike","floor":6},{"not_picked":["Wild Strike","Evolve"],"picked":"Shrug It Off","floor":8},{"not_picked":["Iron Wave","Rupture"],"picked":"Offering","floor":11},{"not_picked":["Warcry","Heavy Blade","Clash"],"picked":"SKIP","floor":13},{"not_picked":["Heavy Blade","Thunderclap"],"picked":"Sword Boomerang","floor":14},{"not_picked":["Reaper","Double Tap"],"picked":"Bludgeon","floor":16},{"not_picked":["Infernal Blade","Pommel Strike+1"],"picked":"Battle Trance","floor":18},{"not_picked":["Body Slam","Ghostly Armor","Anger"],"picked":"SKIP","floor":20},{"not_picked":["Pommel Strike","Fire Breathing+1"],"picked":"Second Wind+1","floor":23},{"not_picked":["Offering","Sword Boomerang"],"picked":"Body Slam","floor":28},{"not_picked":["Shrug It Off","True Grit","Iron Wave"],"picked":"Dropkick","floor":31}],"player_experience":1475517,"relics_obtained":[{"floor":9,"key":"Red Skull"},{"floor":14,"key":"Nunchaku"},{"floor":23,"key":"Self Forming Clay"},{"floor":24,"key":"Red Mask"},{"floor":26,"key":"Lantern"},{"floor":28,"key":"Question Card"},{"floor":31,"key":"Bag of Preparation"}],"event_choices":[{"damage_healed":0,"gold_gain":0,"player_choice":"Ignored","damage_taken":0,"max_hp_gain":0,"max_hp_loss":0,"event_name":"Liars Game","floor":3,"gold_loss":0},{"damage_healed":0,"gold_gain":0,"player_choice":"Lose Max HP","damage_taken":0,"relics_obtained":["Golden Idol"],"max_hp_gain":0,"max_hp_loss":8,"event_name":"Golden Idol","floor":7,"gold_loss":0},{"cards_removed":["Strike_R"],"damage_healed":0,"gold_gain":0,"player_choice":"Upgrade and Remove","damage_taken":0,"max_hp_gain":0,"max_hp_loss":0,"event_name":"Designer","floor":19,"gold_loss":110,"cards_upgraded":["Defend_R"]},{"damage_healed":0,"gold_gain":50,"player_choice":"Stole From Cult","damage_taken":0,"max_hp_gain":0,"max_hp_loss":0,"event_name":"Nest","floor":22,"gold_loss":0},{"damage_healed":0,"gold_gain":0,"player_choice":"Fought Bandits","damage_taken":0,"max_hp_gain":0,"max_hp_loss":0,"event_name":"Masked Bandits","floor":24,"gold_loss":0}],"is_beta":false,"boss_relics":[{"not_picked":["Velvet Choker","SacredBark"],"picked":"Astrolabe"}],"items_purged_floors":[5,21,29],"is_endless":false,"potions_floor_spawned":[2,6,13,23,24],"killed_by":"Collector","ascension_level":20}}