{"host":"yans4pr1zf0lm9bx","time":1612817622,"event":{"mods":["AchievementEnabler","Act Like it!","BaseMod","Hallownest","Minty Spire (QoL Compilation)","Replay The Spire","StSLib","SuperFastMode","The Bug Knight"],"gold_per_floor":[117,130,198,210,223,223,233,260,260,260,272,297,297,297,297,400,400,415,415,330,344,355,388,166,166,166,166,198,48,58,83,83,179,179,198,217,262,262,71,96,110,110,110,137,137,165,15,34,34,34],"floor_reached":51,"language":"ENG","playtime":2676,"items_purged":["HollowMod:FocusHealStart","HollowMod:NailStrikeStart"],"score":941,"play_id":"9a03d29d-9026-49ed-8ad9-2ed89e3c64b2","local_time":"20210208155342","is_ascension_mode":true,"campfire_choices":[{"data":"HollowMod:ShadowDash","floor":6,"key":"SMITH"},{"data":"HollowMod:MantisMark","floor":10,"key":"SMITH"},{"data":"HollowMod:ShadowDash","floor":15,"key":"SMITH"},{"data":"Pot Of Greed","floor":25,"key":"SMITH"},{"data":"Hologram","floor":32,"key":"SMITH"},{"data":"Pot Of Greed","floor":42,"key":"SMITH"},{"data":"HollowMod:WraithStrike","floor":45,"key":"SMITH"},{"data":"Prepared","floor":49,"key":"SMITH"}],"circlet_count":0,"master_deck":["HollowMod:NailStrikeStart","HollowMod:QuickDashStart","HollowMod:QuickDashStart","HollowMod:QuickDashStart","HollowMod:QuickDashStart","HollowMod:PogoStrike","HollowMod:MantisMark+1","HollowMod:WraithStrike+1","HollowMod:BlackTendrils","HollowMod:ShadowDash+1","HollowMod:ShadowDash+1","HollowMod:DescendingDark","HollowMod:DashSlash","HollowMod:DescendingDark","HollowMod:DescendingDark","Hologram+1","Pot Of Greed+1","Pot Of Greed+1","TalkToTheHand+1","HollowMod:SiblingsShadow+1","Offering","Flash of Steel+1","Coolheaded+1","Double Energy+1","Pot Of Greed","Prepared+1"],"relics":["ReplayTheSpireMod:DimensionalGlitch","Pear","Replay:Baseball","Bottled Lightning","Akabeko","HollowMod:MantisClawRelic","PrismaticShard","Empty Cage","HornCleat","Question Card","Grinning Jar","ReplayTheSpireMod:Lightbulb","HollowMod:StagPassRelic","Omamori","Replay:Grab Bag","Replay:Bronze Core","Philosopher\u0027s Stone","Black Star","FossilizedHelix","HollowMod:KingsBrand","BargainBundle","HollowMod:PaleOreRelic","Art of War","Centennial Puzzle","Snack Pack","ReplayTheSpireMod:TigerMarble","Bronze Scales","Gremlin Food","Oddly Smooth Stone"],"acts_visited":["Exordium","TheCity","TheBeyond"],"potions_floor_usage":[8,12,23,23,24,31,36,44],"damage_taken":[{"damage":0,"enemies":"Cultist","floor":1,"turns":4},{"damage":0,"enemies":"Small Slimes","floor":2,"turns":3},{"damage":0,"enemies":"2 Louse","floor":4,"turns":2},{"damage":0,"enemies":"HollowMod:HuskWarrior","floor":5,"turns":4},{"damage":2,"enemies":"3 Louse","floor":7,"turns":3},{"damage":14,"enemies":"HollowMod:MossKnight","floor":8,"turns":6},{"damage":0,"enemies":"2 Fungi Beasts","floor":11,"turns":2},{"damage":0,"enemies":"3 Sentries","floor":12,"turns":3},{"damage":14,"enemies":"HollowMod:FalseKnight","floor":16,"turns":7},{"damage":6,"enemies":"HollowMod:HuskSentry","floor":18,"turns":3},{"damage":0,"enemies":"3 Byrds","floor":21,"turns":3},{"damage":10,"enemies":"Snake Plant","floor":22,"turns":2},{"damage":14,"enemies":"Slavers","floor":23,"turns":2},{"damage":0,"enemies":"Book of Stabbing","floor":28,"turns":3},{"damage":0,"enemies":"Shelled Parasite and Fungi","floor":30,"turns":2},{"damage":11,"enemies":"Slavers","floor":31,"turns":4},{"damage":0,"enemies":"Collector","floor":33,"turns":5},{"damage":9,"enemies":"Orb Walker","floor":35,"turns":2},{"damage":0,"enemies":"3 Darklings","floor":36,"turns":2},{"damage":15,"enemies":"2 Orb Walkers","floor":37,"turns":3},{"damage":0,"enemies":"Reptomancer","floor":40,"turns":4},{"damage":0,"enemies":"Maw","floor":41,"turns":4},{"damage":13,"enemies":"HollowMod:StalkingDevout","floor":44,"turns":3},{"damage":1,"enemies":"Nemesis","floor":46,"turns":5},{"damage":0,"enemies":"Jaw Worm Horde","floor":48,"turns":2},{"damage":0,"enemies":"Replay:Hell Engine","floor":50,"turns":4}],"seed_played":"-1460496337647274595","potions_obtained":[{"floor":1,"key":"SneckoOil"},{"floor":3,"key":"LiquidBronze"},{"floor":4,"key":"LifebloodPotion"},{"floor":7,"key":"LifebloodPotion"},{"floor":8,"key":"Swift Potion"},{"floor":18,"key":"Fire Potion"},{"floor":22,"key":"Swift Potion"},{"floor":23,"key":"Fruit Juice"},{"floor":28,"key":"Regen Potion"},{"floor":35,"key":"PowerPotion"},{"floor":37,"key":"Energy Potion"},{"floor":46,"key":"Dexterity Potion"}],"is_trial":false,"path_per_floor":["M","M","?","M","M","R","M","E","T","R","M","E","?","?","R","B",null,"M","?","?","M","M","E","$","R","T","?","E","?","M","E","R","B",null,"M","M","?","T","$","E","M","R","T","E","R","E","$","M","R","B",null],"character_chosen":"THE_BUGKNIGHT","items_purchased":["Grinning Jar","BargainBundle","Adrenaline Potion","Oddly Smooth Stone"],"campfire_rested":0,"item_purchase_floors":[24,39,39,47],"current_hp_per_floor":[75,75,67,68,69,69,68,55,55,55,57,59,56,56,56,45,85,80,80,80,82,74,62,67,67,67,67,70,70,73,74,74,76,90,86,86,74,74,74,80,86,86,86,78,78,86,86,88,88,90],"gold":34,"neow_bonus":"BOSS_RELIC","is_daily":false,"chose_seed":false,"campfire_upgraded":8,"win_rate":0.0,"timestamp":1612817622,"path_taken":["M","?","?","M","?","R","M","E","T","R","M","E","?","?","R","BOSS","M","?","?","M","M","E","?","R","T","?","E","?","M","E","R","BOSS","M","M","?","?","?","E","?","R","T","E","R","E","?","?","R","BOSS"],"items_purchased_type":["Relic","Relic","Potion","Relic"],"build_version":"2020-12-22","purchased_purges":2,"victory":true,"max_hp_per_floor":[75,75,85,85,85,85,85,85,85,85,85,85,85,85,85,85,85,85,85,85,85,85,85,90,90,90,90,90,90,90,90,90,90,90,90,90,90,90,90,90,90,90,90,90,90,90,90,90,90,90],"card_choices":[{"not_picked":["HollowMod:FallenFury","HollowMod:GreatSlash"],"picked":"HollowMod:MantisMark","floor":1},{"not_picked":["HollowMod:DoubleDash","HollowMod:ChannelNail"],"picked":"HollowMod:WraithStrike","floor":2},{"not_picked":["HollowMod:MidwifesHunger","HollowMod:SoulStrike"],"picked":"HollowMod:BlackTendrils","floor":3},{"not_picked":["HollowMod:DesolateDive","HollowMod:CloakDash"],"picked":"HollowMod:ShadowDash","floor":4},{"not_picked":["HollowMod:GoodIntentions","HollowMod:SoulVessel"],"picked":"HollowMod:ShadowDash","floor":5},{"not_picked":["HollowMod:InfectedAttack","HollowMod:HeavyBlow"],"picked":"HollowMod:DescendingDark","floor":7},{"not_picked":["HollowMod:DoubleDash","HollowMod:theNailsmith"],"picked":"HollowMod:DashSlash","floor":8},{"not_picked":["HollowMod:GoodIntentions","HollowMod:NewJinnsSoul"],"picked":"HollowMod:DescendingDark","floor":11},{"not_picked":["HollowMod:AbyssShriek","HollowMod:BlackTendrils"],"picked":"HollowMod:DescendingDark","floor":12},{"not_picked":["ClearTheMind+1","ReplayTheSpireMod:Strike From Hell","HollowMod:InfectedCysts"],"picked":"SKIP","floor":18},{"not_picked":["WindmillStrike","Dagger Spray"],"picked":"Hologram","floor":21},{"not_picked":["Wild Strike","Barrage","ThirdEye+1"],"picked":"SKIP","floor":22},{"not_picked":["HollowMod:InfectedCysts","WaveOfTheHand+1","Ragnarok"],"picked":"SKIP","floor":23},{"not_picked":["Tactician","Meteor Strike","HollowMod:HowlingWraiths"],"picked":"TalkToTheHand+1","floor":28},{"not_picked":["Anger","ReplayTheSpireMod:Tripwire","Catalyst"],"picked":"HollowMod:SiblingsShadow+1","floor":30},{"not_picked":["Tempest+1","HollowMod:DungDefenderAura","HollowMod:FastStrike","Rebound"],"picked":"SKIP","floor":31},{"not_picked":["Demon Form","Juggernaut","Metamorphosis"],"picked":"Offering","floor":33},{"not_picked":["Replay:Poison Smokescreen+1","Blade Dance+1","Dodge and Roll","Sucker Punch"],"picked":"SKIP","floor":35},{"not_picked":["Enlightenment","Prepared","Anger+1"],"picked":"Flash of Steel+1","floor":36},{"not_picked":["HollowMod:ChannelNail","Nirvana","HollowMod:SharpenedNail","Weave+1"],"picked":"SKIP","floor":40},{"not_picked":["Poisoned Stab","Catalyst+1","HollowMod:HeavyBlow"],"picked":"Coolheaded+1","floor":41},{"not_picked":["Quick Slash+1","Footwork","Recycle+1","Masterful Stab+1"],"picked":"SKIP","floor":44},{"not_picked":["InnerPeace","Lockon+1","Stack"],"picked":"Double Energy+1","floor":46},{"not_picked":["The Bomb","HollowMod:CornifersMapStart+1","Slice"],"picked":"Prepared","floor":48}],"player_experience":274684,"relics_obtained":[{"floor":3,"key":"Pear"},{"floor":8,"key":"Replay:Baseball"},{"floor":9,"key":"Bottled Lightning"},{"floor":12,"key":"Akabeko"},{"floor":23,"key":"Question Card"},{"floor":28,"key":"ReplayTheSpireMod:Lightbulb"},{"floor":31,"key":"Omamori"},{"floor":37,"key":"FossilizedHelix"},{"floor":38,"key":"HollowMod:KingsBrand"},{"floor":40,"key":"HollowMod:PaleOreRelic"},{"floor":40,"key":"Art of War"},{"floor":43,"key":"Centennial Puzzle"},{"floor":44,"key":"Snack Pack"},{"floor":44,"key":"ReplayTheSpireMod:TigerMarble"},{"floor":46,"key":"Bronze Scales"},{"floor":46,"key":"Gremlin Food"}],"event_choices":[{"damage_healed":0,"gold_gain":0,"player_choice":"Success","damage_taken":3,"relics_obtained":["HollowMod:MantisClawRelic"],"max_hp_gain":0,"max_hp_loss":0,"event_name":"Scrap Ooze","floor":13,"gold_loss":0},{"cards_removed":["Injury"],"damage_healed":0,"gold_gain":0,"player_choice":"Elegance","damage_taken":0,"max_hp_gain":0,"max_hp_loss":0,"event_name":"Back to Basics","floor":19,"gold_loss":0},{"damage_healed":0,"gold_gain":0,"player_choice":"Obtained Relic","damage_taken":0,"relics_obtained":["HornCleat"],"max_hp_gain":0,"max_hp_loss":0,"event_name":"Addict","floor":20,"gold_loss":85},{"damage_healed":0,"gold_gain":0,"player_choice":"Ignored","damage_taken":0,"max_hp_gain":0,"max_hp_loss":0,"event_name":"Vampires","floor":27,"gold_loss":0},{"damage_healed":0,"gold_gain":0,"player_choice":"Fight","damage_taken":0,"max_hp_gain":0,"max_hp_loss":0,"event_name":"Mysterious Sphere","floor":37,"gold_loss":0}],"is_beta":false,"boss_relics":[{"not_picked":["ChewingGum","Sozu"],"picked":"Empty Cage"},{"not_picked":["Replay:Ancient Bell","Coffee Dripper"],"picked":"Replay:Grab Bag"},{"not_picked":["Busted Crown","Runic Dome"],"picked":"Replay:Bronze Core"},{"not_picked":["Abe\u0027s Treasure","Fusion Hammer"],"picked":"Philosopher\u0027s Stone"},{"not_picked":["Runic Pyramid","Ring of Chaos"],"picked":"Black Star"}],"items_purged_floors":[24,39],"is_endless":false,"potions_floor_spawned":[1,4,7,8,18,22,23,28,35,37,46],"ascension_level":1}}