{"host":"q8mjpf3krl0t4p3x","time":1612826041,"event":{"mods":["BaseMod","Colored Map","Colored Powertips","Googly Eyes","Minty Spire (QoL Compilation)","Quick Restart","StSLib","everything is the same but u backflip on backflip","slay the spire mod where everything is the same but ironclad has a cowboy hat"],"gold_per_floor":[111,124,124,124,144,144,176,141,141,158,158,192,192,217,217,292,292,304,57,57,69,87,87,100,113,162,176,176,188,188,201,201,275,275,294,294,294,294,47,47,77,77,123,135,135,145,145,165,165,165,165],"floor_reached":50,"language":"ENG","playtime":1935,"items_purged":[],"score":812,"play_id":"aba7d908-a629-4280-b09e-29d277a3f691","local_time":"20210208151400","is_ascension_mode":true,"campfire_choices":[{"data":"Flex","floor":6.0,"key":"SMITH"},{"floor":13.0,"key":"REST"},{"data":"Uppercut","floor":15.0,"key":"SMITH"},{"data":"Anger","floor":23.0,"key":"SMITH"},{"floor":30.0,"key":"REST"},{"floor":32.0,"key":"REST"},{"data":"Inflame","floor":40.0,"key":"SMITH"},{"floor":42.0,"key":"REST"},{"data":"Pommel Strike","floor":45.0,"key":"SMITH"},{"data":"Wild Strike","floor":47.0,"key":"SMITH"},{"data":"Battle Trance","floor":49,"key":"SMITH"}],"circlet_count":0,"master_deck":["AscendersBane","Strike_R","Strike_R","Strike_R","Strike_R","Defend_R","Defend_R","Defend_R","Defend_R","Bash","Cleave+1","Pommel Strike+1","Juggernaut","Flex+1","True Grit","Uppercut+1","Battle Trance+1","Writhe","Anger+1","Inflame+1","Good Instincts","Havoc","Wild Strike+1","Armaments"],"relics":["Burning Blood","Happy Flower","Blue Candle","Thread and Needle","MealTicket","Bag of Preparation","Meat on the Bone","Runic Dome","Self Forming Clay","Red Skull","Bag of Marbles","CultistMask","SlaversCollar","Ornamental Fan","Mercury Hourglass","Omamori"],"acts_visited":["Exordium","TheCity","TheBeyond"],"potions_floor_usage":[50,50],"damage_taken":[{"damage":5.0,"enemies":"Small Slimes","floor":1.0,"turns":3.0},{"damage":1.0,"enemies":"Cultist","floor":2.0,"turns":3.0},{"damage":11.0,"enemies":"2 Louse","floor":5.0,"turns":2.0},{"damage":32.0,"enemies":"Gremlin Nob","floor":7.0,"turns":4.0},{"damage":14.0,"enemies":"Exordium Wildlife","floor":10.0,"turns":3.0},{"damage":24.0,"enemies":"Lagavulin","floor":12.0,"turns":5.0},{"damage":12.0,"enemies":"Gremlin Nob","floor":14.0,"turns":3.0},{"damage":17.0,"enemies":"The Guardian","floor":16.0,"turns":9.0},{"damage":15.0,"enemies":"3 Byrds","floor":18.0,"turns":4.0},{"damage":11.0,"enemies":"Spheric Guardian","floor":21.0,"turns":4.0},{"damage":23.0,"enemies":"3 Cultists","floor":22.0,"turns":6.0},{"damage":26.0,"enemies":"Shelled Parasite and Fungi","floor":24.0,"turns":4.0},{"damage":8.0,"enemies":"Snecko","floor":25.0,"turns":4.0},{"damage":17.0,"enemies":"Chosen and Byrds","floor":27.0,"turns":4.0},{"damage":28.0,"enemies":"Cultist and Chosen","floor":29.0,"turns":6.0},{"damage":32.0,"enemies":"Sentry and Sphere","floor":31.0,"turns":6.0},{"damage":53.0,"enemies":"Collector","floor":33.0,"turns":7.0},{"damage":24.0,"enemies":"3 Shapes","floor":35.0,"turns":3.0},{"damage":24.0,"enemies":"Giant Head","floor":41.0,"turns":7.0},{"damage":3.0,"enemies":"Orb Walker","floor":44.0,"turns":3.0},{"damage":6.0,"enemies":"Jaw Worm Horde","floor":46.0,"turns":2.0},{"damage":7,"enemies":"Maw","floor":48,"turns":5},{"damage":83,"enemies":"Donu and Deca","floor":50,"turns":6}],"seed_played":"2248705966018505388","potions_obtained":[{"floor":1.0,"key":"FearPotion"},{"floor":5.0,"key":"Block Potion"},{"floor":12.0,"key":"SkillPotion"},{"floor":14.0,"key":"EntropicBrew"},{"floor":21.0,"key":"GamblersBrew"},{"floor":33.0,"key":"GamblersBrew"},{"floor":35.0,"key":"PowerPotion"},{"floor":41.0,"key":"Fire Potion"}],"is_trial":false,"path_per_floor":["M","M","?","?","M","R","E","?","T","M","?","E","R","E","R","B",null,"M","$","?","M","M","R","M","M","T","M","?","M","R","M","R","B",null,"M","?","?","?","$","R","E","R","T","M","R","M","R","M","R","B"],"character_chosen":"IRONCLAD","items_purchased":["Self Forming Clay","Ornamental Fan"],"campfire_rested":4,"item_purchase_floors":[19,39],"current_hp_per_floor":[73,78,78,78,73,73,47,67,67,59,59,41,65,59,59,48,72,63,78,78,73,56,56,48,58,58,47,47,37,61,47,71,36,69,51,51,51,51,66,66,48,72,72,75,75,75,75,74,74,0,0],"gold":165,"neow_bonus":"RANDOM_COMMON_RELIC","is_daily":false,"chose_seed":false,"campfire_upgraded":7,"win_rate":0.0,"timestamp":1612826040,"path_taken":["M","M","?","?","?","R","E","?","T","M","?","E","R","E","R","BOSS","M","$","?","M","M","R","M","M","T","M","?","?","R","M","R","BOSS","M","?","?","?","$","R","E","R","T","M","R","M","R","M","R","BOSS"],"items_purchased_type":["Relic","Relic"],"build_version":"2020-12-22","purchased_purges":0,"victory":false,"max_hp_per_floor":[80,80,80,80,80,80,80,80,80,80,80,80,80,80,80,80,80,80,80,80,80,80,80,80,80,80,80,80,80,80,80,80,80,80,80,80,80,80,80,80,80,80,80,80,80,80,80,80,80,80,80],"card_choices":[{"not_picked":["Entrench","Pommel Strike"],"picked":"Cleave","floor":1.0},{"not_picked":["Feel No Pain","Dark Embrace"],"picked":"Pommel Strike","floor":2.0},{"not_picked":["Twin Strike","Thunderclap"],"picked":"Flex","floor":5.0},{"not_picked":["Perfected Strike","Seeing Red"],"picked":"True Grit","floor":7.0},{"not_picked":["Havoc","Bloodletting"],"picked":"Uppercut","floor":10.0},{"not_picked":["Brutality","Cleave"],"picked":"Battle Trance","floor":12.0},{"not_picked":["Fiend Fire","Twin Strike","Havoc"],"picked":"SKIP","floor":14.0},{"not_picked":["Carnage","Fire Breathing","Warcry"],"picked":"SKIP","floor":18.0},{"not_picked":["Clash","Thunderclap","Iron Wave"],"picked":"SKIP","floor":21.0},{"not_picked":["Body Slam","Dark Embrace"],"picked":"Anger","floor":22.0},{"not_picked":["Sword Boomerang","Flex","Warcry"],"picked":"SKIP","floor":24.0},{"not_picked":["Wild Strike","Iron Wave","Headbutt"],"picked":"SKIP","floor":25.0},{"not_picked":["Twin Strike","Dark Embrace","Flex"],"picked":"SKIP","floor":27.0},{"not_picked":["Body Slam","Uppercut","Iron Wave"],"picked":"SKIP","floor":29.0},{"not_picked":["Anger","Clothesline"],"picked":"Inflame","floor":31.0},{"not_picked":["Anger","Power Through","Clothesline"],"picked":"SKIP","floor":35.0},{"not_picked":["Discovery","Forethought"],"picked":"Good Instincts","floor":36.0},{"not_picked":["True Grit+1","Flex","Anger"],"picked":"SKIP","floor":41.0},{"not_picked":["Clothesline","Clash","Blood for Blood"],"picked":"SKIP","floor":44.0},{"not_picked":["Hemokinesis","Flex"],"picked":"Wild Strike","floor":46.0},{"not_picked":["Cleave","Wild Strike"],"picked":"Armaments","floor":48}],"player_experience":339616,"relics_obtained":[{"floor":7.0,"key":"Blue Candle"},{"floor":9.0,"key":"Thread and Needle"},{"floor":12.0,"key":"Bag of Preparation"},{"floor":14.0,"key":"Meat on the Bone"},{"floor":26.0,"key":"Bag of Marbles"},{"floor":41.0,"key":"Mercury Hourglass"},{"floor":43.0,"key":"Omamori"}],"event_choices":[{"damage_healed":0.0,"max_hp_gain":0.0,"max_hp_loss":0.0,"gold_gain":0.0,"event_name":"Living Wall","player_choice":"Grow","floor":3.0,"gold_loss":0.0,"damage_taken":0.0,"cards_upgraded":["Cleave"]},{"damage_healed":0.0,"max_hp_gain":0.0,"max_hp_loss":0.0,"gold_gain":0.0,"cards_transformed":["Strike_R"],"event_name":"Transmorgrifier","player_choice":"Transformed","floor":4.0,"gold_loss":0.0,"damage_taken":0.0,"cards_obtained":["Juggernaut"]},{"damage_healed":20.0,"max_hp_gain":0.0,"max_hp_loss":0.0,"gold_gain":0.0,"event_name":"The Cleric","player_choice":"Healed","floor":8.0,"gold_loss":35.0,"damage_taken":0.0},{"damage_healed":0.0,"max_hp_gain":0.0,"max_hp_loss":0.0,"gold_gain":0.0,"event_name":"Dead Adventurer","player_choice":"Searched \u00271\u0027 times","floor":11.0,"gold_loss":0.0,"damage_taken":0.0,"relics_obtained":["MealTicket"]},{"damage_healed":0.0,"max_hp_gain":0.0,"max_hp_loss":0.0,"gold_gain":0.0,"event_name":"The Mausoleum","player_choice":"Opened","floor":20.0,"gold_loss":0.0,"damage_taken":0.0,"relics_obtained":["Red Skull"],"cards_obtained":["Writhe"]},{"damage_healed":0.0,"max_hp_gain":0.0,"max_hp_loss":0.0,"gold_gain":0.0,"event_name":"FaceTrader","player_choice":"Trade","floor":28.0,"gold_loss":0.0,"damage_taken":0.0,"relics_obtained":["CultistMask"]},{"damage_healed":0.0,"max_hp_gain":0.0,"max_hp_loss":0.0,"gold_gain":0.0,"event_name":"SensoryStone","player_choice":"Memory 1","floor":36.0,"gold_loss":0.0,"damage_taken":0.0},{"damage_healed":0.0,"max_hp_gain":0.0,"max_hp_loss":0.0,"gold_gain":0.0,"event_name":"Mysterious Sphere","player_choice":"Ignored","floor":37.0,"gold_loss":0.0,"damage_taken":0.0},{"damage_healed":0.0,"max_hp_gain":0.0,"max_hp_loss":0.0,"gold_gain":0.0,"event_name":"Match and Keep!","player_choice":"1 cards matched","floor":38.0,"gold_loss":0.0,"damage_taken":0.0,"cards_obtained":["Havoc"]}],"is_beta":false,"boss_relics":[{"not_picked":["Tiny House","SacredBark"],"picked":"Runic Dome"},{"not_picked":["Black Star","Astrolabe"],"picked":"SlaversCollar"}],"items_purged_floors":[],"is_endless":false,"potions_floor_spawned":[1,5,12,14,21,24,33,35,41,48],"killed_by":"Donu and Deca","ascension_level":13}}