{"host":"syozzdlzcqop4jia","time":1612750063,"event":{"mods":["BaseMod","Colored Map","Colored Powertips","Minty Spire (QoL Compilation)","Quick Restart"],"gold_per_floor":[119,119,132,148,148,179,189,189,247,259,271,315,327,355,367,479,491,517,454,2,2,2,33,33,33,33],"floor_reached":25,"language":"ENG","playtime":2220,"items_purged":["Defend_B"],"score":238,"play_id":"b220a951-5772-467d-abb0-f6bcc7dab205","local_time":"20210208030743","is_ascension_mode":true,"campfire_choices":[{"floor":11,"key":"REST"},{"floor":15,"key":"REST"},{"data":"Compile Driver","floor":24,"key":"SMITH"}],"circlet_count":0,"master_deck":["Strike_B","Strike_B+1","Strike_B","Strike_B","Defend_B","Defend_B","Zap+1","Dualcast","Darkness+1","Meteor Strike","Leap","BootSequence","Compile Driver+1","Rebound","Storm","Darkness+1","Conserve Battery","Amplify","Leap+1","Self Repair","Conserve Battery","Ball Lightning","BootSequence"],"relics":["Cracked Core","Juzu Bracelet","MawBank","MealTicket","Meat on the Bone","Nuclear Battery","Letter Opener","Bottled Flame"],"acts_visited":["Exordium","TheCity"],"potions_floor_usage":[4,12,18,18,18,23,23],"damage_taken":[{"damage":0,"enemies":"2 Louse","floor":1,"turns":2},{"damage":1,"enemies":"Cultist","floor":3,"turns":4},{"damage":2,"enemies":"Small Slimes","floor":4,"turns":3},{"damage":46,"enemies":"Lagavulin","floor":6,"turns":7},{"damage":13,"enemies":"Exordium Wildlife","floor":7,"turns":5},{"damage":18,"enemies":"Gremlin Nob","floor":12,"turns":4},{"damage":0,"enemies":"2 Fungi Beasts","floor":14,"turns":4},{"damage":25,"enemies":"Hexaghost","floor":16,"turns":8},{"damage":12,"enemies":"3 Byrds","floor":18,"turns":3},{"damage":54,"enemies":"Slavers","floor":23,"turns":6},{"damage":72,"enemies":"Gremlin Leader","floor":25,"turns":7}],"seed_played":"4219359107784207997","potions_obtained":[{"floor":1,"key":"Explosive Potion"},{"floor":4,"key":"PowerPotion"},{"floor":7,"key":"Fruit Juice"},{"floor":16,"key":"EntropicBrew"},{"floor":23,"key":"Energy Potion"}],"is_trial":false,"path_per_floor":["M","?","M","M","?","E","M","T","T","?","R","E","?","M","R","B",null,"M","?","$","?","?","E","R","E"],"character_chosen":"DEFECT","items_purchased":["Self Repair","Letter Opener","Conserve Battery","Block Potion"],"campfire_rested":2,"item_purchase_floors":[20,20,20,20],"current_hp_per_floor":[82,82,81,79,79,33,20,20,20,20,44,31,14,26,52,39,87,75,75,87,87,87,62,62,0,0],"gold":33,"neow_bonus":"TEN_PERCENT_HP_BONUS","is_daily":false,"chose_seed":false,"campfire_upgraded":1,"win_rate":0.0,"timestamp":1612750063,"path_taken":["M","?","M","?","?","E","M","?","T","?","R","E","?","M","R","BOSS","M","?","$","?","?","E","R","E"],"items_purchased_type":["Card","Relic","Card","Potion"],"build_version":"2020-12-22","purchased_purges":1,"victory":false,"max_hp_per_floor":[82,82,82,82,82,82,82,82,82,82,82,87,87,87,87,87,87,87,87,87,87,87,87,87,87,87],"card_choices":[{"not_picked":["Chaos","Double Energy"],"picked":"Darkness","floor":1},{"not_picked":["Force Field","Barrage"],"picked":"Compile Driver","floor":3},{"not_picked":["FTL","Steam Power"],"picked":"Rebound","floor":4},{"not_picked":["Double Energy","Stack"],"picked":"Storm","floor":6},{"not_picked":["Chaos","Skim"],"picked":"Darkness","floor":7},{"not_picked":["Sweeping Beam","Barrage"],"picked":"Leap","floor":12},{"not_picked":["Compile Driver","Darkness"],"picked":"Conserve Battery","floor":14},{"not_picked":["Seek","Echo Form"],"picked":"Amplify","floor":16},{"not_picked":["Sweeping Beam","Turbo+1"],"picked":"Leap+1","floor":18},{"not_picked":["Hologram","Blizzard"],"picked":"BootSequence","floor":23}],"player_experience":599959,"relics_obtained":[{"floor":6,"key":"Juzu Bracelet"},{"floor":8,"key":"MawBank"},{"floor":9,"key":"MealTicket"},{"floor":12,"key":"Meat on the Bone"},{"floor":23,"key":"Bottled Flame"}],"event_choices":[{"damage_healed":0,"gold_gain":0,"player_choice":"3 cards matched","damage_taken":0,"max_hp_gain":0,"max_hp_loss":0,"event_name":"Match and Keep!","floor":2,"gold_loss":0,"cards_obtained":["Meteor Strike","Leap","BootSequence"]},{"damage_healed":0,"gold_gain":0,"player_choice":"Grow","damage_taken":0,"max_hp_gain":0,"max_hp_loss":0,"event_name":"Living Wall","floor":5,"gold_loss":0,"cards_upgraded":["Zap"]},{"damage_healed":0,"gold_gain":0,"player_choice":"Upgraded","damage_taken":0,"max_hp_gain":0,"max_hp_loss":0,"event_name":"Upgrade Shrine","floor":10,"gold_loss":0,"cards_upgraded":["Darkness"]},{"damage_healed":0,"gold_gain":0,"player_choice":"Entered Light","damage_taken":17,"max_hp_gain":0,"max_hp_loss":0,"event_name":"Shining Light","floor":13,"gold_loss":0,"cards_upgraded":["Strike_B","Darkness"]},{"cards_removed":["Defend_B"],"damage_healed":0,"gold_gain":0,"player_choice":"Gave Gold","damage_taken":0,"max_hp_gain":0,"max_hp_loss":0,"event_name":"Beggar","floor":19,"gold_loss":75},{"damage_healed":0,"gold_gain":0,"player_choice":"Read","damage_taken":0,"max_hp_gain":0,"max_hp_loss":0,"event_name":"The Library","floor":21,"gold_loss":0,"cards_obtained":["Ball Lightning"]},{"cards_removed":["Leap"],"damage_healed":5,"gold_gain":0,"player_choice":"Offered Common","damage_taken":0,"max_hp_gain":0,"max_hp_loss":0,"event_name":"Bonfire Elementals","floor":22,"gold_loss":0},{"cards_removed":["Leap"],"damage_healed":5,"gold_gain":0,"player_choice":"Offered Special","damage_taken":0,"max_hp_gain":0,"max_hp_loss":0,"event_name":"Bonfire Elementals","floor":22,"gold_loss":0}],"is_beta":false,"boss_relics":[{"not_picked":["Astrolabe","SacredBark"],"picked":"Nuclear Battery"}],"items_purged_floors":[20],"is_endless":false,"potions_floor_spawned":[1,4,7,16,23],"killed_by":"Gremlin Leader","ascension_level":1}}