{"host":"l8n3qytufxtuz5eu","time":1612826352,"event":{"mods":["BaseMod","Colored Map","Minty Spire (QoL Compilation)","Relic Stats"],"gold_per_floor":[119,133,308,328,11,38,38,68,68,68,68,88,99,110,110,212,212,222,242,341,266,266,297,297,331,331,344,14,28,128,83,83,180,230,250,250,250,18,31,31,56,70,123,123,158,175,175,189,189,189,189,189,16,43,43,43],"floor_reached":55,"language":"ENG","playtime":9733,"items_purged":["Doubt","Decay","Strike_G+1"],"score":1213,"play_id":"c01f9d5c-cb98-458b-b16d-67253b39b6fc","local_time":"20210208151912","is_ascension_mode":true,"campfire_choices":[{"data":"Dagger Spray","floor":7.0,"key":"SMITH"},{"data":"Envenom","floor":10.0,"key":"SMITH"},{"floor":15.0,"key":"REST"},{"data":"Wraith Form v2","floor":24.0,"key":"SMITH"},{"floor":32.0,"key":"REST"},{"data":"Catalyst","floor":40,"key":"SMITH"},{"floor":47,"key":"RECALL"},{"data":"Accuracy","floor":49,"key":"SMITH"},{"data":"Madness","floor":52,"key":"SMITH"}],"circlet_count":0,"master_deck":["AscendersBane","Strike_G+1","Strike_G+1","Strike_G+1","Defend_G+1","Defend_G+1","Defend_G+1","Defend_G+1","Defend_G+1","Survivor","Neutralize","Dagger Spray+1","Dash","Accuracy+1","Adrenaline","Envenom+1","Terror","Calculated Gamble","Malaise","Acrobatics","Wraith Form v2+1","Bouncing Flask+1","Blade Dance","Glass Knife+1","Setup+1","Madness","Madness+1","Catalyst+1","Slice+1","Blade Dance","Cloak And Dagger","Well Laid Plans+1","Finesse","Metamorphosis","Dramatic Entrance+1","Concentrate+1","Footwork+1"],"relics":["Ring of the Snake","NeowsBlessing","Shuriken","InkBottle","Pocketwatch","Dead Branch","Busted Crown","Mercury Hourglass","Eternal Feather","Gambling Chip","TwistedFunnel","Lizard Tail","Molten Egg 2","Tiny House","Snake Skull","Dream Catcher","Darkstone Periapt","Bottled Flame"],"acts_visited":["Exordium","TheCity","TheBeyond","TheEnding"],"potions_floor_usage":[41,45,55,55,55],"damage_taken":[{"damage":0.0,"enemies":"2 Louse","floor":1.0,"turns":1.0},{"damage":0.0,"enemies":"Small Slimes","floor":2.0,"turns":1.0},{"damage":0.0,"enemies":"Cultist","floor":4.0,"turns":1.0},{"damage":17.0,"enemies":"3 Sentries","floor":6.0,"turns":9.0},{"damage":19.0,"enemies":"Gremlin Nob","floor":8.0,"turns":4.0},{"damage":16.0,"enemies":"Lots of Slimes","floor":12.0,"turns":2.0},{"damage":0.0,"enemies":"Gremlin Gang","floor":13.0,"turns":2.0},{"damage":0.0,"enemies":"Looter","floor":14.0,"turns":4.0},{"damage":9.0,"enemies":"The Guardian","floor":16.0,"turns":8.0},{"damage":7.0,"enemies":"Shell Parasite","floor":18.0,"turns":3.0},{"damage":2.0,"enemies":"Chosen","floor":19.0,"turns":3.0},{"damage":29.0,"enemies":"Slavers","floor":23.0,"turns":3.0},{"damage":1.0,"enemies":"Book of Stabbing","floor":25.0,"turns":6.0},{"damage":7.0,"enemies":"Snake Plant","floor":27.0,"turns":4.0},{"damage":7.0,"enemies":"Snecko","floor":29.0,"turns":5.0},{"damage":1.0,"enemies":"Colosseum Slavers","floor":30.0,"turns":3.0},{"damage":15.0,"enemies":"Colosseum Nobs","floor":30.0,"turns":3.0},{"damage":20.0,"enemies":"Collector","floor":33.0,"turns":7.0},{"damage":0,"enemies":"3 Darklings","floor":35,"turns":3},{"damage":0,"enemies":"Orb Walker","floor":39,"turns":3},{"damage":9,"enemies":"Giant Head","floor":41,"turns":6},{"damage":12,"enemies":"Spire Growth","floor":42,"turns":3},{"damage":10,"enemies":"Nemesis","floor":45,"turns":3},{"damage":16,"enemies":"Jaw Worm Horde","floor":46,"turns":2},{"damage":0,"enemies":"Maw","floor":48,"turns":4},{"damage":96,"enemies":"Awakened One","floor":50,"turns":8},{"damage":32,"enemies":"Shield and Spear","floor":54,"turns":4},{"damage":56,"enemies":"The Heart","floor":55,"turns":2}],"seed_played":"-3791030775302496735","potions_obtained":[{"floor":2.0,"key":"SkillPotion"},{"floor":13.0,"key":"FairyPotion"},{"floor":14.0,"key":"ColorlessPotion"},{"floor":16.0,"key":"Swift Potion"},{"floor":19.0,"key":"LiquidBronze"},{"floor":27.0,"key":"ColorlessPotion"},{"floor":30.0,"key":"Swift Potion"},{"floor":34.0,"key":"SneckoOil"},{"floor":35,"key":"FearPotion"},{"floor":45,"key":"SteroidPotion"},{"floor":46,"key":"LiquidBronze"},{"floor":54,"key":"SpeedPotion"}],"is_trial":false,"path_per_floor":["M","M","?","M","$","E","R","E","T","R","?","M","M","M","R","B",null,"M","M","?","$","?","E","R","E","T","M","$","M","?","$","R","B",null,"M","?","?","$","M","R","E","M","T","?","E","M","R","M","R","B",null,"R","$","E","B"],"character_chosen":"THE_SILENT","items_purchased":["Shuriken","Accuracy","TwistedFunnel","Bouncing Flask","Blade Dance","Snake Skull","Catalyst","Slice+1","PowerPotion"],"campfire_rested":2,"item_purchase_floors":[5,5,28,28,31,38,38,38,53],"current_hp_per_floor":[63,63,63,63,63,46,46,27,27,27,27,11,11,11,32,23,58,51,49,49,49,49,20,20,19,19,12,12,5,13,13,49,29,65,65,56,56,56,56,74,65,53,53,43,33,17,38,38,59,2,57,75,75,43,0,0],"gold":43,"neow_bonus":"THREE_ENEMY_KILL","is_daily":false,"chose_seed":false,"campfire_upgraded":6,"win_rate":0.0,"timestamp":1612826352,"path_taken":["M","M","?","M","$","E","R","E","T","R","?","M","?","?","R","BOSS","M","?","?","$","?","E","R","E","T","M","?","M","?","?","R","BOSS","M","?","?","$","M","R","E","?","T","?","E","M","R","M","R","BOSS","R","$","E","BOSS"],"items_purchased_type":["Relic","Card","Relic","Card","Card","Relic","Card","Card","Potion"],"build_version":"2020-12-22","purchased_purges":3,"victory":false,"max_hp_per_floor":[70,70,70,70,70,70,70,70,70,70,70,70,70,70,70,70,70,70,70,70,70,70,70,70,70,70,70,70,70,70,70,70,70,75,75,75,75,75,75,75,75,75,75,75,75,75,75,75,75,75,75,75,75,75,75,75],"relic_stats":{"Darkstone Periapt":0,"counters":[28,107],"Dead Branch":[201],"Eternal Feather":93,"Snake Skull":[169],"Mercury Hourglass":[237],"Lizard Tail":37,"Dream Catcher":0,"Busted Crown":40,"Shuriken":[53],"Gambling Chip":[60],"obtain_stats":[{"TwistedFunnel":28,"Darkstone Periapt":45,"Tiny House":34,"NeowsBlessing":0,"Dead Branch":9,"Eternal Feather":25,"Snake Skull":38,"Mercury Hourglass":23,"Lizard Tail":30,"Dream Catcher":41,"Bottled Flame":54,"Busted Crown":17,"Shuriken":5,"Gambling Chip":26,"Molten Egg 2":30,"InkBottle":6,"Ring of the Snake":0,"Pocketwatch":8},{"TwistedFunnel":14,"Darkstone Periapt":23,"Tiny House":18,"NeowsBlessing":0,"Dead Branch":5,"Eternal Feather":13,"Snake Skull":19,"Mercury Hourglass":12,"Lizard Tail":17,"Dream Catcher":21,"Bottled Flame":27,"Busted Crown":9,"Shuriken":3,"Gambling Chip":13,"Molten Egg 2":17,"InkBottle":4,"Ring of the Snake":0,"Pocketwatch":5},{"TwistedFunnel":51,"Darkstone Periapt":87,"Tiny House":69,"NeowsBlessing":0,"Dead Branch":16,"Eternal Feather":47,"Snake Skull":72,"Mercury Hourglass":41,"Lizard Tail":62,"Dream Catcher":81,"Bottled Flame":105,"Busted Crown":32,"Shuriken":3,"Gambling Chip":47,"Molten Egg 2":62,"InkBottle":12,"Ring of the Snake":0,"Pocketwatch":16}],"InkBottle":[54],"Ring of the Snake":[56],"Pocketwatch":[51]},"card_choices":[{"not_picked":["Dagger Throw","Slice"],"picked":"Dagger Spray","floor":1.0},{"not_picked":["Slice","Dagger Throw"],"picked":"Dash","floor":2.0},{"not_picked":["Underhanded Strike","Expertise","Slice"],"picked":"SKIP","floor":4.0},{"not_picked":["Slice","Prepared"],"picked":"Adrenaline","floor":6.0},{"not_picked":["Tactician","Deadly Poison"],"picked":"Envenom","floor":8.0},{"not_picked":["Outmaneuver","Underhanded Strike"],"picked":"Terror","floor":12.0},{"not_picked":["Quick Slash","Slice","Terror"],"picked":"SKIP","floor":13.0},{"not_picked":["Underhanded Strike","Endless Agony"],"picked":"Calculated Gamble","floor":14.0},{"not_picked":["Grand Finale","Envenom"],"picked":"Malaise","floor":16.0},{"not_picked":["Prepared"],"picked":"SKIP","floor":18.0},{"not_picked":[],"picked":"Acrobatics","floor":19.0},{"not_picked":[],"picked":"Wraith Form v2","floor":23.0},{"not_picked":["Sucker Punch"],"picked":"SKIP","floor":25.0},{"not_picked":["Slice"],"picked":"SKIP","floor":27.0},{"not_picked":["Bane+1"],"picked":"SKIP","floor":29.0},{"not_picked":[],"picked":"Glass Knife+1","floor":33.0},{"not_picked":[],"picked":"Setup+1","floor":35},{"not_picked":[],"picked":"Blade Dance","floor":39},{"not_picked":[],"picked":"Cloak And Dagger","floor":41},{"not_picked":[],"picked":"Well Laid Plans+1","floor":42},{"not_picked":[],"picked":"Finesse","floor":44},{"not_picked":[],"picked":"Metamorphosis","floor":44},{"not_picked":[],"picked":"Dramatic Entrance+1","floor":44},{"not_picked":[],"picked":"Concentrate+1","floor":45},{"not_picked":["Underhanded Strike+1"],"picked":"SKIP","floor":46},{"not_picked":["Prepared"],"picked":"SKIP","floor":48},{"not_picked":[],"picked":"Footwork+1","floor":54}],"player_experience":1473318,"relics_obtained":[{"floor":6.0,"key":"InkBottle"},{"floor":8.0,"key":"Pocketwatch"},{"floor":9.0,"key":"Dead Branch"},{"floor":23.0,"key":"Mercury Hourglass"},{"floor":25.0,"key":"Eternal Feather"},{"floor":26.0,"key":"Gambling Chip"},{"floor":30.0,"key":"Lizard Tail"},{"floor":30.0,"key":"Molten Egg 2"},{"floor":41,"key":"Dream Catcher"},{"floor":45,"key":"Darkstone Periapt"},{"floor":54,"key":"Bottled Flame"}],"event_choices":[{"damage_healed":0.0,"max_hp_gain":0.0,"max_hp_loss":0.0,"gold_gain":175.0,"event_name":"Liars Game","player_choice":"AGREE","floor":3.0,"gold_loss":0.0,"damage_taken":0.0,"cards_obtained":["Doubt"]},{"damage_healed":0.0,"max_hp_gain":0.0,"max_hp_loss":0.0,"gold_gain":0.0,"event_name":"Wheel of Change","player_choice":"Cursed","floor":11.0,"gold_loss":0.0,"damage_taken":0.0,"cards_obtained":["Decay"]},{"damage_healed":0.0,"max_hp_gain":0.0,"max_hp_loss":0.0,"gold_gain":99.0,"event_name":"Nest","player_choice":"Stole From Cult","floor":20.0,"gold_loss":0.0,"damage_taken":0.0},{"damage_healed":0.0,"max_hp_gain":0.0,"max_hp_loss":0.0,"gold_gain":0.0,"event_name":"Back to Basics","player_choice":"Simplicity","floor":22.0,"gold_loss":0.0,"damage_taken":0.0,"cards_upgraded":["Strike_G","Strike_G","Strike_G","Strike_G","Strike_G","Defend_G","Defend_G","Defend_G","Defend_G","Defend_G"]},{"damage_healed":0.0,"max_hp_gain":0.0,"max_hp_loss":0.0,"gold_gain":0.0,"event_name":"Colosseum","player_choice":"Fight","floor":30.0,"gold_loss":0.0,"damage_taken":0.0},{"damage_healed":0.0,"max_hp_gain":0.0,"max_hp_loss":0.0,"gold_gain":0.0,"event_name":"Colosseum","player_choice":"Fought Nobs","floor":30.0,"gold_loss":0.0,"damage_taken":0.0},{"damage_healed":0,"gold_gain":0,"player_choice":"Embrace Madness","damage_taken":9,"max_hp_gain":0,"max_hp_loss":0,"event_name":"Winding Halls","floor":36,"gold_loss":0,"cards_obtained":["Madness","Madness"]},{"cards_removed":["Strike_G"],"damage_healed":0,"gold_gain":0,"player_choice":"Removed Attack","damage_taken":0,"max_hp_gain":0,"max_hp_loss":0,"event_name":"Falling","floor":37,"gold_loss":0},{"damage_healed":0,"gold_gain":0,"player_choice":"Memory 3","damage_taken":10,"max_hp_gain":0,"max_hp_loss":0,"event_name":"SensoryStone","floor":44,"gold_loss":0}],"is_beta":false,"boss_relics":[{"not_picked":["SlaversCollar","Cursed Key"],"picked":"Busted Crown"},{"not_picked":["Runic Pyramid","Coffee Dripper"],"picked":"Tiny House"}],"items_purged_floors":[21,28,53],"is_endless":false,"potions_floor_spawned":[2,13,14,16,19,27,30,30,35,45,46,54],"killed_by":"The Heart","ascension_level":10}}