{"host":"8is2j71l4wmybkoi","time":1612784945,"event":{"mods":["AchievementEnabler","BaseMod","Colored Map","Minty Spire (QoL Compilation)","Rare Cards Sparkle","StSLib","SuperFastMode"],"gold_per_floor":[119,132,57,57,72,72,99,119,145,145,160,160,11,36,36,108,108,118,133,48,0,0,0,0,0],"floor_reached":24,"language":"KOR","playtime":889,"items_purged":["Strike_R"],"score":357,"play_id":"6e3dc075-14c0-4948-ba2e-6dac4a9ec549","local_time":"20210208204905","is_ascension_mode":true,"campfire_choices":[{"data":"Pommel Strike","floor":6.0,"key":"SMITH"},{"data":"Rampage","floor":10.0,"key":"SMITH"},{"data":"Bash","floor":12,"key":"SMITH"},{"data":"Dark Embrace","floor":15,"key":"SMITH"},{"floor":23,"key":"REST"}],"circlet_count":0,"master_deck":["AscendersBane","Strike_R","Strike_R","Strike_R","Defend_R","Defend_R","Defend_R","Defend_R+1","Bash+1","Magnetism+1","Pommel Strike+1","Rampage+1","Second Wind+1","Shrug It Off","Evolve","Dark Embrace+1","Feed"],"relics":["Burning Blood","Lantern","War Paint","Anchor","Black Star","Nunchaku"],"acts_visited":["Exordium","TheCity"],"potions_floor_usage":[14,14,16],"damage_taken":[{"damage":2.0,"enemies":"Cultist","floor":1.0,"turns":5.0},{"damage":10.0,"enemies":"2 Louse","floor":2.0,"turns":3.0},{"damage":2.0,"enemies":"Jaw Worm","floor":5.0,"turns":3.0},{"damage":20.0,"enemies":"Lagavulin","floor":7.0,"turns":6.0},{"damage":14.0,"enemies":"Blue Slaver","floor":8.0,"turns":5.0},{"damage":9.0,"enemies":"Red Slaver","floor":11.0,"turns":3.0},{"damage":29,"enemies":"3 Sentries","floor":14,"turns":9},{"damage":7,"enemies":"Slime Boss","floor":16,"turns":7},{"damage":42,"enemies":"2 Thieves","floor":18,"turns":5},{"damage":0,"enemies":"Chosen","floor":19,"turns":6},{"damage":65,"enemies":"Book of Stabbing","floor":24,"turns":7}],"seed_played":"2568124835524832633","potions_obtained":[{"floor":1.0,"key":"DuplicationPotion"},{"floor":2.0,"key":"BloodPotion"},{"floor":8.0,"key":"Weak Potion"},{"floor":14,"key":"Weak Potion"}],"is_trial":false,"path_per_floor":["M","M","?","?","M","R","E","M","T","R","M","R","$","E","R","B",null,"M","M","?","?","$","R","E"],"character_chosen":"IRONCLAD","items_purchased":["Evolve"],"campfire_rested":1,"item_purchase_floors":[13],"current_hp_per_floor":[54,50,50,50,54,54,40,32,32,32,29,29,29,21,21,20,61,25,34,34,34,34,57,0,0],"gold":0,"neow_bonus":"RANDOM_COLORLESS_2","is_daily":false,"chose_seed":false,"campfire_upgraded":4,"win_rate":0.0,"timestamp":1612784945,"path_taken":["M","M","?","?","M","R","E","M","T","R","M","R","$","E","R","BOSS","M","?","?","?","?","R","E"],"items_purchased_type":["Card"],"build_version":"2020-12-22","purchased_purges":1,"victory":false,"max_hp_per_floor":[75,75,75,75,75,75,75,75,75,75,75,75,75,75,75,75,75,75,78,78,78,78,78,78,78],"card_choices":[{"not_picked":["Violence","Chrysalis"],"picked":"Magnetism","floor":0.0},{"not_picked":["Cleave","Body Slam","Shockwave"],"picked":"SKIP","floor":1.0},{"not_picked":["Clash","Sever Soul","Warcry"],"picked":"SKIP","floor":2.0},{"not_picked":["Rupture","Anger"],"picked":"Pommel Strike","floor":5.0},{"not_picked":["Barricade","Pommel Strike"],"picked":"Rampage","floor":7.0},{"not_picked":["Fire Breathing","Clothesline"],"picked":"Second Wind","floor":8.0},{"not_picked":["Wild Strike","Clash"],"picked":"Shrug It Off","floor":11.0},{"not_picked":["Searing Blow","Feed"],"picked":"Dark Embrace","floor":14},{"not_picked":["Exhume","Juggernaut"],"picked":"Feed","floor":16},{"not_picked":["Wild Strike","Clash+1","Heavy Blade+1"],"picked":"SKIP","floor":18},{"not_picked":["Cleave","Rampage","Iron Wave+1"],"picked":"SKIP","floor":19}],"player_experience":1069901,"relics_obtained":[{"floor":7.0,"key":"Lantern"},{"floor":9.0,"key":"War Paint"},{"floor":14,"key":"Anchor"}],"event_choices":[{"cards_removed":["Strike_R"],"damage_healed":0.0,"max_hp_gain":0.0,"max_hp_loss":0.0,"gold_gain":0.0,"event_name":"The Cleric","player_choice":"Card Removal","floor":3.0,"gold_loss":75.0,"damage_taken":0.0},{"damage_healed":0.0,"max_hp_gain":0.0,"max_hp_loss":0.0,"gold_gain":0.0,"event_name":"Accursed Blacksmith","player_choice":"Forge","floor":4.0,"gold_loss":0.0,"damage_taken":0.0,"cards_upgraded":["Magnetism"]},{"damage_healed":0,"gold_gain":0,"player_choice":"Obtained Relic","damage_taken":0,"relics_obtained":["Nunchaku"],"max_hp_gain":0,"max_hp_loss":0,"event_name":"Addict","floor":20,"gold_loss":85},{"damage_healed":0,"gold_gain":0,"player_choice":"Paid Fearfully","damage_taken":0,"max_hp_gain":0,"max_hp_loss":0,"event_name":"Masked Bandits","floor":21,"gold_loss":48}],"is_beta":false,"boss_relics":[{"not_picked":["Runic Pyramid","Coffee Dripper"],"picked":"Black Star"}],"items_purged_floors":[13],"is_endless":false,"potions_floor_spawned":[1,2,8,14],"killed_by":"Book of Stabbing","ascension_level":15}}