{"host":"r6jigiblrojhp6xe","time":1612776789,"event":{"mods":["AchievementEnabler","BaseMod","DeckTracker","Hermit","Minty Spire (QoL Compilation)","Quick Restart","Rare Cards Sparkle","Relic Stats","StSLib","SuperFastMode","everything is the same but u backflip on backflip"],"gold_per_floor":[109,109,124,49,66,66,77,101,101,120,130,150,150,163,163,241,241,258,258,273,273,8,34,34,34],"floor_reached":24,"language":"KOR","playtime":486,"items_purged":["Strike_R","Double Tap"],"score":520,"play_id":"fbb68288-2a59-4683-ba4a-2ac8c51fca3b","local_time":"20210208183309","is_ascension_mode":true,"campfire_choices":[{"data":"Fire Breathing","floor":6.0,"key":"SMITH"},{"data":"Bash","floor":15.0,"key":"SMITH"}],"circlet_count":0,"master_deck":["AscendersBane","Defend_R","Defend_R","Defend_R","Bash+1","Dropkick","Fire Breathing+1","Carnage","True Grit","Burning Pact","Dropkick","Iron Wave","Shockwave"],"relics":["Black Blood","NeowsBlessing","Odd Mushroom","Gambling Chip","Strawberry","StoneCalendar"],"acts_visited":["Exordium","TheCity"],"potions_floor_usage":[],"damage_taken":[{"damage":0.0,"enemies":"Jaw Worm","floor":1.0,"turns":1.0},{"damage":0.0,"enemies":"Cultist","floor":3.0,"turns":1.0},{"damage":0.0,"enemies":"2 Louse","floor":5.0,"turns":1.0},{"damage":13.0,"enemies":"2 Fungi Beasts","floor":7.0,"turns":4.0},{"damage":0.0,"enemies":"The Mushroom Lair","floor":8.0,"turns":2.0},{"damage":4.0,"enemies":"Red Slaver","floor":10.0,"turns":3.0},{"damage":3.0,"enemies":"Blue Slaver","floor":11.0,"turns":2.0},{"damage":10.0,"enemies":"3 Louse","floor":12.0,"turns":6.0},{"damage":24.0,"enemies":"Large Slime","floor":14.0,"turns":6.0},{"damage":6.0,"enemies":"Hexaghost","floor":16.0,"turns":5.0},{"damage":56.0,"enemies":"Spheric Guardian","floor":18.0,"turns":6.0},{"damage":21.0,"enemies":"Shell Parasite","floor":20.0,"turns":2.0},{"damage":0,"enemies":"Slavers","floor":23,"turns":1},{"damage":0,"enemies":"Snake Plant","floor":24,"turns":1}],"seed_played":"4865936268205360038","potions_obtained":[{"floor":1.0,"key":"AttackPotion"},{"floor":5.0,"key":"Energy Potion"},{"floor":12.0,"key":"SpeedPotion"},{"floor":16.0,"key":"Strength Potion"},{"floor":18.0,"key":"PowerPotion"}],"is_trial":false,"path_per_floor":["M","?","M","$","M","R","M","?","T","M","M","M","?","M","R","B",null,"M","?","M","?","$","E","M"],"character_chosen":"IRONCLAD","items_purchased":["Strawberry"],"campfire_rested":0,"item_purchase_floors":[22],"current_hp_per_floor":[74,74,75,75,75,75,68,74,74,75,75,71,64,46,46,46,68,24,24,15,15,22,34,34,34],"gold":34,"neow_bonus":"THREE_ENEMY_KILL","is_daily":false,"chose_seed":false,"campfire_upgraded":2,"win_rate":0.0,"timestamp":1612776789,"path_taken":["M","?","?","$","M","R","M","?","T","M","M","M","?","M","R","BOSS","M","?","?","?","$","E","M"],"items_purchased_type":["Relic"],"build_version":"2020-12-22","purchased_purges":2,"victory":false,"max_hp_per_floor":[75,75,75,75,75,75,75,75,75,75,75,75,75,75,75,75,75,75,75,75,75,82,82,82,82],"relic_stats":{"counters":[14,41],"Gambling Chip":[32],"Black Blood":81,"StoneCalendar":[0],"obtain_stats":[{"NeowsBlessing":0,"Gambling Chip":9,"Strawberry":22,"Black Blood":17,"StoneCalendar":23,"Odd Mushroom":8,"Burning Blood":0},{"NeowsBlessing":0,"Gambling Chip":5,"Strawberry":12,"Black Blood":10,"StoneCalendar":13,"Odd Mushroom":5,"Burning Blood":0},{"NeowsBlessing":0,"Gambling Chip":9,"Strawberry":39,"Black Blood":31,"StoneCalendar":40,"Odd Mushroom":9,"Burning Blood":0}]},"card_choices":[{"not_picked":["Dual Wield","Iron Wave"],"picked":"Dropkick","floor":1.0},{"not_picked":["Uppercut","Battle Trance"],"picked":"Fire Breathing","floor":3.0},{"not_picked":["Dark Embrace","Reckless Charge","Pummel"],"picked":"SKIP","floor":5.0},{"not_picked":["Clothesline","Rupture","Uppercut"],"picked":"SKIP","floor":7.0},{"not_picked":["Cleave","Spot Weakness"],"picked":"Carnage","floor":8.0},{"not_picked":["Sentinel","Clash","Rampage"],"picked":"SKIP","floor":10.0},{"not_picked":["Metallicize","Shrug It Off"],"picked":"True Grit","floor":11.0},{"not_picked":["Warcry","Seeing Red","Rupture"],"picked":"SKIP","floor":12.0},{"not_picked":["Sword Boomerang","Thunderclap"],"picked":"Burning Pact","floor":14.0},{"not_picked":["Cleave","Havoc","Heavy Blade"],"picked":"SKIP","floor":18.0},{"not_picked":["Burning Pact","Clash+1","Twin Strike"],"picked":"SKIP","floor":20.0},{"not_picked":["Reckless Charge+1","Pommel Strike","Iron Wave"],"picked":"SKIP","floor":23}],"player_experience":607667,"relics_obtained":[{"floor":8.0,"key":"Odd Mushroom"},{"floor":9.0,"key":"Gambling Chip"},{"floor":23,"key":"StoneCalendar"}],"event_choices":[{"damage_healed":0.0,"max_hp_gain":0.0,"max_hp_loss":0.0,"gold_gain":0.0,"cards_transformed":["Strike_R"],"event_name":"Transmorgrifier","player_choice":"Transformed","floor":2.0,"gold_loss":0.0,"damage_taken":0.0,"cards_obtained":["Double Tap"]},{"damage_healed":0.0,"max_hp_gain":0.0,"max_hp_loss":0.0,"gold_gain":0.0,"event_name":"Mushrooms","player_choice":"Fought Mushrooms","floor":8.0,"gold_loss":0.0,"damage_taken":0.0},{"cards_removed":["Strike_R"],"damage_healed":0.0,"max_hp_gain":0.0,"max_hp_loss":0.0,"gold_gain":0.0,"event_name":"Golden Wing","player_choice":"Card Removal","floor":13.0,"gold_loss":0.0,"damage_taken":7.0},{"damage_healed":0.0,"max_hp_gain":0.0,"max_hp_loss":0.0,"gold_gain":0.0,"cards_transformed":["Strike_R"],"event_name":"Transmorgrifier","player_choice":"Transformed","floor":19.0,"gold_loss":0.0,"damage_taken":0.0,"cards_obtained":["Dropkick"]},{"damage_healed":0.0,"max_hp_gain":0.0,"max_hp_loss":0.0,"gold_gain":0.0,"cards_transformed":["Strike_R","Defend_R"],"event_name":"Drug Dealer","player_choice":"Became Test Subject","floor":21.0,"gold_loss":0.0,"damage_taken":0.0,"cards_obtained":["Iron Wave","Shockwave"]}],"is_beta":false,"boss_relics":[{"not_picked":["SlaversCollar","Velvet Choker"],"picked":"Black Blood"}],"items_purged_floors":[4,22],"is_endless":false,"potions_floor_spawned":[1,5,12,14,16,18,23],"killed_by":"Snake Plant","ascension_level":20}}