{"host":"oj1wqp41zfsetb5p","time":1612778089,"event":{"mods":["AchievementEnabler","BaseMod","Colored Map","Minty Spire (QoL Compilation)","Relic Stats","StSLib"],"gold_per_floor":[114,114,140,156,166,195,195,221,248,274,284,304,304,78,78,178,178,196,196,207,221,238,238,268,285,311,311,311],"floor_reached":27,"language":"ENG","playtime":2054,"items_purged":["Strike_R"],"score":322,"play_id":"d33f0144-ea11-432a-b8aa-53d3beb74758","local_time":"20210208205449","is_ascension_mode":true,"campfire_choices":[{"data":"Armaments","floor":7,"key":"SMITH"},{"floor":15,"key":"REST"},{"floor":23,"key":"REST"}],"circlet_count":0,"master_deck":["Strike_R","Strike_R","Strike_R","Defend_R","Defend_R","Defend_R","Defend_R","Bash","Flame Barrier","Armaments+1","Dark Embrace","Body Slam","Entrench","Seeing Red","Barricade","Entrench+1"],"relics":["Burning Blood","Regal Pillow","Shuriken","Champion Belt","Bronze Scales","Pantograph","Ancient Tea Set","Omamori","Cursed Key","Tiny Chest","Akabeko"],"acts_visited":["Exordium","TheCity"],"potions_floor_usage":[6,8,10,16,18,24,24],"damage_taken":[{"damage":2.0,"enemies":"Jaw Worm","floor":1.0,"turns":3.0},{"damage":3.0,"enemies":"2 Louse","floor":4.0,"turns":5.0},{"damage":0,"enemies":"Small Slimes","floor":5,"turns":4},{"damage":32,"enemies":"Gremlin Nob","floor":6,"turns":4},{"damage":2,"enemies":"Lagavulin","floor":8,"turns":9},{"damage":16,"enemies":"3 Sentries","floor":10,"turns":9},{"damage":17,"enemies":"2 Fungi Beasts","floor":11,"turns":4},{"damage":11,"enemies":"Exordium Thugs","floor":12,"turns":6},{"damage":40,"enemies":"Hexaghost","floor":16,"turns":11},{"damage":2,"enemies":"3 Byrds","floor":18,"turns":3},{"damage":8,"enemies":"Shell Parasite","floor":20,"turns":6},{"damage":30,"enemies":"Snake Plant","floor":21,"turns":5},{"damage":20,"enemies":"Shelled Parasite and Fungi","floor":22,"turns":7},{"damage":40,"enemies":"Gremlin Leader","floor":24,"turns":6},{"damage":10,"enemies":"Cultist and Chosen","floor":25,"turns":9},{"damage":32,"enemies":"Sentry and Sphere","floor":27,"turns":5}],"seed_played":"2863471074008740434","potions_obtained":[{"floor":0.0,"key":"CultistPotion"},{"floor":0.0,"key":"LiquidBronze"},{"floor":0.0,"key":"CultistPotion"},{"floor":5,"key":"BloodPotion"},{"floor":10,"key":"BlessingOfTheForge"},{"floor":12,"key":"SkillPotion"},{"floor":20,"key":"SpeedPotion"},{"floor":22,"key":"Block Potion"},{"floor":24,"key":"Strength Potion"}],"is_trial":false,"path_per_floor":["M","?","T","M","M","E","R","E","T","E","M","M","?","$","R","B",null,"M","?","M","M","M","R","E","M","T","M"],"character_chosen":"IRONCLAD","items_purchased":["Omamori"],"campfire_rested":2,"item_purchase_floors":[14],"current_hp_per_floor":[80,73,73,76,80,54,54,58,58,64,53,48,15,15,54,45,80,80,65,63,39,25,65,31,27,27,0,0],"gold":311,"neow_bonus":"THREE_SMALL_POTIONS","is_daily":false,"chose_seed":false,"campfire_upgraded":1,"win_rate":0.0,"timestamp":1612778089,"path_taken":["M","?","?","M","M","E","R","E","T","E","M","M","?","$","R","BOSS","M","?","M","M","M","R","E","M","T","M"],"items_purchased_type":["Relic"],"build_version":"2020-12-22","purchased_purges":1,"victory":false,"max_hp_per_floor":[80,80,80,80,80,80,80,80,80,80,80,80,80,80,80,80,80,80,85,85,85,85,85,85,85,85,85,85],"relic_stats":{"Regal Pillow":30,"counters":[16,96],"Shuriken":[4],"Bronze Scales":[346],"Pantograph":25,"Tiny Chest":0,"Champion Belt":[9],"Cursed Key":1,"obtain_stats":[{"Regal Pillow":3,"Shuriken":6,"Bronze Scales":9,"Pantograph":10,"Tiny Chest":24,"Omamori":14,"Champion Belt":8,"Ancient Tea Set":13,"Cursed Key":17,"Burning Blood":0,"Akabeko":26},{"Regal Pillow":1,"Shuriken":4,"Bronze Scales":5,"Pantograph":6,"Tiny Chest":14,"Omamori":8,"Champion Belt":5,"Ancient Tea Set":8,"Cursed Key":9,"Burning Blood":0,"Akabeko":15},{"Regal Pillow":3,"Shuriken":16,"Bronze Scales":25,"Pantograph":34,"Tiny Chest":82,"Omamori":44,"Champion Belt":25,"Ancient Tea Set":44,"Cursed Key":55,"Burning Blood":0,"Akabeko":91}],"Burning Blood":80},"card_choices":[{"not_picked":["Blood for Blood","Warcry"],"picked":"Flame Barrier","floor":1.0},{"not_picked":["Warcry","Blood for Blood"],"picked":"Armaments","floor":4},{"not_picked":["Burning Pact","Blood for Blood","Battle Trance"],"picked":"SKIP","floor":5},{"not_picked":["Intimidate","Fiend Fire"],"picked":"Dark Embrace","floor":6},{"not_picked":["Iron Wave","Shockwave"],"picked":"Body Slam","floor":8},{"not_picked":["Dual Wield","Reaper"],"picked":"Entrench","floor":10},{"not_picked":["Cleave","Thunderclap"],"picked":"Seeing Red","floor":11},{"not_picked":["Heavy Blade","Pommel Strike","Armaments"],"picked":"SKIP","floor":12},{"not_picked":["Reaper","Impervious"],"picked":"Barricade","floor":16},{"not_picked":["Wild Strike","Ghostly Armor","Iron Wave"],"picked":"SKIP","floor":18},{"not_picked":["Wild Strike","Ghostly Armor","Iron Wave"],"picked":"SKIP","floor":18},{"not_picked":["Perfected Strike+1","Headbutt"],"picked":"Entrench+1","floor":20},{"not_picked":["Burning Pact","Twin Strike","Double Tap"],"picked":"SKIP","floor":21},{"not_picked":["Thunderclap","Pummel","Feel No Pain"],"picked":"SKIP","floor":22},{"not_picked":["Ghostly Armor","Headbutt","Sword Boomerang"],"picked":"SKIP","floor":24},{"not_picked":["Dropkick+1","Power Through","Clothesline"],"picked":"SKIP","floor":25}],"player_experience":179288,"relics_obtained":[{"floor":3.0,"key":"Regal Pillow"},{"floor":6,"key":"Shuriken"},{"floor":8,"key":"Champion Belt"},{"floor":9,"key":"Bronze Scales"},{"floor":10,"key":"Pantograph"},{"floor":24,"key":"Tiny Chest"},{"floor":26,"key":"Akabeko"}],"event_choices":[{"cards_removed":["Strike_R"],"damage_healed":0.0,"max_hp_gain":0.0,"max_hp_loss":0.0,"gold_gain":0.0,"event_name":"Golden Wing","player_choice":"Card Removal","floor":2.0,"gold_loss":0.0,"damage_taken":7.0},{"damage_healed":0,"gold_gain":0,"player_choice":"Success","damage_taken":33,"relics_obtained":["Ancient Tea Set"],"max_hp_gain":0,"max_hp_loss":0,"event_name":"Scrap Ooze","floor":13,"gold_loss":0},{"damage_healed":0,"gold_gain":0,"player_choice":"Shed Blood","damage_taken":20,"max_hp_gain":5,"max_hp_loss":0,"event_name":"Forgotten Altar","floor":19,"gold_loss":0}],"is_beta":false,"boss_relics":[{"not_picked":["Black Star","Runic Pyramid"],"picked":"Cursed Key"}],"items_purged_floors":[14],"is_endless":false,"potions_floor_spawned":[4,5,10,12,20,22,24],"killed_by":"Sentry and Sphere","ascension_level":3}}