{"host":"l5zfpd2l2htson6l","time":1612765552,"event":{"mods":["AchievementEnabler","BaseMod","Colored Map","Colored Powertips","Minty Spire (QoL Compilation)","Permanent Neow","Quick Restart","Rare Cards Sparkle","Relic Stats","SuperFastMode"],"gold_per_floor":[366,129,146,221,231,263,274,274,274,301,316,466,466,491,491,562,562,573,587,96,107,107,107,137,137,137,165,165,198,198,218,218,218,218],"floor_reached":33,"language":"ENG","playtime":1142,"items_purged":["Defend_R"],"score":646,"play_id":"2c2ab926-9cd3-401d-8c24-301e475da8e2","local_time":"20210207222552","is_ascension_mode":true,"campfire_choices":[{"floor":8,"key":"REST"},{"data":"Clothesline","floor":15,"key":"SMITH"},{"floor":23,"key":"REST"},{"floor":28,"key":"REST"},{"floor":32,"key":"REST"}],"circlet_count":0,"master_deck":["AscendersBane","Strike_R","Strike_R","Strike_R","Strike_R","Strike_R","Defend_R","Defend_R","Defend_R","Bash","Twin Strike","Perfected Strike","Bloodletting","Clothesline+1","Perfected Strike","Brutality","Carnage","Blood for Blood","Doubt","Reaper","Metallicize","Disarm","Battle Trance","Spot Weakness","Power Through","Uppercut+1"],"relics":["Burning Blood","Regal Pillow","Toy Ornithopter","StrikeDummy","Mummified Hand","Ancient Tea Set","Philosopher\u0027s Stone","Sling","Thread and Needle","Molten Egg 2","Blue Candle","Magic Flower","Kunai"],"acts_visited":["Exordium","TheCity"],"potions_floor_usage":[7,10,16,24,27,29,29,33],"damage_taken":[{"damage":5,"enemies":"2 Louse","floor":1,"turns":4},{"damage":7,"enemies":"Jaw Worm","floor":3,"turns":2},{"damage":16,"enemies":"Small Slimes","floor":5,"turns":3},{"damage":8,"enemies":"Gremlin Nob","floor":6,"turns":3},{"damage":12,"enemies":"3 Louse","floor":7,"turns":2},{"damage":31,"enemies":"Lagavulin","floor":10,"turns":6},{"damage":15,"enemies":"Red Slaver","floor":11,"turns":2},{"damage":8,"enemies":"Gremlin Nob","floor":14,"turns":3},{"damage":23,"enemies":"Hexaghost","floor":16,"turns":5},{"damage":19,"enemies":"2 Thieves","floor":18,"turns":4},{"damage":47,"enemies":"3 Byrds","floor":19,"turns":5},{"damage":15,"enemies":"Snecko","floor":21,"turns":4},{"damage":54,"enemies":"Book of Stabbing","floor":24,"turns":5},{"damage":40,"enemies":"Slavers","floor":27,"turns":4},{"damage":44,"enemies":"Book of Stabbing","floor":29,"turns":4},{"damage":13,"enemies":"Snake Plant","floor":31,"turns":4},{"damage":87,"enemies":"Automaton","floor":33,"turns":8}],"seed_played":"3377770169842777086","potions_obtained":[{"floor":5,"key":"SkillPotion"},{"floor":7,"key":"LiquidMemories"},{"floor":14,"key":"Energy Potion"},{"floor":21,"key":"BloodPotion"},{"floor":24,"key":"EntropicBrew"},{"floor":27,"key":"BlessingOfTheForge"}],"is_trial":false,"path_per_floor":["M","$","M","?","M","E","M","R","T","E","M","?","T","E","R","B",null,"M","M","$","M","?","R","E","?","T","E","R","E","?","M","R","B"],"character_chosen":"IRONCLAD","items_purchased":["Perfected Strike","Bloodletting","AttackPotion","Sling","Thread and Needle"],"campfire_rested":4,"item_purchase_floors":[2,2,2,20,20],"current_hp_per_floor":[51,51,50,39,29,27,21,58,58,38,29,29,29,27,27,15,60,50,15,15,12,27,64,42,42,42,25,62,43,39,44,75,0,0],"gold":218,"neow_bonus":"TWO_FIFTY_GOLD","is_daily":false,"chose_seed":false,"campfire_upgraded":1,"win_rate":0.0,"timestamp":1612765552,"path_taken":["M","$","M","?","M","E","M","R","T","E","M","?","?","E","R","BOSS","M","M","$","M","?","R","E","?","T","E","R","E","?","M","R","BOSS"],"items_purchased_type":["Card","Card","Potion","Relic","Relic"],"build_version":"2020-12-22","purchased_purges":1,"victory":false,"max_hp_per_floor":[75,75,75,75,75,75,75,75,75,75,75,75,75,75,75,75,75,75,75,75,75,75,75,75,75,75,75,75,75,75,75,75,75,75],"relic_stats":{"Regal Pillow":54,"counters":[17,68],"Mummified Hand":[16],"Blue Candle":[0],"Magic Flower":[19],"Kunai":[4],"obtain_stats":[{"Regal Pillow":6,"Blue Candle":26,"Magic Flower":27,"Thread and Needle":20,"Ancient Tea Set":14,"Sling":20,"Burning Blood":0,"Mummified Hand":13,"Philosopher\u0027s Stone":17,"Molten Egg 2":24,"Kunai":29,"StrikeDummy":10,"Toy Ornithopter":9},{"Regal Pillow":4,"Blue Candle":13,"Magic Flower":14,"Thread and Needle":11,"Ancient Tea Set":8,"Sling":11,"Burning Blood":0,"Mummified Hand":7,"Philosopher\u0027s Stone":9,"Molten Egg 2":13,"Kunai":15,"StrikeDummy":6,"Toy Ornithopter":5},{"Regal Pillow":12,"Blue Candle":48,"Magic Flower":52,"Thread and Needle":39,"Ancient Tea Set":25,"Sling":39,"Burning Blood":0,"Mummified Hand":22,"Philosopher\u0027s Stone":30,"Molten Egg 2":48,"Kunai":56,"StrikeDummy":20,"Toy Ornithopter":14}],"Burning Blood":102,"Toy Ornithopter":36},"card_choices":[{"not_picked":["Combust","Cleave"],"picked":"Twin Strike","floor":1},{"not_picked":["Cleave","Iron Wave"],"picked":"Clothesline","floor":3},{"not_picked":["Intimidate","Armaments"],"picked":"Perfected Strike","floor":5},{"not_picked":["Warcry","Second Wind"],"picked":"Brutality","floor":6},{"not_picked":["Thunderclap","Havoc"],"picked":"Carnage","floor":7},{"not_picked":["Seeing Red","Dual Wield","Havoc"],"picked":"SKIP","floor":10},{"not_picked":["Wild Strike","Berserk"],"picked":"Blood for Blood","floor":11},{"not_picked":["Twin Strike","Sentinel","Headbutt"],"picked":"SKIP","floor":14},{"not_picked":["Berserk","Barricade"],"picked":"Reaper","floor":16},{"not_picked":["Cleave","Clothesline"],"picked":"Metallicize","floor":18},{"not_picked":["Headbutt","Pommel Strike","Havoc"],"picked":"SKIP","floor":19},{"not_picked":["Hemokinesis","Iron Wave"],"picked":"Disarm","floor":21},{"not_picked":["Thunderclap+1","Ghostly Armor"],"picked":"Battle Trance","floor":24},{"not_picked":["Havoc","Berserk"],"picked":"Spot Weakness","floor":27},{"not_picked":["Barricade","Perfected Strike+1"],"picked":"Power Through","floor":29},{"not_picked":["Flex","Fire Breathing"],"picked":"Uppercut+1","floor":31}],"player_experience":943711,"relics_obtained":[{"floor":6,"key":"Regal Pillow"},{"floor":9,"key":"Toy Ornithopter"},{"floor":10,"key":"StrikeDummy"},{"floor":13,"key":"Mummified Hand"},{"floor":14,"key":"Ancient Tea Set"},{"floor":24,"key":"Molten Egg 2"},{"floor":26,"key":"Blue Candle"},{"floor":27,"key":"Magic Flower"},{"floor":29,"key":"Kunai"}],"event_choices":[{"damage_healed":0,"gold_gain":75,"player_choice":"Gather Gold","damage_taken":11,"max_hp_gain":0,"max_hp_loss":0,"event_name":"World of Goop","floor":4,"gold_loss":0},{"damage_healed":0,"gold_gain":150,"player_choice":"AGREE","damage_taken":0,"max_hp_gain":0,"max_hp_loss":0,"event_name":"Liars Game","floor":12,"gold_loss":0,"cards_obtained":["Doubt"]},{"damage_healed":15,"gold_gain":0,"player_choice":"Heal","damage_taken":0,"max_hp_gain":0,"max_hp_loss":0,"event_name":"The Library","floor":22,"gold_loss":0},{"damage_healed":0,"gold_gain":0,"player_choice":"Ignored","damage_taken":0,"max_hp_gain":0,"max_hp_loss":0,"event_name":"Vampires","floor":25,"gold_loss":0},{"damage_healed":0,"gold_gain":0,"player_choice":"Bought 0 Potions","damage_taken":0,"max_hp_gain":0,"max_hp_loss":0,"event_name":"The Woman in Blue","floor":30,"gold_loss":0}],"is_beta":false,"boss_relics":[{"not_picked":["Busted Crown","SlaversCollar"],"picked":"Philosopher\u0027s Stone"}],"items_purged_floors":[2],"is_endless":false,"potions_floor_spawned":[5,7,14,21,24,27],"killed_by":"Automaton","ascension_level":20}}