{"host":"syozzdlzcqop4jia","time":1612746462,"event":{"mods":["BaseMod","Colored Map","Colored Powertips","Minty Spire (QoL Compilation)","Quick Restart"],"gold_per_floor":[115,115,115,129,141,172,185,202,227,244,244,255,106,119,119,119,119],"floor_reached":16,"language":"ENG","playtime":3294,"items_purged":[],"score":136,"play_id":"f00cd6ce-9af1-459a-8c4b-7dc129543f3f","local_time":"20210208020742","is_ascension_mode":true,"campfire_choices":[{"floor":15,"key":"REST"}],"circlet_count":0,"master_deck":["Strike_B","Strike_B","Strike_B","Strike_B","Defend_B","Defend_B","Defend_B","Defend_B","Zap","Dualcast","Conserve Battery","Sweeping Beam","Steam","Sunder","Redo","Leap","Hyperbeam","Ball Lightning"],"relics":["Cracked Core","Mango","Anchor","Smiling Mask","Lantern"],"acts_visited":["Exordium"],"potions_floor_usage":[],"damage_taken":[{"damage":2,"enemies":"Small Slimes","floor":1,"turns":3},{"damage":6,"enemies":"Jaw Worm","floor":4,"turns":3},{"damage":1,"enemies":"Cultist","floor":5,"turns":4},{"damage":8,"enemies":"3 Sentries","floor":6,"turns":7},{"damage":2,"enemies":"Blue Slaver","floor":7,"turns":4},{"damage":0,"enemies":"Exordium Wildlife","floor":8,"turns":2},{"damage":2,"enemies":"Gremlin Gang","floor":10,"turns":3},{"damage":11,"enemies":"2 Fungi Beasts","floor":12,"turns":3},{"damage":0,"enemies":"Large Slime","floor":14,"turns":4},{"damage":56,"enemies":"The Guardian","floor":16,"turns":10}],"seed_played":"-6861736012123021441","potions_obtained":[{"floor":6,"key":"LiquidMemories"},{"floor":10,"key":"Weak Potion"},{"floor":12,"key":"Explosive Potion"}],"is_trial":false,"path_per_floor":["M","?","?","M","M","E","M","M","T","M","?","M","$","M","R","B"],"character_chosen":"DEFECT","items_purchased":["Lantern"],"campfire_rested":1,"item_purchase_floors":[13],"current_hp_per_floor":[80,87,87,81,80,72,70,70,70,68,68,57,57,57,85,29,29],"gold":119,"neow_bonus":"TEN_PERCENT_HP_BONUS","is_daily":false,"chose_seed":false,"campfire_upgraded":0,"win_rate":0.0,"timestamp":1612746462,"path_taken":["M","?","?","M","?","E","M","M","T","M","?","M","$","M","R","BOSS"],"items_purchased_type":["Relic"],"build_version":"2020-12-22","purchased_purges":0,"victory":false,"max_hp_per_floor":[82,96,96,96,96,96,96,96,96,96,96,96,96,96,96,96,96],"card_choices":[{"not_picked":["Gash","Sweeping Beam"],"picked":"Conserve Battery","floor":1},{"not_picked":["FTL","Streamline"],"picked":"Steam","floor":4},{"not_picked":["Capacitor","Leap"],"picked":"Sunder","floor":5},{"not_picked":["Gash","Double Energy","Go for the Eyes"],"picked":"SKIP","floor":6},{"not_picked":["Go for the Eyes","Rebound"],"picked":"Redo","floor":7},{"not_picked":["Cold Snap","Aggregate"],"picked":"Leap","floor":8},{"not_picked":["Go for the Eyes","Steam"],"picked":"Hyperbeam","floor":10},{"not_picked":["Turbo","Rebound"],"picked":"Ball Lightning","floor":12},{"not_picked":["Undo","Turbo","Sweeping Beam"],"picked":"SKIP","floor":14}],"player_experience":599959,"relics_obtained":[{"floor":6,"key":"Anchor"},{"floor":9,"key":"Smiling Mask"}],"event_choices":[{"damage_healed":0,"gold_gain":0,"player_choice":"Success","damage_taken":7,"relics_obtained":["Mango"],"max_hp_gain":0,"max_hp_loss":0,"event_name":"Scrap Ooze","floor":2,"gold_loss":0},{"damage_healed":0,"gold_gain":0,"player_choice":"1 cards matched","damage_taken":0,"max_hp_gain":0,"max_hp_loss":0,"event_name":"Match and Keep!","floor":3,"gold_loss":0,"cards_obtained":["Sweeping Beam"]},{"damage_healed":0,"gold_gain":0,"player_choice":"Ignored","damage_taken":0,"max_hp_gain":0,"max_hp_loss":0,"event_name":"Golden Idol","floor":11,"gold_loss":0}],"is_beta":false,"boss_relics":[],"items_purged_floors":[],"is_endless":false,"potions_floor_spawned":[6,10,12,14],"killed_by":"The Guardian","ascension_level":1}}