{"host":"rlwsj8oje50c4na7","time":1612807626,"event":{"mods":["2.2 Compatiblity","Act Like it!","Arknights","Aspiration","BaseMod","Beaked The Cultist","Bestiary","Better Altar","Better Match","Better Note","Better Sensory Stone","Better Skull","Better Third Choice","Better Vampires","BetterRewards","Bossed Relics","Colored Map","Colored Powertips","Conspire","Defuse TimeMaze Blight","Energized Spire","Friendly Minions","Gensokyo","GifTheSpireLib","GungeonMod","Halation","Hallownest","Hermit","Highlight Path","Hubris","Infinite Spire","Ironclad Rager","Jedi Mod","JesterMod","Jorbs\u0027s Wanderer Trilogy","Mad Scientist","Minty Spire (QoL Compilation)","Pale of the Ancients","Quick Restart","Random Character Button","Relic Filter","Relic Stats","Reliquary","Reorder Act Four","Replay The Spire","Retaliation","Shade Mod","Shop Mod","Spicy Shops","StSLib","Stuff the Spire","The Administrix","The Blackbeard","The Bladedancer","The Blue Laboratory","The Bug Knight","The Clintock","The Construct","The Cursed","The Disciple","The Exalted","The Hierophant","The IronCluck","The Judge","The Kombatant","The Marked","The Mystic","The Necromancer","The Runesmith","The Servant 0.9.4","TheSwordswoman","Waifu the Spire","everything is the same but u backflip on backflip","slay the spire mod where everything is the same but ironclad has a cowboy hat"],"gold_per_floor":[113,113,130,141,153,153,179,197,221,221,249,249,259,279,279,377,377,392,408,408,418,478,478,495,495,495,521,521,521,521,541,541,638,638,653,671,369,380,398,398,417,417,463,482,482,514,541,541,541,541,541,2,2,31,31],"floor_reached":56,"language":"ENG","playtime":8873,"items_purged":["HollowMod:QuickDashStart","HollowMod:QuickDashStart","HollowMod:QuickDashStart","HollowMod:NailStrikeStart"],"score":1302,"play_id":"15eaf961-f5e8-4693-9eef-c575734e228d","local_time":"20210208200706","is_ascension_mode":true,"campfire_choices":[{"data":"HollowMod:FocusHealStart","floor":6.0,"key":"SMITH"},{"floor":10.0,"key":"REST"},{"data":"HollowMod:WraithStrike","floor":12.0,"key":"SMITH"},{"floor":15.0,"key":"RECALL"},{"data":"HollowMod:LifebloodCore","floor":23.0,"key":"SMITH"},{"floor":25.0,"key":"REST"},{"data":"HollowMod:Weaversong","floor":29.0,"key":"SMITH"},{"data":"HollowMod:QuickDashStart","floor":32.0,"key":"PURGE"},{"floor":40.0,"key":"REST"},{"data":"HollowMod:LifebloodCocoon","floor":45.0,"key":"SMITH"},{"data":"HollowMod:VoidDash","floor":49.0,"key":"SMITH"},{"data":"HollowMod:VengefulVoid","floor":53.0,"key":"SMITH"}],"circlet_count":0,"master_deck":["HollowMod:NailStrikeStart","HollowMod:NailStrikeStart","HollowMod:FocusHealStart+1","HollowMod:PogoStrike","HollowMod:WraithStrike+1","HollowMod:CloakDash","HollowMod:VengefulVoid","HollowMod:AbyssShriek","HollowMod:LifebloodCore+1","HollowMod:Weaversong+1","HollowMod:VoidDash+1","HollowMod:WraithStrike","HollowMod:SiblingsShadow","HollowMod:VengefulVoid+1","HollowMod:LifebloodCocoon+1"],"relics":["HollowMod:VesselMask","Hallownest:DreamNailRelic","reliquary:RoseTintedGlasses","StuffTheSpire:Gunfinga","Gambling Chip","hubris:Backtick","Orichalcum","jedi:heavyjacket","Bag of Marbles","conspire:SpecialSausage","conspire:SlowCooker","Black Star","halation:Toothbrush","Ancient Tea Set","halation:LettersToHer","StuffTheSpire:ForceGauntlet","Bromod:ArcaneDeflection","StuffTheSpire:Tea","DemoMod:PinkGuonStone"],"acts_visited":["Hallownest:Greenpath","Hallownest:CityofTears","Hallownest:KingdomsEdge","TheEnding"],"potions_floor_usage":[55,55,55],"damage_taken":[{"damage":10.0,"enemies":"Hallownest:2_Tiktiks_and_1_Crawlid","floor":1.0,"turns":4.0},{"damage":13.0,"enemies":"Hallownest:2_Baldur","floor":3.0,"turns":3.0},{"damage":7.0,"enemies":"Hallownest:2_MossCreeps","floor":4.0,"turns":8.0},{"damage":16.0,"enemies":"Hallownest:2_Tiktiks_1_Baldur_1_Crawlid","floor":5.0,"turns":7.0},{"damage":51.0,"enemies":"Hallownest:eliteMossKnight","floor":7.0,"turns":12.0},{"damage":6.0,"enemies":"Hallownest:monsterMossCharger","floor":8.0,"turns":9.0},{"damage":5.0,"enemies":"Hallownest:eliteVengeflyKing","floor":11.0,"turns":9.0},{"damage":6.0,"enemies":"Hallownest:1_Baldur_1_Crawlid_1_Warrior","floor":13.0,"turns":6.0},{"damage":0.0,"enemies":"Hallownest:monsterAspidMother","floor":14.0,"turns":4.0},{"damage":60.0,"enemies":"Hallownest:BossFalseKnight","floor":16.0,"turns":8.0},{"damage":0.0,"enemies":"Hallownest:3_Youths","floor":18.0,"turns":6.0},{"damage":8.0,"enemies":"Hallownest:2_Mistakes","floor":19.0,"turns":5.0},{"damage":56.0,"enemies":"Hallownest:3_Mistakes","floor":21.0,"turns":7.0},{"damage":3.0,"enemies":"Hallownest:Glutton_and_Coward","floor":22.0,"turns":7.0},{"damage":44.0,"enemies":"Hallownest:2_Flukemon","floor":24.0,"turns":9.0},{"damage":3.0,"enemies":"Hallownest:Nosk","floor":27.0,"turns":10.0},{"damage":0.0,"enemies":"Hallownest:Master_and_Novice","floor":31.0,"turns":4.0},{"damage":6.0,"enemies":"Hallownest:BossGrimm","floor":33.0,"turns":10.0},{"damage":65.0,"enemies":"Hallownest:3_Siblings","floor":35.0,"turns":9.0},{"damage":3.0,"enemies":"Hallownest:2_Littles","floor":36.0,"turns":7.0},{"damage":21.0,"enemies":"Hallownest:Slobbering_and_Violent","floor":38.0,"turns":6.0},{"damage":0.0,"enemies":"Hallownest:2_Wing_and_1_Kings","floor":39.0,"turns":5.0},{"damage":4.0,"enemies":"Hallownest:2_Soldiers_and_1_Guardian","floor":41.0,"turns":5.0},{"damage":0.0,"enemies":"Hallownest:Slobbering_and_Violent","floor":44.0,"turns":6.0},{"damage":19.0,"enemies":"Hallownest:eliteHiveKnight","floor":46.0,"turns":6.0},{"damage":0.0,"enemies":"Hallownest:Radiance","floor":50.0,"turns":10.0},{"damage":0.0,"enemies":"Shield and Spear","floor":54.0,"turns":5.0},{"damage":1,"enemies":"The Heart","floor":55,"turns":8}],"seed_played":"-6458930337692622053","potions_obtained":[{"floor":4.0,"key":"Strength Potion"},{"floor":7.0,"key":"SkillPotion"},{"floor":14.0,"key":"DemoMod:LeadSkinPotion"},{"floor":16.0,"key":"conspire:TimeTravelPotion"},{"floor":18.0,"key":"Milkshake"},{"floor":22.0,"key":"SteroidPotion"},{"floor":27.0,"key":"Dexterity Potion"},{"floor":33.0,"key":"Block Potion"},{"floor":38.0,"key":"PowerPotion"},{"floor":39.0,"key":"PowerPotion"},{"floor":54.0,"key":"Venom Potion"}],"is_trial":false,"path_per_floor":["M","?","M","M","M","R","E","M","T","R","E","R","M","M","R","B",null,"M","M","?","M","M","R","M","R","T","E","?","R","AVR","M","R_BF","B",null,"M","M","$","M","M","R","M","AVR","T","M","R","E","T","?","R","B",null,"$","R","E","B",null],"character_chosen":"THE_BUGKNIGHT","items_purchased":["HollowMod:WraithStrike","HollowMod:SiblingsShadow","StuffTheSpire:ForceGauntlet","Bromod:ArcaneDeflection","Elixir"],"campfire_rested":3,"item_purchase_floors":[37,37,52,52,52],"current_hp_per_floor":[71,71,58,63,53,53,14,20,20,42,49,49,55,65,65,11,75,75,67,67,43,50,50,18,40,40,49,53,53,53,59,59,53,75,16,25,25,10,22,44,52,52,52,64,64,57,57,61,61,71,75,75,75,82,81],"gold":31,"neow_bonus":"REMOVE_CARD","is_daily":false,"chose_seed":false,"campfire_upgraded":7,"win_rate":0.0,"timestamp":1612807626,"path_taken":["M","?","M","M","?","R","E","M","T","R","E","R","M","M","R","BOSS","M","?","?","M","M","R","M","R","T","E","?","R","AVR","M","R_BF","BOSS","M","M","$","M","?","R","M","AVR","T","M","R","E","?","?","R","BOSS","$","R","E","BOSS"],"items_purchased_type":["Card","Card","Relic","Relic","Potion"],"build_version":"2020-12-22","purchased_purges":4,"victory":true,"max_hp_per_floor":[75,75,75,75,75,75,75,75,75,75,75,75,75,75,75,75,75,75,75,75,75,75,75,75,75,75,75,75,75,75,75,75,75,75,75,75,75,75,75,75,75,75,75,75,75,75,75,75,75,75,75,75,75,82,82],"relic_stats":{"counters":[28,195],"Gambling Chip":[79],"Black Star":2,"Orichalcum":[552],"obtain_stats":[{"StuffTheSpire:ForceGauntlet":52,"HollowMod:VesselMask":0,"conspire:SpecialSausage":30,"DemoMod:GlassGuonStoneRelic":5,"conspire:SlowCooker":34,"DemoMod:PinkGuonStone":54,"Hallownest:DreamNailRelic":2,"Orichalcum":17,"Ancient Tea Set":46,"jedi:heavyjacket":26,"StuffTheSpire:Gunfinga":9,"hubris:Backtick":17,"Gambling Chip":11,"Bromod:ArcaneDeflection":52,"reliquary:RoseTintedGlasses":7,"halation:Toothbrush":46,"Bag of Marbles":27,"Black Star":42,"halation:LettersToHer":47,"StuffTheSpire:Tea":54},{"StuffTheSpire:ForceGauntlet":26,"HollowMod:VesselMask":0,"conspire:SpecialSausage":16,"DemoMod:GlassGuonStoneRelic":4,"conspire:SlowCooker":18,"DemoMod:PinkGuonStone":27,"Hallownest:DreamNailRelic":1,"Orichalcum":10,"Ancient Tea Set":25,"jedi:heavyjacket":15,"StuffTheSpire:Gunfinga":6,"hubris:Backtick":10,"Gambling Chip":7,"Bromod:ArcaneDeflection":26,"reliquary:RoseTintedGlasses":5,"halation:Toothbrush":25,"Bag of Marbles":16,"Black Star":23,"halation:LettersToHer":25,"StuffTheSpire:Tea":27},{"StuffTheSpire:ForceGauntlet":182,"HollowMod:VesselMask":0,"conspire:SpecialSausage":114,"DemoMod:GlassGuonStoneRelic":22,"conspire:SlowCooker":128,"DemoMod:PinkGuonStone":187,"Hallownest:DreamNailRelic":4,"Orichalcum":70,"Ancient Tea Set":172,"jedi:heavyjacket":104,"StuffTheSpire:Gunfinga":43,"hubris:Backtick":70,"Gambling Chip":52,"Bromod:ArcaneDeflection":182,"reliquary:RoseTintedGlasses":34,"halation:Toothbrush":172,"Bag of Marbles":114,"Black Star":160,"halation:LettersToHer":172,"StuffTheSpire:Tea":187}]},"card_choices":[{"not_picked":["HollowMod:NewJinnsSoul","HollowMod:SiblingsSouls"],"picked":"HollowMod:WraithStrike","floor":1.0},{"not_picked":["HollowMod:SiblingsSouls","HollowMod:MawleksShell","HollowMod:DoubleDash"],"picked":"SKIP","floor":3.0},{"not_picked":["HollowMod:MawleksShell","HollowMod:SoulStrike","HollowMod:GoodIntentions"],"picked":"SKIP","floor":4.0},{"not_picked":["HollowMod:SoulStrike","HollowMod:RecoilStrike","HollowMod:ChannelNail"],"picked":"SKIP","floor":5.0},{"not_picked":["HollowMod:DreamGate","HollowMod:HowlingWraiths","HollowMod:InfectedCysts"],"picked":"SKIP","floor":7.0},{"not_picked":["HollowMod:SoulStrike","HollowMod:HerrahsAnger"],"picked":"HollowMod:CloakDash","floor":8.0},{"not_picked":["HollowMod:DungDefenderAura","HollowMod:ChannelNail"],"picked":"HollowMod:VengefulVoid","floor":11.0},{"not_picked":["HollowMod:HeavyBlow","HollowMod:SiblingsSouls"],"picked":"HollowMod:AbyssShriek","floor":13.0},{"not_picked":["HollowMod:CornifersMapStart","HollowMod:Hiveblood","HollowMod:HowlingWraiths"],"picked":"SKIP","floor":14.0},{"not_picked":["HollowMod:MidwifesHunger","HollowMod:HornetsHelp"],"picked":"HollowMod:LifebloodCore","floor":16.0},{"not_picked":["HollowMod:InfectionAssault","HollowMod:TaintedHusks","HollowMod:WraithStrike"],"picked":"SKIP","floor":18.0},{"not_picked":["HollowMod:DashSlash","HollowMod:ChannelNail","HollowMod:PureNailStrike"],"picked":"SKIP","floor":19.0},{"not_picked":["HollowMod:VengefulSpirit","HollowMod:SharpenedShadows","HollowMod:DreamGate"],"picked":"SKIP","floor":21.0},{"not_picked":["HollowMod:CoiledNail","HollowMod:SoulStrike","HollowMod:InfectedCysts"],"picked":"SKIP","floor":22.0},{"not_picked":["HollowMod:SoulEater+1","HollowMod:CycloneSlash+1","HollowMod:NewJinnsSoul"],"picked":"SKIP","floor":24.0},{"not_picked":["HollowMod:DreamGate","HollowMod:HowlingWraiths"],"picked":"HollowMod:Weaversong","floor":27.0},{"not_picked":["HollowMod:RecoilStrike","HollowMod:TaintedHusks","HollowMod:GoodIntentions+1"],"picked":"SKIP","floor":31.0},{"not_picked":["HollowMod:RecoilStrike","HollowMod:TaintedHusks","HollowMod:GoodIntentions+1"],"picked":"SKIP","floor":31.0},{"not_picked":["HollowMod:ZotesMagnificence","HollowMod:PureVessel"],"picked":"HollowMod:VoidDash","floor":33.0},{"not_picked":["HollowMod:DashSlash","HollowMod:InfectedCysts","HollowMod:SoulSplash+1"],"picked":"SKIP","floor":35.0},{"not_picked":["HollowMod:HowlingWraiths","HollowMod:TaintedHusks","HollowMod:CornifersMapStart+1"],"picked":"SKIP","floor":36.0},{"not_picked":["HollowMod:Hiveblood","HollowMod:DreamGate+1"],"picked":"HollowMod:VengefulVoid","floor":38.0},{"not_picked":["HollowMod:CoiledNail","HollowMod:MonomonsArchive+1"],"picked":"HollowMod:LifebloodCocoon","floor":39.0},{"not_picked":["HollowMod:BaldurShell","HollowMod:CloakDash","HollowMod:NewJinnsSoul+1"],"picked":"SKIP","floor":41.0},{"not_picked":["HollowMod:SoulStrike+1","HollowMod:HowlingWraiths+1","HollowMod:NewLittleFool"],"picked":"SKIP","floor":44.0},{"not_picked":["HollowMod:DreamGate","HollowMod:MothsMistake","HollowMod:DoubleDash+1"],"picked":"SKIP","floor":46.0},{"not_picked":["HollowMod:CornifersMapStart+1","HollowMod:ShapeofUnn+1","HollowMod:InfectedAttack"],"picked":"SKIP","floor":54.0}],"player_experience":1060126,"relics_obtained":[{"floor":7.0,"key":"reliquary:RoseTintedGlasses"},{"floor":9.0,"key":"StuffTheSpire:Gunfinga"},{"floor":11.0,"key":"Gambling Chip"},{"floor":26.0,"key":"jedi:heavyjacket"},{"floor":27.0,"key":"Bag of Marbles"},{"floor":46.0,"key":"halation:Toothbrush"},{"floor":46.0,"key":"Ancient Tea Set"},{"floor":47.0,"key":"halation:LettersToHer"},{"floor":54.0,"key":"StuffTheSpire:Tea"},{"floor":54.0,"key":"DemoMod:PinkGuonStone"}],"event_choices":[{"damage_healed":4.0,"max_hp_gain":0.0,"max_hp_loss":0.0,"gold_gain":0.0,"event_name":"betterSkull:BetterSkull","player_choice":"LEAVE ","floor":28.0,"gold_loss":0.0,"damage_taken":0.0,"cards_upgraded":[],"relics_obtained":[]},{"damage_healed":4.0,"max_hp_gain":0.0,"max_hp_loss":0.0,"gold_gain":0.0,"event_name":"betterSkull:BetterSkull","player_choice":"LEAVE ","floor":48.0,"gold_loss":0.0,"damage_taken":0.0,"cards_upgraded":[],"relics_obtained":[]}],"is_beta":false,"boss_relics":[{"not_picked":["aspiration:SecretTechniqueScroll","aspiration:RitualDagger"],"picked":"hubris:Backtick"},{"not_picked":["infinitespire:Cupcake","aspiration:BeakedSkillbook"],"picked":"conspire:SlowCooker"}],"items_purged_floors":[30,37,37,42],"is_endless":false,"potions_floor_spawned":[4,7,14,16,18,22,27,33,38,39,54],"ascension_level":2}}