{"host":"lx933ja015x1ub68","time":1612774169,"event":{"mods":["AchievementEnabler","BaseMod","Better Match","Better Third Choice","BetterRewards","Colored Map","Exacting","FTL Soundtrack","Minty Spire (QoL Compilation)","Shop Mod","StSLib"],"gold_per_floor":[105,119,119,136,44,74,94,94,168,184,219,234,234,254,254,355,355,386,112,112,127,140,140,159,159,159,172,9,35,66,77,77,173,173,190,46,63,81,81,81],"floor_reached":39,"language":"ENG","playtime":5979,"items_purged":[],"score":444,"play_id":"cddf635f-6d6d-45d9-b78c-5a84a83d44bd","local_time":"20210208194929","is_ascension_mode":false,"campfire_choices":[{"floor":8.0,"key":"REST"},{"floor":13.0,"key":"RECALL"},{"floor":15.0,"key":"REST"},{"data":"FlurryOfBlows","floor":23.0,"key":"SMITH"},{"floor":25.0,"key":"REST"},{"floor":32.0,"key":"REST"}],"circlet_count":0,"master_deck":["Strike_P","Strike_P","Strike_P","Defend_P","Defend_P","Defend_P","Eruption+1","Vigilance","Chrysalis+1","CutThroughFate","Crescendo","FlurryOfBlows+1","WindmillStrike","Finesse","TalkToTheHand","Consecrate","FollowUp","FlurryOfBlows","ClearTheMind+1","DevaForm","FollowUp+1","Study+1","Consecrate+1","Perseverance+1","Shame","Halt","Worship+1","SandsOfTime","TalkToTheHand+1","Dark Shackles","EmptyFist+1","Halt+1","JustLucky+1","Omniscience","CurseOfTheBell","Protect+1","BattleHymn+1","CutThroughFate+1"],"relics":["PureWater","Bronze Scales","TheAbacus","Ancient Tea Set","CaptainsWheel","Ornamental Fan","Juzu Bracelet","Astrolabe","War Paint","Mummified Hand","Pantograph","Boot","Calling Bell","Bag of Preparation","Darkstone Periapt","GoldenEye"],"acts_visited":["Exordium","TheCity","TheBeyond"],"potions_floor_usage":[39],"damage_taken":[{"damage":0.0,"enemies":"2 Louse","floor":1.0,"turns":3.0},{"damage":0.0,"enemies":"Cultist","floor":2.0,"turns":3.0},{"damage":3.0,"enemies":"Jaw Worm","floor":4.0,"turns":2.0},{"damage":5.0,"enemies":"Lagavulin","floor":6.0,"turns":5.0},{"damage":6.0,"enemies":"Large Slime","floor":7.0,"turns":2.0},{"damage":0.0,"enemies":"Looter","floor":10.0,"turns":1.0},{"damage":16.0,"enemies":"3 Sentries","floor":11.0,"turns":5.0},{"damage":2.0,"enemies":"Blue Slaver","floor":12.0,"turns":3.0},{"damage":1.0,"enemies":"Exordium Thugs","floor":14.0,"turns":4.0},{"damage":12.0,"enemies":"The Guardian","floor":16.0,"turns":12.0},{"damage":6.0,"enemies":"3 Byrds","floor":18.0,"turns":4.0},{"damage":9.0,"enemies":"Chosen","floor":21.0,"turns":5.0},{"damage":14.0,"enemies":"Shelled Parasite and Fungi","floor":22.0,"turns":5.0},{"damage":22.0,"enemies":"Snake Plant","floor":24.0,"turns":4.0},{"damage":0.0,"enemies":"Chosen and Byrds","floor":27.0,"turns":4.0},{"damage":32.0,"enemies":"Gremlin Leader","floor":29.0,"turns":7.0},{"damage":1.0,"enemies":"Cultist and Chosen","floor":30.0,"turns":6.0},{"damage":4.0,"enemies":"Snake Plant","floor":31.0,"turns":3.0},{"damage":50.0,"enemies":"Collector","floor":33.0,"turns":12.0},{"damage":22.0,"enemies":"3 Shapes","floor":35.0,"turns":5.0},{"damage":25.0,"enemies":"3 Darklings","floor":37.0,"turns":4.0},{"damage":16.0,"enemies":"Transient","floor":38.0,"turns":5.0},{"damage":13,"enemies":"Writhing Mass","floor":39,"turns":2}],"seed_played":"-8100157251014602549","potions_obtained":[{"floor":1.0,"key":"Block Potion"},{"floor":2.0,"key":"PowerPotion"},{"floor":7.0,"key":"PowerPotion"},{"floor":10.0,"key":"Energy Potion"},{"floor":12.0,"key":"Dexterity Potion"},{"floor":16.0,"key":"LiquidBronze"},{"floor":22.0,"key":"SneckoOil"},{"floor":29.0,"key":"SkillPotion"},{"floor":30.0,"key":"Weak Potion"},{"floor":33.0,"key":"ColorlessPotion"},{"floor":37.0,"key":"BlessingOfTheForge"},{"floor":38.0,"key":"LiquidBronze"}],"is_trial":false,"path_per_floor":["M","M","?","M","$","E","M","R","T","M","E","M","R","M","R","B",null,"M","$","?","M","M","R","M","R","T","M","$","E","M","M","R","B",null,"M","$","M","M","M"],"character_chosen":"WATCHER","items_purchased":["Bronze Scales","Chrysalis","TheAbacus","CutThroughFate","Ancient Tea Set","Finesse","War Paint","DistilledChaos","AttackPotion","Dark Shackles","EssenceOfSteel","EntropicBrew","Energy Potion"],"campfire_rested":4,"item_purchase_floors":[0,0,0,0,0,5,19,19,19,28,28,36,36],"current_hp_per_floor":[58,58,58,55,55,50,44,65,65,65,49,47,47,46,67,55,72,66,66,66,57,43,43,21,42,42,42,42,20,19,15,36,11,72,50,50,25,9,0,0],"gold":81,"neow_bonus":"","is_daily":false,"chose_seed":false,"campfire_upgraded":1,"win_rate":0.0,"timestamp":1612774169,"path_taken":["M","M","?","?","$","E","M","R","T","M","E","M","R","M","R","BOSS","M","$","?","M","M","R","M","R","T","M","$","E","M","M","R","BOSS","M","$","M","M","M"],"items_purchased_type":["Relic","Card","Relic","Card","Relic","Card","Relic","Potion","Potion","Card","Potion","Potion","Potion"],"build_version":"2020-12-22","purchased_purges":0,"victory":false,"max_hp_per_floor":[72,72,72,72,72,72,72,72,72,72,72,72,72,72,72,72,72,72,72,72,72,72,72,72,72,72,72,72,72,72,72,72,72,72,72,72,72,72,72,72],"card_choices":[{"not_picked":["ClearTheMind","Perseverance"],"picked":"Crescendo","floor":1.0},{"not_picked":["Crescendo","Wallop"],"picked":"FlurryOfBlows","floor":2.0},{"not_picked":["Evaluate","Meditate"],"picked":"WindmillStrike","floor":4.0},{"not_picked":["WaveOfTheHand","Indignation"],"picked":"TalkToTheHand","floor":6.0},{"not_picked":["PathToVictory","BowlingBash"],"picked":"Consecrate","floor":7.0},{"not_picked":["Sanctity","Meditate"],"picked":"FollowUp","floor":10.0},{"not_picked":["BowlingBash","ReachHeaven"],"picked":"FlurryOfBlows","floor":11.0},{"not_picked":["Fasting2","CrushJoints"],"picked":"ClearTheMind","floor":12.0},{"not_picked":["WaveOfTheHand","FollowUp"],"picked":"DevaForm","floor":14.0},{"not_picked":["Judgement","Establishment"],"picked":"LessonLearned","floor":16.0},{"not_picked":["Vengeance","CrushJoints"],"picked":"Perseverance+1","floor":18.0},{"not_picked":["Sanctity","Protect"],"picked":"Halt","floor":21.0},{"not_picked":["FlyingSleeves","FlurryOfBlows"],"picked":"Worship+1","floor":22.0},{"not_picked":["Pray+1","ThirdEye"],"picked":"SandsOfTime","floor":24.0},{"not_picked":["FlyingSleeves","BattleHymn"],"picked":"TalkToTheHand+1","floor":27.0},{"not_picked":["Halt+1","LikeWater"],"picked":"EmptyFist+1","floor":29.0},{"not_picked":["Collect","Swivel"],"picked":"Halt+1","floor":30.0},{"not_picked":["PathToVictory+1","Tantrum"],"picked":"JustLucky+1","floor":31.0},{"not_picked":["DevaForm","Ragnarok"],"picked":"Omniscience","floor":33.0},{"not_picked":["WaveOfTheHand","WindmillStrike+1"],"picked":"Protect+1","floor":35.0},{"not_picked":["ThirdEye+1","FlyingSleeves+1"],"picked":"BattleHymn+1","floor":37.0},{"not_picked":["CrushJoints","Indignation"],"picked":"CutThroughFate+1","floor":38.0}],"player_experience":24271,"relics_obtained":[{"floor":6.0,"key":"CaptainsWheel"},{"floor":9.0,"key":"Ornamental Fan"},{"floor":11.0,"key":"Juzu Bracelet"},{"floor":26.0,"key":"Pantograph"},{"floor":29.0,"key":"Boot"},{"floor":34.0,"key":"Bag of Preparation"},{"floor":34.0,"key":"Darkstone Periapt"},{"floor":34.0,"key":"GoldenEye"}],"event_choices":[{"damage_healed":0.0,"max_hp_gain":0.0,"max_hp_loss":0.0,"gold_gain":0.0,"event_name":"Upgrade Shrine","player_choice":"Upgraded","floor":3.0,"gold_loss":0.0,"damage_taken":0.0,"cards_upgraded":["Eruption"]},{"damage_healed":0.0,"max_hp_gain":0.0,"max_hp_loss":0.0,"gold_gain":0.0,"event_name":"Addict","player_choice":"Stole Relic","floor":20.0,"gold_loss":0.0,"damage_taken":0.0,"relics_obtained":["Mummified Hand"],"cards_obtained":["Shame"]}],"is_beta":false,"boss_relics":[{"not_picked":["Ectoplasm","Fusion Hammer"],"picked":"Astrolabe"},{"not_picked":["Busted Crown","SlaversCollar"],"picked":"Calling Bell"}],"items_purged_floors":[],"is_endless":false,"potions_floor_spawned":[1,2,7,10,12,16,22,29,30,33,37,38],"killed_by":"Writhing Mass","ascension_level":0}}