{"host":"y3h3n3f7seyagppx","time":1612822451,"event":{"mods":["AlwaysNeverKeys","BaseMod","Better Vampires","Colored Powertips","DeckTracker","Emptier Cage","Minty Spire (QoL Compilation)","Permanent Neow","Quick Restart","Rare Cards Sparkle","Relic Sorter","Relic Stats","StSLib","Transform Curses"],"gold_per_floor":[113,129,141,141,141,141,153,171,171,204,215,215,4,34,34,113,113,124,124,136,146,146,146,173,190,190,190,220,220,239,76,76,155,155,175,175,185,201,201,232,232,247,247,247,247,79,104,114,114,114,114,114,114,31,61,61],"floor_reached":57,"language":"ENG","playtime":10276,"items_purged":["Strike_G"],"score":2874,"play_id":"829a1848-37f6-4b45-bf19-642e701045be","local_time":"20210208171411","is_ascension_mode":true,"campfire_choices":[{"floor":6.0,"key":"REST"},{"data":"Blade Dance","floor":12.0,"key":"SMITH"},{"data":"Neutralize","floor":15.0,"key":"SMITH"},{"data":"Phantasmal Killer","floor":23.0,"key":"SMITH"},{"data":"Outmaneuver","floor":27.0,"key":"SMITH"},{"data":"Leg Sweep","floor":32.0,"key":"SMITH"},{"data":"A Thousand Cuts","floor":41.0,"key":"SMITH"},{"data":"Footwork","floor":45,"key":"SMITH"},{"floor":49,"key":"REST"},{"floor":53,"key":"REST"}],"circlet_count":0,"master_deck":["AscendersBane","Strike_G+1","Defend_G+1","Defend_G+1","Defend_G+1","Defend_G+1","Defend_G+1","Survivor","Neutralize+1","Phantasmal Killer+1","Blade Dance+1","Quick Slash","Calculated Gamble","Corpse Explosion","Footwork+1","Finisher","Adrenaline","Flying Knee+1","Die Die Die+1","Night Terror+1","Backflip","Footwork","Writhe","Outmaneuver+1","Blade Dance+1","RitualDagger","Calculated Gamble+1","Escape Plan","Leg Sweep+1","A Thousand Cuts+1","Backflip","Panacea","Flash of Steel","Backflip+1","Deflect+1","Leg Sweep","Decay","Writhe","Calculated Gamble","Terror"],"relics":["Ring of the Snake","FaceOfCleric","Dead Branch","Bottled Lightning","Astrolabe","Nunchaku","Ninja Scroll","Blue Candle","Ginger","Orrery","Cursed Key","Bag of Preparation","TungstenRod","Happy Flower","PreservedInsect","Ornamental Fan"],"acts_visited":["Exordium","TheCity","TheBeyond","TheEnding"],"potions_floor_usage":[56,56],"damage_taken":[{"damage":1.0,"enemies":"Jaw Worm","floor":1.0,"turns":4.0},{"damage":0.0,"enemies":"Small Slimes","floor":2.0,"turns":2.0},{"damage":0.0,"enemies":"Cultist","floor":3.0,"turns":3.0},{"damage":3.0,"enemies":"3 Louse","floor":7.0,"turns":3.0},{"damage":1.0,"enemies":"Blue Slaver","floor":8.0,"turns":4.0},{"damage":12.0,"enemies":"Lagavulin","floor":10.0,"turns":6.0},{"damage":0.0,"enemies":"Large Slime","floor":11.0,"turns":4.0},{"damage":0.0,"enemies":"Gremlin Nob","floor":14.0,"turns":2.0},{"damage":16.0,"enemies":"The Guardian","floor":16.0,"turns":16.0},{"damage":3.0,"enemies":"2 Thieves","floor":18.0,"turns":2.0},{"damage":0.0,"enemies":"Spheric Guardian","floor":20.0,"turns":1.0},{"damage":9.0,"enemies":"Cultist and Chosen","floor":21.0,"turns":3.0},{"damage":0.0,"enemies":"Slavers","floor":24.0,"turns":2.0},{"damage":3.0,"enemies":"Shelled Parasite and Fungi","floor":25.0,"turns":3.0},{"damage":3.0,"enemies":"Book of Stabbing","floor":28.0,"turns":3.0},{"damage":17.0,"enemies":"Snake Plant","floor":30.0,"turns":4.0},{"damage":32.0,"enemies":"Automaton","floor":33.0,"turns":8.0},{"damage":9.0,"enemies":"3 Darklings","floor":35.0,"turns":3.0},{"damage":0.0,"enemies":"Orb Walker","floor":37.0,"turns":2.0},{"damage":1.0,"enemies":"Maw","floor":38.0,"turns":4.0},{"damage":13.0,"enemies":"Reptomancer","floor":40.0,"turns":3.0},{"damage":1,"enemies":"Jaw Worm Horde","floor":42,"turns":2},{"damage":4,"enemies":"Nemesis","floor":47,"turns":3},{"damage":5,"enemies":"Sphere and 2 Shapes","floor":48,"turns":5},{"damage":18,"enemies":"Awakened One","floor":50,"turns":19},{"damage":22,"enemies":"Donu and Deca","floor":51,"turns":8},{"damage":0,"enemies":"Shield and Spear","floor":55,"turns":2},{"damage":84,"enemies":"The Heart","floor":56,"turns":9}],"seed_played":"4951843110007835418","potions_obtained":[{"floor":7.0,"key":"Fruit Juice"},{"floor":10.0,"key":"Poison Potion"},{"floor":24.0,"key":"Energy Potion"},{"floor":25.0,"key":"Regen Potion"},{"floor":30.0,"key":"SteroidPotion"},{"floor":33.0,"key":"DuplicationPotion"}],"is_trial":false,"path_per_floor":["M","M","M","?","?","R","M","M","T","E","M","R","$","E","R","B",null,"M","?","M","M","?","R","E","M","T","R","E","?","M","$","R","B",null,"M","?","M","M","?","E","R","M","T","?","R","$","E","M","R","B","B",null,"R","$","E","B",null],"character_chosen":"THE_SILENT","items_purchased":["Footwork","SteroidPotion","Orrery","Happy Flower","Terror"],"campfire_rested":3,"item_purchase_floors":[13,13,31,46,54],"current_hp_per_floor":[43,43,43,23,23,42,40,40,40,29,30,30,35,36,36,21,63,61,61,62,54,54,54,55,53,53,53,51,45,29,29,29,13,67,59,49,50,50,50,38,38,38,38,56,56,56,53,49,76,59,38,80,94,94,95,12],"gold":61,"neow_bonus":"THREE_RARE_CARDS","is_daily":false,"chose_seed":false,"campfire_upgraded":7,"win_rate":0.0,"timestamp":1612822451,"path_taken":["M","M","M","?","?","R","M","M","T","E","?","R","$","E","R","BOSS","M","?","M","M","?","R","E","M","T","R","E","?","M","?","R","BOSS","M","?","M","M","?","E","R","M","T","?","R","?","E","M","R","BOSS","BOSS","R","$","E","BOSS"],"items_purchased_type":["Card","Potion","Relic","Relic","Card"],"build_version":"2020-12-22","purchased_purges":1,"victory":true,"max_hp_per_floor":[66,66,66,66,66,66,67,68,68,69,70,70,75,76,76,77,77,78,78,79,80,80,80,81,82,82,82,83,83,84,84,84,85,85,86,86,87,88,88,89,89,90,90,90,90,90,91,92,92,93,94,94,94,94,95,96],"relic_stats":{"Happy Flower":[15],"counters":[28,130],"Dead Branch":[388],"Astrolabe":["Flying Knee","Die Die Die","Night Terror"],"Blue Candle":[22],"PreservedInsect":77,"Bag of Preparation":[0],"Ginger":[9],"Cursed Key":1,"Nunchaku":[38],"FaceOfCleric":25,"Ornamental Fan":[40],"obtain_stats":[{"Happy Flower":46,"Dead Branch":10,"Astrolabe":17,"Blue Candle":26,"PreservedInsect":47,"Bag of Preparation":40,"Ginger":28,"Cursed Key":34,"Nunchaku":22,"FaceOfCleric":5,"Ninja Scroll":24,"Ornamental Fan":55,"Orrery":31,"Bottled Lightning":14,"TungstenRod":43,"Ring of the Snake":0},{"Happy Flower":22,"Dead Branch":6,"Astrolabe":9,"Blue Candle":14,"PreservedInsect":23,"Bag of Preparation":21,"Ginger":15,"Cursed Key":17,"Nunchaku":12,"FaceOfCleric":3,"Ninja Scroll":13,"Ornamental Fan":27,"Orrery":16,"Bottled Lightning":8,"TungstenRod":22,"Ring of the Snake":0},{"Happy Flower":84,"Dead Branch":22,"Astrolabe":44,"Blue Candle":55,"PreservedInsect":87,"Bag of Preparation":82,"Ginger":58,"Cursed Key":70,"Nunchaku":50,"FaceOfCleric":9,"Ninja Scroll":52,"Ornamental Fan":121,"Orrery":62,"Bottled Lightning":28,"TungstenRod":84,"Ring of the Snake":0}],"TungstenRod":53,"Ring of the Snake":[56]},"card_choices":[{"not_picked":["Malaise","A Thousand Cuts"],"picked":"Phantasmal Killer","floor":0.0},{"not_picked":["Backflip","PiercingWail"],"picked":"Blade Dance","floor":1.0},{"not_picked":["Underhanded Strike","Crippling Poison","Deflect"],"picked":"SKIP","floor":2.0},{"not_picked":["Outmaneuver","Acrobatics"],"picked":"Quick Slash","floor":3.0},{"not_picked":["Deadly Poison","Bouncing Flask"],"picked":"Calculated Gamble","floor":7.0},{"not_picked":["Crippling Poison","Choke"],"picked":"Corpse Explosion","floor":8.0},{"not_picked":["Poisoned Stab","Caltrops","Tactician"],"picked":"SKIP","floor":10.0},{"not_picked":["Acrobatics","Deadly Poison","Riddle With Holes"],"picked":"SKIP","floor":11.0},{"not_picked":["Dodge and Roll","Blur"],"picked":"Finisher","floor":14.0},{"not_picked":["Bullet Time","Tools of the Trade"],"picked":"Adrenaline","floor":16.0},{"not_picked":["Quick Slash","Catalyst","Heel Hook"],"picked":"SKIP","floor":18.0},{"not_picked":["Outmaneuver","Flechettes"],"picked":"Backflip","floor":20.0},{"not_picked":["Quick Slash","Catalyst"],"picked":"Footwork","floor":21.0},{"not_picked":["Dodge and Roll","Backstab","Acrobatics"],"picked":"SKIP","floor":24.0},{"not_picked":["All Out Attack+1","Cloak And Dagger","Outmaneuver"],"picked":"SKIP","floor":25.0},{"not_picked":["All Out Attack+1","Cloak And Dagger","Outmaneuver"],"picked":"SKIP","floor":25.0},{"not_picked":["All Out Attack+1","Cloak And Dagger"],"picked":"Outmaneuver","floor":25.0},{"not_picked":["Escape Plan","Terror"],"picked":"Blade Dance+1","floor":28.0},{"not_picked":["Deflect","Slice"],"picked":"Calculated Gamble+1","floor":30.0},{"not_picked":["Flying Knee","Flechettes"],"picked":"Escape Plan","floor":31.0},{"not_picked":["Blur","Dash"],"picked":"Escape Plan","floor":31.0},{"not_picked":["Sucker Punch","Outmaneuver"],"picked":"Leg Sweep","floor":31.0},{"not_picked":["Glass Knife","Venomology"],"picked":"A Thousand Cuts","floor":33.0},{"not_picked":["Quick Slash","Flying Knee"],"picked":"Backflip","floor":35.0},{"not_picked":["Deep Breath","Enlightenment"],"picked":"Panacea","floor":36.0},{"not_picked":["Impatience","Panacea"],"picked":"Flash of Steel","floor":36.0},{"not_picked":["Leg Sweep","Outmaneuver"],"picked":"Backflip+1","floor":37.0},{"not_picked":["Concentrate","Heel Hook"],"picked":"Deflect+1","floor":38.0},{"not_picked":["Deadly Poison+1","Heel Hook"],"picked":"Leg Sweep","floor":40.0},{"not_picked":["Unload","Sucker Punch","Prepared"],"picked":"SKIP","floor":42},{"not_picked":["Unload","Sucker Punch","Prepared"],"picked":"SKIP","floor":42},{"not_picked":["Underhanded Strike","Deadly Poison"],"picked":"Calculated Gamble","floor":47},{"not_picked":["Slice+1","Cloak And Dagger","Sucker Punch+1"],"picked":"SKIP","floor":48},{"not_picked":["Slice+1","Cloak And Dagger","Sucker Punch+1"],"picked":"SKIP","floor":48},{"not_picked":["Dodge and Roll","Acrobatics","Dagger Throw+1"],"picked":"SKIP","floor":55}],"player_experience":22001133,"relics_obtained":[{"floor":10.0,"key":"Dead Branch"},{"floor":14.0,"key":"Bottled Lightning"},{"floor":24.0,"key":"Ninja Scroll"},{"floor":26.0,"key":"Blue Candle"},{"floor":28.0,"key":"Ginger"},{"floor":40.0,"key":"Bag of Preparation"},{"floor":43,"key":"TungstenRod"},{"floor":47,"key":"PreservedInsect"},{"floor":55,"key":"Ornamental Fan"}],"event_choices":[{"damage_healed":0.0,"max_hp_gain":0.0,"max_hp_loss":0.0,"gold_gain":0.0,"event_name":"Shining Light","player_choice":"Entered Light","floor":4.0,"gold_loss":0.0,"damage_taken":20.0,"cards_upgraded":["Strike_G","Defend_G"]},{"damage_healed":0.0,"max_hp_gain":0.0,"max_hp_loss":0.0,"gold_gain":0.0,"event_name":"FaceTrader","player_choice":"Trade","floor":5.0,"gold_loss":0.0,"damage_taken":0.0,"relics_obtained":["FaceOfCleric"]},{"damage_healed":0.0,"max_hp_gain":0.0,"max_hp_loss":0.0,"gold_gain":0.0,"event_name":"Back to Basics","player_choice":"Simplicity","floor":19.0,"gold_loss":0.0,"damage_taken":0.0,"cards_upgraded":["Defend_G","Defend_G","Defend_G","Defend_G"]},{"damage_healed":0.0,"max_hp_gain":0.0,"max_hp_loss":0.0,"gold_gain":0.0,"event_name":"The Mausoleum","player_choice":"Opened","floor":22.0,"gold_loss":0.0,"damage_taken":0.0,"relics_obtained":["Nunchaku"],"cards_obtained":["Writhe"]},{"damage_healed":0.0,"max_hp_gain":0.0,"max_hp_loss":0.0,"gold_gain":0.0,"event_name":"Nest","player_choice":"Joined the Cult","floor":29.0,"gold_loss":0.0,"damage_taken":6.0,"cards_obtained":["RitualDagger"]},{"damage_healed":0.0,"max_hp_gain":0.0,"max_hp_loss":0.0,"gold_gain":0.0,"event_name":"SensoryStone","player_choice":"Memory 3","floor":36.0,"gold_loss":0.0,"damage_taken":10.0},{"cards_removed":["Escape Plan"],"damage_healed":0.0,"max_hp_gain":0.0,"max_hp_loss":0.0,"gold_gain":0.0,"event_name":"Falling","player_choice":"Removed Skill","floor":39.0,"gold_loss":0.0,"damage_taken":0.0},{"damage_healed":18,"gold_gain":0,"player_choice":"Writhe","damage_taken":0,"max_hp_gain":0,"max_hp_loss":0,"event_name":"Winding Halls","floor":44,"gold_loss":0,"cards_obtained":["Writhe"]}],"is_beta":false,"boss_relics":[{"not_picked":["SacredBark","Empty Cage"],"picked":"Astrolabe"},{"not_picked":["WristBlade","Calling Bell"],"picked":"Cursed Key"}],"items_purged_floors":[13],"is_endless":false,"potions_floor_spawned":[7,10,14,16,21,24,25,30,33,37,40,48],"ascension_level":20}}