{"host":"5inz41fcnifmg6v2","time":1612794085,"event":{"mods":["BaseMod","Minty Spire (QoL Compilation)","Replay The Spire","StSLib","The Bug Knight"],"gold_per_floor":[119,119,135,32,32,32,110,110,159,92,103,147,147,147,173,192,192,293,293,304,304,329,343,362,390,390,421,421,433,433,433,451,35,35,139,139,157,4,4,4,17,17,32,32,58,76,103,103,119,137,137,137],"floor_reached":53,"language":"ZHS","playtime":5674,"items_purged":["HollowMod:VoidDash"],"score":820,"play_id":"7958c17b-4d0c-462c-956c-03a027752cf7","local_time":"20210208222125","is_ascension_mode":false,"campfire_choices":[{"floor":6,"key":"RECALL"},{"data":"ReplayTheSpireMod:Brewmster","floor":8,"key":"SMITH"},{"floor":17,"key":"REST"},{"floor":26,"key":"REST"},{"floor":30,"key":"REST"},{"floor":34,"key":"REST"},{"floor":42,"key":"REST"},{"floor":48,"key":"REST"},{"data":"HollowMod:ChannelNail","floor":51,"key":"PURGE"}],"circlet_count":0,"master_deck":["HollowMod:NailStrikeStart+1","HollowMod:NailStrikeStart+1","HollowMod:NailStrikeStart+1","HollowMod:NailStrikeStart+1","HollowMod:QuickDashStart+1","HollowMod:QuickDashStart+1","HollowMod:QuickDashStart+1","HollowMod:PogoStrike","HollowMod:DreamGate","HollowMod:FastStrike","ReplayTheSpireMod:Brewmster+1","HollowMod:MantisMark+1","HollowMod:SoulStrike","HollowMod:ChannelNail","HollowMod:DesolateDive","HollowMod:SoulSplash","HollowMod:NewLittleFool","HollowMod:FastStrike","HollowMod:SlysStrikes+1","HollowMod:DesolateDive+1","HollowMod:CoiledNail+1","HollowMod:SoulShaman+1","HollowMod:SharpenedNail","HollowMod:SoulStrike","HollowMod:MantisMark","HollowMod:CycloneSlash+1","HollowMod:DoubleDash+1","HollowMod:SoulStrike","HollowMod:LifebloodCore","HollowMod:Weaversong","HollowMod:LifebloodCocoon","HollowMod:MantisMark","HollowMod:RecoilStrike+1","HollowMod:LifebloodCocoon+1","HollowMod:AwokenDreamNail","HollowMod:CrystalDash+1","HollowMod:MantisMark","HollowMod:QuirrelsAssistance+1","HollowMod:MonarchWings","HollowMod:GoodIntentions"],"relics":["HollowMod:VesselMask","NeowsBlessing","ReplayTheSpireMod:CursedCoin","ReplayTheSpireMod:Ring of Challenge","War Paint","Replay:Baseball","Centennial Puzzle","Anchor","Dream Catcher","Honey Jar","Red Mask","Strawberry","Replay:Bottled Flurry","Toy Ornithopter","Eternal Feather","Fusion Hammer","Replay:Mystery Machine","Blood Vial","Kunai"],"acts_visited":["Exordium","TheCity","TheBeyond"],"potions_floor_usage":[10,11,11,11,11,15,15,15,18,18,18,18,18,18,20,22,24,25,25,25,25,27,27,27,29,29,29,29,29,29,29,32,32,35,37,37,41,41,46,46,46,46,46,46,47,47,49,49,50,52,52,52,52,52,52,52,52],"damage_taken":[{"damage":0,"enemies":"2 Louse","floor":1,"turns":1},{"damage":0,"enemies":"Jaw Worm","floor":3,"turns":1},{"damage":1,"enemies":"3 Sentries","floor":7,"turns":2},{"damage":21,"enemies":"Lagavulin","floor":10,"turns":4},{"damage":1,"enemies":"Cultist","floor":11,"turns":3},{"damage":14,"enemies":"3 Sentries","floor":15,"turns":5},{"damage":7,"enemies":"Blue Slaver","floor":16,"turns":3},{"damage":0,"enemies":"Slime Boss","floor":18,"turns":5},{"damage":22,"enemies":"3 Byrds","floor":20,"turns":5},{"damage":0,"enemies":"Masked Bandits","floor":22,"turns":3},{"damage":10,"enemies":"2 Thieves","floor":23,"turns":3},{"damage":19,"enemies":"3 Cultists","floor":24,"turns":4},{"damage":11,"enemies":"Slavers","floor":25,"turns":3},{"damage":9,"enemies":"HollowMod:Nosk","floor":27,"turns":4},{"damage":8,"enemies":"Snecko","floor":29,"turns":4},{"damage":0,"enemies":"Snake Plant","floor":32,"turns":2},{"damage":12,"enemies":"HollowMod:NKGrimm","floor":35,"turns":6},{"damage":0,"enemies":"Orb Walker","floor":37,"turns":4},{"damage":14,"enemies":"3 Darklings","floor":41,"turns":3},{"damage":8,"enemies":"Transient","floor":43,"turns":5},{"damage":29,"enemies":"Sphere and 2 Shapes","floor":46,"turns":3},{"damage":18,"enemies":"Giant Head","floor":47,"turns":5},{"damage":21,"enemies":"3 Darklings","floor":49,"turns":4},{"damage":9,"enemies":"4 Shapes","floor":50,"turns":4},{"damage":89,"enemies":"Awakened One","floor":52,"turns":9}],"seed_played":"-7235044252653204740","potions_obtained":[{"floor":10,"key":"Swift Potion"},{"floor":11,"key":"BlessingOfTheForge"},{"floor":15,"key":"Swift Potion"},{"floor":23,"key":"Swift Potion"},{"floor":24,"key":"Toxic Potion"},{"floor":27,"key":"EntropicBrew"},{"floor":35,"key":"Block Potion"},{"floor":41,"key":"SpeedPotion"},{"floor":43,"key":"Ancient Potion"},{"floor":47,"key":"Block Potion"}],"is_trial":false,"path_per_floor":["M","?","M","$","?","R","E","R","T","E","M","?","PTL","PTL","E","M","R","B",null,"M","?","?","M","M","E","R","E","T","M","R","?","M","$","R","B",null,"M","$","?","?","M","R","M","T","T","M","E","R","M","M","R","B",null],"character_chosen":"THE_BUGKNIGHT","items_purchased":["ReplayTheSpireMod:CursedCoin","ReplayTheSpireMod:Brewmster","HollowMod:MantisMark","Toy Ornithopter","Eternal Feather","HollowMod:MantisMark"],"campfire_rested":6,"item_purchase_floors":[4,4,4,33,33,38],"current_hp_per_floor":[75,68,68,68,68,68,67,67,67,46,45,45,45,45,31,24,46,46,75,53,53,53,43,24,20,44,35,35,27,51,51,51,51,82,70,82,82,82,82,82,68,82,74,74,74,72,66,82,61,59,82,33],"gold":137,"neow_bonus":"THREE_ENEMY_KILL","is_daily":false,"chose_seed":false,"campfire_upgraded":1,"win_rate":0.0,"timestamp":1612794085,"path_taken":["M","?","M","$","?","R","E","R","T","E","M","?","PTL","PTL","E","M","R","BOSS","M","?","?","M","M","E","R","E","T","M","R","?","?","$","R","BOSS","M","$","?","?","?","R","M","?","T","M","E","R","?","?","R","BOSS"],"items_purchased_type":["Relic","Card","Card","Relic","Relic","Card"],"build_version":"2020-12-22","purchased_purges":1,"victory":true,"max_hp_per_floor":[75,75,75,75,75,75,75,75,75,75,75,75,75,75,75,75,75,75,75,75,75,75,75,75,82,82,82,82,82,82,82,82,82,82,82,82,82,82,82,82,82,82,82,82,82,82,82,82,82,82,82,82],"card_choices":[{"not_picked":["HollowMod:CornifersMapStart","HollowMod:DashSlash"],"picked":"HollowMod:DreamGate","floor":1},{"not_picked":["HollowMod:CloakDash","HollowMod:BlackTendrils"],"picked":"HollowMod:FastStrike","floor":3},{"not_picked":["HollowMod:DungDefenderAura","HollowMod:NewGlowingWomb"],"picked":"HollowMod:SoulStrike","floor":7},{"not_picked":["HollowMod:PureNailStrike","HollowMod:TaintedHusks"],"picked":"HollowMod:VoidDash","floor":10},{"not_picked":["HollowMod:VengefulVoid","HollowMod:CornifersMapStart"],"picked":"HollowMod:ChannelNail","floor":11},{"not_picked":["HollowMod:VengefulVoid","HollowMod:CloakDash"],"picked":"HollowMod:DesolateDive","floor":12},{"not_picked":["HollowMod:SiblingsShadow","HollowMod:HowlingWraiths"],"picked":"HollowMod:SoulSplash","floor":15},{"not_picked":["HollowMod:CornifersMapStart","HollowMod:VoidDash"],"picked":"HollowMod:NewLittleFool","floor":16},{"not_picked":["HollowMod:DungDefenderAura","HollowMod:PureNailStrike"],"picked":"HollowMod:FastStrike","floor":17},{"not_picked":["HollowMod:LifebloodCore","HollowMod:Weaversong"],"picked":"HollowMod:SlysStrikes","floor":18},{"not_picked":["HollowMod:MawleksShell","HollowMod:NewGlowingWomb","HollowMod:NewJinnsSoul"],"picked":"HollowMod:DesolateDive+1","floor":20},{"not_picked":["HollowMod:ShadowDash+1","HollowMod:CloakDash","HollowMod:ChannelNail"],"picked":"HollowMod:CoiledNail+1","floor":22},{"not_picked":["HollowMod:TaintedHusks+1","HollowMod:HowlingWraiths","HollowMod:VengefulVoid+1"],"picked":"HollowMod:SoulShaman+1","floor":23},{"not_picked":["HollowMod:AbyssShriek","HollowMod:TaintedHusks","HollowMod:InfectionAssault"],"picked":"HollowMod:SharpenedNail","floor":24},{"not_picked":["HollowMod:DescendingDark","HollowMod:ShadowDash","HollowMod:BlackTendrils+1"],"picked":"HollowMod:SoulStrike","floor":25},{"not_picked":["HollowMod:DescendingDark","HollowMod:SlysStrikes","HollowMod:ChannelNail"],"picked":"HollowMod:MantisMark","floor":26},{"not_picked":["HollowMod:TaintedHusks+1","HollowMod:HeavyBlow","HollowMod:CoiledNail+1"],"picked":"HollowMod:CycloneSlash+1","floor":27},{"not_picked":["HollowMod:NewLittleFool","HollowMod:SoulSplash","HollowMod:ChannelNail+1"],"picked":"HollowMod:DoubleDash+1","floor":29},{"not_picked":["HollowMod:InfectedCysts","HollowMod:SoulVessel+1","HollowMod:MothsMistake"],"picked":"HollowMod:SoulStrike","floor":30},{"not_picked":["HollowMod:InfectedCysts","HollowMod:MawleksShell","HollowMod:SoulSplash"],"picked":"HollowMod:ChannelNail","floor":32},{"not_picked":["HollowMod:VengefulSpirit","HollowMod:WraithStrike","HollowMod:DescendingDark+1"],"picked":"HollowMod:LifebloodCore","floor":34},{"not_picked":["HollowMod:theNailsmith","HollowMod:MidwifesHunger","HollowMod:ZotesMagnificence"],"picked":"HollowMod:Weaversong","floor":35},{"not_picked":["HollowMod:ChannelNail","HollowMod:HowlingWraiths","HollowMod:CoiledNail"],"picked":"HollowMod:LifebloodCocoon","floor":37},{"not_picked":["HollowMod:VengefulVoid+1","HollowMod:SharpenedShadows","HollowMod:SiblingsSouls+1"],"picked":"HollowMod:RecoilStrike+1","floor":41},{"not_picked":["HollowMod:NewJinnsSoul+1","HollowMod:SharpenedShadows","HollowMod:InfectedAttack"],"picked":"HollowMod:LifebloodCocoon+1","floor":42},{"not_picked":["HollowMod:AbyssShriek+1","HollowMod:GrimmsGift","HollowMod:ShadowDash+1"],"picked":"HollowMod:AwokenDreamNail","floor":43},{"not_picked":["HollowMod:NewJinnsSoul+1","HollowMod:InfectedCysts","HollowMod:VengefulVoid"],"picked":"HollowMod:CrystalDash+1","floor":46},{"not_picked":["HollowMod:QuirrelsAssistance","HollowMod:SoulSplash","HollowMod:SoulStrike+1"],"picked":"HollowMod:MantisMark","floor":47},{"not_picked":["HollowMod:PureNailStrike+1","HollowMod:NewLittleFool+1","HollowMod:DashSlash"],"picked":"HollowMod:QuirrelsAssistance+1","floor":48},{"not_picked":["HollowMod:DreamGate+1","HollowMod:WraithStrike+1","HollowMod:SoulShaman+1"],"picked":"HollowMod:MonarchWings","floor":49},{"not_picked":["HollowMod:DescendingDark+1","HollowMod:CycloneSlash+1","HollowMod:DashSlash"],"picked":"HollowMod:GoodIntentions","floor":50}],"player_experience":71176,"relics_obtained":[{"floor":5,"key":"ReplayTheSpireMod:Ring of Challenge"},{"floor":7,"key":"War Paint"},{"floor":9,"key":"Replay:Baseball"},{"floor":10,"key":"Centennial Puzzle"},{"floor":12,"key":"Anchor"},{"floor":15,"key":"Dream Catcher"},{"floor":22,"key":"Red Mask"},{"floor":25,"key":"Strawberry"},{"floor":27,"key":"Replay:Bottled Flurry"},{"floor":44,"key":"Replay:Mystery Machine"},{"floor":45,"key":"Blood Vial"},{"floor":47,"key":"Kunai"}],"event_choices":[{"cards_removed":["HollowMod:FocusHealStart"],"damage_healed":0,"gold_gain":0,"player_choice":"Card Removal","damage_taken":7,"max_hp_gain":0,"max_hp_loss":0,"event_name":"Golden Wing","floor":2,"gold_loss":0},{"damage_healed":0,"gold_gain":0,"player_choice":"Simplicity","damage_taken":0,"max_hp_gain":0,"max_hp_loss":0,"event_name":"Back to Basics","floor":21,"gold_loss":0,"cards_upgraded":["HollowMod:NailStrikeStart","HollowMod:NailStrikeStart","HollowMod:NailStrikeStart","HollowMod:NailStrikeStart","HollowMod:QuickDashStart","HollowMod:QuickDashStart","HollowMod:QuickDashStart"]},{"damage_healed":0,"gold_gain":0,"player_choice":"Fought Bandits","damage_taken":0,"max_hp_gain":0,"max_hp_loss":0,"event_name":"Masked Bandits","floor":22,"gold_loss":0},{"damage_healed":0,"gold_gain":0,"player_choice":"Upgraded","damage_taken":0,"max_hp_gain":0,"max_hp_loss":0,"event_name":"Upgrade Shrine","floor":31,"gold_loss":0,"cards_upgraded":["HollowMod:SlysStrikes"]},{"cards_removed":["HollowMod:QuickDashStart"],"damage_healed":0,"gold_gain":0,"player_choice":"Removed Skill","damage_taken":0,"max_hp_gain":0,"max_hp_loss":0,"event_name":"Falling","floor":39,"gold_loss":0},{"damage_healed":0,"gold_gain":0,"player_choice":"Ignored","damage_taken":0,"max_hp_gain":0,"max_hp_loss":0,"event_name":"NoteForYourself","floor":40,"gold_loss":0}],"is_beta":false,"boss_relics":[{"not_picked":["ChewingGum","Ectoplasm"],"picked":"Honey Jar"},{"not_picked":["Coffee Dripper","SacredBark"],"picked":"Fusion Hammer"}],"items_purged_floors":[38],"is_endless":false,"potions_floor_spawned":[10,11,15,23,24,27,35,41,43,47],"ascension_level":0}}