{"host":"ar85q1708ucjvf51","time":1612815086,"event":{"mods":["BaseMod","Minty Spire (QoL Compilation)"],"gold_per_floor":[119,194,204,220,236,236,271,281,281,298,311,325,325,325,325,422,422,432,3,23,40,40,40],"floor_reached":22,"language":"ENG","playtime":14976,"items_purged":["Strike_B"],"score":192,"play_id":"8ae537c9-d688-458f-bde3-00a04f68d934","local_time":"20210208151126","is_ascension_mode":false,"campfire_choices":[{"data":"Sunder","floor":6.0,"key":"SMITH"},{"floor":13,"key":"REST"},{"floor":15,"key":"REST"}],"circlet_count":0,"master_deck":["Strike_B","Strike_B","Strike_B","Defend_B","Defend_B","Defend_B","Defend_B+1","Zap","Dualcast","Streamline","Redo","Conserve Battery","Sunder+1","Reprogram","Sweeping Beam","Beam Cell+1","Steam Power","Turbo","Reboot","Echo Form","Genetic Algorithm+1","Mind Blast","Capacitor"],"relics":["Cracked Core","Dream Catcher","Regal Pillow","Boot","Snecko Eye","Cables"],"acts_visited":["Exordium","TheCity"],"potions_floor_usage":[16],"damage_taken":[{"damage":2.0,"enemies":"Small Slimes","floor":1.0,"turns":3.0},{"damage":0.0,"enemies":"Cultist","floor":3.0,"turns":4.0},{"damage":6.0,"enemies":"Jaw Worm","floor":4.0,"turns":4.0},{"damage":1.0,"enemies":"3 Louse","floor":5.0,"turns":3.0},{"damage":14.0,"enemies":"Gremlin Nob","floor":7.0,"turns":3.0},{"damage":11.0,"enemies":"Lots of Slimes","floor":8.0,"turns":3.0},{"damage":7.0,"enemies":"Exordium Wildlife","floor":10.0,"turns":3.0},{"damage":2.0,"enemies":"3 Louse","floor":11.0,"turns":4.0},{"damage":8,"enemies":"Lots of Slimes","floor":12,"turns":3},{"damage":16,"enemies":"Slime Boss","floor":16,"turns":10},{"damage":0,"enemies":"Spheric Guardian","floor":18,"turns":3},{"damage":36,"enemies":"3 Byrds","floor":20,"turns":4},{"damage":23,"enemies":"Snake Plant","floor":21,"turns":4},{"damage":18,"enemies":"Shelled Parasite and Fungi","floor":22,"turns":2}],"seed_played":"5125384766563000850","potions_obtained":[{"floor":3.0,"key":"SpeedPotion"},{"floor":5.0,"key":"Fire Potion"},{"floor":7.0,"key":"GamblersBrew"},{"floor":10.0,"key":"Block Potion"},{"floor":20,"key":"EssenceOfDarkness"}],"is_trial":false,"path_per_floor":["M","?","M","M","M","R","E","M","T","M","M","M","R","?","R","B",null,"M","$","M","M","M"],"character_chosen":"DEFECT","items_purchased":["Cables","Mind Blast"],"campfire_rested":2,"item_purchase_floors":[19,19],"current_hp_per_floor":[73,66,66,60,59,59,45,34,34,27,25,17,54,39,75,59,75,75,75,39,16,0,0],"gold":40,"neow_bonus":"RANDOM_COMMON_RELIC","is_daily":false,"chose_seed":false,"campfire_upgraded":1,"win_rate":0.0,"timestamp":1612815086,"path_taken":["M","?","M","M","?","R","E","M","T","M","M","M","R","?","R","BOSS","M","$","M","M","M"],"items_purchased_type":["Relic","Card"],"build_version":"2020-12-22","purchased_purges":1,"victory":false,"max_hp_per_floor":[75,75,75,75,75,75,75,75,75,75,75,75,75,75,75,75,75,75,75,75,75,75,75],"card_choices":[{"not_picked":["Conserve Battery","Steam"],"picked":"Streamline","floor":1.0},{"not_picked":["Aggregate","Reprogram"],"picked":"Redo","floor":3.0},{"not_picked":["Sweeping Beam","Ball Lightning"],"picked":"Conserve Battery","floor":4.0},{"not_picked":["Doom and Gloom","Beam Cell"],"picked":"Sunder","floor":5.0},{"not_picked":["Streamline","Gash"],"picked":"Reprogram","floor":7.0},{"not_picked":["Compile Driver","Blizzard"],"picked":"Sweeping Beam","floor":8.0},{"not_picked":["Thunder Strike","Streamline"],"picked":"Beam Cell","floor":10.0},{"not_picked":["Cold Snap","Chill","Streamline"],"picked":"SKIP","floor":11.0},{"not_picked":["Conserve Battery","Rebound"],"picked":"Steam Power","floor":12},{"not_picked":["Sweeping Beam","Compile Driver"],"picked":"Turbo","floor":13},{"not_picked":["Rip and Tear","Rebound"],"picked":"Reboot","floor":15},{"not_picked":["Thunder Strike","Multi-Cast"],"picked":"Echo Form","floor":16},{"not_picked":["Ball Lightning","Recycle+1"],"picked":"Genetic Algorithm+1","floor":18},{"not_picked":["Cold Snap","Barrage","FTL"],"picked":"SKIP","floor":20},{"not_picked":["Cold Snap","Conserve Battery"],"picked":"Capacitor","floor":21}],"player_experience":467895,"relics_obtained":[{"floor":7.0,"key":"Regal Pillow"},{"floor":9.0,"key":"Boot"}],"event_choices":[{"damage_healed":0.0,"max_hp_gain":0.0,"max_hp_loss":0.0,"gold_gain":75.0,"event_name":"FaceTrader","player_choice":"Touch","floor":2.0,"gold_loss":0.0,"damage_taken":7.0},{"damage_healed":0,"gold_gain":0,"player_choice":"Entered Light","damage_taken":15,"max_hp_gain":0,"max_hp_loss":0,"event_name":"Shining Light","floor":14,"gold_loss":0,"cards_upgraded":["Beam Cell","Defend_B"]}],"is_beta":false,"boss_relics":[{"not_picked":["SlaversCollar","Philosopher\u0027s Stone"],"picked":"Snecko Eye"}],"items_purged_floors":[19],"is_endless":false,"potions_floor_spawned":[3,5,7,10,20],"killed_by":"Shelled Parasite and Fungi","ascension_level":0}}