{"host":"pletss163z7s8pvv","time":1612759804,"event":{"mods":["AchievementEnabler","BaseMod","Better Altar","Better Match","Better Note","Better Sensory Stone","Better Skull","Better Third Choice","BetterRewards","CapriCore","ChefMod","Colored Map","Colored Powertips","Conspire","Energized Spire","Evolution","GifTheSpireLib","Hermit","Ironclad Rager","Jedi Mod","Marked Mod","Minty Spire (QoL Compilation)","Retaliation","Spicy Shops","StS++","StSLib","The Alterego","The Blue Laboratory","The Cursed","The Disciple","The Forsaken"],"gold_per_floor":[110,124,87,162,176,176,176,195,195,25,25,48,63,79,79,209,209,234,252,252,252],"floor_reached":20,"language":"ENG","playtime":520,"items_purged":["Pride"],"score":218,"play_id":"51eb131b-3ae1-47d6-96d5-fc8e6a7dceab","local_time":"20210207225004","is_ascension_mode":false,"campfire_choices":[{"data":"StSpp:PoisonousPunch","floor":6,"key":"SMITH"},{"floor":11,"key":"REST"},{"floor":15,"key":"REST"}],"circlet_count":0,"master_deck":["StSpp:PoisonousPunch","StSpp:PoisonousPunch","StSpp:PoisonousPunch+1","StSpp:PoisonousPunch","StSpp:PoisonousPunch","Dodge and Roll","Dodge and Roll","Dodge and Roll","Dodge and Roll","Dodge and Roll","Survivor","Neutralize","Poisoned Stab","Dagger Spray","jedi:pocketpoison","Deadly Poison","Underhanded Strike","Leg Sweep","Sucker Punch","conspire:PoisonWeapons","Envenom","jedi:collectorvenom+1","Bane"],"relics":["Ring of the Snake","EVO:Axolotl","Golden Idol","Shuriken","HoveringKite"],"acts_visited":["Exordium","TheCity"],"potions_floor_usage":[20],"damage_taken":[{"damage":0,"enemies":"Cultist","floor":1,"turns":3},{"damage":3,"enemies":"Small Slimes","floor":2,"turns":2},{"damage":0,"enemies":"Jaw Worm","floor":5,"turns":2},{"damage":20,"enemies":"Gremlin Gang","floor":8,"turns":3},{"damage":3,"enemies":"Blue Slaver","floor":12,"turns":2},{"damage":5,"enemies":"Red Slaver","floor":13,"turns":2},{"damage":1,"enemies":"Lots of Slimes","floor":14,"turns":4},{"damage":13,"enemies":"Hexaghost","floor":16,"turns":7},{"damage":25,"enemies":"Chosen","floor":18,"turns":6},{"damage":33,"enemies":"conspire:FuzzyDice","floor":19,"turns":5},{"damage":27,"enemies":"3 Cultists","floor":20,"turns":5}],"seed_played":"3844028010321901083","potions_obtained":[{"floor":1,"key":"blueLaboratory:RememoryPotion"},{"floor":8,"key":"blueLaboratory:PhilterOfMotion"},{"floor":12,"key":"ColorlessPotion"}],"is_trial":false,"path_per_floor":["M","M","$","?","M","R","?","M","T","$","R","M","M","M","R","B",null,"M","M","M"],"character_chosen":"THE_SILENT","items_purchased":["jedi:pocketpoison","Shuriken"],"campfire_rested":2,"item_purchase_floors":[3,10],"current_hp_per_floor":[82,79,79,68,68,68,48,28,28,28,52,49,44,43,67,54,82,57,24,0,0],"gold":252,"neow_bonus":"TEN_PERCENT_HP_BONUS","is_daily":false,"chose_seed":false,"campfire_upgraded":1,"win_rate":0.0,"timestamp":1612759804,"path_taken":["M","M","?","?","M","R","?","M","T","$","R","M","?","M","R","BOSS","M","?","M"],"items_purchased_type":["Card","Relic"],"build_version":"2020-12-22","purchased_purges":1,"victory":false,"max_hp_per_floor":[82,82,82,82,82,82,82,82,82,82,82,82,82,82,82,82,82,82,82,82,82],"card_choices":[{"not_picked":["Finisher","Calculated Gamble"],"picked":"Poisoned Stab","floor":1},{"not_picked":["StSpp:StrikeFirst","Dagger Throw"],"picked":"Dagger Spray","floor":2},{"not_picked":["StSpp:SwitchWeapon","Flying Knee"],"picked":"Deadly Poison","floor":5},{"not_picked":["Prepared","Backflip"],"picked":"Underhanded Strike","floor":8},{"not_picked":["StSpp:SpareBlade","Caltrops"],"picked":"Leg Sweep","floor":12},{"not_picked":["Concentrate","StSpp:Dive"],"picked":"Sucker Punch","floor":13},{"not_picked":["StSpp:Dive","Backflip"],"picked":"conspire:PoisonWeapons","floor":14},{"not_picked":["StSpp:SwitchWeapon","Burst"],"picked":"Envenom","floor":16},{"not_picked":["Endless Agony","Outmaneuver"],"picked":"jedi:collectorvenom+1","floor":18},{"not_picked":["Sucker Punch","StSpp:ChainedTrap"],"picked":"Bane","floor":19}],"player_experience":508015,"relics_obtained":[],"event_choices":[{"damage_healed":0,"gold_gain":75,"player_choice":"Gold","damage_taken":11,"max_hp_gain":0,"max_hp_loss":0,"event_name":"betterThird:BetterGoop","floor":4,"gold_loss":0},{"damage_healed":0,"gold_gain":0,"player_choice":"Take Damage","damage_taken":20,"relics_obtained":["Golden Idol"],"max_hp_gain":0,"max_hp_loss":0,"event_name":"Golden Idol","floor":7,"gold_loss":0}],"is_beta":false,"boss_relics":[{"not_picked":["Runic Pyramid","Ectoplasm"],"picked":"HoveringKite"}],"items_purged_floors":[10],"is_endless":false,"potions_floor_spawned":[1,8,12,19],"killed_by":"3 Cultists","ascension_level":0}}