{"host":"d4nr47a59rmbesnz","time":1612800467,"event":{"mods":["A Magickal Journey","BaseMod","Better Third Choice","Hermit","Minty Spire (QoL Compilation)","Quick Restart","Replay The Spire","Shade Mod","StSLib","The Bladedancer","The Cursed","The Death Knight","The Disciple","The Forsaken","The Hierophant","The Necromancer","The Spell Scribe","The Valiant"],"gold_per_floor":[116,135,39,39,53,86,97,108,131,131,7,7,25,35,35,132,132,150,168,186,198,218,244,244,254,254,285,285,316,316,336,336,435,435,450,465,479,449,173,173,189,200,200,210,210,210],"floor_reached":45,"language":"ENG","playtime":4450,"items_purged":[],"score":535,"play_id":"047f9a44-4023-4260-9c39-30cb7168222d","local_time":"20210208190747","is_ascension_mode":false,"campfire_choices":[{"data":"Siphon_Strength","floor":10,"key":"SMITH"},{"data":"Summon_Vampire_Lady","floor":24,"key":"SMITH"},{"data":"Cloudkill","floor":28,"key":"SMITH"},{"data":"Summon_Lich","floor":30,"key":"SMITH"},{"data":"Bone_Prison","floor":32,"key":"SMITH"},{"data":"The Bomb","floor":40,"key":"SMITH"}],"circlet_count":0,"master_deck":["Strike_W","Strike_W","Strike_W","Strike_W","Defend_W","Defend_W","Defend_W","Negative_Energy_Arrows","Bone_Wall","Siphon_Strength+1","Vampiric_Strike","Panacea","Scare","Spectral_Walk","Toxic_Smoke_Screen","Summon_Lich+1","Scare","Summon_Lich+1","Vampiric_Strike","Toxic_Smoke_Screen","Uncharnel+1","Summon_Vampire_Lady+1","Violent_Necrosis+1","Consume_Illness+1","Bone_Prison+1","Summon_Undead_Army+1","Acid_Javelin","Cloudkill+1","Stop_Heart","Toxic_Smoke_Screen+1","Shade_Step+1","Bone_Prison","Grasp_Heart","Corrupt","Violent_Necrosis+1","Summon_Lich","Summon_Lich","The Bomb+1","Hellfire","Blood_Curse+1"],"relics":["Vampire_Amulet","Durian","Nunchaku","Strawberry","Philosopher\u0027s Stone","Orichalcum","Meat on the Bone","Gremlin Food","Omamori","Painkiller Herb","Unceasing Top"],"acts_visited":["Exordium","TheCity","TheBeyond"],"potions_floor_usage":[7,16,16,20,21,23,23,27,27,33,36,37,37,41,41,45,45],"damage_taken":[{"damage":0,"enemies":"Cultist","floor":1,"turns":4},{"damage":3,"enemies":"Jaw Worm","floor":2,"turns":5},{"damage":0,"enemies":"2 Louse","floor":5,"turns":3},{"damage":10,"enemies":"Replay:BlueRogue","floor":6,"turns":6},{"damage":14,"enemies":"Gremlin Gang","floor":7,"turns":5},{"damage":6,"enemies":"2 Fungi Beasts","floor":8,"turns":4},{"damage":10,"enemies":"Looter","floor":13,"turns":3},{"damage":20,"enemies":"3 Louse","floor":14,"turns":3},{"damage":8,"enemies":"Slime Boss","floor":16,"turns":5},{"damage":28,"enemies":"2 Thieves","floor":18,"turns":4},{"damage":6,"enemies":"Chosen","floor":19,"turns":4},{"damage":23,"enemies":"Centurion and Healer","floor":20,"turns":6},{"damage":11,"enemies":"Snake Plant","floor":21,"turns":6},{"damage":25,"enemies":"Shelled Parasite and Fungi","floor":22,"turns":7},{"damage":40,"enemies":"Gremlin Leader","floor":23,"turns":4},{"damage":0,"enemies":"Centurion and Healer","floor":25,"turns":6},{"damage":12,"enemies":"Book of Stabbing","floor":27,"turns":5},{"damage":15,"enemies":"Replay:Snechameleon","floor":29,"turns":5},{"damage":7,"enemies":"Chosen and Byrds","floor":31,"turns":4},{"damage":32,"enemies":"Automaton","floor":33,"turns":9},{"damage":44,"enemies":"3 Shapes","floor":35,"turns":3},{"damage":25,"enemies":"3 Darklings","floor":36,"turns":4},{"damage":13,"enemies":"Spire Growth","floor":37,"turns":4},{"damage":13,"enemies":"Transient","floor":41,"turns":5},{"damage":29,"enemies":"Jaw Worm Horde","floor":42,"turns":3},{"damage":7,"enemies":"Spire Growth","floor":44,"turns":4},{"damage":60,"enemies":"Reptomancer","floor":45,"turns":3}],"seed_played":"-4443789110140150205","potions_obtained":[{"floor":1,"key":"Fire Potion"},{"floor":7,"key":"Regen Potion"},{"floor":13,"key":"AttackPotion"},{"floor":14,"key":"SteroidPotion"},{"floor":16,"key":"Energy Potion"},{"floor":20,"key":"Death Potion"},{"floor":22,"key":"DistilledChaos"},{"floor":23,"key":"Weak Potion"},{"floor":25,"key":"DistilledChaos"},{"floor":27,"key":"Weak Potion"},{"floor":31,"key":"Reflective Coating"},{"floor":33,"key":"DuplicationPotion"},{"floor":36,"key":"DuplicationPotion"},{"floor":37,"key":"LiquidMemories"},{"floor":38,"key":"Cursed Concoction"},{"floor":38,"key":"LiquidMemories"},{"floor":41,"key":"SpeedPotion"},{"floor":44,"key":"LiquidMemories"}],"is_trial":false,"path_per_floor":["M","M","$","?","M","E","M","M","T","R","$","?","M","M","R","B",null,"M","M","M","M","M","E","R","M","T","E","R","E","R","M","R","B",null,"?","?","?","?","T","T","?","?","T","?","E"],"character_chosen":"NECROMANCER","items_purchased":["Panacea","Scare","Summon_Lich","Summon_Lich","The Bomb","Explosive Potion"],"campfire_rested":0,"item_purchase_floors":[3,11,11,39,39,39],"current_hp_per_floor":[73,72,72,72,73,69,66,67,74,74,74,74,69,57,57,59,80,65,73,60,68,58,42,42,50,50,46,46,51,51,54,54,52,80,42,37,49,49,49,49,53,42,42,52,0,0],"gold":210,"neow_bonus":"ONE_RARE_RELIC","is_daily":false,"chose_seed":false,"campfire_upgraded":6,"win_rate":0.0,"timestamp":1612800467,"path_taken":["M","M","?","?","M","E","M","M","T","R","?","?","M","?","R","BOSS","M","M","M","M","M","E","R","M","T","E","R","E","R","M","R","BOSS","?","?","?","?","T","T","?","?","T","?","E"],"items_purchased_type":["Card","Card","Card","Card","Card","Potion"],"build_version":"2020-12-22","purchased_purges":0,"victory":false,"max_hp_per_floor":[73,73,73,73,73,73,73,73,80,80,80,80,80,80,80,80,80,80,80,80,80,80,80,80,80,80,80,80,80,80,80,80,80,80,80,80,80,80,80,80,80,80,80,80,80,80],"card_choices":[{"not_picked":["Shade_Step","Blood_Shield"],"picked":"Siphon_Strength","floor":1},{"not_picked":["Uncharnel","Death_Coil"],"picked":"Vampiric_Strike","floor":2},{"not_picked":["Bone_Bullets","Negative_Energy_Sphere"],"picked":"Scare","floor":5},{"not_picked":["Bones_to_Steel","Summon_Undead"],"picked":"Spectral_Walk","floor":6},{"not_picked":["Negative_Energy_Shield","Bone_Shift"],"picked":"Toxic_Smoke_Screen","floor":7},{"not_picked":["Vampiric_Strike","Death_March_Dance"],"picked":"Summon_Lich","floor":8},{"not_picked":["Negative_Energy_Sphere","Detonate_Bones"],"picked":"Vampiric_Strike","floor":13},{"not_picked":["Violent_Necrosis","Chill_Blood"],"picked":"Toxic_Smoke_Screen","floor":14},{"not_picked":["Detonate_Bones","Hellfire"],"picked":"Summon_Vampire_Lady","floor":16},{"not_picked":["Death_Coil","Toxic_Smoke_Screen"],"picked":"Violent_Necrosis+1","floor":18},{"not_picked":["Spectral_Armor","Uncharnel"],"picked":"Consume_Illness+1","floor":19},{"not_picked":["Shackles_Of_Pain","Negative_Energy_Sphere+1"],"picked":"Bone_Prison","floor":20},{"not_picked":["Exploit+1","Thousand_Bone_Knives"],"picked":"Summon_Undead_Army+1","floor":21},{"not_picked":["Negative_Energy_Shield","Bone_Armory+1"],"picked":"Acid_Javelin","floor":22},{"not_picked":["Acid_Javelin","Bone_Prison+1"],"picked":"Cloudkill","floor":23},{"not_picked":["Flesh_Made_Foul","Death_Coil"],"picked":"Stop_Heart","floor":25},{"not_picked":["Death_Knell+1","Vampiric_Strike"],"picked":"Toxic_Smoke_Screen+1","floor":27},{"not_picked":["Bone_Bullets+1","Blood_for_Blood"],"picked":"Shade_Step+1","floor":29},{"not_picked":["Shackles_Of_Pain","Negative_Energy_Mist"],"picked":"Bone_Prison","floor":31},{"not_picked":["Summon_Vampire_Lady","Skeleton_Dragon"],"picked":"Grasp_Heart","floor":33},{"not_picked":["Bone_Shift+1","Blood_Whip","Negative_Energy_Sphere+1"],"picked":"SKIP","floor":35},{"not_picked":["Bone_Shift+1","Death_Knell+1"],"picked":"Corrupt","floor":36},{"not_picked":["Blood_Whip+1","Vampiric_Strike"],"picked":"Violent_Necrosis+1","floor":37},{"not_picked":["Siphon_Strength+1","Chill_Blood"],"picked":"Hellfire","floor":41},{"not_picked":["Blood_Shield","Bones_to_Steel+1"],"picked":"Blood_Curse+1","floor":42},{"not_picked":["Negative_Energy_Sphere+1","Death_March_Dance+1","Bone_Bullets"],"picked":"SKIP","floor":44}],"player_experience":87122,"relics_obtained":[{"floor":6,"key":"Nunchaku"},{"floor":9,"key":"Strawberry"},{"floor":23,"key":"Orichalcum"},{"floor":26,"key":"Meat on the Bone"},{"floor":27,"key":"Gremlin Food"},{"floor":29,"key":"Omamori"},{"floor":43,"key":"Unceasing Top"}],"event_choices":[{"damage_healed":0,"gold_gain":0,"player_choice":"Ignored","damage_taken":0,"max_hp_gain":0,"max_hp_loss":0,"event_name":"Golden Idol","floor":4,"gold_loss":0},{"damage_healed":0,"gold_gain":0,"player_choice":"Forge","damage_taken":0,"max_hp_gain":0,"max_hp_loss":0,"event_name":"Accursed Blacksmith","floor":12,"gold_loss":0,"cards_upgraded":["Summon_Lich"]},{"damage_healed":0,"gold_gain":0,"player_choice":"Bought 2 Potions","damage_taken":0,"max_hp_gain":0,"max_hp_loss":0,"event_name":"The Woman in Blue","floor":38,"gold_loss":0}],"is_beta":false,"boss_relics":[{"not_picked":["Honey Jar","Empty Cage"],"picked":"Philosopher\u0027s Stone"},{"not_picked":["SacredBark","Black Star"],"picked":"Painkiller Herb"}],"items_purged_floors":[],"is_endless":false,"potions_floor_spawned":[1,7,13,14,16,20,22,23,25,27,31,33,36,37,41,44],"killed_by":"Reptomancer","ascension_level":0}}