{"host":"djoj10dqzzvtkauc","time":1612813466,"event":{"mods":["2.2 Compatiblity","BaseMod","Colored Map","DeckTracker","Highlight Path","Keyboard Shortcuts","Marisa£¨Ùöéë¡¡Øª×âÞÞ£©","Minty Spire (QoL Compilation)","Permanent Neow","Quick Restart","Random Character Button","StSLib","SuperFastMode","everything is the same but u backflip on backflip"],"gold_per_floor":[112,131,147,166,183,183,208,208,234,1,15,15,44,60,60,157,157,170,170,30,46,46,46,57,57,57,57,57,77,19,19,19],"floor_reached":31,"language":"KOR","playtime":944,"items_purged":["Strike_R"],"score":358,"play_id":"8a01232b-4c51-4de8-95bd-358074c7d5e0","local_time":"20210209044426","is_ascension_mode":true,"campfire_choices":[{"floor":6.0,"key":"REST"},{"data":"Bludgeon","floor":8.0,"key":"SMITH"},{"data":"Hemokinesis","floor":12.0,"key":"SMITH"},{"floor":15.0,"key":"REST"},{"floor":23,"key":"REST"}],"circlet_count":0,"master_deck":["Strike_R","Strike_R","Strike_R","Defend_R","Defend_R","Defend_R","Defend_R","Bash","Bludgeon","Rampage","Pommel Strike","Shrug It Off","Iron Wave","Whirlwind","Bludgeon+1","Dropkick","Fire Breathing","Hemokinesis+1","Double Tap","Perfected Strike","Second Wind","Reaper","CurseOfTheBell","Feel No Pain","Sword Boomerang","Armaments","Havoc","Shrug It Off","Perfected Strike","Feel No Pain","Shrug It Off","Perfected Strike","Juggernaut","Ghostly Armor"],"relics":["Burning Blood","Happy Flower","Nunchaku","Dream Catcher","Calling Bell","Tiny Chest","The Courier","Magic Flower","Nilry\u0027s Codex","Blue Candle","Du-Vu Doll","Ornamental Fan"],"acts_visited":["Exordium","TheCity"],"potions_floor_usage":[16,29,29,29,29,29,31],"damage_taken":[{"damage":10.0,"enemies":"2 Louse","floor":1.0,"turns":3.0},{"damage":15.0,"enemies":"Small Slimes","floor":2.0,"turns":3.0},{"damage":6.0,"enemies":"Cultist","floor":3.0,"turns":3.0},{"damage":5.0,"enemies":"Large Slime","floor":4.0,"turns":5.0},{"damage":6.0,"enemies":"2 Fungi Beasts","floor":5.0,"turns":4.0},{"damage":30.0,"enemies":"Gremlin Nob","floor":7.0,"turns":4.0},{"damage":8.0,"enemies":"Red Slaver","floor":11.0,"turns":3.0},{"damage":22.0,"enemies":"3 Sentries","floor":13.0,"turns":6.0},{"damage":12.0,"enemies":"Exordium Wildlife","floor":14.0,"turns":3.0},{"damage":14,"enemies":"Slime Boss","floor":16,"turns":6},{"damage":29,"enemies":"3 Byrds","floor":18,"turns":7},{"damage":40,"enemies":"Shell Parasite","floor":21,"turns":6},{"damage":44,"enemies":"Sentry and Sphere","floor":24,"turns":5},{"damage":33,"enemies":"3 Cultists","floor":29,"turns":8},{"damage":26,"enemies":"Shelled Parasite and Fungi","floor":31,"turns":5}],"seed_played":"2462254425063832094","potions_obtained":[{"floor":1.0,"key":"Explosive Potion"},{"floor":3.0,"key":"BlessingOfTheForge"},{"floor":4.0,"key":"ColorlessPotion"},{"floor":16,"key":"BloodPotion"},{"floor":21,"key":"AttackPotion"},{"floor":24,"key":"EntropicBrew"},{"floor":29,"key":"LiquidMemories"}],"is_trial":false,"path_per_floor":["M","M","M","M","M","R","E","R","T","$","M","R","E","M","R","B",null,"M","?","$","M","?","R","M","?","T","T","T","M","$","M"],"character_chosen":"IRONCLAD","items_purchased":["Dropkick","Fire Breathing","Sword Boomerang","Armaments","Havoc","Shrug It Off","Ghostly Armor"],"campfire_rested":3,"item_purchase_floors":[10,10,20,20,20,20,30],"current_hp_per_floor":[47,38,38,39,39,63,39,39,39,39,37,37,21,15,39,31,68,63,47,47,16,16,40,11,11,11,11,11,26,26,0,0],"gold":19,"neow_bonus":"THREE_RARE_CARDS","is_daily":false,"chose_seed":false,"campfire_upgraded":2,"win_rate":0.0,"timestamp":1612813466,"path_taken":["M","M","M","M","M","R","E","R","T","$","M","R","E","M","R","BOSS","M","?","$","M","?","R","M","?","T","?","?","M","$","M"],"items_purchased_type":["Card","Card","Card","Card","Card","Card","Card"],"build_version":"2020-12-22","purchased_purges":1,"victory":false,"max_hp_per_floor":[80,80,80,80,80,80,80,80,80,80,80,80,80,80,80,80,80,80,80,80,80,80,80,80,80,80,80,80,80,80,80,80],"card_choices":[{"not_picked":["Impervious","Limit Break"],"picked":"Bludgeon","floor":0.0},{"not_picked":["Heavy Blade","Ghostly Armor"],"picked":"Rampage","floor":1.0},{"not_picked":["Havoc","Clothesline"],"picked":"Pommel Strike","floor":2.0},{"not_picked":["Warcry","Heavy Blade"],"picked":"Shrug It Off","floor":3.0},{"not_picked":["Reckless Charge","Pommel Strike"],"picked":"Iron Wave","floor":4.0},{"not_picked":["Clothesline","Pummel"],"picked":"Whirlwind","floor":5.0},{"not_picked":["Demon Form","Burning Pact"],"picked":"Bludgeon","floor":7.0},{"not_picked":["Havoc","Sentinel"],"picked":"Hemokinesis","floor":11.0},{"not_picked":["Exhume","Shockwave"],"picked":"Double Tap","floor":13.0},{"not_picked":["Dropkick","Body Slam"],"picked":"Perfected Strike","floor":14.0},{"not_picked":["Ghostly Armor","Havoc"],"picked":"Second Wind","floor":15.0},{"not_picked":["Limit Break","Impervious"],"picked":"Reaper","floor":16},{"not_picked":["Headbutt","Perfected Strike+1"],"picked":"Feel No Pain","floor":18},{"not_picked":["Warcry","Iron Wave"],"picked":"Perfected Strike","floor":21},{"not_picked":["Havoc","Warcry"],"picked":"Feel No Pain","floor":23},{"not_picked":["Thunderclap","Cleave"],"picked":"Shrug It Off","floor":24},{"not_picked":["Havoc","Headbutt"],"picked":"Juggernaut","floor":29}],"player_experience":203929,"relics_obtained":[{"floor":7.0,"key":"Happy Flower"},{"floor":9.0,"key":"Nunchaku"},{"floor":13.0,"key":"Dream Catcher"},{"floor":17,"key":"Tiny Chest"},{"floor":17,"key":"The Courier"},{"floor":17,"key":"Magic Flower"},{"floor":19,"key":"Nilry\u0027s Codex"},{"floor":26,"key":"Blue Candle"},{"floor":27,"key":"Du-Vu Doll"},{"floor":28,"key":"Ornamental Fan"}],"event_choices":[{"damage_healed":0,"gold_gain":0,"player_choice":"Obtained Book","damage_taken":16,"max_hp_gain":0,"max_hp_loss":0,"event_name":"Cursed Tome","floor":19,"gold_loss":0},{"damage_healed":0,"gold_gain":0,"cards_transformed":["Strike_R"],"player_choice":"Transformed","damage_taken":0,"max_hp_gain":0,"max_hp_loss":0,"event_name":"Transmorgrifier","floor":25,"gold_loss":0,"cards_obtained":["Perfected Strike"]}],"is_beta":false,"boss_relics":[{"not_picked":["Pandora\u0027s Box","Black Blood"],"picked":"Calling Bell"}],"items_purged_floors":[10],"is_endless":false,"potions_floor_spawned":[1,3,4,16,21,24,29],"killed_by":"Shelled Parasite and Fungi","ascension_level":9}}