{"host":"iwx63wjdqe91ab4t","time":1612745129,"event":{"mods":["AchievementEnabler","Act Like it!","Aspiration","BaseMod","BetterRewards","Downfall","Friendly Minions","Hermit","Hubris","Infinite Spire","Jorbs\u0027s Wanderer Trilogy","Marisa????????","Mimic Mod","Minty Spire (QoL Compilation)","Quick Restart","Reliquary","Replay The Spire","StSLib","The Bug Knight","The Construct","The Cursed","The Disciple","The Hierophant","The Jungle","The Necromancer","The Runesmith","The Servant 0.9.4"],"gold_per_floor":[117,117,117,23,42,76,76,96,169,169,36,56,75,89,89,191,191,210,227,241,253,291,291,291,314,314,367,416,416,416,514,514,544,544],"floor_reached":33,"language":"ENG","playtime":1989,"items_purged":["Regret","ReplayTheSpireMod:Restless Dread"],"score":325,"play_id":"28f6c181-fa7b-4094-8976-7374ea7c8efe","local_time":"20210207184529","is_ascension_mode":false,"campfire_choices":[{"data":"ReplayTheSpireMod:Private Reserves","floor":15,"key":"SMITH"},{"data":"Strike_from_Beyond","floor":30,"key":"SMITH"},{"data":"hubris:Greed","floor":32,"key":"PURGE"}],"circlet_count":0,"master_deck":["Strike_W","Strike_W","Strike_W","Strike_W","Defend_W","Defend_W","Defend_W","Negative_Energy_Arrows","Bone_Wall","Strike_from_Beyond+1","Deaths_Shadow","ReplayTheSpireMod:Private Reserves+1","Negative_Energy_Mist","Blood_Is_Power","Summon_Undead","Siphon_Strength+1","Uncharnel","Death_March_Dance","Cloudkill","AbeCurse","Chill_Blood","Negative_Energy_Mist+1","Pandemic+1","Negative_Energy_Mist+1","Consume_Illness+1","Pandemic+1","Injury","Hellfire"],"relics":["MiniHakkero","ReplayTheSpireMod:Ring of Collecting","ReplayTheSpireMod:Ring of Addiction","Potion Belt","Toy Ornithopter","infinitespire:Cubic Diamond","Bottled Flame","Iron Hammer","Ring of Greed","Bronze Scales","Tiny Chest","infinitespire:Midas Blood","Abe\u0027s Treasure","Lee\u0027s Waffle","aspiration:SecretTechniqueScroll","hubris:Towel","ReplayTheSpireMod:Ring of Challenge","aspiration:DSix","Thread and Needle","Ring of Peace","reliquary:Knoch"],"acts_visited":["Exordium","Exordium"],"potions_floor_usage":[5,10,16,16,16,22,33],"damage_taken":[{"damage":5,"enemies":"Jaw Worm","floor":1,"turns":5},{"damage":2,"enemies":"Small Slimes","floor":5,"turns":2},{"damage":11,"enemies":"3 Sentries","floor":6,"turns":7},{"damage":2,"enemies":"Cultist","floor":8,"turns":1},{"damage":0,"enemies":"3 Louse","floor":10,"turns":1},{"damage":0,"enemies":"Blue Slaver","floor":12,"turns":2},{"damage":2,"enemies":"Lots of Slimes","floor":13,"turns":4},{"damage":0,"enemies":"2 Fungi Beasts","floor":14,"turns":2},{"damage":2,"enemies":"Slime Boss","floor":16,"turns":4},{"damage":2,"enemies":"theJungle:GiantWrat","floor":18,"turns":2},{"damage":8,"enemies":"Shell Parasite","floor":19,"turns":2},{"damage":23,"enemies":"theJungle:Lyon","floor":20,"turns":3},{"damage":0,"enemies":"theJungle:SlimyTreeVines","floor":21,"turns":3},{"damage":20,"enemies":"theJungle:JungleHuntersEncounter","floor":22,"turns":4},{"damage":7,"enemies":"theJungle:2_Snecko_Cultists","floor":25,"turns":3},{"damage":10,"enemies":"Snake Plant","floor":27,"turns":2},{"damage":4,"enemies":"theJungle:Cassacara","floor":28,"turns":3},{"damage":47,"enemies":"theJungle:Lyon","floor":31,"turns":5},{"damage":55,"enemies":"theJungle:TotemBoss","floor":33,"turns":4}],"seed_played":"-8980874250219969710","potions_obtained":[{"floor":1,"key":"FairyPotion"},{"floor":2,"key":"Adrenaline Potion"},{"floor":2,"key":"SmokeBomb"},{"floor":2,"key":"construct:ShiftPotion"},{"floor":13,"key":"Languid Potion"},{"floor":14,"key":"SpeedPotion"},{"floor":20,"key":"SneckoOil"},{"floor":28,"key":"Doom Potion"},{"floor":31,"key":"Toxic Potion"}],"is_trial":false,"path_per_floor":["M","?","?","$","M","E","?","M","T","M","$","M","M","M","R","B",null,"M","M","M","M","M","AVR","?","M","T","M","E","T","R","M","R","B"],"character_chosen":"NECROMANCER","items_purchased":["ReplayTheSpireMod:Private Reserves","Siphon_Strength+1"],"campfire_rested":0,"item_purchase_floors":[4,11],"current_hp_per_floor":[72,72,72,72,73,62,62,60,60,65,65,65,63,63,63,69,71,71,63,46,55,49,76,76,69,69,59,61,61,61,20,20,0,0],"gold":544,"neow_bonus":"TRANSFORM_CARD","is_daily":false,"chose_seed":false,"campfire_upgraded":2,"win_rate":0.0,"timestamp":1612745129,"path_taken":["M","?","?","?","M","E","?","M","T","?","$","?","M","M","R","BOSS","M","M","M","M","M","AVR","?","M","T","M","E","?","R","M","R","BOSS"],"items_purchased_type":["Card","Card"],"build_version":"2020-12-22","purchased_purges":2,"victory":false,"max_hp_per_floor":[75,75,75,75,75,75,75,75,73,73,73,73,73,71,71,71,71,71,71,69,69,69,76,76,76,74,74,74,72,72,72,70,70,70],"card_choices":[{"not_picked":["Death_March_Dance","Blood_Whip"],"picked":"Deaths_Shadow","floor":1},{"not_picked":["Shackles_Of_Pain","Finger_Of_Death"],"picked":"Negative_Energy_Mist","floor":5},{"not_picked":["Blood_for_Blood","Requiem"],"picked":"Blood_Is_Power","floor":6},{"not_picked":["Negative_Energy_Mist","Bone_Armor"],"picked":"Summon_Undead","floor":8},{"not_picked":["Negative_Energy_Mist","Bone_Bullets"],"picked":"Uncharnel","floor":12},{"not_picked":["Life_Tap","Death_Knell"],"picked":"Death_March_Dance","floor":13},{"not_picked":["Negative_Energy_Javelin","Blood_Whip","Shackles_Of_Pain"],"picked":"SKIP","floor":14},{"not_picked":["Blood_Magic","Reap_The_Weak"],"picked":"Cloudkill","floor":16},{"not_picked":["Bone_Shift","Flesh_Made_Foul"],"picked":"Chill_Blood","floor":18},{"not_picked":["Bone_Spikes","Bone_Armor","Whirlwind_of_Bones"],"picked":"SKIP","floor":19},{"not_picked":["Bones_to_Steel","Negative_Energy_Sphere"],"picked":"Negative_Energy_Mist+1","floor":20},{"not_picked":["Flesh_Made_Foul","Negative_Energy_Shield+1"],"picked":"Pandemic+1","floor":21},{"not_picked":["Negative_Energy_Shield","Strike_from_Beyond+1"],"picked":"Negative_Energy_Mist+1","floor":22},{"not_picked":["Negative_Energy_Javelin","Bones_to_Steel"],"picked":"Consume_Illness+1","floor":25},{"not_picked":["Death_Coil+1","Skeleton_Dragon"],"picked":"Pandemic+1","floor":27},{"not_picked":["Epidemic","Bones_to_Steel+1"],"picked":"Hellfire","floor":28},{"not_picked":["Shackles_Of_Pain","Blood_Curse","Vampiric_Strike"],"picked":"SKIP","floor":31}],"player_experience":272129,"relics_obtained":[{"floor":2,"key":"ReplayTheSpireMod:Ring of Collecting"},{"floor":2,"key":"ReplayTheSpireMod:Ring of Addiction"},{"floor":2,"key":"Potion Belt"},{"floor":2,"key":"Toy Ornithopter"},{"floor":6,"key":"Bottled Flame"},{"floor":9,"key":"Ring of Greed"},{"floor":9,"key":"Bronze Scales"},{"floor":9,"key":"Tiny Chest"},{"floor":9,"key":"infinitespire:Midas Blood"},{"floor":26,"key":"ReplayTheSpireMod:Ring of Challenge"},{"floor":26,"key":"aspiration:DSix"},{"floor":28,"key":"Thread and Needle"},{"floor":29,"key":"Ring of Peace"},{"floor":29,"key":"reliquary:Knoch"}],"event_choices":[{"damage_healed":0,"gold_gain":0,"player_choice":"Box","damage_taken":0,"relics_obtained":["Iron Hammer"],"max_hp_gain":0,"max_hp_loss":0,"event_name":"Big Fish","floor":7,"gold_loss":0,"cards_obtained":["Regret"]}],"is_beta":false,"boss_relics":[{"not_picked":["Sozu","Ectoplasm"],"picked":"Abe\u0027s Treasure"}],"items_purged_floors":[11,23],"is_endless":false,"potions_floor_spawned":[1,10,13,14,20,28,31],"killed_by":"theJungle:TotemBoss","ascension_level":0}}