{"host":"oehe2dxjvdgux73m","time":1612809478,"event":{"mods":["AchievementEnabler","BaseMod","Colored Map","Colored Powertips","DeckTracker","Keyboard Shortcuts","Minty Spire (QoL Compilation)","Permanent Neow","Quick Restart","StSLib","SuperFastMode"],"gold_per_floor":[117,131,151,122,122,122,138,165,165,165,175,175,203,223,223,299,299,309,328,347,362,376,376,411,411,411,411,437,118,118,118,118,194,194,210,210,210,225,16,44,44,79,79,79,90,14,14,32,32,32,32],"floor_reached":50,"language":"KOR","playtime":1356,"items_purged":["Masterful Stab","Concentrate"],"score":1454,"play_id":"c2de5178-153e-46f8-935b-c4118f6c3925","local_time":"20210209033758","is_ascension_mode":true,"campfire_choices":[{"data":"Blade Dance","floor":6.0,"key":"SMITH"},{"floor":10.0,"key":"REST"},{"data":"Neutralize","floor":12.0,"key":"SMITH"},{"data":"Accuracy","floor":15.0,"key":"SMITH"},{"data":"Prepared","floor":23.0,"key":"SMITH"},{"floor":25.0,"key":"REST"},{"floor":27.0,"key":"REST"},{"data":"Bullet Time","floor":30.0,"key":"SMITH"},{"data":"Footwork","floor":32.0,"key":"SMITH"},{"floor":41.0,"key":"RECALL"},{"data":"Well Laid Plans","floor":44.0,"key":"SMITH"},{"data":"Night Terror","floor":47.0,"key":"SMITH"},{"data":"Adrenaline","floor":49.0,"key":"SMITH"}],"circlet_count":0,"master_deck":["AscendersBane","Survivor","Neutralize+1","Blade Dance+1","Acrobatics","Accuracy+1","Adrenaline+1","Backflip","Cloak And Dagger","Bullet Time+1","Terror","Glass Knife","Crippling Poison","Storm of Steel","Blade Dance","Footwork+1","Heel Hook","Concentrate+1","Prepared+1","Blur","Blur","Well Laid Plans+1","Calculated Gamble","Night Terror+1","Calculated Gamble","Distraction+1","Caltrops"],"relics":["WristBlade","Lantern","Nunchaku","Art of War","Pandora\u0027s Box","Pantograph","Dead Branch","Singing Bowl","Busted Crown","Letter Opener","White Beast Statue"],"acts_visited":["Exordium","TheCity","TheBeyond"],"potions_floor_usage":[],"damage_taken":[{"damage":3.0,"enemies":"2 Louse","floor":1.0,"turns":4.0},{"damage":1.0,"enemies":"Cultist","floor":2.0,"turns":3.0},{"damage":4.0,"enemies":"Jaw Worm","floor":3.0,"turns":4.0},{"damage":5.0,"enemies":"Exordium Thugs","floor":4.0,"turns":4.0},{"damage":0.0,"enemies":"2 Fungi Beasts","floor":7.0,"turns":5.0},{"damage":27.0,"enemies":"3 Sentries","floor":8.0,"turns":7.0},{"damage":3.0,"enemies":"Lots of Slimes","floor":11.0,"turns":4.0},{"damage":0.0,"enemies":"Lagavulin","floor":13.0,"turns":4.0},{"damage":8.0,"enemies":"Large Slime","floor":14.0,"turns":5.0},{"damage":13.0,"enemies":"Hexaghost","floor":16.0,"turns":6.0},{"damage":0.0,"enemies":"Chosen","floor":18.0,"turns":2.0},{"damage":0.0,"enemies":"Spheric Guardian","floor":19.0,"turns":2.0},{"damage":0.0,"enemies":"Shelled Parasite and Fungi","floor":20.0,"turns":2.0},{"damage":12.0,"enemies":"Snake Plant","floor":21.0,"turns":2.0},{"damage":0.0,"enemies":"3 Cultists","floor":22.0,"turns":2.0},{"damage":34.0,"enemies":"Slavers","floor":24.0,"turns":4.0},{"damage":0.0,"enemies":"Gremlin Leader","floor":28.0,"turns":2.0},{"damage":0.0,"enemies":"Collector","floor":33.0,"turns":2.0},{"damage":0.0,"enemies":"3 Darklings","floor":35.0,"turns":2.0},{"damage":4.0,"enemies":"Orb Walker","floor":38.0,"turns":2.0},{"damage":0.0,"enemies":"Giant Head","floor":40.0,"turns":4.0},{"damage":0.0,"enemies":"Reptomancer","floor":42.0,"turns":3.0},{"damage":9.0,"enemies":"Transient","floor":45.0,"turns":6.0},{"damage":0.0,"enemies":"Sphere and 2 Shapes","floor":48.0,"turns":2.0},{"damage":111,"enemies":"Awakened One","floor":50,"turns":8}],"seed_played":"-1981868618609592677","potions_obtained":[{"floor":3.0,"key":"Explosive Potion"},{"floor":4.0,"key":"Poison Potion"},{"floor":5.0,"key":"EntropicBrew"},{"floor":11.0,"key":"EntropicBrew"},{"floor":19.0,"key":"FearPotion"},{"floor":20.0,"key":"Ancient Potion"},{"floor":28.0,"key":"BlessingOfTheForge"},{"floor":33.0,"key":"GamblersBrew"},{"floor":38.0,"key":"DuplicationPotion"}],"is_trial":false,"path_per_floor":["M","M","M","M","?","R","M","E","T","R","M","R","E","M","R","B",null,"M","M","M","M","M","R","E","R","T","R","E","$","R","?","R","B",null,"M","?","?","M","$","E","R","E","T","R","M","$","R","M","R","B"],"character_chosen":"THE_SILENT","items_purchased":["Blur","Well Laid Plans","Calculated Gamble","FairyPotion","Caltrops"],"campfire_rested":3,"item_purchase_floors":[29,29,29,39,46],"current_hp_per_floor":[56,55,51,46,46,46,46,19,19,38,35,35,35,27,27,14,53,53,53,53,41,41,41,7,26,26,45,45,45,45,45,45,66,66,68,68,64,62,62,64,64,64,64,64,55,55,55,57,57,0,0],"gold":32,"neow_bonus":"BOSS_RELIC","is_daily":false,"chose_seed":false,"campfire_upgraded":9,"win_rate":0.0,"timestamp":1612809478,"path_taken":["M","M","M","M","?","R","M","E","T","R","M","R","E","M","R","BOSS","M","M","?","M","M","R","E","R","T","R","E","$","R","?","R","BOSS","M","?","?","?","$","E","R","E","T","R","M","$","R","M","R","BOSS"],"items_purchased_type":["Card","Card","Card","Potion","Card"],"build_version":"2020-12-22","purchased_purges":2,"victory":false,"max_hp_per_floor":[66,66,66,66,66,66,66,66,66,66,66,66,66,66,66,66,66,66,66,66,66,66,66,66,66,66,66,66,66,66,66,66,66,66,68,68,74,76,76,78,78,78,78,78,78,78,78,80,80,80,80],"card_choices":[{"not_picked":["Dagger Spray","Cloak And Dagger"],"picked":"Blade Dance","floor":1.0},{"not_picked":["Dodge and Roll","Sucker Punch","Masterful Stab"],"picked":"SKIP","floor":2.0},{"not_picked":["Terror","Eviscerate"],"picked":"Acrobatics","floor":3.0},{"not_picked":["PiercingWail","Underhanded Strike"],"picked":"Accuracy","floor":4.0},{"not_picked":["Flechettes","Dagger Throw","Bane"],"picked":"SKIP","floor":7.0},{"not_picked":["Eviscerate","Flying Knee","Bane"],"picked":"SKIP","floor":8.0},{"not_picked":["Prepared","Acrobatics"],"picked":"Adrenaline","floor":11.0},{"not_picked":["Endless Agony","Eviscerate"],"picked":"Backflip","floor":13.0},{"not_picked":["Flechettes","Endless Agony"],"picked":"Cloak And Dagger","floor":14.0},{"not_picked":["Unload","Glass Knife"],"picked":"Bullet Time","floor":16.0},{"not_picked":["Deflect+1","Expertise"],"picked":"Concentrate+1","floor":18.0},{"not_picked":["Quick Slash","Underhanded Strike","Flying Knee"],"picked":"SKIP","floor":19.0},{"not_picked":["Dash","Bouncing Flask","Caltrops"],"picked":"SKIP","floor":20.0},{"not_picked":["Outmaneuver","Dagger Throw"],"picked":"Prepared","floor":21.0},{"not_picked":["Outmaneuver","Underhanded Strike+1","Dagger Spray"],"picked":"SKIP","floor":22.0},{"not_picked":["Slice","Bullet Time","Noxious Fumes"],"picked":"SKIP","floor":24.0},{"not_picked":["Quick Slash","Backflip"],"picked":"Blur","floor":28.0},{"not_picked":["Tools of the Trade","Malaise"],"picked":"Night Terror","floor":33.0},{"not_picked":["Underhanded Strike"],"picked":"Singing Bowl","floor":35.0},{"not_picked":["Madness"],"picked":"Singing Bowl","floor":37.0},{"not_picked":["Mind Blast"],"picked":"Singing Bowl","floor":37.0},{"not_picked":["Blind"],"picked":"Singing Bowl","floor":37.0},{"not_picked":["Dodge and Roll"],"picked":"Singing Bowl","floor":38.0},{"not_picked":["Storm of Steel"],"picked":"Singing Bowl","floor":40.0},{"not_picked":[],"picked":"Calculated Gamble","floor":42.0},{"not_picked":[],"picked":"Distraction+1","floor":45.0},{"not_picked":["Sucker Punch+1"],"picked":"Singing Bowl","floor":48.0}],"player_experience":429505,"relics_obtained":[{"floor":8.0,"key":"Lantern"},{"floor":9.0,"key":"Nunchaku"},{"floor":13.0,"key":"Art of War"},{"floor":24.0,"key":"Pantograph"},{"floor":26.0,"key":"Dead Branch"},{"floor":28.0,"key":"Singing Bowl"},{"floor":40.0,"key":"Letter Opener"},{"floor":42.0,"key":"White Beast Statue"}],"event_choices":[{"damage_healed":0.0,"max_hp_gain":0.0,"max_hp_loss":0.0,"gold_gain":0.0,"event_name":"Lab","player_choice":"Got Potions","floor":5.0,"gold_loss":0.0,"damage_taken":0.0},{"damage_healed":0.0,"max_hp_gain":0.0,"max_hp_loss":0.0,"gold_gain":0.0,"event_name":"Ghosts","player_choice":"Ignored","floor":31.0,"gold_loss":0.0,"damage_taken":0.0},{"cards_removed":["Die Die Die"],"damage_healed":0.0,"max_hp_gain":0.0,"max_hp_loss":0.0,"gold_gain":0.0,"event_name":"Falling","player_choice":"Removed Attack","floor":36.0,"gold_loss":0.0,"damage_taken":0.0},{"damage_healed":0.0,"max_hp_gain":0.0,"max_hp_loss":0.0,"gold_gain":0.0,"event_name":"SensoryStone","player_choice":"Memory 3","floor":37.0,"gold_loss":0.0,"damage_taken":10.0}],"is_beta":false,"boss_relics":[{"not_picked":["Calling Bell","SacredBark"],"picked":"Pandora\u0027s Box"},{"not_picked":["Black Star","Cursed Key"],"picked":"Busted Crown"}],"items_purged_floors":[29,39],"is_endless":false,"potions_floor_spawned":[3,4,11,13,19,20,21,28,33,38,40,42,45,48],"killed_by":"Awakened One","ascension_level":20}}