{"host":"dtz8fhk52srfoofc","time":1612810983,"event":{"mods":["2.2 Compatiblity","AchievementEnabler","Aspiration","BaseMod","Beaked The Cultist","Better Altar","Better Match","Better Note","Better Sensory Stone","Better Third Choice","BetterRewards","Colored Map","Colored Powertips","Energized Spire","Gold Saver","Gremlin Skip","Highlight Path","Infinite Spire","JesterMod","Kratos Character Expansion","Minty Spire (QoL Compilation)","Permanent Neow","QueenMod","Quick Restart","Rare Cards Sparkle","Remove Card Discount Mod","Shop Mod","Somnambulant","Spicy Shops","StSLib","Steal the Spire","The Blackbeard","The Mystic","The Senshi","The Wild Card","TheHero","Transform Curses","Unceasing Turn Reminder","everything is the same but u backflip on backflip"],"gold_per_floor":[702,335,335,355,9,41,41,53,53,65,77,77,77,95,95,200,200,211,211,223,223,583,583,603,614,637,651,651,671,683,699,699,699,699],"floor_reached":33,"language":"ENG","playtime":3981,"items_purged":["Injury"],"score":266,"play_id":"adda81f5-0f46-4115-9411-9db166e2b375","local_time":"20210208130303","is_ascension_mode":true,"campfire_choices":[{"floor":15,"key":"REST"},{"floor":23,"key":"REST"},{"floor":32,"key":"REST"}],"circlet_count":0,"master_deck":["theSenshi:SailorKick","theSenshi:SailorKick","theSenshi:SailorKick","theSenshi:SailorKick","theSenshi:SailorBlock","theSenshi:SailorBlock","theSenshi:SailorBlock","theSenshi:SailorBlock","theSenshi:RoseThrow","theSenshi:MoonPrismPowerMakeUp+1","theSenshi:SailorMarsAssists","theSenshi:SailorVenusAssists","theSenshi:MercurysCunning","theSenshi:TallSilhouette","theSenshi:TuxedoMaskAssists","theSenshi:SailorMercuryAssists","theSenshi:SailorMercuryAssists","theSenshi:MoonPrincessHalation","theSenshi:SailorJupiterAssists","theSenshi:MoonPrincessHalation","theWildCard:Odin","theSenshi:CrisisMakeUp","theSenshi:GlimpseOfThePast","theSenshi:RainbowMoonHeartAche+1","theSenshi:UranusStrength","theSenshi:MoonCrisisMakeUp+1","Trip","theSenshi:KlutzyLuck+1","theSenshi:TallSilhouette+1","theSenshi:TuxedoSmokingBomber","theSenshi:JupitersPower","theSenshi:MoonlightKnight"],"relics":["theSenshi:TransformationBroochRelic","Centennial Puzzle","Lee\u0027s Waffle","HandDrill","aspiration:SeaSaltIceCream","Bottled Tornado","Vajra","Oddly Smooth Stone","Regal Pillow","Philosopher\u0027s Stone","aspiration:RitualStick","theSenshi:SailorFukuRelic"],"acts_visited":["Exordium","TheCity"],"potions_floor_usage":[14,27,29,30,30],"damage_taken":[{"damage":0,"enemies":"2 Louse","floor":1,"turns":4},{"damage":0,"enemies":"Cultist","floor":4,"turns":3},{"damage":19,"enemies":"3 Sentries","floor":6,"turns":8},{"damage":0,"enemies":"Jaw Worm","floor":8,"turns":3},{"damage":12,"enemies":"Blue Slaver","floor":10,"turns":3},{"damage":4,"enemies":"3 Louse","floor":11,"turns":2},{"damage":0,"enemies":"Large Slime","floor":14,"turns":2},{"damage":10,"enemies":"Hexaghost","floor":16,"turns":10},{"damage":0,"enemies":"Shell Parasite","floor":18,"turns":4},{"damage":0,"enemies":"Chosen","floor":20,"turns":4},{"damage":0,"enemies":"Snecko","floor":24,"turns":4},{"damage":17,"enemies":"Snake Plant","floor":25,"turns":3},{"damage":4,"enemies":"Sentry and Sphere","floor":27,"turns":5},{"damage":9,"enemies":"Cultist and Chosen","floor":29,"turns":6},{"damage":6,"enemies":"Centurion and Healer","floor":30,"turns":7},{"damage":0,"enemies":"Sentry and Sphere","floor":31,"turns":5},{"damage":79,"enemies":"Collector","floor":33,"turns":6}],"seed_played":"9182953723116413687","potions_obtained":[{"floor":4,"key":"LiquidBronze"},{"floor":11,"key":"Fire Potion"},{"floor":14,"key":"Energy Potion"},{"floor":20,"key":"Fire Potion"},{"floor":24,"key":"Block Potion"},{"floor":27,"key":"Regen Potion"}],"is_trial":false,"path_per_floor":["M","$","?","M","$","E","?","M","T","M","M","T","?","M","R","B",null,"M","?","M","?","?","R","M","M","T","M","?","M","M","M","R","B"],"character_chosen":"THE_SENSHI","items_purchased":["Lee\u0027s Waffle","theSenshi:SailorVenusAssists","theSenshi:MercurysCunning","theSenshi:TallSilhouette","HandDrill","aspiration:SeaSaltIceCream","theSenshi:SailorMercuryAssists","Vajra"],"campfire_rested":3,"item_purchase_floors":[2,2,2,2,2,5,5,5],"current_hp_per_floor":[75,82,82,82,82,63,63,63,63,51,47,47,47,47,82,72,82,82,66,66,66,24,63,63,46,46,42,42,42,36,36,75,0,0],"gold":699,"neow_bonus":"RANDOM_COMMON_RELIC","is_daily":false,"chose_seed":false,"campfire_upgraded":0,"win_rate":0.0,"timestamp":1612810983,"path_taken":["M","$","?","?","?","E","?","M","T","M","?","?","?","M","R","BOSS","M","?","M","?","?","R","M","?","T","M","?","M","M","M","R","BOSS"],"items_purchased_type":["Relic","Card","Card","Card","Relic","Relic","Card","Relic"],"build_version":"2020-12-22","purchased_purges":1,"victory":false,"max_hp_per_floor":[75,82,82,82,82,82,82,82,82,82,82,82,82,82,82,82,82,82,82,82,82,82,82,82,82,82,82,82,82,82,82,82,82,82],"card_choices":[{"not_picked":["theSenshi:MoonPower","theSenshi:MoonSpiralHeartAttack"],"picked":"theSenshi:SailorMarsAssists","floor":1},{"not_picked":["theSenshi:SailorMarsAssists","theSenshi:GatheringStrength"],"picked":"theSenshi:TuxedoMaskAssists","floor":4},{"not_picked":["theSenshi:YouCanTalk","theSenshi:LunasBite"],"picked":"theSenshi:SailorMercuryAssists","floor":6},{"not_picked":["theSenshi:SailorPlutoAssists","theSenshi:SupersonicWaves"],"picked":"theSenshi:MoonPrincessHalation","floor":8},{"not_picked":["theSenshi:SupersonicWaves","theSenshi:MoonPrincessHalation"],"picked":"theSenshi:SailorJupiterAssists","floor":10},{"not_picked":["theSenshi:LunasBite","theSenshi:KlutzyLuck"],"picked":"theSenshi:MoonPrincessHalation","floor":11},{"not_picked":["theSenshi:Sidestep","theSenshi:SupersonicWaves"],"picked":"theSenshi:CrisisMakeUp","floor":14},{"not_picked":["theSenshi:LunaSensingAllies","theSenshi:JupitersPower"],"picked":"theSenshi:GlimpseOfThePast","floor":16},{"not_picked":["theSenshi:Overload","theSenshi:SailorStarFighterAssists"],"picked":"theSenshi:RainbowMoonHeartAche+1","floor":18},{"not_picked":["theSenshi:SailorMarsAssists","theSenshi:SailorVenusAssists"],"picked":"theSenshi:UranusStrength","floor":20},{"not_picked":["theSenshi:Sidestep+1","theSenshi:TuxedoSmokingBomber"],"picked":"theSenshi:KlutzyLuck+1","floor":24},{"not_picked":["theSenshi:MoonKick+1","theSenshi:SailorPlanetAttack"],"picked":"theSenshi:TallSilhouette+1","floor":25},{"not_picked":["theSenshi:SailorMercuryAssists","theSenshi:SupersonicWaves"],"picked":"theSenshi:TuxedoSmokingBomber","floor":27},{"not_picked":["theSenshi:Overload+1","theSenshi:OdangoHead","theSenshi:LateForSchool"],"picked":"SKIP","floor":29},{"not_picked":["theSenshi:TuxedoSmokingBomber+1","theSenshi:TallSilhouette"],"picked":"theSenshi:JupitersPower","floor":30},{"not_picked":["theSenshi:SailorMarsAssists","theSenshi:GatheringStrength"],"picked":"theSenshi:MoonlightKnight","floor":31}],"player_experience":238703,"relics_obtained":[{"floor":6,"key":"Oddly Smooth Stone"},{"floor":12,"key":"Regal Pillow"},{"floor":26,"key":"theSenshi:SailorFukuRelic"}],"event_choices":[{"damage_healed":0,"gold_gain":0,"player_choice":"Forge","damage_taken":0,"max_hp_gain":0,"max_hp_loss":0,"event_name":"Accursed Blacksmith","floor":3,"gold_loss":0,"cards_upgraded":["theSenshi:MoonPrismPowerMakeUp"]},{"damage_healed":0,"gold_gain":0,"player_choice":"Ignored","damage_taken":0,"max_hp_gain":0,"max_hp_loss":0,"event_name":"Purifier","floor":7,"gold_loss":0},{"damage_healed":0,"gold_gain":2,"player_choice":"4","damage_taken":0,"max_hp_gain":0,"max_hp_loss":0,"event_name":"betterStone:BetterStone","floor":21,"gold_loss":0,"cards_obtained":["theSenshi:MoonCrisisMakeUp"]},{"damage_healed":0,"gold_gain":360,"player_choice":"GOLD GOLD GOLD CARD GOLD ","damage_taken":42,"max_hp_gain":0,"max_hp_loss":0,"event_name":"Knowing Skull","floor":22,"potions_obtained":[],"gold_loss":0,"cards_obtained":["Trip"]},{"damage_healed":0,"gold_gain":0,"player_choice":"Ignored","damage_taken":0,"max_hp_gain":0,"max_hp_loss":0,"event_name":"blackbeard:ShipwreckEvent","floor":28,"gold_loss":0}],"is_beta":false,"boss_relics":[{"not_picked":["Coffee Dripper","Runic Pyramid"],"picked":"Philosopher\u0027s Stone"}],"items_purged_floors":[2],"is_endless":false,"potions_floor_spawned":[4,11,14,20,24,27],"killed_by":"Collector","ascension_level":1}}