{"host":"zmnaju399zpax9sm","time":1612813920,"event":{"mods":["BaseMod","Hermit","Minty Spire (QoL Compilation)","StSLib","The Cursed","The Poker Player","The Runesmith"],"gold_per_floor":[109,109,124,144,1,32,32,48,94,117,146,146,161,194,194,291,291,307,106,121,121,137,137,162,162,162],"floor_reached":25,"language":"KOR","playtime":1340,"items_purged":[],"score":266,"play_id":"a638927d-656e-488a-b1d7-defc8c3e8153","local_time":"20210209045200","is_ascension_mode":false,"campfire_choices":[{"floor":7,"key":"REST"},{"data":"Runesmith:CraftFirestone","floor":12,"key":"SMITH"},{"data":"Runesmith:ChaoticBlast","floor":15,"key":"SMITH"},{"data":"Runesmith:CraftPrismatica","floor":23,"key":"SMITH"}],"circlet_count":0,"master_deck":["Runesmith:Strike_RS","Runesmith:Strike_RS","Runesmith:Strike_RS","Runesmith:Strike_RS","Runesmith:Defend_RS","Runesmith:Defend_RS","Runesmith:Defend_RS","Runesmith:Defend_RS","Runesmith:CraftFirestone+1","Runesmith:Fortify","Runesmith:Retool","Runesmith:HeatedChisel","Runesmith:LithiumIon","Runesmith:ChiselStab","Runesmith:FrozenChisel","Runesmith:LightningRod","Runesmith:ChaoticBlast+1","Runesmith:CreatorForm+1","CurseOfTheBell","Runesmith:RuneHurl","Runesmith:CraftPrismatica+1","Runesmith:GenerateForcefield"],"relics":["Runesmith:BrokenRuby","Shuriken","ClockworkSouvenir","Dream Catcher","Runesmith:EmergencyProvisions","Smiling Mask","Art of War","Akabeko","Calling Bell","Ancient Tea Set","Kunai","WingedGreaves","Runesmith:AutoHammer","Happy Flower"],"acts_visited":["Exordium","TheCity"],"potions_floor_usage":[13,14,18,20,20,24,25],"damage_taken":[{"damage":0,"enemies":"Small Slimes","floor":1,"turns":3},{"damage":0,"enemies":"Cultist","floor":3,"turns":4},{"damage":5,"enemies":"Jaw Worm","floor":4,"turns":5},{"damage":28,"enemies":"Gremlin Nob","floor":6,"turns":5},{"damage":10,"enemies":"Lots of Slimes","floor":8,"turns":6},{"damage":10,"enemies":"Lagavulin","floor":11,"turns":7},{"damage":4,"enemies":"Exordium Thugs","floor":13,"turns":5},{"damage":0,"enemies":"Gremlin Nob","floor":14,"turns":3},{"damage":4,"enemies":"Hexaghost","floor":16,"turns":8},{"damage":0,"enemies":"Chosen","floor":18,"turns":5},{"damage":0,"enemies":"2 Thieves","floor":20,"turns":4},{"damage":15,"enemies":"Centurion and Healer","floor":22,"turns":7},{"damage":35,"enemies":"Book of Stabbing","floor":24,"turns":7},{"damage":35,"enemies":"Slavers","floor":25,"turns":3}],"seed_played":"-1526020826677963869","potions_obtained":[{"floor":6,"key":"DistilledChaos"},{"floor":8,"key":"SpeedPotion"},{"floor":11,"key":"FearPotion"},{"floor":14,"key":"SpeedPotion"},{"floor":16,"key":"SpeedPotion"},{"floor":18,"key":"LiquidMemories"},{"floor":22,"key":"Weak Potion"}],"is_trial":false,"path_per_floor":["M","?","M","M","$","E","R","M","T","T","E","R","M","E","R","B",null,"M","$","M","?","M","R","E","E"],"character_chosen":"RUNESMITH_CLASS","items_purchased":["ClockworkSouvenir","Runesmith:RuneHurl","Runesmith:AutoHammer"],"campfire_rested":1,"item_purchase_floors":[5,19,19],"current_hp_per_floor":[63,63,63,58,58,30,55,45,45,45,35,35,31,31,31,27,84,84,84,84,84,69,69,34,0,0],"gold":162,"neow_bonus":"TWENTY_PERCENT_HP_BONUS","is_daily":false,"chose_seed":false,"campfire_upgraded":3,"win_rate":0.0,"timestamp":1612813920,"path_taken":["M","?","M","?","?","E","R","M","T","?","E","R","M","E","R","BOSS","M","?","?","?","M","R","E","E"],"items_purchased_type":["Relic","Card","Relic"],"build_version":"2020-12-22","purchased_purges":0,"victory":false,"max_hp_per_floor":[84,84,84,84,84,84,84,84,84,84,84,84,84,84,84,84,84,84,84,84,84,84,84,84,84,84],"card_choices":[{"not_picked":["Runesmith:ChiselStab","Runesmith:Overpower"],"picked":"Runesmith:RuneHurl","floor":1},{"not_picked":["Runesmith:Reinforce","Runesmith:StaticCage","Runesmith:Overpower"],"picked":"SKIP","floor":3},{"not_picked":["Runesmith:ElementalConversion","Runesmith:Empowerment"],"picked":"Runesmith:Retool","floor":4},{"not_picked":["Runesmith:Overpower","Runesmith:BackupBattery"],"picked":"Runesmith:HeatedChisel","floor":6},{"not_picked":["Runesmith:CraftProtectio","Runesmith:UnstableHammer"],"picked":"Runesmith:LithiumIon","floor":7},{"not_picked":["Runesmith:CraftVitae","Runesmith:MakeshiftArmor"],"picked":"Runesmith:ChiselStab","floor":8},{"not_picked":["Runesmith:UnstableHammer","Runesmith:EarthShield"],"picked":"Runesmith:FrozenChisel","floor":11},{"not_picked":["Runesmith:BackupBattery","Runesmith:ElementalConversion"],"picked":"Runesmith:LightningRod","floor":13},{"not_picked":["Runesmith:DoubleUp","Runesmith:HeatedChisel"],"picked":"Runesmith:ChaoticBlast","floor":14},{"not_picked":["Runesmith:LastStand","Runesmith:CraftMedicinae"],"picked":"Runesmith:CreatorForm","floor":16},{"not_picked":["Runesmith:Firestorm","Runesmith:WhiteBalance+1","Runesmith:UnstableHammer"],"picked":"SKIP","floor":18},{"not_picked":["Runesmith:ShiftingStrike","Runesmith:MakeshiftArmor","Runesmith:Overpower+1"],"picked":"SKIP","floor":20},{"not_picked":["Runesmith:ChiselStab","Runesmith:HammerThrow"],"picked":"Runesmith:CraftPrismatica","floor":22},{"not_picked":["Runesmith:ChaoticBlast+1","Runesmith:Reinforce"],"picked":"Runesmith:GenerateForcefield","floor":24}],"player_experience":491203,"relics_obtained":[{"floor":6,"key":"Dream Catcher"},{"floor":9,"key":"Runesmith:EmergencyProvisions"},{"floor":10,"key":"Smiling Mask"},{"floor":11,"key":"Art of War"},{"floor":14,"key":"Akabeko"},{"floor":17,"key":"Ancient Tea Set"},{"floor":17,"key":"Kunai"},{"floor":17,"key":"WingedGreaves"},{"floor":24,"key":"Happy Flower"}],"event_choices":[{"cards_removed":["Runesmith:RuneHurl"],"damage_healed":0,"gold_gain":0,"player_choice":"Gave Card","damage_taken":0,"relics_obtained":["Shuriken"],"max_hp_gain":0,"max_hp_loss":0,"event_name":"WeMeetAgain","floor":2,"gold_loss":0},{"damage_healed":0,"gold_gain":0,"player_choice":"Upgraded","damage_taken":0,"max_hp_gain":0,"max_hp_loss":0,"event_name":"Upgrade Shrine","floor":21,"gold_loss":0,"cards_upgraded":["Runesmith:CreatorForm"]}],"is_beta":false,"boss_relics":[{"not_picked":["Busted Crown","Ectoplasm"],"picked":"Calling Bell"}],"items_purged_floors":[],"is_endless":false,"potions_floor_spawned":[6,8,11,14,16,18,22],"killed_by":"Slavers","ascension_level":0}}