{"host":"8anmd7ibyxevnonj","time":1612789968,"event":{"mods":["BaseMod","Curses Come First","Downfall","Minty Spire (QoL Compilation)","StSLib"],"gold_per_floor":[99,119,119,137,147,180,180,180,197,217,235,248,348,31,47,47,47,47],"floor_reached":16,"language":"ENG","playtime":905,"items_purged":[],"score":106,"play_id":"50185ca8-94c0-45dd-8b65-2e7d425e456c","local_time":"20210208141248","is_ascension_mode":false,"campfire_choices":[{"data":"1","floor":1,"key":"LIFT"},{"data":"2","floor":8,"key":"LIFT"}],"circlet_count":0,"master_deck":["Guardian:Strike_Guardian","Guardian:Strike_Guardian","Guardian:Strike_Guardian","Guardian:Strike_Guardian","Guardian:Defend_Guardian+1","Guardian:Defend_Guardian","Guardian:Defend_Guardian","Guardian:Defend_Guardian","Guardian:CurlUp","Guardian:TwinSlam","Normality","Regret","Guardian:DonusPower+1","Guardian:MultiBeam","Guardian:RollAttack","Guardian:Orbwalk","Guardian:Suspension","Guardian:ShieldSpikes","Guardian:PiercingHide","Guardian:BronzeOrb","Guardian:FierceBash","Guardian:Planning"],"relics":["Guardian:ModeShifter","Girya","Kunai","Lizard Tail","War Paint","Guardian:BottledStasis"],"acts_visited":["Exordium"],"potions_floor_usage":[16,16,16],"damage_taken":[{"damage":3,"enemies":"Jaw Worm","floor":2,"turns":6},{"damage":4,"enemies":"2 Louse","floor":4,"turns":2},{"damage":5,"enemies":"Small Slimes","floor":5,"turns":4},{"damage":22,"enemies":"Gremlin Nob","floor":6,"turns":5},{"damage":9,"enemies":"Blue Slaver","floor":9,"turns":2},{"damage":17,"enemies":"Exordium Thugs","floor":10,"turns":4},{"damage":9,"enemies":"3 Louse","floor":11,"turns":2},{"damage":16,"enemies":"Blue Slaver","floor":12,"turns":3},{"damage":7,"enemies":"downfall:FleeingMerchant","floor":14,"turns":4},{"damage":3,"enemies":"Lots of Slimes","floor":15,"turns":4},{"damage":32,"enemies":"DF_ARCHETYPE_STREAMLINE","floor":16,"turns":9}],"seed_played":"-2514077958185097898","potions_obtained":[{"floor":4,"key":"LiquidMemories"},{"floor":9,"key":"LiquidBronze"},{"floor":10,"key":"FearPotion"},{"floor":12,"key":"ColorlessPotion"}],"is_trial":false,"path_per_floor":["R","M","?","M","M","E","T","R","M","M","M","M","?","$","M","B"],"character_chosen":"GUARDIAN","items_purchased":["Guardian:BottledStasis","Guardian:FierceBash"],"campfire_rested":0,"item_purchase_floors":[14,14],"current_hp_per_floor":[80,77,77,73,68,46,46,46,37,20,11,40,40,33,30,0,0,0],"gold":47,"neow_bonus":"ONE_RARE_RELIC","is_daily":false,"chose_seed":false,"campfire_upgraded":0,"win_rate":0.0,"timestamp":1612789968,"path_taken":["R","M","?","M","M","E","T","R","M","M","M","M","?","$","M","BOSS"],"items_purchased_type":["Relic","Card"],"build_version":"2020-12-13","purchased_purges":0,"victory":false,"max_hp_per_floor":[80,80,80,80,80,80,80,80,80,80,80,80,80,80,80,80,80,80],"card_choices":[{"not_picked":["Guardian:PolyBeam","Guardian:Gem_Green"],"picked":"Guardian:Gem_Red","floor":2},{"not_picked":["Guardian:ChargeCore","Guardian:Gem_Fragmented"],"picked":"Guardian:DonusPower","floor":4},{"not_picked":["Guardian:Gem_Lightblue","Guardian:ChargeCore"],"picked":"Guardian:MultiBeam","floor":5},{"not_picked":["Guardian:VentSteam","Guardian:Gem_Cyan"],"picked":"Guardian:RollAttack","floor":6},{"not_picked":["Guardian:Gem_Green","Guardian:Repulse"],"picked":"Guardian:Orbwalk","floor":9},{"not_picked":["Guardian:ShieldCharger","Guardian:PrismaticBarrier"],"picked":"Guardian:Suspension","floor":10},{"not_picked":["Guardian:RefractedBeam","Guardian:ChargeCore"],"picked":"Guardian:ShieldSpikes","floor":11},{"not_picked":["Guardian:WalkerClaw","Guardian:CrystalBeam"],"picked":"Guardian:PiercingHide","floor":12},{"not_picked":["Guardian:Gem_Lightblue","Guardian:VentSteam"],"picked":"Guardian:BronzeOrb","floor":14},{"not_picked":["Guardian:ExploitGems","Guardian:MultiBeam"],"picked":"Guardian:Planning","floor":15}],"player_experience":86795,"relics_obtained":[{"floor":6,"key":"Lizard Tail"},{"floor":7,"key":"War Paint"}],"event_choices":[{"damage_healed":0,"gold_gain":0,"player_choice":"Box","damage_taken":0,"relics_obtained":["Kunai"],"max_hp_gain":0,"max_hp_loss":0,"event_name":"Big Fish","floor":3,"gold_loss":0,"cards_obtained":["Regret"]}],"is_beta":false,"boss_relics":[],"items_purged_floors":[],"is_endless":false,"potions_floor_spawned":[4,9,10,12],"killed_by":"DF_ARCHETYPE_STREAMLINE","ascension_level":0}}