{"host":"w2kjv12xyhtt0cv2","time":1612792097,"event":{"mods":["100% Spire Juice","Act Like it!","BaseMod","Colored Map","Friendly Minions","Gensokyo","GifTheSpireLib","Highlight Path","Hubris","Marisa（F雨　魔理沙）","Minty Spire (QoL Compilation)","Prisma Mod","Quick Restart","Reimu（博丽灵梦）","Relic Stats","Reliquary","Replay The Spire","Robot Space Explorer","RumiaBox-露米娅的神秘盒子","Shop Mod","Spicy Shops","StSLib","The Bug Knight","The Cursed","The Dragon Tamer","The Servant 0.9.4","UnlockEverythingMod","Waifu the Spire","[功能]功能增强和修复MOD","【功能Mod】Neow奖励","【遗物卡牌】REMEMod","没有小屋子和绿帽子啦"],"gold_per_floor":[118,136,136,150,150,178,178,208,254,299,311,358,370,417,429,449,449],"floor_reached":16,"language":"ZHS","playtime":705,"items_purged":[],"score":205,"play_id":"a738ebaf-c0eb-4d59-a240-8e262f84e4e3","local_time":"20210208214817","is_ascension_mode":true,"campfire_choices":[{"data":"TheCursedMod:AshesToAshes","floor":7.0,"key":"SMITH"},{"floor":13.0,"key":"REST"},{"data":"TheCursedMod:CleanUpWorkshop","floor":15.0,"key":"SMITH"}],"circlet_count":0,"master_deck":["AscendersBane","TheCursedMod:VoidForm+1","TheCursedMod:Strike_TheCursed","TheCursedMod:Strike_TheCursed","TheCursedMod:Strike_TheCursed","TheCursedMod:Strike_TheCursed","TheCursedMod:Defend_TheCursed","TheCursedMod:Defend_TheCursed","TheCursedMod:Defend_TheCursed","TheCursedMod:Defend_TheCursed","TheCursedMod:CursedWand","TheCursedMod:CleanUpWorkshop+1","TheCursedMod:Dregs","TheCursedMod:AshesToAshes+1","TheCursedMod:HellfireBreathing","Pain","TheCursedMod:HellfireBreathing"],"relics":["REME_ComplimentaryCards","Sozu","Gensokyo:LunaticRedEyes","hubris:Icosahedron","reliquary:TatteredRug","reliquary:TuningFork","MawBank","Replay:Bandana","Regal Pillow","Chameleon Ring"],"acts_visited":["Gensokyo:Gensokyo"],"potions_floor_usage":[],"damage_taken":[{"damage":2.0,"enemies":"Gensokyo:Python","floor":1.0,"turns":4.0},{"damage":7.0,"enemies":"Gensokyo:Gryphon","floor":2.0,"turns":3.0},{"damage":2.0,"enemies":"Gensokyo:3_Fairies","floor":4.0,"turns":4.0},{"damage":11.0,"enemies":"Gensokyo:Mamizou","floor":6.0,"turns":7.0},{"damage":11.0,"enemies":"Gensokyo:Aya","floor":8.0,"turns":3.0},{"damage":6.0,"enemies":"Gensokyo:Cirno","floor":10.0,"turns":6.0},{"damage":14.0,"enemies":"Gensokyo:Mamizou","floor":12.0,"turns":5.0},{"damage":8.0,"enemies":"Gensokyo:Cirno","floor":14.0,"turns":6.0},{"damage":45,"enemies":"Gensokyo:Reimu","floor":16,"turns":9}],"seed_played":"-2601033532115057967","potions_obtained":[],"is_trial":false,"path_per_floor":["M","M","?","M","?","E","R","E","T","E","?","E","R","E","R","B"],"character_chosen":"THE_CURSED","items_purchased":[],"campfire_rested":1,"item_purchase_floors":[],"current_hp_per_floor":[62,55,55,53,53,42,42,31,31,25,25,11,47,39,39,0,0],"gold":449,"neow_bonus":"BOSS_RELIC","is_daily":false,"chose_seed":false,"campfire_upgraded":2,"win_rate":0.0,"timestamp":1612792097,"path_taken":["M","M","?","?","?","E","R","E","T","E","?","E","R","E","R","BOSS"],"items_purchased_type":[],"build_version":"2020-12-22","purchased_purges":0,"victory":false,"max_hp_per_floor":[71,71,71,71,71,71,71,71,71,71,71,71,71,71,71,71,71],"relic_stats":{"Sozu":4,"Regal Pillow":15,"counters":[9,46],"MawBank":84,"obtain_stats":[{"Sozu":0,"TheCursedMod:BlackMagic101":0,"Replay:Bandana":10,"Regal Pillow":12,"hubris:Icosahedron":5,"Chameleon Ring":14,"reliquary:TatteredRug":6,"reliquary:TuningFork":8,"MawBank":9,"Gensokyo:LunaticRedEyes":3,"REME_ComplimentaryCards":0},{"Sozu":0,"TheCursedMod:BlackMagic101":0,"Replay:Bandana":6,"Regal Pillow":7,"hubris:Icosahedron":3,"Chameleon Ring":8,"reliquary:TatteredRug":4,"reliquary:TuningFork":5,"MawBank":5,"Gensokyo:LunaticRedEyes":2,"REME_ComplimentaryCards":0},{"Sozu":0,"TheCursedMod:BlackMagic101":0,"Replay:Bandana":26,"Regal Pillow":31,"hubris:Icosahedron":11,"Chameleon Ring":37,"reliquary:TatteredRug":17,"reliquary:TuningFork":20,"MawBank":20,"Gensokyo:LunaticRedEyes":7,"REME_ComplimentaryCards":0}]},"card_choices":[{"not_picked":["TheCursedMod:CircleOfFlame","TheCursedMod:CircleOfCorruption"],"picked":"TheCursedMod:AshesToAshes","floor":1.0},{"not_picked":["TheCursedMod:TacticalStrike","TheCursedMod:SaltUponWound"],"picked":"TheCursedMod:HellfireBreathing","floor":2.0},{"not_picked":["TheCursedMod:TacticalStrike","TheCursedMod:CircleOfCorruption","TheCursedMod:CursedMace"],"picked":"SKIP","floor":4.0},{"not_picked":["TheCursedMod:CursedMace","TheCursedMod:Hemoplague","TheCursedMod:FleshFromBone"],"picked":"SKIP","floor":6.0},{"not_picked":["TheCursedMod:Stretching","TheCursedMod:BloodBarrier","TheCursedMod:Torture"],"picked":"SKIP","floor":8.0},{"not_picked":["TheCursedMod:CircleOfFlame","TheCursedMod:FleshFromBone","TheCursedMod:ManaBullet"],"picked":"SKIP","floor":10.0},{"not_picked":["TheCursedMod:ReleasedKnowledge","TheCursedMod:CircleOfCorruption"],"picked":"TheCursedMod:HellfireBreathing","floor":12.0},{"not_picked":["TheCursedMod:Wield","TheCursedMod:Evocation","TheCursedMod:CircleOfFlame"],"picked":"SKIP","floor":14.0}],"player_experience":214214,"relics_obtained":[{"floor":6.0,"key":"reliquary:TatteredRug"},{"floor":8.0,"key":"reliquary:TuningFork"},{"floor":9.0,"key":"MawBank"},{"floor":10.0,"key":"Replay:Bandana"},{"floor":12.0,"key":"Regal Pillow"},{"floor":14.0,"key":"Chameleon Ring"}],"event_choices":[],"is_beta":false,"boss_relics":[],"items_purged_floors":[],"is_endless":false,"potions_floor_spawned":[1,4,8,14],"killed_by":"Gensokyo:Reimu","ascension_level":16}}