{"host":"9b7hrp48q3pna783","time":1612787117,"event":{"mods":["BaseMod","Colored Map","Colored Powertips","Highlight Path","Minty Spire (QoL Compilation)","Relic Stats"],"gold_per_floor":[99,99,99,99,99,99,99,99,99,99,24,9,9,9],"floor_reached":13,"language":"ENG","playtime":347,"items_purged":["Strike_G"],"score":95,"play_id":"25582234-860c-4862-a304-924cc1c12f75","local_time":"20210208072517","is_ascension_mode":true,"campfire_choices":[{"data":"Dagger Throw","floor":6,"key":"SMITH"},{"data":"Deadly Poison","floor":8,"key":"SMITH"}],"circlet_count":0,"master_deck":["Strike_G","Strike_G","Strike_G","Defend_G","Defend_G","Defend_G","Defend_G","Survivor","Neutralize","Dagger Throw+1","Deadly Poison+1","Die Die Die"],"relics":["Ectoplasm","Centennial Puzzle"],"acts_visited":["Exordium"],"potions_floor_usage":[],"damage_taken":[{"damage":2,"enemies":"2 Louse","floor":1,"turns":3},{"damage":7,"enemies":"Jaw Worm","floor":4,"turns":5},{"damage":32,"enemies":"3 Sentries","floor":7,"turns":10},{"damage":0,"enemies":"Small Slimes","floor":10,"turns":3},{"damage":1,"enemies":"Looter","floor":12,"turns":2},{"damage":7,"enemies":"Gremlin Nob","floor":13,"turns":3}],"seed_played":"-1867968410215049500","potions_obtained":[{"floor":4,"key":"Energy Potion"},{"floor":7,"key":"LiquidBronze"}],"is_trial":false,"path_per_floor":["M","?","?","M","?","R","E","R","T","M","$","M","E"],"character_chosen":"THE_SILENT","items_purchased":[],"campfire_rested":0,"item_purchase_floors":[],"current_hp_per_floor":[68,68,68,61,54,54,22,22,22,22,22,21,14,14],"gold":9,"neow_bonus":"BOSS_RELIC","is_daily":false,"chose_seed":false,"campfire_upgraded":2,"win_rate":0.0,"timestamp":1612787117,"path_taken":["M","?","?","M","?","R","E","R","T","M","?","M","E"],"items_purchased_type":[],"build_version":"2020-12-22","purchased_purges":1,"victory":false,"max_hp_per_floor":[70,70,70,70,70,70,70,70,70,70,70,70,70,70],"relic_stats":{"Centennial Puzzle":[6],"counters":[6,26],"Ectoplasm":136,"obtain_stats":[{"Centennial Puzzle":7,"Ectoplasm":0,"Ring of the Snake":0},{"Centennial Puzzle":3,"Ectoplasm":0,"Ring of the Snake":0},{"Centennial Puzzle":18,"Ectoplasm":0,"Ring of the Snake":0}]},"card_choices":[{"not_picked":["PiercingWail","Eviscerate","Dash"],"picked":"SKIP","floor":1},{"not_picked":["Tactician","Outmaneuver"],"picked":"Dagger Throw","floor":4},{"not_picked":["Sucker Punch","Distraction"],"picked":"Deadly Poison","floor":7},{"not_picked":["Poisoned Stab","Eviscerate","Outmaneuver"],"picked":"SKIP","floor":10},{"not_picked":["Dagger Spray","Heel Hook"],"picked":"Die Die Die","floor":12}],"player_experience":141421,"relics_obtained":[{"floor":7,"key":"Centennial Puzzle"}],"event_choices":[{"cards_removed":["Strike_G"],"damage_healed":0,"gold_gain":0,"player_choice":"Forget","damage_taken":0,"max_hp_gain":0,"max_hp_loss":0,"event_name":"Living Wall","floor":2,"gold_loss":0},{"damage_healed":0,"gold_gain":0,"player_choice":"Ignored","damage_taken":0,"max_hp_gain":0,"max_hp_loss":0,"event_name":"Golden Idol","floor":3,"gold_loss":0},{"cards_removed":["Defend_G"],"damage_healed":0,"gold_gain":0,"player_choice":"Card Removal","damage_taken":7,"max_hp_gain":0,"max_hp_loss":0,"event_name":"Golden Wing","floor":5,"gold_loss":0}],"is_beta":false,"boss_relics":[],"items_purged_floors":[11],"is_endless":false,"potions_floor_spawned":[4,7],"killed_by":"Gremlin Nob","ascension_level":3}}