{"host":"5rycm1ajjg5acc5q","time":1612794640,"event":{"mods":["BaseMod","Better Third Choice","Downfall","Highlight Path","Minty Spire (QoL Compilation)","Replay The Spire","StSLib"],"gold_per_floor":[118,130,55,73,73,73,92,92,115,115,15,15,25,50,50,151,151,169,169,169,44,58,58,58,58,58,58,116,161,161],"floor_reached":29,"language":"ENG","playtime":2716,"items_purged":["Defend_P","Defend_P","Delirium"],"score":243,"play_id":"37475a4a-7247-4ac7-8b52-ed3d11b9f551","local_time":"20210208083040","is_ascension_mode":true,"campfire_choices":[{"data":"Eruption","floor":6.0,"key":"SMITH"},{"data":"Eruption","floor":10.0,"key":"SMITH"},{"data":"TalkToTheHand","floor":12.0,"key":"SMITH"},{"data":"Vigilance","floor":15.0,"key":"SMITH"},{"data":"Judgement","floor":23,"key":"SMITH"},{"data":"DeceiveReality","floor":25,"key":"SMITH"},{"data":"Sanctity","floor":27,"key":"SMITH"}],"circlet_count":0,"master_deck":["Strike_P","Strike_P","Strike_P","Eruption+1","Vigilance+1","Adaptation","Sanctity+1","TalkToTheHand+1","Eruption+1","Adaptation","DevaForm","Worship","Brilliance","Pray","Judgement+1","Vengeance","DeceiveReality+1","Pray"],"relics":["PureWater","Damaru","Anchor","SlaversCollar","ReplayTheSpireMod:Ring of Challenge","Ring of Panic","Boot"],"acts_visited":["Exordium","TheCity"],"potions_floor_usage":[],"damage_taken":[{"damage":1.0,"enemies":"2 Louse","floor":1.0,"turns":3.0},{"damage":0.0,"enemies":"Cultist","floor":2.0,"turns":3.0},{"damage":0.0,"enemies":"Small Slimes","floor":4.0,"turns":2.0},{"damage":9.0,"enemies":"Exordium Thugs","floor":7.0,"turns":3.0},{"damage":6.0,"enemies":"2 Fungi Beasts","floor":13.0,"turns":2.0},{"damage":20.0,"enemies":"Gremlin Nob","floor":14.0,"turns":4.0},{"damage":15.0,"enemies":"Fading Forest","floor":16.0,"turns":11.0},{"damage":22,"enemies":"3 Byrds","floor":18,"turns":5},{"damage":11,"enemies":"Spheric Guardian","floor":22,"turns":3},{"damage":2,"enemies":"Cultist and Chosen","floor":28,"turns":4},{"damage":52,"enemies":"Snake Plant","floor":29,"turns":2}],"seed_played":"-6222005628548641926","potions_obtained":[{"floor":1.0,"key":"LifebloodPotion"},{"floor":2.0,"key":"Explosive Potion"},{"floor":14.0,"key":"SteroidPotion"},{"floor":18,"key":"FearPotion"},{"floor":22,"key":"SpeedPotion"}],"is_trial":false,"path_per_floor":["M","M","$","M","?","R","M","$","T","R","$","R","M","E","R","B",null,"M","?","?","$","M","R","?","R","T","R","M","M"],"character_chosen":"WATCHER","items_purchased":[],"campfire_rested":0,"item_purchase_floors":[],"current_hp_per_floor":[71,71,71,71,71,71,62,62,62,62,62,62,56,36,36,31,72,50,50,50,50,39,39,39,39,39,39,37,0,0],"gold":161,"neow_bonus":"RANDOM_EVENT","is_daily":false,"chose_seed":false,"campfire_upgraded":7,"win_rate":0.0,"timestamp":1612794640,"path_taken":["M","M","$","M","?","R","?","?","T","R","$","R","M","E","R","BOSS","M","?","?","$","M","R","?","R","T","R","M","M"],"items_purchased_type":[],"build_version":"2020-12-22","purchased_purges":3,"victory":false,"max_hp_per_floor":[72,72,72,72,72,72,72,72,72,72,72,72,72,72,72,72,72,72,72,72,72,72,72,72,72,72,72,72,72,72],"card_choices":[{"not_picked":["Sanctity","WreathOfFlame"],"picked":"Adaptation","floor":1.0},{"not_picked":["BowlingBash","PathToVictory"],"picked":"Sanctity","floor":2.0},{"not_picked":["WheelKick","CrushJoints"],"picked":"TalkToTheHand","floor":4.0},{"not_picked":["JustLucky","Fasting2"],"picked":"DevaForm","floor":7.0},{"not_picked":["FlyingSleeves","ClearTheMind","FollowUp"],"picked":"SKIP","floor":13.0},{"not_picked":["ClearTheMind","JustLucky"],"picked":"Worship","floor":14.0},{"not_picked":["Omniscience","Scrawl"],"picked":"Brilliance","floor":16.0},{"not_picked":["Evaluate","Replay:BluntJabs+1"],"picked":"Pray","floor":18},{"not_picked":["ForeignInfluence","FollowUp"],"picked":"DeceiveReality","floor":22},{"not_picked":["Collect","LikeWater"],"picked":"Pray","floor":28}],"player_experience":278376,"relics_obtained":[{"floor":9.0,"key":"Damaru"},{"floor":14.0,"key":"Anchor"},{"floor":19,"key":"ReplayTheSpireMod:Ring of Challenge"},{"floor":19,"key":"Ring of Panic"}],"event_choices":[{"cards_removed":["Defend_P"],"damage_healed":0.0,"max_hp_gain":0.0,"max_hp_loss":0.0,"gold_gain":0.0,"event_name":"Living Wall","player_choice":"Forget","floor":0.0,"gold_loss":0.0,"damage_taken":0.0},{"damage_healed":0.0,"max_hp_gain":0.0,"max_hp_loss":0.0,"gold_gain":0.0,"event_name":"Match and Keep!","player_choice":"2 cards matched","floor":5.0,"gold_loss":0.0,"damage_taken":0.0,"cards_obtained":["Eruption","Adaptation"]},{"damage_healed":0,"gold_gain":0,"cards_transformed":["Defend_P","Strike_P"],"player_choice":"Became Test Subject","damage_taken":0,"max_hp_gain":0,"max_hp_loss":0,"event_name":"Drug Dealer","floor":20,"gold_loss":0,"cards_obtained":["Judgement","Vengeance"]},{"damage_healed":0,"gold_gain":0,"player_choice":"Gave Potion","damage_taken":0,"relics_obtained":["Boot"],"max_hp_gain":0,"max_hp_loss":0,"event_name":"WeMeetAgain","floor":24,"gold_loss":0}],"is_beta":false,"boss_relics":[{"not_picked":["Velvet Choker","bronze:MakeshiftBattery"],"picked":"SlaversCollar"}],"items_purged_floors":[3,11,21],"is_endless":false,"potions_floor_spawned":[1,2,14,18,22],"killed_by":"Snake Plant","ascension_level":2}}