{"host":"qksa0nge77ubun9a","time":1612824147,"event":{"mods":["AchievementEnabler","BaseMod","Colored Map","Colored Powertips","Googly Eyes","Highlight Path","Minty Spire (QoL Compilation)","Quick Restart","StSLib"],"gold_per_floor":[359,379,391,410,116,116,141,141,141,171,171,185,211,42,42,137,137,106,106,76,92,65,93,103,130,130,130,165,198,217,229,229,331,331,345,101,120,342,390,419,28,28,53,103,137,137,137,151,151,151],"floor_reached":51,"language":"ENG","playtime":6867,"items_purged":["Defend_R","Strike_R"],"score":1349,"play_id":"eed8a8c7-3c69-400d-b0a2-7a48b9a84dea","local_time":"20210208144227","is_ascension_mode":true,"campfire_choices":[{"data":"Armaments","floor":6.0,"key":"SMITH"},{"floor":8.0,"key":"REST"},{"data":"Dark Embrace","floor":11.0,"key":"SMITH"},{"data":"True Grit","floor":15.0,"key":"SMITH"},{"floor":27.0,"key":"REST"},{"data":"Body Slam","floor":32.0,"key":"SMITH"},{"floor":47.0,"key":"REST"},{"floor":49.0,"key":"REST"}],"circlet_count":0,"master_deck":["AscendersBane","Defend_R","Defend_R+1","Bash","True Grit+1","Havoc","Dark Embrace+1","Impervious","Feel No Pain","Warcry+1","Armaments+1","Rampage","Disarm","Flex+1","Barricade+1","Entrench+1","Impervious+1","Berserk+1","Immolate+1","Wild Strike+1","Rage+1","Body Slam+1","Fire Breathing+1","Battle Trance+1","Metallicize+1","Cleave","Inflame+1","Intimidate+1","Iron Wave","Demon Form+1","Evolve+1","Feel No Pain+1","Warcry+1","Heavy Blade","Disarm+1","Inflame+1","Limit Break+1","Dramatic Entrance","Bandage Up+1","Flame Barrier+1","Madness+1","Madness+1","Body Slam+1"],"relics":["Burning Blood","Mummified Hand","Toxic Egg 2","Frozen Egg 2","Mango","Astrolabe","MutagenicStrength","CaptainsWheel","Omamori","Charon\u0027s Ashes","Red Mask","War Paint","Empty Cage","Lee\u0027s Waffle","TungstenRod","Ornamental Fan","ClockworkSouvenir","Strawberry","Incense Burner","Juzu Bracelet"],"acts_visited":["Exordium","TheCity","TheBeyond"],"potions_floor_usage":[],"damage_taken":[{"damage":7.0,"enemies":"2 Louse","floor":1.0,"turns":3.0},{"damage":0.0,"enemies":"Jaw Worm","floor":2.0,"turns":5.0},{"damage":7.0,"enemies":"Small Slimes","floor":3.0,"turns":3.0},{"damage":24.0,"enemies":"3 Louse","floor":4.0,"turns":7.0},{"damage":42.0,"enemies":"Lagavulin","floor":7.0,"turns":9.0},{"damage":14.0,"enemies":"Red Slaver","floor":12.0,"turns":5.0},{"damage":6.0,"enemies":"3 Sentries","floor":13.0,"turns":7.0},{"damage":17.0,"enemies":"Hexaghost","floor":16.0,"turns":13.0},{"damage":30.0,"enemies":"2 Thieves","floor":18.0,"turns":5.0},{"damage":0.0,"enemies":"Spheric Guardian","floor":21.0,"turns":1.0},{"damage":0.0,"enemies":"Book of Stabbing","floor":23.0,"turns":7.0},{"damage":12.0,"enemies":"Cultist and Chosen","floor":24.0,"turns":6.0},{"damage":50.0,"enemies":"Gremlin Leader","floor":25.0,"turns":6.0},{"damage":0.0,"enemies":"Masked Bandits","floor":28.0,"turns":4.0},{"damage":0.0,"enemies":"Book of Stabbing","floor":29.0,"turns":5.0},{"damage":15.0,"enemies":"Centurion and Healer","floor":30.0,"turns":5.0},{"damage":0.0,"enemies":"Snake Plant","floor":31.0,"turns":4.0},{"damage":16.0,"enemies":"Champ","floor":33.0,"turns":9.0},{"damage":14.0,"enemies":"3 Darklings","floor":35.0,"turns":3.0},{"damage":0.0,"enemies":"3 Shapes","floor":37.0,"turns":1.0},{"damage":19.0,"enemies":"2 Orb Walkers","floor":39.0,"turns":4.0},{"damage":8.0,"enemies":"Giant Head","floor":40.0,"turns":7.0},{"damage":20.0,"enemies":"Mind Bloom Boss Battle","floor":44.0,"turns":5.0},{"damage":39.0,"enemies":"Nemesis","floor":45.0,"turns":7.0},{"damage":5.0,"enemies":"Transient","floor":48.0,"turns":5.0},{"damage":51,"enemies":"Time Eater","floor":50,"turns":10}],"seed_played":"-3251431137477100999","potions_obtained":[{"floor":1.0,"key":"BlessingOfTheForge"},{"floor":12.0,"key":"Swift Potion"},{"floor":13.0,"key":"SneckoOil"},{"floor":20.0,"key":"AttackPotion"},{"floor":20.0,"key":"Ancient Potion"},{"floor":21.0,"key":"PowerPotion"},{"floor":28.0,"key":"SpeedPotion"},{"floor":29.0,"key":"BloodPotion"},{"floor":30.0,"key":"FearPotion"},{"floor":31.0,"key":"Block Potion"},{"floor":35.0,"key":"DistilledChaos"},{"floor":37.0,"key":"LiquidMemories"}],"is_trial":false,"path_per_floor":["M","M","M","M","$","R","E","R","T","?","R","M","E","$","R","B",null,"M","?","?","M","$","E","M","E","T","R","?","E","M","M","R","B",null,"M","$","M","?","?","E","$","?","T","?","E","?","R","M","R","B",null],"character_chosen":"IRONCLAD","items_purchased":["Feel No Pain","Warcry","Armaments","Rampage","Entrench+1","Body Slam","Feel No Pain+1","Warcry+1","Lee\u0027s Waffle","Inflame+1","Limit Break+1","ClockworkSouvenir","Weak Potion"],"campfire_rested":4,"item_purchase_floors":[5,5,5,5,14,22,36,36,36,41,41,41,41],"current_hp_per_floor":[71,72,71,53,53,53,17,38,38,38,38,30,44,44,44,33,73,49,49,49,55,55,61,55,11,11,36,42,48,56,62,62,52,78,70,93,93,93,80,78,78,74,81,73,46,34,64,71,100,55],"gold":151,"neow_bonus":"TWO_FIFTY_GOLD","is_daily":false,"chose_seed":false,"campfire_upgraded":4,"win_rate":0.0,"timestamp":1612824147,"path_taken":["M","M","M","M","$","R","E","R","T","?","R","M","E","?","R","BOSS","M","?","?","?","?","E","M","E","T","R","?","E","M","M","R","BOSS","M","$","M","?","?","E","$","?","T","?","E","?","R","M","R","BOSS"],"items_purchased_type":["Card","Card","Card","Card","Card","Card","Card","Card","Relic","Card","Card","Relic","Potion"],"build_version":"2020-12-22","purchased_purges":2,"victory":true,"max_hp_per_floor":[72,72,72,72,72,72,72,72,72,72,72,72,86,86,86,86,86,86,86,86,86,86,86,86,86,86,86,86,86,86,86,86,86,86,86,93,93,93,93,93,93,93,100,100,100,100,100,100,100,100],"card_choices":[{"not_picked":["Sever Soul","Twin Strike"],"picked":"True Grit","floor":1.0},{"not_picked":["Warcry","Clothesline"],"picked":"Havoc","floor":2.0},{"not_picked":["Whirlwind","Anger"],"picked":"Dark Embrace","floor":3.0},{"not_picked":["Heavy Blade","Flex"],"picked":"Impervious","floor":4.0},{"not_picked":["Clash","Perfected Strike"],"picked":"Disarm","floor":7.0},{"not_picked":["Cleave","Clothesline"],"picked":"Flex+1","floor":12.0},{"not_picked":["Blood for Blood","Hemokinesis"],"picked":"Barricade+1","floor":13.0},{"not_picked":["Barricade+1","Feed"],"picked":"Impervious+1","floor":16.0},{"not_picked":["Heavy Blade","Armaments+1","Flex+1"],"picked":"SKIP","floor":18.0},{"not_picked":["Twin Strike","Burning Pact+1"],"picked":"Rage+1","floor":21.0},{"not_picked":["Shrug It Off+1","Berserk+1"],"picked":"Fire Breathing+1","floor":23.0},{"not_picked":["Whirlwind","Reckless Charge"],"picked":"Battle Trance+1","floor":24.0},{"not_picked":["Pummel","Iron Wave"],"picked":"Metallicize+1","floor":25.0},{"not_picked":["Perfected Strike","Heavy Blade"],"picked":"Cleave","floor":28.0},{"not_picked":["Anger","Twin Strike"],"picked":"Inflame+1","floor":29.0},{"not_picked":["Bloodletting+1","Clash+1"],"picked":"Intimidate+1","floor":30.0},{"not_picked":["Armaments+1","Flex+1"],"picked":"Iron Wave","floor":31.0},{"not_picked":["Reaper","Barricade+1"],"picked":"Demon Form+1","floor":33.0},{"not_picked":["Sword Boomerang","Fire Breathing+1"],"picked":"Evolve+1","floor":35.0},{"not_picked":["Pommel Strike+1","Blood for Blood"],"picked":"Heavy Blade","floor":37.0},{"not_picked":["Clothesline+1","Barricade+1"],"picked":"Disarm+1","floor":40.0},{"not_picked":["Good Instincts+1","Dark Shackles+1"],"picked":"Dramatic Entrance","floor":42.0},{"not_picked":["Chrysalis+1","Deep Breath+1"],"picked":"Bandage Up+1","floor":42.0},{"not_picked":["Armaments+1","Iron Wave+1"],"picked":"Flame Barrier+1","floor":45.0},{"not_picked":["Whirlwind","Iron Wave+1"],"picked":"Body Slam+1","floor":48.0}],"player_experience":1356699,"relics_obtained":[{"floor":7.0,"key":"Mummified Hand"},{"floor":9.0,"key":"Toxic Egg 2"},{"floor":13.0,"key":"Mango"},{"floor":23.0,"key":"CaptainsWheel"},{"floor":25.0,"key":"Omamori"},{"floor":26.0,"key":"Charon\u0027s Ashes"},{"floor":28.0,"key":"Red Mask"},{"floor":29.0,"key":"War Paint"},{"floor":39.0,"key":"TungstenRod"},{"floor":40.0,"key":"Ornamental Fan"},{"floor":43.0,"key":"Strawberry"},{"floor":44.0,"key":"Incense Burner"},{"floor":45.0,"key":"Juzu Bracelet"}],"event_choices":[{"damage_healed":0.0,"max_hp_gain":0.0,"max_hp_loss":0.0,"gold_gain":30.0,"event_name":"Dead Adventurer","player_choice":"Searched \u00273\u0027 times","floor":10.0,"gold_loss":0.0,"damage_taken":0.0,"relics_obtained":["Frozen Egg 2"]},{"damage_healed":0.0,"max_hp_gain":0.0,"max_hp_loss":0.0,"gold_gain":0.0,"event_name":"Drug Dealer","player_choice":"Inject Mutagens","floor":19.0,"gold_loss":0.0,"damage_taken":0.0,"relics_obtained":["MutagenicStrength"]},{"damage_healed":0.0,"max_hp_gain":0.0,"max_hp_loss":0.0,"gold_gain":0.0,"event_name":"The Woman in Blue","player_choice":"Bought 2 Potions","floor":20.0,"gold_loss":0.0,"damage_taken":0.0},{"damage_healed":0.0,"max_hp_gain":0.0,"max_hp_loss":0.0,"gold_gain":0.0,"event_name":"Masked Bandits","player_choice":"Fought Bandits","floor":28.0,"gold_loss":0.0,"damage_taken":0.0},{"damage_healed":0.0,"max_hp_gain":0.0,"max_hp_loss":0.0,"gold_gain":222.0,"event_name":"Tomb of Lord Red Mask","player_choice":"Wore Mask","floor":38.0,"gold_loss":0.0,"damage_taken":0.0},{"damage_healed":0.0,"max_hp_gain":0.0,"max_hp_loss":0.0,"gold_gain":0.0,"event_name":"Mysterious Sphere","player_choice":"Fight","floor":39.0,"gold_loss":0.0,"damage_taken":0.0},{"damage_healed":0.0,"max_hp_gain":0.0,"max_hp_loss":0.0,"gold_gain":0.0,"event_name":"SensoryStone","player_choice":"Memory 2","floor":42.0,"gold_loss":0.0,"damage_taken":5.0},{"damage_healed":0.0,"max_hp_gain":0.0,"max_hp_loss":0.0,"gold_gain":0.0,"event_name":"MindBloom","player_choice":"Fight","floor":44.0,"gold_loss":0.0,"damage_taken":0.0},{"damage_healed":0.0,"max_hp_gain":0.0,"max_hp_loss":0.0,"gold_gain":0.0,"event_name":"Winding Halls","player_choice":"Embrace Madness","floor":46.0,"gold_loss":0.0,"damage_taken":13.0,"cards_obtained":["Madness","Madness"]}],"is_beta":false,"boss_relics":[{"not_picked":["Runic Pyramid","Cursed Key"],"picked":"Astrolabe"},{"not_picked":["Busted Crown","Runic Dome"],"picked":"Empty Cage"}],"items_purged_floors":[5,14],"is_endless":false,"potions_floor_spawned":[1,12,13,21,28,29,30,31,35,37],"ascension_level":12}}