{"host":"snczp9esof91ppiq","time":1612759823,"event":{"mods":["AchievementEnabler","BaseMod","Better Match","Better Note","Better Sensory Stone","Better Skull","Colored Map","Colored Powertips","Hermit","Minty Spire (QoL Compilation)","Relic Stats","StSLib"],"gold_per_floor":[119,119,137,62,75,75,0,27,27,58,8,27,39,214,214,288,288,308,308,308,308,308,308,325,325,325,341,359,372,372,372,372],"floor_reached":31,"language":"ENG","playtime":1669,"items_purged":["Strike_R","Strike_R"],"score":408,"play_id":"f4841e55-67f3-49c4-beb6-a5742be4f341","local_time":"20210207225023","is_ascension_mode":true,"campfire_choices":[{"data":"Clothesline","floor":6.0,"key":"SMITH"},{"data":"Disarm","floor":15.0,"key":"SMITH"},{"data":"Bludgeon","floor":23,"key":"SMITH"},{"data":"Rage","floor":25,"key":"SMITH"},{"data":"Combust","floor":30,"key":"SMITH"}],"circlet_count":0,"master_deck":["AscendersBane","Strike_R+1","Strike_R","Defend_R","Defend_R","Defend_R","Defend_R","Bash+1","Impervious","Heavy Blade","Body Slam","Shockwave+1","Clothesline+1","Bludgeon+1","Infernal Blade","Sword Boomerang","Disarm+1","Juggernaut+1","Rage+1","Disarm+1","Cleave+1","Metallicize","Blood for Blood+1","Combust+1"],"relics":["Burning Blood","Self Forming Clay","The Courier","Smiling Mask","Empty Cage","Meat on the Bone"],"acts_visited":["Exordium","TheCity"],"potions_floor_usage":[18,19,27,29],"damage_taken":[{"damage":0.0,"enemies":"2 Louse","floor":1.0,"turns":3.0},{"damage":0.0,"enemies":"Small Slimes","floor":3.0,"turns":5.0},{"damage":0.0,"enemies":"Cultist","floor":5.0,"turns":2.0},{"damage":10.0,"enemies":"Lagavulin","floor":8.0,"turns":5.0},{"damage":20.0,"enemies":"Gremlin Nob","floor":10.0,"turns":4.0},{"damage":9.0,"enemies":"Exordium Wildlife","floor":12.0,"turns":4.0},{"damage":0.0,"enemies":"Large Slime","floor":13.0,"turns":4.0},{"damage":43.0,"enemies":"The Guardian","floor":16.0,"turns":16.0},{"damage":18,"enemies":"Shell Parasite","floor":18,"turns":6},{"damage":0,"enemies":"Spheric Guardian","floor":19,"turns":1},{"damage":7,"enemies":"Snecko","floor":24,"turns":4},{"damage":29,"enemies":"Sentry and Sphere","floor":27,"turns":5},{"damage":6,"enemies":"Centurion and Healer","floor":28,"turns":5},{"damage":14,"enemies":"3 Cultists","floor":29,"turns":6},{"damage":50,"enemies":"Slavers","floor":31,"turns":4}],"seed_played":"7124090506290970993","potions_obtained":[{"floor":1.0,"key":"DistilledChaos"},{"floor":8.0,"key":"Fire Potion"},{"floor":12.0,"key":"Dexterity Potion"},{"floor":13.0,"key":"GamblersBrew"},{"floor":18,"key":"SmokeBomb"},{"floor":24,"key":"AttackPotion"},{"floor":28,"key":"SkillPotion"}],"is_trial":false,"path_per_floor":["M","?","M","?","M","R","$","E","T","E","$","M","M","?","R","B",null,"M","M","?","?","?","R","M","R","T","M","M","M","R","E"],"character_chosen":"IRONCLAD","items_purchased":[],"campfire_rested":0,"item_purchase_floors":[],"current_hp_per_floor":[78,78,80,80,80,80,80,76,76,62,62,59,65,65,65,28,67,55,61,61,46,46,46,45,45,45,34,46,50,50,0,0],"gold":372,"neow_bonus":"ONE_RANDOM_RARE_CARD","is_daily":false,"chose_seed":false,"campfire_upgraded":5,"win_rate":0.0,"timestamp":1612759823,"path_taken":["M","?","M","?","M","R","$","E","T","E","?","M","M","?","R","BOSS","M","M","?","?","?","R","M","R","T","M","M","M","R","E"],"items_purchased_type":[],"build_version":"2020-12-22","purchased_purges":2,"victory":false,"max_hp_per_floor":[80,80,80,80,80,80,80,80,80,80,80,80,80,80,80,80,80,80,80,80,80,80,80,80,80,80,80,80,80,80,80,80],"relic_stats":{"counters":[15,74],"Self Forming Clay":[105],"Smiling Mask":30,"obtain_stats":[{"Self Forming Clay":8,"The Courier":9,"Smiling Mask":10,"Empty Cage":17,"Burning Blood":0,"Meat on the Bone":26},{"Self Forming Clay":4,"The Courier":4,"Smiling Mask":5,"Empty Cage":8,"Burning Blood":0,"Meat on the Bone":11},{"Self Forming Clay":15,"The Courier":15,"Smiling Mask":19,"Empty Cage":43,"Burning Blood":0,"Meat on the Bone":54}],"Burning Blood":74,"Meat on the Bone":36},"card_choices":[{"not_picked":["Reckless Charge","Headbutt"],"picked":"Heavy Blade","floor":1.0},{"not_picked":["Evolve","Rage"],"picked":"Body Slam","floor":3.0},{"not_picked":["Bloodletting+1","Battle Trance+1"],"picked":"Shockwave+1","floor":4.0},{"not_picked":["Twin Strike","Searing Blow"],"picked":"Clothesline","floor":5.0},{"not_picked":["Burning Pact","Metallicize"],"picked":"Bludgeon","floor":8.0},{"not_picked":["Flex","Armaments"],"picked":"Infernal Blade","floor":10.0},{"not_picked":["Clash","Power Through"],"picked":"Sword Boomerang","floor":12.0},{"not_picked":["Havoc","Thunderclap"],"picked":"Disarm","floor":13.0},{"not_picked":["Impervious","Double Tap"],"picked":"Juggernaut","floor":16.0},{"not_picked":["Headbutt","Feel No Pain"],"picked":"Rage","floor":18},{"not_picked":["Body Slam","Blood for Blood"],"picked":"Cleave+1","floor":24},{"not_picked":["Heavy Blade","Iron Wave"],"picked":"Metallicize","floor":27},{"not_picked":["Body Slam","Clash"],"picked":"Blood for Blood+1","floor":28},{"not_picked":["Rupture","Seeing Red"],"picked":"Combust","floor":29}],"player_experience":902660,"relics_obtained":[{"floor":8.0,"key":"Self Forming Clay"},{"floor":9.0,"key":"The Courier"},{"floor":10.0,"key":"Smiling Mask"},{"floor":26,"key":"Meat on the Bone"}],"event_choices":[{"damage_healed":0.0,"max_hp_gain":0.0,"max_hp_loss":0.0,"gold_gain":0.0,"event_name":"Living Wall","player_choice":"Grow","floor":2.0,"gold_loss":0.0,"damage_taken":0.0,"cards_upgraded":["Bash"]},{"damage_healed":0.0,"max_hp_gain":0.0,"max_hp_loss":0.0,"gold_gain":0.0,"event_name":"betterMatch:BetterMatch","player_choice":"2","floor":4.0,"gold_loss":0.0,"damage_taken":0.0,"cards_obtained":["betterMatch:UncommonCard"]},{"damage_healed":0.0,"max_hp_gain":0.0,"max_hp_loss":0.0,"gold_gain":175.0,"event_name":"Liars Game","player_choice":"AGREE","floor":14.0,"gold_loss":0.0,"damage_taken":0.0,"cards_obtained":["Doubt"]},{"damage_healed":0,"gold_gain":0,"player_choice":"Copied","damage_taken":0,"max_hp_gain":0,"max_hp_loss":0,"event_name":"Duplicator","floor":20,"gold_loss":0,"cards_obtained":["Disarm"]},{"damage_healed":0,"gold_gain":0,"player_choice":"UP ","damage_taken":17,"relics_obtained":[],"max_hp_gain":0,"max_hp_loss":0,"event_name":"betterSkull:BetterSkull","floor":21,"gold_loss":0,"cards_upgraded":["Strike_R"]},{"damage_healed":0,"gold_gain":0,"player_choice":"Forge","damage_taken":0,"max_hp_gain":0,"max_hp_loss":0,"event_name":"Accursed Blacksmith","floor":22,"gold_loss":0,"cards_upgraded":["Juggernaut"]}],"is_beta":false,"boss_relics":[{"not_picked":["Ectoplasm","Astrolabe"],"picked":"Empty Cage"}],"items_purged_floors":[7,11],"is_endless":false,"potions_floor_spawned":[1,8,12,13,18,19,24,28],"killed_by":"Slavers","ascension_level":13}}