{"host":"dggqshehf2ar9kzd","time":1612757358,"event":{"mods":["BaseMod","Hermit","Highlight Path","Minty Spire (QoL Compilation)","Reliquary","StSLib"],"gold_per_floor":[363,378,453,465,475,475,425,437,437,461,481,495,121,140,140,239,239,249,249,261,261,261,293,293,293,293,392,139,139,164,178,178,178,178],"floor_reached":33,"language":"ENG","playtime":1667,"items_purged":["hermit:Defend_Hermit","Writhe"],"score":279,"play_id":"eb8b897c-d63d-4ee9-a1fe-1700fd951a5a","local_time":"20210207230918","is_ascension_mode":false,"campfire_choices":[{"data":"hermit:LoneWolf","floor":6,"key":"SMITH"},{"floor":15,"key":"REST"},{"data":"hermit:EyeOfTheStorm","floor":24,"key":"SMITH"},{"data":"hermit:Dive","floor":29,"key":"SMITH"},{"data":"hermit:HeroicBravado","floor":32,"key":"SMITH"}],"circlet_count":0,"master_deck":["hermit:Strike_Hermit","hermit:Strike_Hermit","hermit:Strike_Hermit","hermit:Strike_Hermit","hermit:Defend_Hermit","hermit:Defend_Hermit","hermit:Defend_Hermit","hermit:Snapshot","hermit:Covet","hermit:LoneWolf+1","hermit:Brawl","hermit:Brawl","hermit:Dive+1","hermit:Headshot","hermit:Brawl","hermit:Enervate","hermit:HeroicBravado+1","hermit:EyeOfTheStorm+1","hermit:Enervate","hermit:Deadeye","hermit:Vantage+1"],"relics":["hermit:Momento","reliquary:PurpleTingedLeaf","Odd Mushroom","reliquary:Aerogel","Coffee Dripper","Eternal Feather","Boot","Gremlin Horn","PreservedInsect","Du-Vu Doll"],"acts_visited":["Exordium","TheCity"],"potions_floor_usage":[10,11,14,18,22,23,33],"damage_taken":[{"damage":3,"enemies":"Jaw Worm","floor":1,"turns":3},{"damage":3,"enemies":"2 Louse","floor":2,"turns":4},{"damage":0,"enemies":"Small Slimes","floor":4,"turns":3},{"damage":22,"enemies":"Exordium Thugs","floor":5,"turns":5},{"damage":9,"enemies":"3 Louse","floor":8,"turns":4},{"damage":21,"enemies":"The Mushroom Lair","floor":10,"turns":4},{"damage":6,"enemies":"2 Fungi Beasts","floor":11,"turns":4},{"damage":0,"enemies":"Large Slime","floor":12,"turns":4},{"damage":4,"enemies":"Blue Slaver","floor":14,"turns":2},{"damage":9,"enemies":"The Guardian","floor":16,"turns":8},{"damage":10,"enemies":"3 Byrds","floor":18,"turns":5},{"damage":14,"enemies":"Spheric Guardian","floor":20,"turns":4},{"damage":0,"enemies":"Chosen and Byrds","floor":22,"turns":1},{"damage":31,"enemies":"Gremlin Leader","floor":23,"turns":5},{"damage":28,"enemies":"Book of Stabbing","floor":30,"turns":5},{"damage":21,"enemies":"Centurion and Healer","floor":31,"turns":5},{"damage":14,"enemies":"Collector","floor":33,"turns":2}],"seed_played":"1817245962928653476","potions_obtained":[{"floor":2,"key":"hermit:BlackBile"},{"floor":5,"key":"SmokeBomb"},{"floor":8,"key":"SpeedPotion"},{"floor":10,"key":"BlessingOfTheForge"},{"floor":11,"key":"Fire Potion"},{"floor":14,"key":"AttackPotion"},{"floor":30,"key":"SpeedPotion"},{"floor":31,"key":"Strength Potion"}],"is_trial":false,"path_per_floor":["M","M","?","M","M","R","?","M","T","?","M","M","$","M","R","B",null,"M","?","M","?","M","E","R","?","T","?","$","R","E","M","R","B"],"character_chosen":"HERMIT","items_purchased":["reliquary:Aerogel","hermit:Enervate","hermit:HeroicBravado","PreservedInsect"],"campfire_rested":1,"item_purchase_floors":[13,13,13,28],"current_hp_per_floor":[72,69,58,58,36,36,36,27,27,8,4,5,5,2,24,17,75,66,66,53,53,53,24,36,36,36,36,36,48,21,1,13,0,0],"gold":178,"neow_bonus":"TWO_FIFTY_GOLD","is_daily":false,"chose_seed":false,"campfire_upgraded":4,"win_rate":0.0,"timestamp":1612757358,"path_taken":["M","M","?","M","M","R","?","M","T","?","M","M","$","M","R","BOSS","M","?","M","?","M","E","R","?","T","?","$","R","E","M","R","BOSS"],"items_purchased_type":["Relic","Card","Card","Relic"],"build_version":"2020-12-22","purchased_purges":2,"victory":false,"max_hp_per_floor":[75,75,75,75,75,75,75,75,75,75,75,75,75,75,75,75,75,75,75,75,75,75,75,75,75,75,75,75,75,75,75,75,75,75],"card_choices":[{"not_picked":["hermit:DeadMansHand","hermit:HoleUp"],"picked":"hermit:LoneWolf","floor":1},{"not_picked":["hermit:CalledShot","hermit:FullyLoaded"],"picked":"hermit:Brawl","floor":2},{"not_picked":["hermit:Manifest","hermit:FullyLoaded"],"picked":"hermit:Brawl","floor":4},{"not_picked":["hermit:Horror","hermit:Glare"],"picked":"hermit:Dive","floor":5},{"not_picked":["hermit:Dissolve","hermit:SprayPray","hermit:DeadMansHand"],"picked":"SKIP","floor":8},{"not_picked":["hermit:Combo","hermit:Quickdraw"],"picked":"hermit:Headshot","floor":11},{"not_picked":["hermit:Coalescence","hermit:Gestalt"],"picked":"hermit:Brawl","floor":12},{"not_picked":["hermit:Desperado","hermit:Brawl"],"picked":"hermit:EyeOfTheStorm","floor":14},{"not_picked":["hermit:Coalescence","hermit:Manifest","hermit:Shortfuse"],"picked":"SKIP","floor":18},{"not_picked":["hermit:Scavenge","hermit:Spite+1"],"picked":"hermit:Deadeye","floor":20},{"not_picked":["hermit:Showdown+1","hermit:Scavenge","hermit:DeadMansHand"],"picked":"SKIP","floor":23},{"not_picked":["hermit:HighNoon","hermit:Vantage","hermit:SprayPray"],"picked":"SKIP","floor":30},{"not_picked":["hermit:ShadowCloak","hermit:BodyArmor"],"picked":"hermit:Vantage+1","floor":31}],"player_experience":352883,"relics_obtained":[{"floor":9,"key":"reliquary:PurpleTingedLeaf"},{"floor":10,"key":"Odd Mushroom"},{"floor":23,"key":"Eternal Feather"},{"floor":26,"key":"Gremlin Horn"},{"floor":30,"key":"Du-Vu Doll"}],"event_choices":[{"damage_healed":0,"gold_gain":75,"player_choice":"Gather Gold","damage_taken":11,"max_hp_gain":0,"max_hp_loss":0,"event_name":"World of Goop","floor":3,"gold_loss":0},{"cards_removed":["Normality"],"damage_healed":0,"gold_gain":0,"player_choice":"Card Removal","damage_taken":0,"max_hp_gain":0,"max_hp_loss":0,"event_name":"The Cleric","floor":7,"gold_loss":50},{"damage_healed":0,"gold_gain":0,"player_choice":"Fought Mushrooms","damage_taken":0,"max_hp_gain":0,"max_hp_loss":0,"event_name":"Mushrooms","floor":10,"gold_loss":0},{"damage_healed":0,"gold_gain":0,"player_choice":"Read","damage_taken":0,"max_hp_gain":0,"max_hp_loss":0,"event_name":"The Library","floor":19,"gold_loss":0,"cards_obtained":["hermit:Enervate"]},{"damage_healed":0,"gold_gain":0,"player_choice":"Ignored","damage_taken":0,"max_hp_gain":0,"max_hp_loss":0,"event_name":"Ghosts","floor":21,"gold_loss":0},{"damage_healed":0,"gold_gain":0,"player_choice":"Opened","damage_taken":0,"relics_obtained":["Boot"],"max_hp_gain":0,"max_hp_loss":0,"event_name":"The Mausoleum","floor":25,"gold_loss":0,"cards_obtained":["Writhe"]},{"damage_healed":0,"gold_gain":99,"player_choice":"Stole From Cult","damage_taken":0,"max_hp_gain":0,"max_hp_loss":0,"event_name":"Nest","floor":27,"gold_loss":0}],"is_beta":false,"boss_relics":[{"not_picked":["Philosopher\u0027s Stone","Cursed Key"],"picked":"Coffee Dripper"}],"items_purged_floors":[13,28],"is_endless":false,"potions_floor_spawned":[2,5,8,10,11,14,22,30,31],"killed_by":"Collector","ascension_level":0}}