{"host":"dn2xyj3kd3d9cfyb","time":1612756554,"event":{"mods":["BaseMod","Conspire","Hero for Fun","Hubris","Marisa£®ÏF”Í°°ƒß¿Ì…≥£©","Minty Spire (QoL Compilation)","Remilia£®¿Ÿ√◊¿Ú—«£©","Replay The Spire","Shop Mod","StSLib","The Animator","The Construct","The Cursed","The Mystic","Youmu£®ªÍ∆«—˝√Œ£©","Yuri Mod","Yuyuko"],"gold_per_floor":[117,131,131,189,269,269,358,68,95,155,155,251,297,381,381,609,609,695,790,126,183,183,183,290,395,420,531,608,736,859,907,907,1157,1157,1202,1282,1330,1412,268,268,370,451,451,40,128,128,128,234,234,389,389,389,9,142,282],"floor_reached":56,"language":"ZHS","playtime":3923,"items_purged":["Strike_RM","Defend_RM","Defend_RM","Strike_RM","Defend_RM"],"score":1449,"play_id":"48ee4f8a-a9f0-47d1-9f4a-9aec72f92f02","local_time":"20210208115554","is_ascension_mode":false,"campfire_choices":[{"floor":6,"key":"REST"},{"data":"TricksterDevil","floor":11,"key":"SMITH"},{"floor":15,"key":"RECALL"},{"data":"ForecastOfChange","floor":23,"key":"SMITH"},{"data":"BloodyCatastrophe","floor":32,"key":"SMITH"},{"data":"Deep Breath","floor":40,"key":"SMITH"},{"data":"BatForm","floor":46,"key":"SMITH"},{"data":"EquivalentExchange","floor":49,"key":"SMITH"},{"data":"HeartBreak","floor":52,"key":"SMITH"}],"circlet_count":0,"master_deck":["Strike_RM","Strike_RM","Defend_RM","RedMoon","ScarletShoot","TricksterDevil+1","DevilSight","UnstableMagic","EndlessAdversity","Delirium","StarOfDavid","ChainGang","BombardNight","RedMagic","HeartBreak+1","HunterOfTheNight+1","ScarletDevilSign","ForecastOfChange+1","AfternoonTea+1","BloodyCatastrophe+1","FitfulNightmare+1","MiserableFate","BloodAndWine+1","EquivalentExchange+1","AbeCurse","GlobalNightmare","ScarletImprint+1","BlasphemousPunishment","Deep Breath+1","Sadistic Nature","Maim","ChainGang","ScarletDevil","BatForm+1","HellCatastrophe","UnderTheZenith+1","ScarletImprint","Master of Strategy","Transmutation","Replay:Bootleg Shield Generator","ScarletSymphony+1"],"relics":["ScarletHat","Replay:Bandana","hubris:FruitBowl","hubris:EvacipatedBox","Chameleon Ring","Odd Mushroom","ScarletEmblem","conspire:TopHat","Red Mask","TungstenRod","Vajra","Anchor","Abe\u0027s Treasure","Oddly Smooth Stone","InkBottle","HandDrill","ReplayTheSpireMod:TigerMarble","MerchantsRug","Toolbox","Omamori","hubris:MedicalManual","ReplayTheSpireMod:ShopPack","Bottled Tornado"],"acts_visited":["Exordium","TheCity","TheBeyond","TheEnding"],"potions_floor_usage":[7,14,16,16,19,20,24,27,27,33,33,54,54,55],"damage_taken":[{"damage":0,"enemies":"Cultist","floor":1,"turns":3},{"damage":6,"enemies":"conspire:RoseBush","floor":2,"turns":2},{"damage":0,"enemies":"2 Louse","floor":4,"turns":7},{"damage":3,"enemies":"Gremlin Nob","floor":7,"turns":6},{"damage":0,"enemies":"Exordium Wildlife","floor":10,"turns":5},{"damage":2,"enemies":"Lagavulin","floor":12,"turns":7},{"damage":6,"enemies":"Blue Slaver","floor":13,"turns":3},{"damage":0,"enemies":"The Mushroom Lair","floor":14,"turns":2},{"damage":16,"enemies":"The Guardian","floor":16,"turns":16},{"damage":6,"enemies":"Shell Parasite","floor":18,"turns":5},{"damage":15,"enemies":"conspire:FuzzyDice","floor":19,"turns":5},{"damage":11,"enemies":"Snake Plant","floor":21,"turns":4},{"damage":0,"enemies":"Masked Bandits","floor":24,"turns":2},{"damage":0,"enemies":"conspire:SneckoGhost","floor":25,"turns":4},{"damage":0,"enemies":"conspire:Head Lice","floor":27,"turns":5},{"damage":0,"enemies":"Shelled Parasite and Fungi","floor":28,"turns":3},{"damage":7,"enemies":"conspire:SneckoGhost","floor":29,"turns":7},{"damage":12,"enemies":"conspire:HollyBat","floor":30,"turns":7},{"damage":5,"enemies":"Snecko","floor":31,"turns":3},{"damage":22,"enemies":"Champ","floor":33,"turns":8},{"damage":5,"enemies":"Orb Walker","floor":35,"turns":3},{"damage":17,"enemies":"3 Shapes","floor":36,"turns":3},{"damage":6,"enemies":"Jaw Worm Horde","floor":38,"turns":4},{"damage":14,"enemies":"Transient","floor":41,"turns":5},{"damage":18,"enemies":"Sphere and 2 Shapes","floor":42,"turns":2},{"damage":3,"enemies":"Nemesis","floor":45,"turns":5},{"damage":18,"enemies":"Writhing Mass","floor":48,"turns":3},{"damage":12,"enemies":"conspire:OrnateMirror","floor":50,"turns":3},{"damage":31,"enemies":"Shield and Spear","floor":54,"turns":4},{"damage":72,"enemies":"The Heart","floor":55,"turns":6}],"seed_played":"7365256417816653816","potions_obtained":[{"floor":4,"key":"Swift Potion"},{"floor":10,"key":"Flashbang"},{"floor":13,"key":"LiquidMemories"},{"floor":14,"key":"Dexterity Potion"},{"floor":19,"key":"Swift Potion"},{"floor":25,"key":"EntropicBrew"},{"floor":27,"key":"Fire Potion"},{"floor":28,"key":"Dexterity Potion"},{"floor":35,"key":"Dexterity Potion"},{"floor":36,"key":"SteroidPotion"},{"floor":38,"key":"PowerPotion"}],"is_trial":false,"path_per_floor":["M","M","$","M","?","R","E","$","T","M","R","E","M","?","R","B",null,"M","M","$","M","?","R","?","E","T","E","M","E","M","M","R","B",null,"M","M","T","M","$","R","M","M","T","$","E","R","?","M","R","B",null,"R","$","E","B",null],"character_chosen":"REMILIA","items_purchased":["Replay:Bandana","hubris:FruitBowl","hubris:EvacipatedBox","Chameleon Ring","Explosive Potion","Replay:Wax Seal","Strange Spoon","Fruit Juice","conspire:TopHat","ForecastOfChange","Deep Breath","InkBottle","Sadistic Nature","HandDrill","ReplayTheSpireMod:TigerMarble","MerchantsRug","Maim","BatForm","HellCatastrophe","Toolbox","hubris:MedicalManual","ReplayTheSpireMod:ShopPack"],"campfire_rested":1,"item_purchase_floors":[3,3,3,8,8,20,20,20,20,20,39,39,39,39,39,39,39,44,44,44,53,53],"current_hp_per_floor":[68,62,2,6,6,26,25,25,25,25,25,37,31,31,31,24,78,73,59,69,60,45,45,45,51,51,54,56,61,52,52,52,57,95,93,81,81,75,75,75,89,76,76,76,76,76,95,82,82,95,95,95,95,73,78],"gold":282,"neow_bonus":"THREE_RARE_CARDS","is_daily":false,"chose_seed":false,"campfire_upgraded":7,"win_rate":0.0,"timestamp":1612756554,"path_taken":["M","M","?","M","?","R","E","$","T","M","R","E","M","?","R","BOSS","M","M","$","M","?","R","?","E","T","E","M","E","M","M","R","BOSS","M","M","?","M","$","R","M","M","T","$","E","R","?","M","R","BOSS","R","$","E","BOSS"],"items_purchased_type":["Relic","Relic","Relic","Relic","Potion","Relic","Relic","Potion","Relic","Card","Card","Relic","Card","Relic","Relic","Relic","Card","Card","Card","Relic","Relic","Relic"],"build_version":"2020-12-22","purchased_purges":5,"victory":true,"max_hp_per_floor":[68,68,68,68,68,68,68,68,68,68,68,78,78,78,78,78,78,78,78,88,88,95,95,95,95,95,95,95,95,95,95,95,95,95,95,95,95,95,95,95,95,95,95,95,95,95,95,95,95,95,95,95,95,95,95],"card_choices":[{"not_picked":["BloodyCatastrophe","ScarletMeister"],"picked":"TricksterDevil","floor":0},{"not_picked":["DiffusionOfMisfortune","BadLadyScramble"],"picked":"DevilSight","floor":1},{"not_picked":["LeisurelyOfLord","RedRainbow"],"picked":"UnstableMagic","floor":2},{"not_picked":["BombardNight","DiffusionOfMisfortune"],"picked":"EndlessAdversity","floor":4},{"not_picked":["TricksterDevil","AfternoonTea"],"picked":"StarOfDavid","floor":7},{"not_picked":["UnstableMagic","MillenniumVampire"],"picked":"ChainGang","floor":10},{"not_picked":["ScarletGensokyo","Stigmanizer"],"picked":"BombardNight","floor":12},{"not_picked":["VampireKiss","VampireSweep","TwelveNightmare"],"picked":"SKIP","floor":13},{"not_picked":["HunterOfTheNight","VampireKiss"],"picked":"RedMagic","floor":14},{"not_picked":["QueenOfMidnight","TricksterDevil"],"picked":"HeartBreak","floor":16},{"not_picked":["ScarletDevil","EmergencyRegeneration"],"picked":"HunterOfTheNight+1","floor":18},{"not_picked":["NightLord","BombardNight+1"],"picked":"ScarletDevilSign","floor":19},{"not_picked":["BombardNight","MastersStateliness","ForbiddenFruit"],"picked":"SKIP","floor":21},{"not_picked":["BadLadyScramble","ReincarnationDial"],"picked":"AfternoonTea+1","floor":25},{"not_picked":["RedNightlessCastle","CharismaGuard"],"picked":"BloodyCatastrophe","floor":27},{"not_picked":["MastersStateliness","TwelveNightmare","Stigmanizer+1"],"picked":"SKIP","floor":28},{"not_picked":["UnstableMagic","NightDance+1"],"picked":"FitfulNightmare+1","floor":29},{"not_picked":["BadLadyScramble+1","EndlessAdversity"],"picked":"MiserableFate","floor":30},{"not_picked":["VampirishNight","ScarletDevilSign"],"picked":"BloodAndWine+1","floor":31},{"not_picked":["QueenOfMidnight","TricksterDevil"],"picked":"EquivalentExchange","floor":33},{"not_picked":["MiserableFate","MillenniumVampire"],"picked":"GlobalNightmare","floor":35},{"not_picked":["SuperhumanBloodyKnife+1","Stigmanizer+1"],"picked":"ScarletImprint+1","floor":36},{"not_picked":["BloodyTrap","BloodHunter"],"picked":"BlasphemousPunishment","floor":38},{"not_picked":["RedRainbow+1","UnstableMagic"],"picked":"ChainGang","floor":41},{"not_picked":["FitfulNightmare+1","ScarletDevilSign"],"picked":"ScarletDevil","floor":42},{"not_picked":["BlasphemousPunishment+1","RedRainbow+1"],"picked":"UnderTheZenith+1","floor":45},{"not_picked":["MastersStateliness+1","QueenOfMidnight"],"picked":"ScarletImprint","floor":48},{"not_picked":["Poisoned Strike","Violence"],"picked":"Master of Strategy","floor":53},{"not_picked":["Midas Touch","hubris:Ssssneak"],"picked":"Transmutation","floor":53},{"not_picked":["Mind Blast","Replay:Sssssssssshield"],"picked":"Replay:Bootleg Shield Generator","floor":53},{"not_picked":["DiffusionOfMisfortune","Stigmanizer"],"picked":"ScarletSymphony+1","floor":54}],"player_experience":630510,"relics_obtained":[{"floor":7,"key":"Tiny Chest"},{"floor":12,"key":"Strawberry"},{"floor":14,"key":"Odd Mushroom"},{"floor":24,"key":"Red Mask"},{"floor":25,"key":"TungstenRod"},{"floor":26,"key":"Vajra"},{"floor":27,"key":"Anchor"},{"floor":29,"key":"Pet Ghost"},{"floor":37,"key":"Oddly Smooth Stone"},{"floor":43,"key":"CeramicFish"},{"floor":45,"key":"Omamori"},{"floor":54,"key":"Bottled Tornado"}],"event_choices":[{"damage_healed":0,"gold_gain":0,"player_choice":"Fought Mushrooms","damage_taken":0,"max_hp_gain":0,"max_hp_loss":0,"event_name":"Mushrooms","floor":14,"gold_loss":0},{"damage_healed":0,"gold_gain":0,"player_choice":"Shed Blood","damage_taken":22,"max_hp_gain":5,"max_hp_loss":0,"event_name":"Forgotten Altar","floor":22,"gold_loss":0},{"damage_healed":0,"gold_gain":0,"player_choice":"Fought Bandits","damage_taken":0,"max_hp_gain":0,"max_hp_loss":0,"event_name":"Masked Bandits","floor":24,"gold_loss":0},{"damage_healed":24,"gold_gain":0,"player_choice":"Writhe","damage_taken":0,"max_hp_gain":0,"max_hp_loss":0,"event_name":"Winding Halls","floor":47,"gold_loss":0,"cards_obtained":["Writhe"]}],"is_beta":false,"boss_relics":[{"not_picked":["Replay:Drink Me","construct:ClawGrip","conspire:SpecialSausage"],"picked":"ScarletEmblem"},{"not_picked":["ReplayTheSpireMod:DimensionalGlitch","Black Star","construct:WeddingRing"],"picked":"Abe\u0027s Treasure"}],"items_purged_floors":[3,3,20,39,53],"is_endless":false,"potions_floor_spawned":[4,10,13,14,19,25,27,28,35,36,38,42],"ascension_level":0}}