{"host":"j5j96s76v36ug78u","time":1612818904,"event":{"mods":["Astrologer","Bartender","BaseMod","Better Third Choice","Highlight Path","JesterMod","Minty Spire (QoL Compilation)","Onozuka Komachi Mod","Potion Indicator Mod","Potionbrewer","Reliquary","Robot Space Explorer","StSLib","The Bug Knight","The Clintock"],"gold_per_floor":[119,71,89,14,25,25,25],"floor_reached":6,"language":"ENG","playtime":481,"items_purged":["astrologer:Defend"],"score":36,"play_id":"cd3ba330-af8c-4400-93e4-48fde43e8483","local_time":"20210208181504","is_ascension_mode":false,"campfire_choices":[],"circlet_count":0,"master_deck":["astrologer:Strike","astrologer:Strike","astrologer:Strike","astrologer:Strike","astrologer:Defend","astrologer:Defend","astrologer:Defend","astrologer:NorthStar","astrologer:TheFool","astrologer:SpaceDust","astrologer:Judgement","astrologer:FrozenStar"],"relics":["astrologer:SkyMirror","betterThird:SlimedRelic"],"acts_visited":["Exordium"],"potions_floor_usage":[],"damage_taken":[{"damage":1,"enemies":"Cultist","floor":1,"turns":3},{"damage":8,"enemies":"Small Slimes","floor":3,"turns":4},{"damage":9,"enemies":"Jaw Worm","floor":5,"turns":4},{"damage":70,"enemies":"Gremlin Nob","floor":6,"turns":6}],"seed_played":"8207657184956128443","potions_obtained":[{"floor":1,"key":"BlessingOfTheForge"},{"floor":5,"key":"DuplicationPotion"}],"is_trial":false,"path_per_floor":["M","?","M","$","M","E"],"character_chosen":"ASTROLOGER","items_purchased":[],"campfire_rested":0,"item_purchase_floors":[],"current_hp_per_floor":[76,65,57,57,48,0,0],"gold":25,"neow_bonus":"TEN_PERCENT_HP_BONUS","is_daily":false,"chose_seed":false,"campfire_upgraded":0,"win_rate":0.0,"timestamp":1612818904,"path_taken":["M","?","M","$","M","E"],"items_purchased_type":[],"build_version":"2020-12-22","purchased_purges":1,"victory":false,"max_hp_per_floor":[77,77,77,77,77,77,77],"card_choices":[{"not_picked":["astrologer:TheTower","astrologer:Moonlight"],"picked":"astrologer:SpaceDust","floor":1},{"not_picked":["astrologer:Stardust","astrologer:Radiance"],"picked":"astrologer:Judgement","floor":3},{"not_picked":["astrologer:TheEmperor","astrologer:MeteorShower"],"picked":"astrologer:FrozenStar","floor":5}],"player_experience":165806,"relics_obtained":[],"event_choices":[{"damage_healed":0,"gold_gain":0,"player_choice":"Slimed","damage_taken":11,"max_hp_gain":0,"max_hp_loss":0,"event_name":"betterThird:BetterGoop","floor":2,"gold_loss":48}],"is_beta":false,"boss_relics":[],"items_purged_floors":[4],"is_endless":false,"potions_floor_spawned":[1,5],"killed_by":"Gremlin Nob","ascension_level":0}}