{"host":"8lgo2trwv2o0qyml","time":1612817002,"event":{"mods":["BaseMod","Colored Map","Colored Powertips","DeckTracker","Highlight Path","Hubris","Infinite Spire","Minty Spire (QoL Compilation)","Quick Restart","Random Character Button","Relic Sorter","Replay The Spire","StSLib","SuperFastMode","Synergy Search"],"gold_per_floor":[110,122,13,49,26,52,69,69,69,100,100,115,133,164,164,261,261,281,281,281,14,30,30,30],"floor_reached":23,"playtime":1374,"items_purged":["Decay"],"score":309,"play_id":"ebd113ff-0e01-4472-976f-826b53635cfc","local_time":"20210208154322","is_ascension_mode":false,"campfire_choices":[{"data":"BattleHymn","floor":8,"key":"SMITH"},{"data":"ReplayTheSpireMod:Faulty Equipment","floor":11,"key":"SMITH"},{"data":"Fasting2","floor":15,"key":"SMITH"}],"circlet_count":0,"master_deck":["Defend_P","Defend_P","Defend_P","Defend_P","Eruption","Vigilance","FlurryOfBlows","WheelKick","BattleHymn+1","FlurryOfBlows","ThirdEye","Evaluate","Replay:ManipulateFuture","Fasting2+1","Replay:LoomingThreat","Replay:ManipulateFuture","Replay:LoomingThreat","Establishment","JustLucky","Bite","Bite","Bite","Bite","Bite","Magnetism","FlyingSleeves"],"relics":["PureWater","hubris:DeckOfHolding","NeowsBlessing","FossilizedHelix","ReplayTheSpireMod:CursedCoin","Gremlin Food","infinitespire:FocusingShard","hubris:TenFootPole","hubris:GrandSneckoEye"],"acts_visited":["Exordium","TheCity"],"potions_floor_usage":[10,12,14],"damage_taken":[{"damage":0,"enemies":"Cultist","floor":1,"turns":1},{"damage":0,"enemies":"2 Louse","floor":2,"turns":1},{"damage":0,"enemies":"3 Sentries","floor":6,"turns":1},{"damage":0,"enemies":"Jaw Worm","floor":7,"turns":2},{"damage":0,"enemies":"Gremlin Nob","floor":10,"turns":3},{"damage":0,"enemies":"Blue Slaver","floor":12,"turns":4},{"damage":0,"enemies":"3 Louse","floor":13,"turns":3},{"damage":0,"enemies":"Lagavulin","floor":14,"turns":5},{"damage":15,"enemies":"The Guardian","floor":16,"turns":11},{"damage":22,"enemies":"3 Byrds","floor":18,"turns":6},{"damage":29,"enemies":"2 Thieves","floor":22,"turns":4},{"damage":51,"enemies":"Nightmare","floor":23,"turns":6}],"seed_played":"3046122450587945676","potions_obtained":[{"floor":6,"key":"SneckoOil"},{"floor":10,"key":"BottledMiracle"},{"floor":12,"key":"CultistPotion"},{"floor":13,"key":"BottledMiracle"}],"is_trial":false,"path_per_floor":["M","M","?","$","$","E","M","R","T","E","R","M","M","E","R","B",null,"M","?","?","$","M","NM"],"character_chosen":"WATCHER","items_purchased":["ReplayTheSpireMod:CursedCoin","BattleHymn","FlurryOfBlows","ThirdEye","Magnetism"],"campfire_rested":0,"item_purchase_floors":[4,4,4,5,21],"current_hp_per_floor":[72,72,72,72,72,72,72,72,72,72,72,72,72,72,72,57,72,50,50,50,50,28,0,0],"gold":30,"neow_bonus":"THREE_ENEMY_KILL","is_daily":false,"chose_seed":false,"campfire_upgraded":3,"win_rate":0.0,"timestamp":1612817002,"path_taken":["M","?","?","?","$","E","M","R","T","E","R","M","M","E","R","BOSS","M","?","?","$","?","NM"],"items_purchased_type":["Relic","Card","Card","Card","Card"],"build_version":"2020-12-22","purchased_purges":1,"victory":false,"max_hp_per_floor":[72,72,72,72,72,72,72,72,72,72,72,72,72,72,72,72,72,72,50,50,50,50,50,50],"card_choices":[{"not_picked":["EmptyFist","CrushJoints"],"picked":"FlurryOfBlows","floor":1},{"not_picked":["SashWhip","EmptyFist"],"picked":"WheelKick","floor":2},{"not_picked":["Protect","BowlingBash"],"picked":"Evaluate","floor":6},{"not_picked":["Indignation","ReachHeaven"],"picked":"Replay:ManipulateFuture","floor":7},{"not_picked":["TalkToTheHand","Crescendo"],"picked":"Fasting2","floor":10},{"not_picked":["CarveReality","CrushJoints"],"picked":"Replay:LoomingThreat","floor":12},{"not_picked":["Consecrate","FlyingSleeves"],"picked":"Replay:ManipulateFuture","floor":13},{"not_picked":["Meditate","JustLucky"],"picked":"Replay:LoomingThreat","floor":14},{"not_picked":["Replay:AllIn","Brilliance"],"picked":"Establishment","floor":16},{"not_picked":["Consecrate","CrushJoints+1"],"picked":"JustLucky","floor":18},{"not_picked":["Vengeance","WindmillStrike"],"picked":"FlyingSleeves","floor":22}],"player_experience":125454,"relics_obtained":[{"floor":6,"key":"Gremlin Food"},{"floor":9,"key":"hubris:DeckOfHolding"},{"floor":10,"key":"infinitespire:FocusingShard"},{"floor":14,"key":"hubris:TenFootPole"}],"event_choices":[{"damage_healed":0,"gold_gain":0,"player_choice":"Paid Gold","damage_taken":0,"relics_obtained":["FossilizedHelix"],"max_hp_gain":0,"max_hp_loss":0,"event_name":"WeMeetAgain","floor":3,"gold_loss":109},{"damage_healed":0,"gold_gain":0,"player_choice":"Became a vampire","damage_taken":0,"max_hp_gain":0,"max_hp_loss":22,"event_name":"Vampires","floor":19,"gold_loss":0,"cards_obtained":["Bite","Bite","Bite","Bite","Bite"]},{"damage_healed":0,"gold_gain":0,"player_choice":"Cursed","damage_taken":0,"max_hp_gain":0,"max_hp_loss":0,"event_name":"Wheel of Change","floor":20,"gold_loss":0,"cards_obtained":["Decay"]}],"is_beta":false,"boss_relics":[{"not_picked":["infinitespire:Cupcake","Replay:Bronze Core"],"picked":"hubris:GrandSneckoEye"}],"items_purged_floors":[21],"is_endless":false,"potions_floor_spawned":[6,10,12,13],"killed_by":"Nightmare","ascension_level":0}}