{"host":"aelxjre69umlx7r4","time":1612776173,"event":{"mods":["AchievementEnabler","BaseMod","DeckTracker","Highlight Path","Keyboard Shortcuts","Minty Spire (QoL Compilation)","Permanent Neow","SuperFastMode"],"gold_per_floor":[116,135,210,135,146,146,172,172,172,172,207,218,218,246,246,246,246],"floor_reached":16,"language":"KOR","playtime":549,"items_purged":["Bash"],"score":124,"play_id":"6acf48d9-d0c1-4a44-83c5-16b9d288481f","local_time":"20210208182253","is_ascension_mode":true,"campfire_choices":[{"data":"Perfected Strike","floor":6.0,"key":"SMITH"},{"floor":10.0,"key":"RECALL"},{"data":"Panacea","floor":13.0,"key":"SMITH"},{"data":"Pommel Strike","floor":15,"key":"SMITH"}],"circlet_count":0,"master_deck":["Strike_R","Strike_R","Strike_R","Strike_R","Strike_R","Defend_R","Defend_R","Defend_R","Defend_R","Panacea+1","Perfected Strike+1","Battle Trance","Headbutt","Shrug It Off","Entrench","Pommel Strike+1","Armaments"],"relics":["Burning Blood","Sundial","SsserpentHead","Bottled Flame","Calipers","Smiling Mask"],"acts_visited":["Exordium"],"potions_floor_usage":[],"damage_taken":[{"damage":1.0,"enemies":"Jaw Worm","floor":1.0,"turns":3.0},{"damage":6.0,"enemies":"Cultist","floor":2.0,"turns":3.0},{"damage":12.0,"enemies":"Small Slimes","floor":5.0,"turns":4.0},{"damage":15.0,"enemies":"Gremlin Nob","floor":7.0,"turns":4.0},{"damage":31.0,"enemies":"Lagavulin","floor":11.0,"turns":5.0},{"damage":7.0,"enemies":"Blue Slaver","floor":12.0,"turns":3.0},{"damage":14,"enemies":"Gremlin Nob","floor":14,"turns":3},{"damage":0,"enemies":"Hexaghost","floor":16,"turns":2}],"seed_played":"5345412958869838373","potions_obtained":[{"floor":1.0,"key":"ElixirPotion"},{"floor":5.0,"key":"AttackPotion"},{"floor":14,"key":"LiquidMemories"}],"is_trial":false,"path_per_floor":["M","M","?","$","M","R","E","?","T","R","E","M","R","E","R","B"],"character_chosen":"IRONCLAD","items_purchased":[],"campfire_rested":0,"item_purchase_floors":[],"current_hp_per_floor":[80,80,69,69,63,63,54,54,54,54,29,28,28,20,20,20,20],"gold":246,"neow_bonus":"RANDOM_COLORLESS","is_daily":false,"chose_seed":false,"campfire_upgraded":3,"win_rate":0.0,"timestamp":1612776173,"path_taken":["M","M","?","$","M","R","E","?","T","R","E","M","R","E","R","BOSS"],"items_purchased_type":[],"build_version":"2020-12-22","purchased_purges":1,"victory":false,"max_hp_per_floor":[80,80,80,80,80,80,80,80,80,80,80,80,80,80,80,80,80],"card_choices":[{"not_picked":["Finesse","Bandage Up"],"picked":"Panacea","floor":0.0},{"not_picked":["True Grit","Shrug It Off"],"picked":"Perfected Strike","floor":1.0},{"not_picked":["Clash","Metallicize"],"picked":"Battle Trance","floor":2.0},{"not_picked":["Iron Wave","Clothesline"],"picked":"Headbutt","floor":5.0},{"not_picked":["Second Wind","Spot Weakness"],"picked":"Shrug It Off","floor":7.0},{"not_picked":["Sword Boomerang","Sentinel"],"picked":"Entrench","floor":11.0},{"not_picked":["Rage","Bloodletting"],"picked":"Pommel Strike","floor":12.0},{"not_picked":["Carnage","Seeing Red"],"picked":"Armaments","floor":14}],"player_experience":402801,"relics_obtained":[{"floor":7.0,"key":"Sundial"},{"floor":9.0,"key":"Bottled Flame"},{"floor":11.0,"key":"Calipers"},{"floor":14,"key":"Smiling Mask"}],"event_choices":[{"damage_healed":0.0,"max_hp_gain":0.0,"max_hp_loss":0.0,"gold_gain":75.0,"event_name":"World of Goop","player_choice":"Gather Gold","floor":3.0,"gold_loss":0.0,"damage_taken":11.0},{"damage_healed":0.0,"max_hp_gain":0.0,"max_hp_loss":0.0,"gold_gain":0.0,"event_name":"FaceTrader","player_choice":"Trade","floor":8.0,"gold_loss":0.0,"damage_taken":0.0,"relics_obtained":["SsserpentHead"]}],"is_beta":false,"boss_relics":[],"items_purged_floors":[4],"is_endless":false,"potions_floor_spawned":[1,5,14],"killed_by":"Hexaghost","ascension_level":1}}