{"host":"psytf3wd8ccrk52d","time":1612754551,"event":{"mods":["Astrologer","Bartender","BaseMod","Better Third Choice","CapriCore","CatGirl Mod","Colored Map","Dio Mod","Downfall","Ekko","Friendly Minions","Hermit","JesterMod","Mathematician","Minty Spire (QoL Compilation)","Replay The Spire","Robot Space Explorer","SIMod","Shade Mod","Shop Mod","Spire Arcade","StSLib","The Alterego","The Fake Hero","The Immortal","The Marked","The Problem Sleuth","The Sage","The Spell Scribe","The Vixen","TheFirefly","TheVacant","Yohane!"],"gold_per_floor":[112,132,132,147,147,147,147,147,147,147,162,186,200,260,260,260,260,260],"floor_reached":16,"language":"ENG","playtime":643,"items_purged":[],"score":90,"play_id":"049b26ad-8164-4500-9a3a-cbd385481aee","local_time":"20210208032231","is_ascension_mode":false,"campfire_choices":[{"data":"theSleuth:KeyHandgun","floor":8,"key":"SMITH"},{"data":"theSleuth:WizardSudoku","floor":10,"key":"SMITH"}],"circlet_count":0,"master_deck":["theSleuth:Strike","theSleuth:Strike","theSleuth:Strike","theSleuth:Strike+1","theSleuth:Defend","theSleuth:Defend+1","theSleuth:Defend+1","theSleuth:KeyHandgun+1","theSleuth:TakeInventory","theSleuth:Diplomacy","theSleuth:WeighIn","theSleuth:PezUzi","theSleuth:WizardSudoku+1","theSleuth:Tootshotgun","theSleuth:TruffleShuffle","theSleuth:CandidBullets+1"],"relics":["theSleuth:Typewriter","NeowsBlessing","Replay:Multitool","Blue Candle","Mirror","Odd Mushroom","Oddly Smooth Stone"],"acts_visited":["Exordium"],"potions_floor_usage":[],"damage_taken":[{"damage":0,"enemies":"2 Louse","floor":1,"turns":1},{"damage":0,"enemies":"Small Slimes","floor":2,"turns":1},{"damage":0,"enemies":"Cultist","floor":4,"turns":1},{"damage":0,"enemies":"2 Fungi Beasts","floor":11,"turns":6},{"damage":2,"enemies":"The Mushroom Lair","floor":12,"turns":5},{"damage":0,"enemies":"3 Louse","floor":13,"turns":3},{"damage":9,"enemies":"3 Sentries","floor":14,"turns":7},{"damage":1,"enemies":"The Guardian","floor":16,"turns":3}],"seed_played":"2797818251540651730","potions_obtained":[{"floor":4,"key":"Reflective Coating"},{"floor":14,"key":"Doom Potion"}],"is_trial":false,"path_per_floor":["M","M","?","M","?","?","?","R","T","R","M","?","M","?","R","B"],"character_chosen":"THE_sleuth","items_purchased":[],"campfire_rested":0,"item_purchase_floors":[],"current_hp_per_floor":[73,73,73,73,68,53,53,53,53,53,53,51,51,42,63,62,62,62],"gold":260,"neow_bonus":"THREE_ENEMY_KILL","is_daily":false,"chose_seed":false,"campfire_upgraded":2,"win_rate":0.0,"timestamp":1612754551,"path_taken":["M","M","?","M","?","?","?","R","T","R","M","?","M","?","R","BOSS"],"items_purchased_type":[],"build_version":"2020-12-22","purchased_purges":0,"victory":false,"max_hp_per_floor":[73,73,73,73,73,73,73,73,73,73,73,73,73,73,73,73,73,73],"card_choices":[{"not_picked":["theSleuth:Unscale","theSleuth:FlaskOfWhiskey"],"picked":"theSleuth:WeighIn","floor":1},{"not_picked":["theSleuth:TruffleShuffle","theSleuth:Embarrass"],"picked":"theSleuth:PezUzi","floor":2},{"not_picked":["theSleuth:WilsonBust","theSleuth:Fortify"],"picked":"theSleuth:WizardSudoku","floor":4},{"not_picked":["theSleuth:SpadeDig","theSleuth:Ogle"],"picked":"theSleuth:Tootshotgun","floor":11},{"not_picked":["theSleuth:Unscale","theSleuth:FudgeDeck"],"picked":"theSleuth:TruffleShuffle","floor":12},{"not_picked":["theSleuth:Embarrass","theSleuth:FudgeDeck","theSleuth:Taze"],"picked":"SKIP","floor":13},{"not_picked":["theSleuth:ThrowHat","theSleuth:Ignore"],"picked":"theSleuth:CandidBullets","floor":14}],"player_experience":80883,"relics_obtained":[{"floor":9,"key":"Mirror"},{"floor":12,"key":"Odd Mushroom"},{"floor":14,"key":"Oddly Smooth Stone"}],"event_choices":[{"damage_healed":68,"gold_gain":0,"player_choice":"Upgrade","damage_taken":15,"max_hp_gain":0,"max_hp_loss":73,"event_name":"betterThird:BetterShining","floor":6,"gold_loss":0,"cards_upgraded":["theSleuth:Defend","theSleuth:Strike"]},{"damage_healed":0,"gold_gain":0,"player_choice":"Fought Mushrooms","damage_taken":0,"max_hp_gain":0,"max_hp_loss":0,"event_name":"Mushrooms","floor":12,"gold_loss":0},{"damage_healed":0,"gold_gain":0,"player_choice":"Searched \u00271\u0027 times","damage_taken":0,"max_hp_gain":0,"max_hp_loss":0,"event_name":"Dead Adventurer","floor":14,"gold_loss":0}],"is_beta":false,"boss_relics":[],"items_purged_floors":[],"is_endless":false,"potions_floor_spawned":[4,14],"killed_by":"The Guardian","ascension_level":0}}