{"host":"41vgbr386mrj4p17","time":1612759152,"event":{"mods":["AchievementEnabler","AlwaysNeverKeys","BaseMod","Bestiary","Better Altar","Better Match","Better Note","Better Sensory Stone","Better Skull","Better Third Choice","Colored Map","Curses Come First","Downfall","Googly Eyes","Hermit","Highlight Path","Minty Spire (QoL Compilation)","Shade Mod","StSLib","The Cursed"],"gold_per_floor":[117,130,140,140,140,140,172,172,172,184,184,197,197,122,122,222,222,235,253,178,178,197,197,197,197],"floor_reached":24,"language":"ENG","playtime":1245,"items_purged":["TheCursedMod:Defend_TheCursed"],"score":299,"play_id":"3b9706a1-157e-4ce6-95fb-3f8e7a5c9c26","local_time":"20210207233912","is_ascension_mode":true,"campfire_choices":[{"data":"TheCursedMod:CleanUpWorkshop","floor":6,"key":"SMITH"},{"floor":8,"key":"REST"},{"data":"TheCursedMod:VoidForm","floor":11,"key":"SMITH"},{"data":"TheCursedMod:CursedWand","floor":13,"key":"SMITH"},{"floor":15,"key":"REST"},{"data":"TheCursedMod:AntiAging","floor":23,"key":"SMITH"}],"circlet_count":0,"master_deck":["TheCursedMod:Strike_TheCursed","TheCursedMod:Strike_TheCursed","TheCursedMod:Strike_TheCursed","TheCursedMod:Strike_TheCursed","TheCursedMod:Defend_TheCursed","TheCursedMod:Defend_TheCursed","TheCursedMod:CursedWand+1","TheCursedMod:CleanUpWorkshop+1","TheCursedMod:Dregs","TheCursedMod:CursedShiv","TheCursedMod:Wield","TheCursedMod:SpitefulPray","TheCursedMod:VoidForm+1","TheCursedMod:WearCloak","TheCursedMod:AntiAging+1","TheCursedMod:SpitefulPlan","downfall:Bewildered"],"relics":["TheCursedMod:BlackMagic101","Art of War","Bag of Preparation","TheCursedMod:Tack","TheCursedMod:OminousMark","sneckomod:BabySnecko"],"acts_visited":["Exordium","TheCity"],"potions_floor_usage":[12,22,24,24],"damage_taken":[{"damage":2,"enemies":"Small Slimes","floor":1,"turns":4},{"damage":0,"enemies":"2 Louse","floor":2,"turns":3},{"damage":0,"enemies":"Jaw Worm","floor":3,"turns":3},{"damage":46,"enemies":"Gremlin Nob","floor":7,"turns":5},{"damage":6,"enemies":"2 Fungi Beasts","floor":10,"turns":3},{"damage":6,"enemies":"Gremlin Gang","floor":12,"turns":3},{"damage":36,"enemies":"Slime Boss","floor":16,"turns":6},{"damage":5,"enemies":"3 Byrds","floor":18,"turns":3},{"damage":0,"enemies":"Chosen","floor":19,"turns":4},{"damage":29,"enemies":"Snake Plant","floor":22,"turns":3},{"damage":48,"enemies":"Gremlin Leader","floor":24,"turns":2}],"seed_played":"-3509637679134830177","potions_obtained":[{"floor":7,"key":"SpeedPotion"},{"floor":10,"key":"SteroidPotion"},{"floor":12,"key":"SpeedPotion"},{"floor":19,"key":"hexamod:SoulburnPotion"}],"is_trial":false,"path_per_floor":["M","M","M","?","?","R","E","R","T","M","R","M","R","$","R","B",null,"M","M","?","?","M","R","E"],"character_chosen":"THE_CURSED","items_purchased":[],"campfire_rested":2,"item_purchase_floors":[],"current_hp_per_floor":[73,73,73,78,66,66,20,46,46,40,40,34,34,34,60,24,71,68,70,70,70,43,43,0,0],"gold":197,"neow_bonus":"TEN_PERCENT_HP_BONUS","is_daily":false,"chose_seed":false,"campfire_upgraded":4,"win_rate":0.0,"timestamp":1612759152,"path_taken":["M","M","M","?","?","R","E","R","T","M","R","M","R","$","R","BOSS","M","M","?","?","?","R","E"],"items_purchased_type":[],"build_version":"2020-12-22","purchased_purges":1,"victory":false,"max_hp_per_floor":[82,82,82,87,87,87,87,87,87,87,87,87,87,87,87,87,87,89,91,91,91,93,93,96,96],"card_choices":[{"not_picked":["TheCursedMod:Stretching","TheCursedMod:CursedStaff"],"picked":"TheCursedMod:CursedShiv","floor":1},{"not_picked":["TheCursedMod:SaltUponWound","TheCursedMod:RapidMovement"],"picked":"TheCursedMod:Wield","floor":2},{"not_picked":["TheCursedMod:VitalStrike","TheCursedMod:CursedBlade"],"picked":"TheCursedMod:SpitefulPray","floor":3},{"not_picked":["TheCursedMod:ManaBullet","TheCursedMod:CircleOfBlood"],"picked":"TheCursedMod:VoidForm","floor":7},{"not_picked":["TheCursedMod:SpreadPlague","TheCursedMod:RavingStaff","TheCursedMod:VitalStrike"],"picked":"SKIP","floor":10},{"not_picked":["TheCursedMod:SmokeScreen","TheCursedMod:Torture"],"picked":"TheCursedMod:WearCloak","floor":12},{"not_picked":["TheCursedMod:VoidForm","TheCursedMod:ShockAndAwe"],"picked":"TheCursedMod:AntiAging","floor":16},{"not_picked":["TheCursedMod:AbyssShockwave","TheCursedMod:CursedShiv"],"picked":"TheCursedMod:SpitefulPlan","floor":18},{"not_picked":["TheCursedMod:SmokeScreen","TheCursedMod:Stigma","TheCursedMod:CircleOfFlame"],"picked":"SKIP","floor":19},{"not_picked":["TheCursedMod:CursedMace+1","TheCursedMod:EmpowerCircles","TheCursedMod:CursedAmulet"],"picked":"SKIP","floor":22}],"player_experience":1048912,"relics_obtained":[{"floor":7,"key":"Bag of Preparation"},{"floor":9,"key":"TheCursedMod:Tack"}],"event_choices":[{"damage_healed":0,"gold_gain":0,"player_choice":"Donut","damage_taken":0,"max_hp_gain":5,"max_hp_loss":0,"event_name":"Big Fish","floor":4,"gold_loss":0},{"damage_healed":0,"gold_gain":0,"player_choice":"Relic ","damage_taken":12,"max_hp_gain":0,"max_hp_loss":0,"event_name":"betterThird:BetterScrap","floor":5,"gold_loss":0,"cards_obtained":["Rupture"]},{"cards_removed":["TheCursedMod:Defend_TheCursed"],"damage_healed":0,"gold_gain":0,"player_choice":"Gave Gold","damage_taken":0,"max_hp_gain":0,"max_hp_loss":0,"event_name":"Beggar","floor":20,"gold_loss":75}],"is_beta":false,"boss_relics":[{"not_picked":["Tiny House","Calling Bell"],"picked":"TheCursedMod:OminousMark"}],"items_purged_floors":[14],"is_endless":false,"potions_floor_spawned":[7,10,12,19],"killed_by":"Gremlin Leader","ascension_level":8}}