{"host":"hka8b3f4pkvnp4ei","time":1612785224,"event":{"mods":["BaseMod","Minty Spire (QoL Compilation)","Quick Restart","Replay The Spire","StSLib"],"gold_per_floor":[119,119,119,131,14,41,41,75,129,129,172,172,172,188,188,317,317,332,75,195,195,195,226,226,257,281,281,281,281],"floor_reached":28,"language":"ZHS","playtime":1005,"items_purged":["Parasite","Strike_G"],"score":391,"play_id":"a4052405-5e5f-475b-9bec-2fdd996eff7b","local_time":"20210208195344","is_ascension_mode":true,"campfire_choices":[{"data":"Apotheosis","floor":7.0,"key":"SMITH"},{"floor":12.0,"key":"REST"},{"floor":15.0,"key":"RECALL"},{"data":"Prepared","floor":27.0,"key":"SMITH"}],"circlet_count":0,"master_deck":["Strike_G","Strike_G","Strike_G","Strike_G","Defend_G+1","Defend_G+1","Defend_G+1","Defend_G+1","Defend_G+1","Survivor+1","Neutralize","Acrobatics+1","Apotheosis+1","Predator","Prepared+1","Concentrate","Blade Dance","Footwork+1","Ghostly","Ghostly","Ghostly","Ghostly","Ghostly"],"relics":["Ring of the Snake","NeowsBlessing","Juzu Bracelet","ReplayTheSpireMod:CursedCoin","Replay:Bottled Snecko","Replay:Bottled Eggs","Replay:Rubber Ducky","Golden Idol","Mercury Hourglass","Black Star","OrangePellets","Meat on the Bone","Question Card","Counterbalance","ReplayTheSpireMod:Lightbulb","Gremlin Food"],"acts_visited":["Exordium","TheCity"],"potions_floor_usage":[28],"damage_taken":[{"damage":0.0,"enemies":"Jaw Worm","floor":1.0,"turns":1.0},{"damage":0.0,"enemies":"Cultist","floor":4.0,"turns":1.0},{"damage":0.0,"enemies":"3 Sentries","floor":6.0,"turns":2.0},{"damage":11.0,"enemies":"Lagavulin","floor":8.0,"turns":8.0},{"damage":15.0,"enemies":"3 Sentries","floor":11.0,"turns":10.0},{"damage":0.0,"enemies":"Small Slimes","floor":14.0,"turns":2.0},{"damage":21.0,"enemies":"Hexaghost","floor":16.0,"turns":11.0},{"damage":0.0,"enemies":"3 Byrds","floor":18.0,"turns":3.0},{"damage":10.0,"enemies":"Slavers","floor":23.0,"turns":4.0},{"damage":15.0,"enemies":"Gremlin Leader","floor":25.0,"turns":10.0},{"damage":21,"enemies":"Slavers","floor":28,"turns":7}],"seed_played":"5578517127182028548","potions_obtained":[{"floor":1.0,"key":"Toxic Potion"},{"floor":14.0,"key":"SpeedPotion"},{"floor":16.0,"key":"Reflective Coating"},{"floor":23.0,"key":"Poison Potion"}],"is_trial":false,"path_per_floor":["M","?","?","M","$","E","R","E","T","?","E","R","?","M","R","B",null,"M","$","?","?","?","E","?","E","T","R","E"],"character_chosen":"THE_SILENT","items_purchased":["ReplayTheSpireMod:CursedCoin","Apotheosis","OrangePellets"],"campfire_rested":1,"item_purchase_floors":[5,5,19],"current_hp_per_floor":[70,56,53,53,53,53,53,42,42,26,11,31,31,31,31,10,53,53,53,37,25,25,27,27,24,24,24,3,3],"gold":281,"neow_bonus":"THREE_ENEMY_KILL","is_daily":false,"chose_seed":false,"campfire_upgraded":2,"win_rate":0.0,"timestamp":1612785224,"path_taken":["M","?","?","M","?","E","R","E","T","?","E","R","?","M","R","BOSS","M","$","?","?","?","E","?","E","T","R","E"],"items_purchased_type":["Relic","Card","Relic"],"build_version":"2020-12-22","purchased_purges":2,"victory":false,"max_hp_per_floor":[70,70,70,70,67,67,67,67,67,67,67,67,67,67,67,67,67,67,67,67,72,72,72,36,36,36,36,36,36],"card_choices":[{"not_picked":["Choke","Escape Plan","Sucker Punch"],"picked":"SKIP","floor":1.0},{"not_picked":["Deflect","Flying Knee"],"picked":"Acrobatics","floor":4.0},{"not_picked":["Corpse Explosion","Backflip"],"picked":"Predator","floor":6.0},{"not_picked":["Escape Plan","Setup","Poisoned Stab"],"picked":"SKIP","floor":8.0},{"not_picked":["Escape Plan","Setup","Poisoned Stab"],"picked":"SKIP","floor":8.0},{"not_picked":["Dodge and Roll","Prepared","Acrobatics"],"picked":"SKIP","floor":11.0},{"not_picked":["Dodge and Roll","Acrobatics"],"picked":"Prepared","floor":11.0},{"not_picked":["Sucker Punch","Dagger Spray","Skewer"],"picked":"SKIP","floor":14.0},{"not_picked":["Sucker Punch","Noxious Fumes"],"picked":"Concentrate","floor":18.0},{"not_picked":["ReplayTheSpireMod:Exploit Weakness","Dodge and Roll"],"picked":"Blade Dance","floor":20.0},{"not_picked":["Caltrops+1","Grand Finale"],"picked":"Footwork+1","floor":23.0},{"not_picked":["Deflect+1","Prepared+1","Flying Knee+1","Dagger Spray+1"],"picked":"SKIP","floor":25.0}],"player_experience":456323,"relics_obtained":[{"floor":6.0,"key":"Replay:Bottled Snecko"},{"floor":8.0,"key":"Replay:Bottled Eggs"},{"floor":9.0,"key":"Replay:Rubber Ducky"},{"floor":11.0,"key":"Mercury Hourglass"},{"floor":22.0,"key":"Meat on the Bone"},{"floor":23.0,"key":"Question Card"},{"floor":23.0,"key":"Counterbalance"},{"floor":25.0,"key":"ReplayTheSpireMod:Lightbulb"},{"floor":25.0,"key":"Gremlin Food"}],"event_choices":[{"damage_healed":0.0,"max_hp_gain":0.0,"max_hp_loss":0.0,"gold_gain":0.0,"event_name":"Shining Light","player_choice":"Entered Light","floor":2.0,"gold_loss":0.0,"damage_taken":14.0,"cards_upgraded":["Defend_G","Survivor"]},{"damage_healed":0.0,"max_hp_gain":0.0,"max_hp_loss":0.0,"gold_gain":0.0,"event_name":"Scrap Ooze","player_choice":"Success","floor":3.0,"gold_loss":0.0,"damage_taken":3.0,"relics_obtained":["Juzu Bracelet"]},{"damage_healed":0.0,"max_hp_gain":0.0,"max_hp_loss":0.0,"gold_gain":0.0,"event_name":"Golden Idol","player_choice":"Take Damage","floor":10.0,"gold_loss":0.0,"damage_taken":16.0,"relics_obtained":["Golden Idol"]},{"damage_healed":0.0,"max_hp_gain":0.0,"max_hp_loss":0.0,"gold_gain":0.0,"event_name":"Accursed Blacksmith","player_choice":"Forge","floor":13.0,"gold_loss":0.0,"damage_taken":0.0,"cards_upgraded":["Acrobatics"]},{"damage_healed":0.0,"max_hp_gain":5.0,"max_hp_loss":0.0,"gold_gain":0.0,"event_name":"Forgotten Altar","player_choice":"Shed Blood","floor":21.0,"gold_loss":0.0,"damage_taken":17.0},{"damage_healed":0.0,"max_hp_gain":0.0,"max_hp_loss":0.0,"gold_gain":0.0,"event_name":"Wheel of Change","player_choice":"Relic","floor":22.0,"gold_loss":0.0,"damage_taken":0.0},{"damage_healed":0.0,"max_hp_gain":0.0,"max_hp_loss":36.0,"gold_gain":0.0,"event_name":"Ghosts","player_choice":"Became a Ghost","floor":24.0,"gold_loss":0.0,"damage_taken":0.0,"cards_obtained":["Ghostly","Ghostly","Ghostly","Ghostly","Ghostly"]}],"is_beta":false,"boss_relics":[{"not_picked":["Replay:Ancient Bell","Coffee Dripper"],"picked":"Black Star"}],"items_purged_floors":[5,19],"is_endless":false,"potions_floor_spawned":[1,14,16,23],"killed_by":"Slavers","ascension_level":5}}