{"host":"g1wmg2w41xhsnw8g","time":1612826171,"event":{"mods":["2.2 Compatiblity","Act Like it!","Aspiration","BaseMod","Better Altar","Better Match","Better Note","Better Sensory Stone","Better Skull","Better Third Choice","BetterRewards","Booster Modes","CapriCore","Colored Map","Colored Powertips","Defuse TimeMaze Blight","Displayed Cursed Tome","Evolution","Fox Events","Friendly Minions","GifTheSpireLib","Good Game Mod","Googly Eyes","Hubris","Infinite Spire","Jedi Mod","Minty Spire (QoL Compilation)","Red Circlet Mod","Relic Filter Mod","Relic Sorter","Reliquary","SCP261 Mod","Shop Mod","Small Relic Pack","Smile Girya","Spicy Shops","Spikes Relics","StSLib","Strawberry Spire","The Runesmith","The Sage","TheFirefly","Trackpad","Transform Curses","Wandering Minibosses","????"],"gold_per_floor":[115,115,223,242,252,252,83,83,83,48,66,66,66,76,76,76,76],"floor_reached":16,"language":"ENG","playtime":716,"items_purged":[],"score":90,"play_id":"af093920-af39-417e-b201-098e9b000f0e","local_time":"20210208181611","is_ascension_mode":false,"campfire_choices":[{"data":"Core Surge","floor":6,"key":"SMITH"},{"data":"thefirefly:Prominence","floor":8,"key":"SMITH"},{"data":"thefirefly:PhotonBlast","floor":12,"key":"SMITH"},{"data":"thefirefly:StealthMode","floor":15,"key":"SMITH"}],"circlet_count":0,"master_deck":["thefirefly:CoveringFire","thefirefly:InterceptingShot","thefirefly:CoveringFire","thefirefly:Boost","thefirefly:FlareScreen","thefirefly:ShieldArray","thefirefly:StealthMode+1","thefirefly:PhotonBlast+1","Core Surge+1","thefirefly:Prominence+1","thefirefly:Pacify","thefirefly:StoredPower","thefirefly:ArtillleryBeam"],"relics":["EVO:Axolotl","REME:ComplimentaryCards","jedi:shrinkray","HandDrill","MerchantsRug","reliquary:NewFriend","Ice Cream"],"acts_visited":["Exordium"],"potions_floor_usage":[],"damage_taken":[{"damage":0,"enemies":"Jaw Worm","floor":1,"turns":3},{"damage":4,"enemies":"2 Louse","floor":4,"turns":2},{"damage":0,"enemies":"Cultist","floor":5,"turns":3},{"damage":0,"enemies":"Lots of Slimes","floor":11,"turns":1},{"damage":19,"enemies":"Large Slime","floor":14,"turns":4},{"damage":35,"enemies":"The Guardian","floor":16,"turns":15}],"seed_played":"1858320606552385212","potions_obtained":[{"floor":5,"key":"GamblersBrew"}],"is_trial":false,"path_per_floor":["M","?","?","M","M","R","$","R","T","?","M","R","T","M","R","B"],"character_chosen":"THE_FIREFLY","items_purchased":["HandDrill","MerchantsRug"],"campfire_rested":0,"item_purchase_floors":[7,7],"current_hp_per_floor":[58,63,41,37,37,37,37,37,37,52,52,52,52,33,33,0,0],"gold":76,"neow_bonus":"BOSS_RELIC","is_daily":false,"chose_seed":false,"campfire_upgraded":4,"win_rate":0.0,"timestamp":1612826171,"path_taken":["M","?","?","?","?","R","$","R","T","?","M","R","?","?","R","BOSS"],"items_purchased_type":["Relic","Relic"],"build_version":"2020-12-22","purchased_purges":0,"victory":false,"max_hp_per_floor":[58,63,63,63,63,63,63,63,63,63,63,63,63,63,63,63,63],"card_choices":[{"not_picked":["thefirefly:ErraticMotions","thefirefly:StoredPower"],"picked":"thefirefly:Prominence","floor":1},{"not_picked":["thefirefly:RollBack","thefirefly:RecollectionSubroutine"],"picked":"thefirefly:Pacify","floor":4},{"not_picked":["thefirefly:EvasiveManeuver","thefirefly:ReverseEngine"],"picked":"thefirefly:StoredPower","floor":5},{"not_picked":["thefirefly:Rend","thefirefly:LaserBarrage"],"picked":"thefirefly:ArtillleryBeam","floor":11},{"not_picked":["thefirefly:FlareScreen","thefirefly:InterceptingShot","thefirefly:Ruminate"],"picked":"SKIP","floor":14}],"player_experience":1017480,"relics_obtained":[{"floor":9,"key":"reliquary:NewFriend"},{"floor":13,"key":"Ice Cream"}],"event_choices":[{"damage_healed":0,"gold_gain":0,"player_choice":"Donut","damage_taken":0,"max_hp_gain":5,"max_hp_loss":0,"event_name":"Big Fish","floor":2,"gold_loss":0},{"damage_healed":0,"gold_gain":108,"player_choice":"GO RE ","damage_taken":25,"relics_obtained":["jedi:shrinkray"],"max_hp_gain":0,"max_hp_loss":0,"event_name":"betterSkull:BetterSkull","floor":3,"gold_loss":0,"cards_upgraded":[]},{"damage_healed":15,"gold_gain":0,"player_choice":"Healed","damage_taken":0,"max_hp_gain":0,"max_hp_loss":0,"event_name":"The Cleric","floor":10,"gold_loss":35}],"is_beta":false,"boss_relics":[],"items_purged_floors":[],"is_endless":false,"potions_floor_spawned":[5],"killed_by":"The Guardian","ascension_level":0}}