{"host":"tetq3wi5anb97imq","time":1612827098,"event":{"mods":["BaseMod","Block Reminder","Minty Spire (QoL Compilation)","Quick Restart","StSLib","SuperFastMode"],"gold_per_floor":[109,109,128,139,214,245,245,245,245,56,89,112,112,128,128,205,205,216,216,235,246,271,297,297,307,307,343,11,11,49,49,49,49,49],"floor_reached":33,"language":"ENG","playtime":630,"items_purged":[],"score":622,"play_id":"3d1430b7-34fe-4953-af97-3dd91fd3f133","local_time":"20210208213138","is_ascension_mode":true,"campfire_choices":[{"data":"Neutralize","floor":7.0,"key":"SMITH"},{"data":"Dagger Throw","floor":13.0,"key":"SMITH"},{"data":"Poisoned Stab","floor":15.0,"key":"SMITH"},{"data":"Bane","floor":29.0,"key":"SMITH"},{"data":"Glass Knife","floor":32.0,"key":"SMITH"}],"circlet_count":0,"master_deck":["AscendersBane","Strike_G+1","Strike_G+1","Strike_G+1","Strike_G+1","Strike_G+1","Defend_G+1","Defend_G+1","Defend_G+1","Defend_G+1","Defend_G+1","Survivor","Neutralize+1","All Out Attack","Leg Sweep","Dagger Spray","Deflect","Poisoned Stab+1","Dagger Throw+1","Terror+1","Cloak And Dagger+1","Corpse Explosion+1","Adrenaline+1","Heel Hook","Dodge and Roll+1","Glass Knife+1","Tactician+1","Bane+1","Blade Dance+1","Glass Knife+1","Backflip+1","Flying Knee+1","Predator+1","Cloak And Dagger+1"],"relics":["Ring of the Snake","NeowsBlessing","Frozen Egg 2","Omamori","Meat on the Bone","Bronze Scales","Toxic Egg 2","Odd Mushroom","Coffee Dripper","Red Mask","Pantograph","Molten Egg 2","CeramicFish","Lee\u0027s Waffle","Snake Skull"],"acts_visited":["Exordium","TheCity"],"potions_floor_usage":[],"damage_taken":[{"damage":0.0,"enemies":"Small Slimes","floor":1.0,"turns":1.0},{"damage":0.0,"enemies":"Cultist","floor":3.0,"turns":1.0},{"damage":0.0,"enemies":"Jaw Worm","floor":4.0,"turns":1.0},{"damage":16.0,"enemies":"Gremlin Nob","floor":6.0,"turns":4.0},{"damage":27.0,"enemies":"3 Sentries","floor":11.0,"turns":4.0},{"damage":5.0,"enemies":"The Mushroom Lair","floor":12.0,"turns":3.0},{"damage":1.0,"enemies":"2 Fungi Beasts","floor":14.0,"turns":2.0},{"damage":26.0,"enemies":"The Guardian","floor":16.0,"turns":9.0},{"damage":0.0,"enemies":"3 Byrds","floor":18.0,"turns":2.0},{"damage":0.0,"enemies":"Chosen","floor":20.0,"turns":3.0},{"damage":17.0,"enemies":"Shelled Parasite and Fungi","floor":21.0,"turns":5.0},{"damage":0.0,"enemies":"Masked Bandits","floor":22.0,"turns":2.0},{"damage":21.0,"enemies":"Slavers","floor":23.0,"turns":6.0},{"damage":2.0,"enemies":"Centurion and Healer","floor":25.0,"turns":3.0},{"damage":11.0,"enemies":"Book of Stabbing","floor":27.0,"turns":4.0},{"damage":8.0,"enemies":"Slavers","floor":30.0,"turns":2.0},{"damage":0,"enemies":"Champ","floor":33,"turns":1}],"seed_played":"-7933903506232351603","potions_obtained":[{"floor":1.0,"key":"Fruit Juice"},{"floor":3.0,"key":"BlessingOfTheForge"},{"floor":4.0,"key":"Swift Potion"},{"floor":12.0,"key":"Explosive Potion"},{"floor":22.0,"key":"Regen Potion"},{"floor":23.0,"key":"Swift Potion"},{"floor":25.0,"key":"Block Potion"},{"floor":27.0,"key":"EssenceOfSteel"}],"is_trial":false,"path_per_floor":["M","?","M","M","?","E","R","T","T","$","E","?","R","M","R","B",null,"M","?","M","M","?","E","?","M","T","E","$","R","E","$","R","B"],"character_chosen":"THE_SILENT","items_purchased":["Bronze Scales","Dagger Throw","Lee\u0027s Waffle","Backflip+1","Flying Knee+1","Predator+1"],"campfire_rested":0,"item_purchase_floors":[10,10,28,28,28,28],"current_hp_per_floor":[59,59,59,64,53,37,37,37,37,37,22,29,29,40,40,26,60,60,71,71,54,54,45,45,43,43,46,78,78,70,70,70,78,78],"gold":49,"neow_bonus":"THREE_ENEMY_KILL","is_daily":false,"chose_seed":false,"campfire_upgraded":5,"win_rate":0.0,"timestamp":1612827098,"path_taken":["M","?","M","?","?","E","R","?","T","$","E","?","R","M","R","BOSS","M","?","?","M","?","E","?","M","T","E","$","R","E","?","R","BOSS"],"items_purchased_type":["Relic","Card","Relic","Card","Card","Card"],"build_version":"2020-12-22","purchased_purges":0,"victory":false,"max_hp_per_floor":[66,66,66,71,71,71,71,71,71,71,71,71,71,71,71,71,71,71,71,71,71,71,71,71,71,71,71,78,78,78,78,78,78,78],"card_choices":[{"not_picked":["Deflect","Caltrops"],"picked":"All Out Attack","floor":1.0},{"not_picked":["Dagger Throw","Underhanded Strike"],"picked":"Dagger Spray","floor":3.0},{"not_picked":["Reflex","Prepared"],"picked":"Deflect","floor":4.0},{"not_picked":["Bane","Sucker Punch"],"picked":"Poisoned Stab","floor":6.0},{"not_picked":["Doppelganger+1","Prepared+1"],"picked":"Terror+1","floor":11.0},{"not_picked":["Deadly Poison+1","Distraction+1"],"picked":"Cloak And Dagger+1","floor":12.0},{"not_picked":["Backflip+1","All Out Attack"],"picked":"Corpse Explosion+1","floor":14.0},{"not_picked":["Corpse Explosion+1","Phantasmal Killer+1"],"picked":"Adrenaline+1","floor":16.0},{"not_picked":["Underhanded Strike","Masterful Stab"],"picked":"Heel Hook","floor":18.0},{"not_picked":["Dagger Throw","Outmaneuver+1"],"picked":"Dodge and Roll+1","floor":20.0},{"not_picked":["Dodge and Roll+1","Slice"],"picked":"Glass Knife","floor":21.0},{"not_picked":["Prepared+1","Finisher"],"picked":"Tactician+1","floor":22.0},{"not_picked":["Choke","Quick Slash"],"picked":"Bane","floor":23.0},{"not_picked":["Prepared+1","Dagger Spray"],"picked":"Blade Dance+1","floor":25.0},{"not_picked":["Dagger Spray+1","Endless Agony+1"],"picked":"Glass Knife+1","floor":27.0},{"not_picked":["Masterful Stab+1","Escape Plan+1"],"picked":"Cloak And Dagger+1","floor":30.0}],"player_experience":1654064,"relics_obtained":[{"floor":6.0,"key":"Frozen Egg 2"},{"floor":8.0,"key":"Omamori"},{"floor":9.0,"key":"Meat on the Bone"},{"floor":11.0,"key":"Toxic Egg 2"},{"floor":12.0,"key":"Odd Mushroom"},{"floor":22.0,"key":"Red Mask"},{"floor":23.0,"key":"Pantograph"},{"floor":26.0,"key":"Molten Egg 2"},{"floor":27.0,"key":"CeramicFish"},{"floor":30.0,"key":"Snake Skull"}],"event_choices":[{"damage_healed":0.0,"max_hp_gain":0.0,"max_hp_loss":0.0,"gold_gain":0.0,"event_name":"Match and Keep!","player_choice":"1 cards matched","floor":2.0,"gold_loss":0.0,"damage_taken":0.0,"cards_obtained":["Leg Sweep"]},{"damage_healed":0.0,"max_hp_gain":0.0,"max_hp_loss":0.0,"gold_gain":75.0,"event_name":"World of Goop","player_choice":"Gather Gold","floor":5.0,"gold_loss":0.0,"damage_taken":11.0},{"damage_healed":0.0,"max_hp_gain":0.0,"max_hp_loss":0.0,"gold_gain":0.0,"event_name":"Mushrooms","player_choice":"Fought Mushrooms","floor":12.0,"gold_loss":0.0,"damage_taken":0.0},{"damage_healed":11.0,"max_hp_gain":0.0,"max_hp_loss":0.0,"gold_gain":0.0,"event_name":"Wheel of Change","player_choice":"Full Heal","floor":19.0,"gold_loss":0.0,"damage_taken":0.0},{"damage_healed":0.0,"max_hp_gain":0.0,"max_hp_loss":0.0,"gold_gain":0.0,"event_name":"Masked Bandits","player_choice":"Fought Bandits","floor":22.0,"gold_loss":0.0,"damage_taken":0.0},{"damage_healed":0.0,"max_hp_gain":0.0,"max_hp_loss":0.0,"gold_gain":0.0,"event_name":"Back to Basics","player_choice":"Simplicity","floor":24.0,"gold_loss":0.0,"damage_taken":0.0,"cards_upgraded":["Strike_G","Strike_G","Strike_G","Strike_G","Strike_G","Defend_G","Defend_G","Defend_G","Defend_G","Defend_G"]}],"is_beta":false,"boss_relics":[{"not_picked":["WristBlade","Runic Pyramid"],"picked":"Coffee Dripper"}],"items_purged_floors":[],"is_endless":false,"potions_floor_spawned":[1,3,4,12,22,23,25,27],"killed_by":"Champ","ascension_level":20}}