{"host":"n7gt2lywuauec2nz","time":1612782795,"event":{"mods":["100% Spire Juice","2.2 Compatiblity","Act Like it!","Aspiration","BaseMod","Better Third Choice","Colored Powertips","DeckTracker","GifTheSpireLib","Highlight Path","HololiveMod","Hubris","Infinite Spire","Minty Spire (QoL Compilation)","Quick Restart","Random Character Button","Relic Sorter","Replay The Spire","Retaliation","StSLib","Synergy Search","The IronCluck"],"gold_per_floor":[360,134,134,67,67,98,4,4,51,65,65,92,111,128,128,227,227,244,244,260,279,279,279],"floor_reached":22,"language":"ENG","playtime":1186,"items_purged":["Defend_B"],"score":204,"play_id":"ee9c8fac-280c-4610-8404-76accbc49a79","local_time":"20210208031315","is_ascension_mode":true,"campfire_choices":[{"floor":11,"key":"REST"}],"circlet_count":0,"master_deck":["Strike_B","Strike_B","Strike_B","Strike_B","Defend_B","Defend_B","Zap","Dualcast","aspiration:Polymerization","Defragment","Fusion+1","Hello World","Barrage","Self Repair","Redo","Storm","BasicCrystalCard","Seek","ReplaySolidLightProjector","FIFO Queue","Thunder Strike","Turbo","Cold Snap","Ball Lightning+1"],"relics":["Cracked Core","infinitespire:Beetle Shell","Pet Ghost","Dream Catcher","Blood Vial","Black Star"],"acts_visited":["Exordium","TheCity"],"potions_floor_usage":[6,16,16,16,20],"damage_taken":[{"damage":3,"enemies":"Jaw Worm","floor":1,"turns":3},{"damage":31,"enemies":"Lagavulin","floor":6,"turns":5},{"damage":6,"enemies":"Cultist","floor":10,"turns":4},{"damage":21,"enemies":"Gremlin Nob","floor":12,"turns":4},{"damage":6,"enemies":"2 Louse","floor":13,"turns":2},{"damage":23,"enemies":"Exordium Thugs","floor":14,"turns":4},{"damage":16,"enemies":"The Guardian","floor":16,"turns":10},{"damage":41,"enemies":"2 Thieves","floor":18,"turns":5},{"damage":10,"enemies":"Chosen","floor":20,"turns":4},{"damage":25,"enemies":"Centurion and Healer","floor":21,"turns":10},{"damage":19,"enemies":"Cultist and Chosen","floor":22,"turns":4}],"seed_played":"3846726701751953243","potions_obtained":[{"floor":1,"key":"Adrenaline Potion"},{"floor":12,"key":"SpeedPotion"},{"floor":15,"key":"CultistPotion"},{"floor":15,"key":"SpeedPotion"},{"floor":18,"key":"SpeedPotion"}],"is_trial":false,"path_per_floor":["M","$","?","$","?","E","$","$","T","M","R","E","M","M","R","B",null,"M","?","M","M","M"],"character_chosen":"DEFECT","items_purchased":["Defragment","Fusion","Hello World","Self Repair","Redo"],"campfire_rested":1,"item_purchase_floors":[2,2,4,7,7],"current_hp_per_floor":[65,65,65,65,65,34,34,34,34,35,55,41,37,23,23,16,68,34,34,33,17,0,0],"gold":279,"neow_bonus":"TWO_FIFTY_GOLD","is_daily":false,"chose_seed":false,"campfire_upgraded":0,"win_rate":0.0,"timestamp":1612782795,"path_taken":["M","$","?","$","?","E","?","$","T","M","R","E","M","?","R","BOSS","M","?","M","M","M"],"items_purchased_type":["Card","Card","Card","Card","Card"],"build_version":"2020-12-22","purchased_purges":1,"victory":false,"max_hp_per_floor":[68,68,68,68,68,68,68,68,68,68,68,68,68,68,68,68,68,68,68,68,68,68,68],"card_choices":[{"not_picked":["hubris:PowerSurge","Cold Snap"],"picked":"aspiration:Polymerization","floor":1},{"not_picked":["Sweeping Beam","Hologram"],"picked":"Barrage","floor":6},{"not_picked":["BasicCrystalCard","Leap"],"picked":"Storm","floor":10},{"not_picked":["Rebound","Defragment"],"picked":"BasicCrystalCard","floor":11},{"not_picked":["Scrape","Streamline"],"picked":"Seek","floor":12},{"not_picked":["Rip and Tear","Sweeping Beam"],"picked":"ReplaySolidLightProjector","floor":13},{"not_picked":["Streamline","Hologram"],"picked":"FIFO Queue","floor":14},{"not_picked":["ReplayTheSpireMod:Fabricate Wheel","hubris:SpecializedCircuitry"],"picked":"Thunder Strike","floor":16},{"not_picked":["Hologram","Reprogram","Coolheaded"],"picked":"SKIP","floor":18},{"not_picked":["Steam","Blizzard"],"picked":"Cold Snap","floor":20},{"not_picked":["ReplayTheSpireMod:GoodbyeWorld","Skim"],"picked":"Ball Lightning+1","floor":21}],"player_experience":148724,"relics_obtained":[{"floor":6,"key":"Pet Ghost"},{"floor":9,"key":"Dream Catcher"},{"floor":12,"key":"Blood Vial"}],"event_choices":[{"damage_healed":0,"gold_gain":0,"player_choice":"Upgraded","damage_taken":0,"max_hp_gain":0,"max_hp_loss":0,"event_name":"Upgrade Shrine","floor":3,"gold_loss":0,"cards_upgraded":["Fusion"]},{"damage_healed":0,"gold_gain":0,"cards_transformed":["Defend_B"],"player_choice":"Transformed","damage_taken":0,"max_hp_gain":0,"max_hp_loss":0,"event_name":"Transmorgrifier","floor":19,"gold_loss":0,"cards_obtained":["Turbo"]}],"is_beta":false,"boss_relics":[{"not_picked":["aspiration:BursterCore","aspiration:SilentSkillbook"],"picked":"Black Star"}],"items_purged_floors":[2],"is_endless":false,"potions_floor_spawned":[1,12,18],"killed_by":"Cultist and Chosen","ascension_level":1}}