{"host":"gfxjwtol062e9znw","time":1612786283,"event":{"mods":["BaseMod","Colored Map","Minty Spire (QoL Compilation)","Rare Cards Sparkle"],"gold_per_floor":[113,130,144,158,158,158,187,187,234,234,265,276,294,622,622,718,718,728,745,759,759,773,773,786,786,786],"floor_reached":25,"language":"ENG","playtime":1300,"items_purged":[],"score":352,"play_id":"7f0d6999-5602-4432-8225-4594a254c987","local_time":"20210208231123","is_ascension_mode":true,"campfire_choices":[{"floor":6.0,"key":"REST"},{"floor":8.0,"key":"REST"},{"floor":10.0,"key":"REST"},{"floor":15.0,"key":"REST"},{"floor":23,"key":"REST"}],"circlet_count":0,"master_deck":["AscendersBane","Strike_R","Strike_R","Strike_R","Strike_R","Strike_R","Defend_R","Defend_R","Defend_R","Defend_R","Bash","Swift Strike","Disarm","Flame Barrier","Carnage","Ghostly Armor","Infernal Blade","Headbutt","Cleave","Whirlwind","Ghostly Armor","Limit Break","Shrug It Off","Hemokinesis+1","Heavy Blade+1","RitualDagger","Burning Pact+1","Demon Form"],"relics":["Burning Blood","Question Card","Nunchaku","PreservedInsect","InkBottle","Old Coin","Cursed Key"],"acts_visited":["Exordium","TheCity"],"potions_floor_usage":[20,22],"damage_taken":[{"damage":11.0,"enemies":"2 Louse","floor":1.0,"turns":3.0},{"damage":3.0,"enemies":"Cultist","floor":2.0,"turns":4.0},{"damage":7.0,"enemies":"Jaw Worm","floor":3.0,"turns":4.0},{"damage":37.0,"enemies":"Gremlin Gang","floor":4.0,"turns":6.0},{"damage":44.0,"enemies":"Lagavulin","floor":7.0,"turns":9.0},{"damage":16.0,"enemies":"Gremlin Nob","floor":11.0,"turns":3.0},{"damage":11.0,"enemies":"Lots of Slimes","floor":12.0,"turns":6.0},{"damage":11.0,"enemies":"Looter","floor":13.0,"turns":2.0},{"damage":18.0,"enemies":"Lagavulin","floor":14.0,"turns":7.0},{"damage":33.0,"enemies":"Hexaghost","floor":16.0,"turns":14.0},{"damage":2.0,"enemies":"Chosen","floor":18.0,"turns":7.0},{"damage":25,"enemies":"Shell Parasite","floor":19,"turns":7},{"damage":20,"enemies":"Snake Plant","floor":20,"turns":3},{"damage":15,"enemies":"Snecko","floor":22,"turns":5},{"damage":35,"enemies":"Centurion and Healer","floor":24,"turns":7},{"damage":28,"enemies":"Gremlin Leader","floor":25,"turns":4}],"seed_played":"-3856851853430534030","potions_obtained":[{"floor":1.0,"key":"Dexterity Potion"},{"floor":2.0,"key":"ElixirPotion"},{"floor":7.0,"key":"LiquidMemories"},{"floor":16.0,"key":"PowerPotion"},{"floor":18.0,"key":"SteroidPotion"}],"is_trial":false,"path_per_floor":["M","M","M","M","?","R","E","R","T","R","E","M","M","E","R","B",null,"M","M","M","?","M","R","M","E"],"character_chosen":"IRONCLAD","items_purchased":[],"campfire_rested":5,"item_purchase_floors":[],"current_hp_per_floor":[67,70,69,38,38,62,24,48,48,72,62,57,52,40,64,37,69,73,54,40,34,25,49,20,0,0],"gold":786,"neow_bonus":"RANDOM_COLORLESS","is_daily":false,"chose_seed":false,"campfire_upgraded":0,"win_rate":0.0,"timestamp":1612786283,"path_taken":["M","M","M","M","?","R","E","R","T","R","E","M","M","E","R","BOSS","M","?","M","?","M","R","M","E"],"items_purchased_type":[],"build_version":"2020-12-22","purchased_purges":0,"victory":false,"max_hp_per_floor":[80,80,80,80,80,80,80,80,80,80,80,80,80,80,80,80,80,80,80,80,80,80,80,80,80,80],"card_choices":[{"not_picked":["Finesse","Madness"],"picked":"Swift Strike","floor":0.0},{"not_picked":["Twin Strike","Body Slam"],"picked":"Disarm","floor":1.0},{"not_picked":["Perfected Strike","Cleave"],"picked":"Flame Barrier","floor":2.0},{"not_picked":["Perfected Strike","Flex"],"picked":"Carnage","floor":3.0},{"not_picked":["Spot Weakness","Second Wind"],"picked":"Ghostly Armor","floor":4.0},{"not_picked":["Berserk","Sword Boomerang","Reckless Charge"],"picked":"Infernal Blade","floor":7.0},{"not_picked":["Inflame","Body Slam","Seeing Red"],"picked":"Headbutt","floor":11.0},{"not_picked":["Pommel Strike","Shockwave","Pummel"],"picked":"Cleave","floor":12.0},{"not_picked":["Sword Boomerang","Dark Embrace","Headbutt"],"picked":"Whirlwind","floor":13.0},{"not_picked":["Brutality","Flex","Sentinel"],"picked":"Ghostly Armor","floor":14.0},{"not_picked":["Fiend Fire","Impervious","Double Tap"],"picked":"Limit Break","floor":16.0},{"not_picked":["Clash","Thunderclap","Twin Strike"],"picked":"Shrug It Off","floor":18.0},{"not_picked":["Warcry","Cleave","Armaments"],"picked":"Hemokinesis+1","floor":19},{"not_picked":["Armaments+1","Flex+1","Sword Boomerang"],"picked":"Heavy Blade+1","floor":20},{"not_picked":["Shrug It Off","Sword Boomerang","Perfected Strike+1"],"picked":"Burning Pact+1","floor":22},{"not_picked":["Blood for Blood","Bloodletting","Twin Strike"],"picked":"Demon Form","floor":24}],"player_experience":127744,"relics_obtained":[{"floor":7.0,"key":"Nunchaku"},{"floor":9.0,"key":"PreservedInsect"},{"floor":11.0,"key":"InkBottle"},{"floor":14.0,"key":"Old Coin"}],"event_choices":[{"damage_healed":0.0,"max_hp_gain":0.0,"max_hp_loss":0.0,"gold_gain":0.0,"event_name":"WeMeetAgain","player_choice":"Gave Potion","floor":5.0,"gold_loss":0.0,"damage_taken":0.0,"relics_obtained":["Question Card"]},{"damage_healed":0,"gold_gain":0,"player_choice":"Joined the Cult","damage_taken":6,"max_hp_gain":0,"max_hp_loss":0,"event_name":"Nest","floor":21,"gold_loss":0,"cards_obtained":["RitualDagger"]}],"is_beta":false,"boss_relics":[{"not_picked":["Runic Cube","Black Blood"],"picked":"Cursed Key"}],"items_purged_floors":[],"is_endless":false,"potions_floor_spawned":[1,2,7,16,18],"killed_by":"Gremlin Leader","ascension_level":11}}