{"host":"6rz02yiipefhcw4r","time":1612777189,"event":{"mods":["2.2 Compatiblity","BaseMod","Block Reminder","Colored Map","Curses Come First","DeckTracker","Googly Eyes","Minty Spire (QoL Compilation)","Quick Restart","Rare Cards Sparkle","StSLib"],"gold_per_floor":[119,119,119,119,130,130,73,101,101,101,101,101,101],"floor_reached":12,"language":"ENG","playtime":382,"items_purged":[],"score":148,"play_id":"0b645a03-00d4-4148-a098-cf38ad21ddc1","local_time":"20210208073949","is_ascension_mode":true,"campfire_choices":[{"data":"Flying Knee","floor":6,"key":"SMITH"},{"floor":10,"key":"REST"}],"circlet_count":0,"master_deck":["AscendersBane","Strike_G","Strike_G","Strike_G","Strike_G","Strike_G","Defend_G","Defend_G","Defend_G","Defend_G","Defend_G","Survivor","Neutralize","Venomology","Flying Knee+1","Well Laid Plans","PiercingWail","Backstab","Parasite"],"relics":["Ring of the Snake","Calipers","Bag of Preparation","Nunchaku"],"acts_visited":["Exordium"],"potions_floor_usage":[8,12,12,12],"damage_taken":[{"damage":4,"enemies":"Jaw Worm","floor":1,"turns":6},{"damage":3,"enemies":"2 Louse","floor":5,"turns":5},{"damage":40,"enemies":"3 Sentries","floor":8,"turns":11},{"damage":30,"enemies":"Gremlin Nob","floor":12,"turns":4}],"seed_played":"-3954122204170809006","potions_obtained":[{"floor":5,"key":"BlessingOfTheForge"}],"is_trial":false,"path_per_floor":["M","?","?","$","M","R","$","E","T","R","?","E"],"character_chosen":"THE_SILENT","items_purchased":["PiercingWail"],"campfire_rested":1,"item_purchase_floors":[7],"current_hp_per_floor":[55,44,44,44,41,41,41,1,1,20,36,6,6],"gold":101,"neow_bonus":"ONE_RANDOM_RARE_CARD","is_daily":false,"chose_seed":false,"campfire_upgraded":1,"win_rate":0.0,"timestamp":1612777189,"path_taken":["M","?","?","$","M","R","$","E","T","R","?","E"],"items_purchased_type":["Card"],"build_version":"2020-12-22","purchased_purges":0,"victory":false,"max_hp_per_floor":[66,66,66,66,66,66,66,66,66,66,66,66,66],"card_choices":[{"not_picked":["Leg Sweep","Outmaneuver"],"picked":"Flying Knee","floor":1},{"not_picked":["Infinite Blades","Backflip"],"picked":"Well Laid Plans","floor":5},{"not_picked":["Bane","Caltrops"],"picked":"Backstab","floor":8}],"player_experience":806233,"relics_obtained":[{"floor":8,"key":"Bag of Preparation"},{"floor":9,"key":"Nunchaku"}],"event_choices":[{"damage_healed":0,"gold_gain":0,"player_choice":"Success","damage_taken":11,"relics_obtained":["Calipers"],"max_hp_gain":0,"max_hp_loss":0,"event_name":"Scrap Ooze","floor":2,"gold_loss":0},{"damage_healed":0,"gold_gain":0,"player_choice":"Leave","damage_taken":0,"max_hp_gain":0,"max_hp_loss":0,"event_name":"The Cleric","floor":3,"gold_loss":0},{"damage_healed":16,"gold_gain":0,"player_choice":"Healed and dodged fight","damage_taken":0,"max_hp_gain":0,"max_hp_loss":0,"event_name":"Mushrooms","floor":11,"gold_loss":0,"cards_obtained":["Parasite"]}],"is_beta":false,"boss_relics":[],"items_purged_floors":[],"is_endless":false,"potions_floor_spawned":[5],"killed_by":"Gremlin Nob","ascension_level":20}}