{"host":"o6nndy8fvkon49s1","time":1612817102,"event":{"mods":["BaseMod","CapriCore","Hermit","HololiveMod","Marisa????????","Minty Spire (QoL Compilation)","Prisma Mod","Reimu??????","StSLib","Td1madao Mod","The Animator","The Immortal","The Marked","The Senshi","The Servant 0.9.4"],"gold_per_floor":[119,44,54,54,66,66,99,99,149,168,186,203,216,216,216,216,216],"floor_reached":16,"language":"ENG","playtime":564,"items_purged":["theMarked:Strike"],"score":104,"play_id":"daf14488-8c0f-4d5a-9c41-47633baa36df","local_time":"20210208144502","is_ascension_mode":false,"campfire_choices":[{"data":"theMarked:AttractMetal","floor":6,"key":"SMITH"},{"floor":8,"key":"REST"},{"floor":15,"key":"REST"}],"circlet_count":0,"master_deck":["theMarked:Strike","theMarked:Strike","theMarked:Strike","theMarked:Strike","theMarked:Defend","theMarked:Defend","theMarked:Defend","theMarked:Defend","theMarked:SoldierOfQuellstein","theMarked:AttractMetal+1","theMarked:BanishingStrike","theMarked:WardOff","theMarked:Maelstrom"],"relics":["theMarked:ArtifactOfAir","Art of War","Dream Catcher"],"acts_visited":["Exordium"],"potions_floor_usage":[7,7,11,16],"damage_taken":[{"damage":1,"enemies":"Cultist","floor":1,"turns":3},{"damage":0,"enemies":"Jaw Worm","floor":3,"turns":3},{"damage":0,"enemies":"2 Louse","floor":5,"turns":3},{"damage":42,"enemies":"Gremlin Nob","floor":7,"turns":5},{"damage":2,"enemies":"Blue Slaver","floor":10,"turns":5},{"damage":12,"enemies":"Exordium Thugs","floor":11,"turns":7},{"damage":0,"enemies":"Red Slaver","floor":12,"turns":4},{"damage":7,"enemies":"Looter","floor":13,"turns":3},{"damage":0,"enemies":"The Guardian","floor":16,"turns":3}],"seed_played":"-783759873812811737","potions_obtained":[{"floor":1,"key":"GrandPatriotsElixir:ReiMu"},{"floor":3,"key":"DistilledChaos"},{"floor":7,"key":"SkillPotion"},{"floor":12,"key":"LiquidMemories"}],"is_trial":false,"path_per_floor":["M","$","M","?","M","R","E","R","T","M","M","M","M","?","R","B"],"character_chosen":"THE_DEFAULT","items_purchased":[],"campfire_rested":2,"item_purchase_floors":[],"current_hp_per_floor":[76,76,76,76,76,76,34,57,57,55,43,43,36,36,59,59,59],"gold":216,"neow_bonus":"TEN_PERCENT_HP_BONUS","is_daily":false,"chose_seed":false,"campfire_upgraded":1,"win_rate":0.0,"timestamp":1612817102,"path_taken":["M","$","M","?","M","R","E","R","T","M","M","M","M","?","R","BOSS"],"items_purchased_type":[],"build_version":"2020-12-22","purchased_purges":1,"victory":false,"max_hp_per_floor":[77,77,77,77,77,77,77,77,77,77,77,77,77,77,77,77,77],"card_choices":[{"not_picked":["theMarked:ChainLightning","theMarked:TakeCover"],"picked":"theMarked:AttractMetal","floor":1},{"not_picked":["theMarked:AttractMetal","theMarked:Frustration","theMarked:StartUp"],"picked":"SKIP","floor":3},{"not_picked":["theMarked:Determination","theMarked:ElectricStrings","theMarked:Aftermath"],"picked":"SKIP","floor":5},{"not_picked":["theMarked:PowerFlow","theMarked:Parkour","theMarked:TheMission"],"picked":"SKIP","floor":7},{"not_picked":["theMarked:WastefulAttack","theMarked:Improvise","theMarked:Parry"],"picked":"SKIP","floor":10},{"not_picked":["theMarked:TakeCover","theMarked:RepellingDischarge","theMarked:SelfDefenseTraining"],"picked":"SKIP","floor":11},{"not_picked":["theMarked:AttractMetal","theMarked:TurnInvisible"],"picked":"theMarked:BanishingStrike","floor":12},{"not_picked":["theMarked:HeightenedSenses","theMarked:Electrify","theMarked:Convert"],"picked":"SKIP","floor":13},{"not_picked":["theMarked:HeightenedSenses","theMarked:Overthink"],"picked":"theMarked:Maelstrom","floor":15}],"player_experience":259814,"relics_obtained":[{"floor":7,"key":"Art of War"},{"floor":9,"key":"Dream Catcher"}],"event_choices":[{"damage_healed":0,"gold_gain":0,"player_choice":"Ignored","damage_taken":0,"max_hp_gain":0,"max_hp_loss":0,"event_name":"Liars Game","floor":4,"gold_loss":0},{"damage_healed":0,"gold_gain":0,"player_choice":"1 cards matched","damage_taken":0,"max_hp_gain":0,"max_hp_loss":0,"event_name":"Match and Keep!","floor":14,"gold_loss":0,"cards_obtained":["theMarked:WardOff"]}],"is_beta":false,"boss_relics":[],"items_purged_floors":[2],"is_endless":false,"potions_floor_spawned":[1,3,7,12],"killed_by":"The Guardian","ascension_level":0}}