{"host":"i0avyit1s6jb1siw","time":1612806353,"event":{"mods":["BaseMod","DeckTracker","Dota2Spire","Highlight Path","Minty Spire (QoL Compilation)","Quick Restart","StSLib","SuperFastMode"],"gold_per_floor":[112,48,48,63,63,95,95,115,133,157,157,157,192,39,39,72,83,83,157,157,157,157,157,77,77,77,77,77,77,77,77,77,77,77,77,77,77,77,77,77,77,77,77,77,77,77,77,77,77,77,77,77,77,77,77,77,77,77,77,77,77,77,77,21,21,21],"floor_reached":67,"language":"ENG","playtime":1522,"items_purged":["Defend_P"],"score":3679,"play_id":"da38279a-1e96-4902-9117-0469bf87270f","local_time":"20210208184552","is_ascension_mode":true,"campfire_choices":[{"data":"Eruption","floor":7.0,"key":"SMITH"},{"data":"EmptyFist","floor":12.0,"key":"SMITH"},{"data":"Adaptation","floor":15.0,"key":"SMITH"},{"data":"MentalFortress","floor":18,"key":"SMITH"},{"data":"Indignation","floor":21,"key":"SMITH"},{"data":"Ragnarok","floor":29,"key":"SMITH"},{"data":"Wallop","floor":39,"key":"SMITH"},{"floor":50,"key":"RECALL"},{"data":"TalkToTheHand","floor":53,"key":"SMITH"},{"data":"Wallop","floor":58,"key":"SMITH"},{"data":"WheelKick","floor":59,"key":"SMITH"},{"data":"Alpha","floor":63,"key":"SMITH"}],"circlet_count":0,"master_deck":["AscendersBane","Strike_P","Defend_P","Defend_P","Defend_P","Eruption+1","Vigilance","DeceiveReality+1","Indignation+1","EmptyFist+1","MentalFortress+1","Wallop+1","Adaptation+1","Ragnarok+1","WheelKick+1","Adaptation","Vault","InnerPeace+1","Alpha+1","Wallop+1","TalkToTheHand+1","Worship+1"],"relics":["PureWater","NeowsBlessing","Happy Flower","Oddly Smooth Stone","Toy Ornithopter","Pear","Dota2Spire:ArcaneBoots","Question Card","Ectoplasm","Snecko Eye","StrikeDummy","Mummified Hand","Dota2Spire:RefresherOrb","Strawberry","Bronze Scales","Thread and Needle","War Paint","White Beast Statue"],"acts_visited":["Exordium","TheCity","TheBeyond","TheEnding"],"potions_floor_usage":[22,60,66,66],"damage_taken":[{"damage":0.0,"enemies":"Jaw Worm","floor":1.0,"turns":1.0},{"damage":0.0,"enemies":"Cultist","floor":4.0,"turns":1.0},{"damage":0.0,"enemies":"Gremlin Nob","floor":6.0,"turns":1.0},{"damage":0.0,"enemies":"Small Slimes","floor":8.0,"turns":3.0},{"damage":31.0,"enemies":"Exordium Wildlife","floor":9.0,"turns":6.0},{"damage":0.0,"enemies":"3 Sentries","floor":13.0,"turns":10.0},{"damage":22,"enemies":"Gremlin Nob","floor":16,"turns":3},{"damage":0,"enemies":"Looter","floor":17,"turns":2},{"damage":11,"enemies":"The Guardian","floor":19,"turns":13},{"damage":3,"enemies":"The Guardian","floor":22,"turns":7},{"damage":4,"enemies":"2 Thieves","floor":24,"turns":4},{"damage":0,"enemies":"3 Byrds","floor":26,"turns":5},{"damage":12,"enemies":"Shelled Parasite and Fungi","floor":27,"turns":4},{"damage":0,"enemies":"Snecko","floor":30,"turns":2},{"damage":1,"enemies":"Book of Stabbing","floor":34,"turns":4},{"damage":0,"enemies":"Snake Plant","floor":37,"turns":2},{"damage":0,"enemies":"3 Cultists","floor":38,"turns":2},{"damage":0,"enemies":"Collector","floor":40,"turns":6},{"damage":0,"enemies":"Orb Walker","floor":42,"turns":2},{"damage":8,"enemies":"3 Darklings","floor":44,"turns":3},{"damage":0,"enemies":"Spire Growth","floor":46,"turns":2},{"damage":5,"enemies":"Nemesis","floor":47,"turns":6},{"damage":21,"enemies":"Sphere and 2 Shapes","floor":48,"turns":4},{"damage":0,"enemies":"Reptomancer","floor":49,"turns":3},{"damage":0,"enemies":"Jaw Worm Horde","floor":57,"turns":3},{"damage":18,"enemies":"Awakened One","floor":60,"turns":6},{"damage":5,"enemies":"Time Eater","floor":61,"turns":6},{"damage":0,"enemies":"Shield and Spear","floor":65,"turns":3},{"damage":66,"enemies":"The Heart","floor":66,"turns":8}],"seed_played":"6131104001477111908","potions_obtained":[{"floor":6.0,"key":"SkillPotion"},{"floor":9.0,"key":"Swift Potion"},{"floor":13.0,"key":"Explosive Potion"},{"floor":26,"key":"CultistPotion"},{"floor":44,"key":"Block Potion"}],"is_trial":false,"path_per_floor":["M","?","$","M","?","E","R","M","M","T","T","R","E","$","R","E","M","R","B",null,"R","B",null,"M","?","M","M","?","R","M","$","T","T","E","?","?","M","M","R","B",null,"M","?","M","?","M","E","M","E","R","T","T","R","$","?","$","M","R","R","B","B",null,"R","$","E","B",null],"character_chosen":"WATCHER","items_purchased":["Adaptation","ColorlessPotion"],"campfire_rested":0,"item_purchase_floors":[14,64],"current_hp_per_floor":[61,61,61,61,66,66,66,66,35,35,45,45,50,50,50,28,28,28,17,17,17,19,67,63,63,63,51,51,51,51,51,51,51,50,50,50,50,50,50,50,75,75,75,67,67,67,69,48,48,48,48,48,48,48,48,48,48,48,48,35,30,72,72,72,72,16],"gold":21,"neow_bonus":"THREE_ENEMY_KILL","is_daily":false,"chose_seed":false,"campfire_upgraded":11,"win_rate":0.0,"timestamp":1612806352,"path_taken":["M","?","?","M","?","E","R","?","M","T","T","R","E","$","R","E","M","R","BOSS","R","BOSS","M","?","?","M","?","R","M","?","T","T","E","?","?","?","M","R","BOSS","M","?","M","?","?","E","M","E","R","T","T","R","$","?","$","M","R","R","BOSS","BOSS","R","$","E","BOSS"],"items_purchased_type":["Card","Potion"],"build_version":"2020-12-22","purchased_purges":1,"victory":true,"max_hp_per_floor":[68,68,68,68,73,73,73,73,73,73,83,83,83,83,83,83,83,83,83,83,83,83,83,83,83,83,83,83,83,83,83,83,83,83,83,83,83,83,83,83,83,83,79,79,79,79,86,86,86,86,86,86,86,86,86,86,86,86,86,86,86,86,86,86,86,86],"card_choices":[{"not_picked":["Protect","Evaluate"],"picked":"DeceiveReality","floor":1.0},{"not_picked":["Vengeance","Meditate"],"picked":"Indignation","floor":4.0},{"not_picked":["Worship","Evaluate","Halt"],"picked":"SKIP","floor":6.0},{"not_picked":["Adaptation","PathToVictory"],"picked":"EmptyFist","floor":8.0},{"not_picked":["Scrawl","FlurryOfBlows"],"picked":"MentalFortress","floor":9.0},{"not_picked":["Evaluate","DeceiveReality"],"picked":"Wallop","floor":13.0},{"not_picked":["EmptyBody","Sanctity","CutThroughFate"],"picked":"SKIP","floor":16},{"not_picked":["CrushJoints","Protect","FlurryOfBlows","PathToVictory"],"picked":"SKIP","floor":17},{"not_picked":["Omniscience","DeusExMachina","Devotion"],"picked":"Ragnarok","floor":22},{"not_picked":["Meditate","Halt","FollowUp","CrushJoints"],"picked":"SKIP","floor":24},{"not_picked":["Conclude+1","Vengeance","EmptyBody","Prostrate"],"picked":"SKIP","floor":26},{"not_picked":["EmptyBody","Protect","EmptyFist+1"],"picked":"WheelKick","floor":27},{"not_picked":["Consecrate","Conclude","Weave","Judgement"],"picked":"SKIP","floor":30},{"not_picked":["Crescendo+1","ConjureBlade","Halt","WaveOfTheHand"],"picked":"SKIP","floor":34},{"not_picked":["FlyingSleeves","FollowUp","Protect","Crescendo"],"picked":"SKIP","floor":37},{"not_picked":["Wireheading","JustLucky","EmptyBody","Halt"],"picked":"SKIP","floor":38},{"not_picked":["Omniscience","ConjureBlade","DeusExMachina"],"picked":"Vault","floor":40},{"not_picked":["SashWhip","DeceiveReality+1","Protect","Prostrate+1"],"picked":"SKIP","floor":42},{"not_picked":["Worship","Adaptation","SignatureMove"],"picked":"InnerPeace","floor":44},{"not_picked":["ClearTheMind","Nirvana","FlyingSleeves"],"picked":"Wallop","floor":46},{"not_picked":["EmptyFist+1","SpiritShield","SashWhip"],"picked":"TalkToTheHand","floor":47},{"not_picked":["Crescendo","Halt+1","Consecrate","Evaluate"],"picked":"SKIP","floor":48},{"not_picked":["SashWhip","Weave","Crescendo","LikeWater+1"],"picked":"SKIP","floor":49},{"not_picked":["ThirdEye+1","Evaluate","Halt","BattleHymn"],"picked":"SKIP","floor":57},{"not_picked":["Evaluate","MasterReality","CutThroughFate"],"picked":"Worship+1","floor":65}],"player_experience":2426061,"relics_obtained":[{"floor":6.0,"key":"Oddly Smooth Stone"},{"floor":10.0,"key":"Toy Ornithopter"},{"floor":11.0,"key":"Pear"},{"floor":13.0,"key":"Dota2Spire:ArcaneBoots"},{"floor":16,"key":"Question Card"},{"floor":33,"key":"StrikeDummy"},{"floor":34,"key":"Mummified Hand"},{"floor":47,"key":"Strawberry"},{"floor":49,"key":"Bronze Scales"},{"floor":51,"key":"Thread and Needle"},{"floor":52,"key":"War Paint"},{"floor":65,"key":"White Beast Statue"}],"event_choices":[{"damage_healed":0.0,"max_hp_gain":0.0,"max_hp_loss":0.0,"gold_gain":0.0,"event_name":"WeMeetAgain","player_choice":"Paid Gold","floor":2.0,"gold_loss":64.0,"damage_taken":0.0,"relics_obtained":["Happy Flower"]},{"damage_healed":0.0,"max_hp_gain":5.0,"max_hp_loss":0.0,"gold_gain":0.0,"event_name":"Big Fish","player_choice":"Donut","floor":5.0,"gold_loss":0.0,"damage_taken":0.0},{"cards_removed":["Strike_P"],"damage_healed":0,"gold_gain":0,"player_choice":"Offered Basic","damage_taken":0,"max_hp_gain":0,"max_hp_loss":0,"event_name":"Bonfire Elementals","floor":25,"gold_loss":0},{"damage_healed":0,"gold_gain":0,"player_choice":"Ignored","damage_taken":0,"max_hp_gain":0,"max_hp_loss":0,"event_name":"Golden Shrine","floor":28,"gold_loss":0},{"damage_healed":0,"gold_gain":0,"player_choice":"Read","damage_taken":0,"max_hp_gain":0,"max_hp_loss":0,"event_name":"The Library","floor":35,"gold_loss":0,"cards_obtained":["Adaptation"]},{"damage_healed":0,"gold_gain":0,"player_choice":"Ignored","damage_taken":0,"max_hp_gain":0,"max_hp_loss":0,"event_name":"Cursed Tome","floor":36,"gold_loss":0},{"damage_healed":0,"gold_gain":0,"player_choice":"Max HP","damage_taken":0,"max_hp_gain":0,"max_hp_loss":4,"event_name":"Winding Halls","floor":43,"gold_loss":0},{"damage_healed":0,"gold_gain":0,"cards_transformed":["Strike_P"],"player_choice":"Transformed","damage_taken":0,"max_hp_gain":0,"max_hp_loss":0,"event_name":"Transmorgrifier","floor":45,"gold_loss":0,"cards_obtained":["Alpha"]},{"cards_removed":["Strike_P"],"damage_healed":0,"gold_gain":0,"player_choice":"Purged","damage_taken":0,"max_hp_gain":0,"max_hp_loss":0,"event_name":"Purifier","floor":55,"gold_loss":0}],"is_beta":false,"boss_relics":[{"not_picked":["Busted Crown","Velvet Choker"],"picked":"Ectoplasm"},{"not_picked":["Philosopher\u0027s Stone","Calling Bell"],"picked":"Snecko Eye"},{"not_picked":["Coffee Dripper","Sozu"],"picked":"Dota2Spire:RefresherOrb"}],"items_purged_floors":[14],"is_endless":false,"potions_floor_spawned":[6,9,13,17,26,30,34,38,44,47,48],"ascension_level":20}}