{"host":"c6xy0a74zz7y4nf6","time":1612760260,"event":{"mods":["BaseMod","Colored Map","Hermit","Minty Spire (QoL Compilation)","Replay The Spire","Spire Arcade","StSLib","The Cursed","The Death Knight","The Exalted","The Servant 0.9.4","The Wild Card"],"gold_per_floor":[115,127,127,142,125,154,154,174,250,265,278,278,297,332,332,435,435,449,465,249,249,263,263,263],"floor_reached":23,"language":"ENG","playtime":1759,"items_purged":["Bromod:Strike_Bro"],"score":257,"play_id":"a6c2e58c-5006-4c50-89b5-2e3de7f75b72","local_time":"20210207225740","is_ascension_mode":false,"campfire_choices":[{"data":"Bromod:BloodRush","floor":7,"key":"SMITH"},{"data":"Bromod:NoReturn","floor":12,"key":"SMITH"},{"floor":15,"key":"REST"}],"circlet_count":0,"master_deck":["Bromod:Strike_Bro","Bromod:Defend_Bro","Bromod:Defend_Bro","Bromod:Defend_Bro","Bromod:Defend_Bro","Bromod:SlashDash","Bromod:SlashDash","Bromod:SlashDash","Bromod:RelentlessCombination","Bromod:BloodRush+1","Strike_R","Bromod:BulletJump","Bromod:PointStrike","Bromod:BriefRespite","Bromod:BulletJump","Bromod:NoReturn+1","Bromod:TacticalPump","Bromod:RendingStrike","Bromod:Blaze","Bromod:SlashDash","Bromod:ContagiousSpread+1","Bromod:Intensify+1"],"relics":["Bromod:Ordis","Bromod:AscarisDevice","Blood Vial","Pear","Bromod:ArcanePistoleer","Black Star"],"acts_visited":["Exordium","TheCity"],"potions_floor_usage":[6,14,16,16,19,23],"damage_taken":[{"damage":1,"enemies":"Jaw Worm","floor":1,"turns":4},{"damage":1,"enemies":"Cultist","floor":2,"turns":3},{"damage":11,"enemies":"2 Louse","floor":4,"turns":3},{"damage":5,"enemies":"Exordium Thugs","floor":5,"turns":7},{"damage":9,"enemies":"Gremlin Nob","floor":6,"turns":4},{"damage":8,"enemies":"Red Slaver","floor":8,"turns":5},{"damage":7,"enemies":"3 Louse","floor":10,"turns":6},{"damage":2,"enemies":"Looter","floor":11,"turns":4},{"damage":0,"enemies":"Large Slime","floor":13,"turns":8},{"damage":25,"enemies":"3 Sentries","floor":14,"turns":11},{"damage":22,"enemies":"Hexaghost","floor":16,"turns":7},{"damage":1,"enemies":"Chosen","floor":18,"turns":4},{"damage":41,"enemies":"3 Byrds","floor":19,"turns":7},{"damage":9,"enemies":"Snake Plant","floor":22,"turns":5},{"damage":62,"enemies":"Slavers","floor":23,"turns":4}],"seed_played":"-4000570403619901515","potions_obtained":[{"floor":1,"key":"Elixir"},{"floor":4,"key":"Cursed Concoction"},{"floor":11,"key":"Elixir"},{"floor":13,"key":"Strength Potion"},{"floor":16,"key":"AttackPotion"},{"floor":19,"key":"SkillPotion"}],"is_trial":false,"path_per_floor":["M","M","?","M","M","E","R","M","T","M","M","R","M","E","R","B",null,"M","M","$","?","M","E"],"character_chosen":"THE_EXALTED","items_purchased":["Bromod:Intensify"],"campfire_rested":1,"item_purchase_floors":[20],"current_hp_per_floor":[81,80,80,69,64,55,55,49,59,54,54,54,56,33,60,40,92,91,51,51,51,44,0,0],"gold":263,"neow_bonus":"TEN_PERCENT_HP_BONUS","is_daily":false,"chose_seed":false,"campfire_upgraded":2,"win_rate":0.0,"timestamp":1612760260,"path_taken":["M","M","?","M","?","E","R","M","T","?","M","R","M","E","R","BOSS","M","M","$","?","M","E"],"items_purchased_type":["Card"],"build_version":"2020-12-22","purchased_purges":1,"victory":false,"max_hp_per_floor":[82,82,82,82,82,82,82,82,92,92,92,92,92,92,92,92,92,92,92,92,92,92,92,92],"card_choices":[{"not_picked":["Bromod:BodyCount","Bromod:PressurePoint"],"picked":"Bromod:RelentlessCombination","floor":1},{"not_picked":["Bromod:Maglev","Bromod:ShatteringImpact"],"picked":"Bromod:BloodRush","floor":2},{"not_picked":["Bromod:OrganShatter","Bromod:RadialBlind"],"picked":"Bromod:BulletJump","floor":4},{"not_picked":["Bromod:Redirection","Bromod:FastHands"],"picked":"Bromod:PointStrike","floor":5},{"not_picked":["Bromod:OrganShatter","Bromod:Provoked","Bromod:ArchwingLauncher"],"picked":"SKIP","floor":6},{"not_picked":["Bromod:Serration","Bromod:Maglev"],"picked":"Bromod:BriefRespite","floor":8},{"not_picked":["Bromod:QuickThinking","Bromod:SteelFiber"],"picked":"Bromod:BulletJump","floor":10},{"not_picked":["Bromod:SteelFiber","Bromod:Fury"],"picked":"Bromod:NoReturn","floor":11},{"not_picked":["Bromod:Foundry","Bromod:PressurePoint"],"picked":"Bromod:TacticalPump","floor":13},{"not_picked":["Bromod:OrganShatter","Bromod:SlipMagazine"],"picked":"Bromod:RendingStrike","floor":14},{"not_picked":["Bromod:LifeStrike","Bromod:Rage"],"picked":"Bromod:Blaze","floor":16},{"not_picked":["Bromod:PressurePoint+1","Bromod:KillingBlow"],"picked":"Bromod:SlashDash","floor":18},{"not_picked":["Bromod:Reflection","Bromod:SlipMagazine"],"picked":"Bromod:ContagiousSpread+1","floor":19},{"not_picked":["Bromod:OrganShatter","Bromod:SplitChamber","Bromod:PressurePoint"],"picked":"SKIP","floor":22}],"player_experience":114479,"relics_obtained":[{"floor":6,"key":"Blood Vial"},{"floor":9,"key":"Pear"},{"floor":14,"key":"Bromod:ArcanePistoleer"}],"event_choices":[{"cards_removed":["Bromod:Strike_Bro"],"damage_healed":0,"gold_gain":0,"player_choice":"Took Card","damage_taken":0,"max_hp_gain":0,"max_hp_loss":0,"event_name":"NoteForYourself","floor":3,"gold_loss":0,"cards_obtained":["Strike_R"]}],"is_beta":false,"boss_relics":[{"not_picked":["Fusion Hammer","Bromod:ArcaneGrace"],"picked":"Black Star"}],"items_purged_floors":[20],"is_endless":false,"potions_floor_spawned":[1,4,11,13,16,19],"killed_by":"Slavers","ascension_level":0}}