{"host":"sum4dy402bbv9y4o","time":1612823620,"event":{"mods":["Aspiration","BaseMod","Conspire","Highlight Path","Minty Spire (QoL Compilation)","StSLib"],"gold_per_floor":[119,119,119,130,148,183,183,193,193,209,209,223,253,253,253,326,326,336,349,34,50,50,50,67,86,86,86,86],"floor_reached":27,"language":"ENG","playtime":923,"items_purged":[],"score":604,"play_id":"774aa46b-1128-4855-967e-3c4e471d102a","local_time":"20210209013340","is_ascension_mode":true,"campfire_choices":[{"data":"Eruption","floor":7,"key":"SMITH"},{"floor":11,"key":"REST"},{"data":"WheelKick","floor":15,"key":"SMITH"},{"floor":23,"key":"REST"}],"circlet_count":0,"master_deck":["AscendersBane","Strike_P","Strike_P+1","Defend_P+1","Defend_P+1","Eruption+1","Vigilance","WaveOfTheHand","FlurryOfBlows","ReachHeaven+1","FlurryOfBlows","WheelKick+1","Evaluate","EmptyBody","SashWhip+1","BowlingBash","MasterReality+1","Prostrate+1","Prostrate+1","BowlingBash","EmptyFist","LessonLearned","Protect","Swivel"],"relics":["PureWater","Whetstone","Shovel","Astrolabe","aspiration:HatOfInfinitePower","Nloth\u0027s Gift","Darkstone Periapt"],"acts_visited":["Exordium","TheCity"],"potions_floor_usage":[5,13,18,25],"damage_taken":[{"damage":11,"enemies":"2 Louse","floor":1,"turns":2},{"damage":0,"enemies":"Small Slimes","floor":4,"turns":2},{"damage":0,"enemies":"conspire:RoseBush","floor":5,"turns":6},{"damage":3,"enemies":"Gremlin Nob","floor":6,"turns":3},{"damage":10,"enemies":"Lots of Slimes","floor":8,"turns":3},{"damage":11,"enemies":"conspire:2 RoseBushes","floor":10,"turns":5},{"damage":3,"enemies":"Looter","floor":12,"turns":3},{"damage":0,"enemies":"Lagavulin","floor":13,"turns":2},{"damage":0,"enemies":"Slime Boss","floor":16,"turns":4},{"damage":0,"enemies":"3 Byrds","floor":18,"turns":4},{"damage":12,"enemies":"Shell Parasite","floor":19,"turns":3},{"damage":23,"enemies":"Snecko","floor":21,"turns":5},{"damage":22,"enemies":"3 Cultists","floor":24,"turns":6},{"damage":20,"enemies":"Snake Plant","floor":25,"turns":5},{"damage":20,"enemies":"Snecko","floor":27,"turns":2}],"seed_played":"7343070481310640998","potions_obtained":[{"floor":1,"key":"Regen Potion"},{"floor":6,"key":"SteroidPotion"},{"floor":13,"key":"LiquidBronze"},{"floor":24,"key":"Swift Potion"}],"is_trial":false,"path_per_floor":["M","?","?","M","M","E","R","M","T","M","R","M","E","?","R","B",null,"M","M","$","M","?","R","M","M","T","M"],"character_chosen":"WATCHER","items_purchased":["aspiration:HatOfInfinitePower"],"campfire_rested":2,"item_purchase_floors":[20],"current_hp_per_floor":[50,46,26,26,41,38,38,28,28,17,37,34,34,34,34,34,60,60,48,48,25,25,45,23,3,3,0,0],"gold":86,"neow_bonus":"TRANSFORM_CARD","is_daily":false,"chose_seed":false,"campfire_upgraded":2,"win_rate":0.0,"timestamp":1612823620,"path_taken":["M","?","?","M","M","E","R","M","T","M","R","M","E","?","R","BOSS","M","M","$","M","?","R","M","M","T","?"],"items_purchased_type":["Relic"],"build_version":"2020-12-22","purchased_purges":0,"victory":false,"max_hp_per_floor":[68,68,68,68,68,68,68,68,68,68,68,68,68,68,68,68,68,68,68,68,68,68,68,68,68,68,68,68],"card_choices":[{"not_picked":["SandsOfTime","EmptyBody"],"picked":"FlurryOfBlows","floor":1},{"not_picked":["JustLucky","WreathOfFlame"],"picked":"ReachHeaven","floor":4},{"not_picked":["ThirdEye","EmptyFist"],"picked":"FlurryOfBlows","floor":5},{"not_picked":["Consecrate","Blasphemy"],"picked":"WheelKick","floor":6},{"not_picked":["ReachHeaven","Study"],"picked":"Evaluate","floor":8},{"not_picked":["EmptyFist","WindmillStrike"],"picked":"EmptyBody","floor":10},{"not_picked":["WaveOfTheHand","Weave"],"picked":"SashWhip","floor":12},{"not_picked":["Protect","CutThroughFate"],"picked":"BowlingBash","floor":13},{"not_picked":["EmptyBody","Weave"],"picked":"BowlingBash","floor":18},{"not_picked":["Fasting2","SignatureMove"],"picked":"EmptyFist","floor":19},{"not_picked":["Evaluate","SandsOfTime"],"picked":"LessonLearned","floor":21},{"not_picked":["Omniscience","SashWhip"],"picked":"Protect","floor":24},{"not_picked":["Crescendo","FollowUp"],"picked":"Swivel","floor":25}],"player_experience":3065727,"relics_obtained":[{"floor":6,"key":"conspire:Boomerang"},{"floor":9,"key":"Whetstone"},{"floor":13,"key":"Shovel"},{"floor":26,"key":"Darkstone Periapt"}],"event_choices":[{"damage_healed":0,"gold_gain":0,"player_choice":"Leave","damage_taken":0,"max_hp_gain":0,"max_hp_loss":0,"event_name":"conspire:Investor","floor":2,"gold_loss":0},{"damage_healed":0,"gold_gain":0,"player_choice":"Entered Light","damage_taken":20,"max_hp_gain":0,"max_hp_loss":0,"event_name":"Shining Light","floor":3,"gold_loss":0,"cards_upgraded":["Defend_P","Defend_P"]},{"damage_healed":0,"gold_gain":0,"player_choice":"Grow","damage_taken":0,"max_hp_gain":0,"max_hp_loss":0,"event_name":"Living Wall","floor":14,"gold_loss":0,"cards_upgraded":["SashWhip"]},{"damage_healed":0,"gold_gain":0,"player_choice":"Traded Relic","damage_taken":0,"relics_obtained":["Nloth\u0027s Gift"],"max_hp_gain":0,"max_hp_loss":0,"event_name":"N\u0027loth","floor":22,"relics_lost":["conspire:Boomerang"],"gold_loss":0}],"is_beta":false,"boss_relics":[{"not_picked":["aspiration:RunicSpoon","aspiration:RandomNobGenerator"],"picked":"Astrolabe"}],"items_purged_floors":[],"is_endless":false,"potions_floor_spawned":[1,6,13,24],"killed_by":"Snecko","ascension_level":20}}