{"host":"pi8b3ffzwvxqztac","time":1612773801,"event":{"mods":["BaseMod","Colored Map","Custom Start","Downfall","Minty Spire (QoL Compilation)","StSLib"],"gold_per_floor":[111,111,111,121,71,71,100,100,125,125,141,151,151,50,50,148,148,166,166,176,187,207,207,307,319,319,319,319,69,69,84,84,189,189,206,206,256,274,284,310,310,310,310,310,185,205,216,236,236,236,236],"floor_reached":50,"language":"ENG","playtime":2352,"items_purged":["Strike_B","Strike_B","Writhe"],"score":639,"play_id":"3aed93e0-8127-4c53-be5e-b256135bf249","local_time":"20210208214321","is_ascension_mode":true,"campfire_choices":[{"data":"Zap","floor":6.0,"key":"SMITH"},{"data":"Dualcast","floor":8.0,"key":"SMITH"},{"data":"Go for the Eyes","floor":10.0,"key":"SMITH"},{"data":"Redo","floor":15.0,"key":"SMITH"},{"data":"Defragment","floor":23.0,"key":"SMITH"},{"data":"Sweeping Beam","floor":28.0,"key":"SMITH"},{"data":"Conserve Battery","floor":30.0,"key":"SMITH"},{"floor":32.0,"key":"REST"},{"data":"Buffer","floor":41,"key":"SMITH"},{"data":"Panacea","floor":44,"key":"SMITH"},{"floor":49,"key":"REST"}],"circlet_count":0,"master_deck":["Strike_B","Defend_B","Defend_B","Defend_B","Defend_B","Zap+1","Dualcast+1","Go for the Eyes+1","Ball Lightning","Sweeping Beam+1","Conserve Battery+1","Conserve Battery","Redo+1","Echo Form","Ball Lightning","Defragment+1","Reinforced Body+1","Barrage","Buffer+1","Hologram+1","Panacea+1"],"relics":["Cracked Core","Regal Pillow","Blue Candle","InkBottle","Blood Vial","bronze:DecasWashers","sneckomod:SneckoTalon","Darkstone Periapt","MutagenicStrength","Runic Capacitor","Cursed Key","hexamod:Sixitude","Potion Belt"],"acts_visited":["Exordium","TheCity","TheBeyond"],"potions_floor_usage":[39,50,50],"damage_taken":[{"damage":2.0,"enemies":"Jaw Worm","floor":1.0,"turns":3.0},{"damage":1.0,"enemies":"2 Louse","floor":4.0,"turns":3.0},{"damage":25.0,"enemies":"3 Sentries","floor":7.0,"turns":6.0},{"damage":0.0,"enemies":"Small Slimes","floor":11.0,"turns":2.0},{"damage":10.0,"enemies":"Exordium Thugs","floor":12.0,"turns":4.0},{"damage":17.0,"enemies":"Hexaghost","floor":16.0,"turns":9.0},{"damage":16.0,"enemies":"Shell Parasite","floor":18.0,"turns":6.0},{"damage":5.0,"enemies":"3 Byrds","floor":20.0,"turns":2.0},{"damage":7.0,"enemies":"Cultist and Chosen","floor":21.0,"turns":5.0},{"damage":7.0,"enemies":"Snecko","floor":22.0,"turns":5.0},{"damage":14.0,"enemies":"Centurion and Healer","floor":25.0,"turns":6.0},{"damage":14.0,"enemies":"Snake Plant","floor":31.0,"turns":3.0},{"damage":37,"enemies":"Automaton","floor":33,"turns":9},{"damage":0,"enemies":"Orb Walker","floor":35,"turns":3},{"damage":0,"enemies":"Mind Bloom Boss Battle","floor":37,"turns":4},{"damage":0,"enemies":"3 Shapes","floor":38,"turns":2},{"damage":20,"enemies":"Writhing Mass","floor":39,"turns":5},{"damage":30,"enemies":"Reptomancer","floor":40,"turns":6},{"damage":12,"enemies":"Sphere and 2 Shapes","floor":46,"turns":4},{"damage":27,"enemies":"3 Darklings","floor":47,"turns":4},{"damage":16,"enemies":"Jaw Worm Horde","floor":48,"turns":4},{"damage":59,"enemies":"Donu and Deca","floor":50,"turns":5}],"seed_played":"92104461403044989","potions_obtained":[{"floor":1.0,"key":"Fruit Juice"},{"floor":7.0,"key":"EssenceOfSteel"},{"floor":16.0,"key":"LiquidBronze"},{"floor":20.0,"key":"Block Potion"},{"floor":25.0,"key":"Fire Potion"},{"floor":33,"key":"PotionOfCapacity"},{"floor":35,"key":"Swift Potion"},{"floor":38,"key":"Ancient Potion"},{"floor":39,"key":"sneckomod:MuddlingPotion"},{"floor":47,"key":"sneckomod:MuddlingPotion"},{"floor":48,"key":"Energy Potion"}],"is_trial":false,"path_per_floor":["M","?","?","M","?","R","E","R","T","R","M","M","?","$","R","B",null,"M","?","M","M","M","R","?","M","T","?","R","$","R","M","R","B",null,"M","?","?","M","M","E","R","?","T","R","$","M","M","M","R","B"],"character_chosen":"DEFECT","items_purchased":["Redo","Runic Capacitor"],"campfire_rested":2,"item_purchase_floors":[14,29],"current_hp_per_floor":[71,66,71,70,70,70,45,45,45,45,47,39,39,39,39,24,70,56,56,53,48,43,43,43,31,31,31,31,31,31,19,59,24,70,72,72,74,76,58,30,30,57,57,57,57,47,22,8,50,0,0],"gold":236,"neow_bonus":"RANDOM_COMMON_RELIC","is_daily":false,"chose_seed":false,"campfire_upgraded":9,"win_rate":0.0,"timestamp":1612773801,"path_taken":["M","?","?","M","?","R","E","R","T","R","M","M","?","$","R","BOSS","M","?","M","M","M","R","?","?","T","?","R","$","R","M","R","BOSS","M","?","?","M","M","E","R","?","T","R","$","M","M","M","R","BOSS"],"items_purchased_type":["Card","Relic"],"build_version":"2020-12-22","purchased_purges":3,"victory":false,"max_hp_per_floor":[80,80,85,85,85,85,85,85,85,85,85,85,85,85,85,85,85,85,85,85,85,85,85,85,85,85,85,85,85,85,85,85,85,85,85,85,85,85,85,85,85,91,91,91,91,91,91,91,91,91,91],"card_choices":[{"not_picked":["Fusion","Leap"],"picked":"Go for the Eyes","floor":1.0},{"not_picked":["Turbo","White Noise"],"picked":"Ball Lightning","floor":4.0},{"not_picked":["Coolheaded","Blizzard"],"picked":"Sweeping Beam","floor":7.0},{"not_picked":["White Noise","Stack"],"picked":"Conserve Battery","floor":11.0},{"not_picked":["Tempest","Leap"],"picked":"Conserve Battery","floor":12.0},{"not_picked":["Biased Cognition","Rainbow"],"picked":"Echo Form","floor":16.0},{"not_picked":["Steam+1","Turbo"],"picked":"Ball Lightning","floor":18.0},{"not_picked":["Force Field","Loop"],"picked":"Defragment","floor":20.0},{"not_picked":["Fusion+1","Gash","Skim"],"picked":"SKIP","floor":21.0},{"not_picked":["Steam","Ball Lightning+1"],"picked":"Reinforced Body+1","floor":22.0},{"not_picked":["Stack","Redo","Skim"],"picked":"SKIP","floor":25.0},{"not_picked":["Loop","BootSequence"],"picked":"Barrage","floor":31.0},{"not_picked":["Hyperbeam","Biased Cognition"],"picked":"Buffer","floor":33},{"not_picked":["Turbo","Leap"],"picked":"Hologram+1","floor":35},{"not_picked":["Violence","Thinking Ahead"],"picked":"Panacea","floor":36},{"not_picked":["Sweeping Beam","Gash","Barrage"],"picked":"SKIP","floor":38},{"not_picked":["Conserve Battery","Blizzard+1","Rebound"],"picked":"SKIP","floor":39},{"not_picked":["Genetic Algorithm+1","BootSequence+1","Machine Learning"],"picked":"SKIP","floor":40},{"not_picked":["Turbo+1","Barrage","Blizzard"],"picked":"SKIP","floor":46},{"not_picked":["Barrage","Double Energy","Hello World+1"],"picked":"SKIP","floor":47},{"not_picked":["Rebound","Fission","Compile Driver"],"picked":"SKIP","floor":48}],"player_experience":715301,"relics_obtained":[{"floor":7.0,"key":"InkBottle"},{"floor":9.0,"key":"Blood Vial"},{"floor":26.0,"key":"Darkstone Periapt"},{"floor":37,"key":"hexamod:Sixitude"},{"floor":40,"key":"Potion Belt"}],"event_choices":[{"damage_healed":0.0,"max_hp_gain":5.0,"max_hp_loss":0.0,"gold_gain":0.0,"event_name":"Big Fish","player_choice":"Donut","floor":3.0,"gold_loss":0.0,"damage_taken":0.0},{"cards_removed":["Strike_B"],"damage_healed":0.0,"max_hp_gain":0.0,"max_hp_loss":0.0,"gold_gain":0.0,"event_name":"The Cleric","player_choice":"Card Removal","floor":5.0,"gold_loss":50.0,"damage_taken":0.0},{"damage_healed":0.0,"max_hp_gain":0.0,"max_hp_loss":0.0,"gold_gain":0.0,"event_name":"WeMeetAgain","player_choice":"Gave Potion","floor":13.0,"gold_loss":0.0,"damage_taken":0.0,"relics_obtained":["bronze:DecasWashers"]},{"damage_healed":0.0,"max_hp_gain":0.0,"max_hp_loss":0.0,"gold_gain":100.0,"event_name":"Golden Shrine","player_choice":"Pray","floor":24.0,"gold_loss":0.0,"damage_taken":0.0},{"damage_healed":0.0,"max_hp_gain":0.0,"max_hp_loss":0.0,"gold_gain":0.0,"event_name":"Drug Dealer","player_choice":"Inject Mutagens","floor":27.0,"gold_loss":0.0,"damage_taken":0.0,"relics_obtained":["MutagenicStrength"]},{"damage_healed":0,"gold_gain":0,"player_choice":"Memory 1","damage_taken":0,"max_hp_gain":0,"max_hp_loss":0,"event_name":"SensoryStone","floor":36,"gold_loss":0},{"damage_healed":0,"gold_gain":0,"player_choice":"Fight","damage_taken":0,"max_hp_gain":0,"max_hp_loss":0,"event_name":"MindBloom","floor":37,"gold_loss":0},{"damage_healed":21,"gold_gain":0,"player_choice":"Writhe","damage_taken":0,"max_hp_gain":0,"max_hp_loss":0,"event_name":"Winding Halls","floor":42,"gold_loss":0,"cards_obtained":["Writhe"]}],"is_beta":false,"boss_relics":[{"not_picked":["SacredBark","Coffee Dripper"],"picked":"sneckomod:SneckoTalon"},{"not_picked":["Runic Dome","Velvet Choker"],"picked":"Cursed Key"}],"items_purged_floors":[14,29,45],"is_endless":false,"potions_floor_spawned":[1,7,16,20,25,33,35,38,39,47,48],"killed_by":"Donu and Deca","ascension_level":6}}