{"host":"mydft8i2zzydgggw","time":1612753772,"event":{"mods":["AchievementEnabler","BaseMod","Colored Map","Colored Powertips","DeckTracker","Keyboard Shortcuts","Minty Spire (QoL Compilation)","Rare Cards Sparkle","StSLib","SuperFastMode","everything is the same but u backflip on backflip"],"gold_per_floor":[17,27,38,57,57,86,86,111,137,126,126,76,76,94,94,94,94],"floor_reached":16,"language":"KOR","playtime":308,"items_purged":["Defend_B"],"score":202,"play_id":"8359e070-d405-4b8b-98a5-66de4e946963","local_time":"20210208120932","is_ascension_mode":true,"campfire_choices":[{"floor":7,"key":"REST"},{"floor":11,"key":"REST"},{"data":"Glacier","floor":13,"key":"SMITH"},{"floor":15,"key":"REST"}],"circlet_count":0,"master_deck":["AscendersBane","Strike_B","Strike_B","Strike_B","Strike_B","Defend_B","Defend_B","Defend_B","Zap","Dualcast","Core Surge","Beam Cell","Go for the Eyes","Core Surge","Self Repair","Storm","Glacier+1","FTL"],"relics":["Cracked Core","Pen Nib","Nunchaku","Smiling Mask"],"acts_visited":["Exordium"],"potions_floor_usage":[6,6,8],"damage_taken":[{"damage":0,"enemies":"Cultist","floor":1,"turns":4},{"damage":2,"enemies":"Jaw Worm","floor":2,"turns":3},{"damage":0,"enemies":"2 Louse","floor":3,"turns":2},{"damage":17,"enemies":"Lots of Slimes","floor":4,"turns":3},{"damage":20,"enemies":"Gremlin Nob","floor":6,"turns":4},{"damage":33,"enemies":"3 Sentries","floor":8,"turns":9},{"damage":19,"enemies":"Exordium Thugs","floor":10,"turns":4},{"damage":18,"enemies":"Exordium Wildlife","floor":14,"turns":6},{"damage":42,"enemies":"Hexaghost","floor":16,"turns":11}],"seed_played":"5133865263344613729","potions_obtained":[{"floor":2,"key":"Swift Potion"},{"floor":4,"key":"PowerPotion"},{"floor":6,"key":"ColorlessPotion"},{"floor":14,"key":"DuplicationPotion"}],"is_trial":false,"path_per_floor":["M","M","M","M","$","E","R","E","T","M","R","$","R","M","R","B"],"character_chosen":"DEFECT","items_purchased":[],"campfire_rested":3,"item_purchase_floors":[],"current_hp_per_floor":[64,62,62,45,45,25,46,20,20,8,29,29,29,18,39,0,0],"gold":94,"neow_bonus":"THREE_RARE_CARDS","is_daily":false,"chose_seed":false,"campfire_upgraded":1,"win_rate":0.0,"timestamp":1612753772,"path_taken":["M","M","M","?","$","E","R","E","T","M","R","$","R","M","R","BOSS"],"items_purchased_type":[],"build_version":"2020-12-22","purchased_purges":1,"victory":false,"max_hp_per_floor":[71,71,71,71,71,71,71,71,71,71,71,71,71,71,71,71,71],"card_choices":[{"not_picked":["Buffer","All For One"],"picked":"Core Surge","floor":0},{"not_picked":["Gash","Redo"],"picked":"Beam Cell","floor":1},{"not_picked":["Stack","Redo"],"picked":"Go for the Eyes","floor":2},{"not_picked":["Rebound","Conserve Battery","Hologram"],"picked":"SKIP","floor":3},{"not_picked":["Hologram","Stack"],"picked":"Core Surge","floor":4},{"not_picked":["Hologram","Tempest"],"picked":"Self Repair","floor":6},{"not_picked":["Stack","BootSequence"],"picked":"Storm","floor":8},{"not_picked":["FTL","Rebound"],"picked":"Glacier","floor":10},{"not_picked":["Turbo","Go for the Eyes"],"picked":"FTL","floor":14}],"player_experience":250836,"relics_obtained":[{"floor":6,"key":"Pen Nib"},{"floor":8,"key":"Nunchaku"},{"floor":9,"key":"Smiling Mask"}],"event_choices":[],"is_beta":false,"boss_relics":[],"items_purged_floors":[12],"is_endless":false,"potions_floor_spawned":[2,4,6,14],"killed_by":"Hexaghost","ascension_level":16}}