{"host":"f5gffvlv6a66yqkd","time":1612801455,"event":{"mods":["2.2 Compatiblity","BaseMod","Colored Map","Custom Start","DeckTracker","Keyboard Shortcuts","Minty Spire (QoL Compilation)","Permanent Neow","Quick Restart","Relic Stats","StSLib","SuperFastMode"],"gold_per_floor":[119,119,119,132,9,9,53,53,100,100,143,162,87,10,10,108,108,129,129,129,129],"floor_reached":20,"language":"KOR","playtime":325,"items_purged":[],"score":406,"play_id":"39f78022-ff7c-4ecd-9e6b-926f79eeb8f2","local_time":"20210209012415","is_ascension_mode":true,"campfire_choices":[{"data":"Defragment","floor":6.0,"key":"SMITH"},{"data":"Dualcast","floor":8.0,"key":"SMITH"},{"data":"Loop","floor":10.0,"key":"SMITH"},{"data":"Hello World","floor":15.0,"key":"SMITH"}],"circlet_count":0,"master_deck":["AscendersBane","Zap","Dualcast+1","Barrage","Turbo","Defragment+1","Doom and Gloom","Loop+1","Cold Snap","Beam Cell","Hello World+1","Reboot","Capacitor","Coolheaded","Coolheaded","All For One","Double Energy","All For One","Heatsinks","Reprogram","BootSequence","Decay"],"relics":["Cracked Core","NeowsBlessing","Golden Idol","Symbiotic Virus","Dead Branch","Pandora\u0027s Box"],"acts_visited":["Exordium","TheCity"],"potions_floor_usage":[],"damage_taken":[{"damage":0.0,"enemies":"2 Louse","floor":1.0,"turns":1.0},{"damage":0.0,"enemies":"Small Slimes","floor":4.0,"turns":1.0},{"damage":0.0,"enemies":"3 Sentries","floor":7.0,"turns":1.0},{"damage":31.0,"enemies":"Gremlin Nob","floor":11.0,"turns":4.0},{"damage":0.0,"enemies":"Cultist","floor":12.0,"turns":3.0},{"damage":15.0,"enemies":"Slime Boss","floor":16.0,"turns":7.0},{"damage":32.0,"enemies":"2 Thieves","floor":18.0,"turns":3.0},{"damage":11,"enemies":"Shell Parasite","floor":20,"turns":2}],"seed_played":"-8059998636059453670","potions_obtained":[{"floor":11.0,"key":"Weak Potion"},{"floor":12.0,"key":"Strength Potion"},{"floor":16.0,"key":"SpeedPotion"}],"is_trial":false,"path_per_floor":["M","?","?","M","$","R","E","R","T","R","E","M","?","$","R","B",null,"M","?","M"],"character_chosen":"DEFECT","items_purchased":["Defragment","Doom and Gloom","Hello World"],"campfire_rested":0,"item_purchase_floors":[5,5,14],"current_hp_per_floor":[64,64,54,54,54,54,54,54,54,54,23,23,23,23,23,8,55,23,23,12,12],"gold":129,"neow_bonus":"THREE_ENEMY_KILL","is_daily":false,"chose_seed":false,"campfire_upgraded":4,"win_rate":0.0,"timestamp":1612801455,"path_taken":["M","?","?","?","$","R","E","R","T","R","E","M","?","?","R","BOSS","M","?","?"],"items_purchased_type":["Card","Card","Card"],"build_version":"2020-12-22","purchased_purges":0,"victory":false,"max_hp_per_floor":[71,71,71,71,71,71,71,71,71,71,71,71,71,71,71,71,71,71,71,71,71],"relic_stats":{"counters":[8,22],"Golden Idol":49,"Dead Branch":[8],"Pandora\u0027s Box":["Capacitor","Coolheaded","Coolheaded","All For One","Double Energy","All For One","Heatsinks","Reprogram"],"obtain_stats":[{"NeowsBlessing":0,"Golden Idol":2,"Dead Branch":11,"Pandora\u0027s Box":17,"Cracked Core":0,"Symbiotic Virus":7},{"NeowsBlessing":0,"Golden Idol":1,"Dead Branch":4,"Pandora\u0027s Box":6,"Cracked Core":0,"Symbiotic Virus":3},{"NeowsBlessing":0,"Golden Idol":1,"Dead Branch":7,"Pandora\u0027s Box":17,"Cracked Core":0,"Symbiotic Virus":3}]},"card_choices":[{"not_picked":["BootSequence","Blizzard"],"picked":"Barrage","floor":1.0},{"not_picked":["Stack","Blizzard"],"picked":"Turbo","floor":4.0},{"not_picked":["Steam","Cold Snap"],"picked":"Loop","floor":7.0},{"not_picked":["Go for the Eyes","Fission"],"picked":"Cold Snap","floor":11.0},{"not_picked":["Stack","Gash"],"picked":"Beam Cell","floor":12.0},{"not_picked":["Machine Learning","Thunder Strike"],"picked":"Reboot","floor":16.0},{"not_picked":["Steam Power","Hologram"],"picked":"BootSequence","floor":18.0}],"player_experience":1702634,"relics_obtained":[{"floor":7.0,"key":"Symbiotic Virus"},{"floor":11.0,"key":"Dead Branch"}],"event_choices":[{"damage_healed":0.0,"max_hp_gain":0.0,"max_hp_loss":0.0,"gold_gain":0.0,"event_name":"Golden Idol","player_choice":"Take Wound","floor":2.0,"gold_loss":0.0,"damage_taken":0.0,"relics_obtained":["Golden Idol"],"cards_obtained":["Injury"]},{"damage_healed":0.0,"max_hp_gain":0.0,"max_hp_loss":0.0,"gold_gain":0.0,"event_name":"Wheel of Change","player_choice":"Damaged","floor":3.0,"gold_loss":0.0,"damage_taken":10.0},{"cards_removed":["Injury"],"damage_healed":0.0,"max_hp_gain":0.0,"max_hp_loss":0.0,"gold_gain":0.0,"event_name":"The Cleric","player_choice":"Card Removal","floor":13.0,"gold_loss":75.0,"damage_taken":0.0},{"damage_healed":0.0,"max_hp_gain":0.0,"max_hp_loss":0.0,"gold_gain":0.0,"event_name":"Wheel of Change","player_choice":"Cursed","floor":19.0,"gold_loss":0.0,"damage_taken":0.0,"cards_obtained":["Decay"]}],"is_beta":false,"boss_relics":[{"not_picked":["Philosopher\u0027s Stone","Coffee Dripper"],"picked":"Pandora\u0027s Box"}],"items_purged_floors":[],"is_endless":false,"potions_floor_spawned":[11,12,16],"killed_by":"Shell Parasite","ascension_level":20}}