{"host":"k6d6vy172g6ium25","time":1612817822,"event":{"mods":["Act Like it!","BaseMod","Custom Start","Downfall","Friendly Minions","Kiyohime????","Marisa????????","Minty Spire (QoL Compilation)","Prisma Mod","Rare Cards Sparkle","Relic Filter","StSLib","The Alterego","Waifu the Spire","Yakumo Yukari mod","Yohane!"],"gold_per_floor":[117,130,148,148,166,76,103,128,228,228,228,228,228],"floor_reached":11,"language":"ENG","playtime":1008,"items_purged":["Normality"],"score":73,"play_id":"2b150ef8-eebb-47b2-b1b8-2b3949749612","local_time":"20210208215702","is_ascension_mode":false,"campfire_choices":[{"floor":10,"key":"REST"}],"circlet_count":0,"master_deck":["Guardian:Strike_Guardian+1","Guardian:Strike_Guardian","Guardian:Strike_Guardian","Guardian:Strike_Guardian","Guardian:Defend_Guardian","Guardian:Defend_Guardian","Guardian:Defend_Guardian","Guardian:Defend_Guardian","Guardian:CurlUp","Guardian:TwinSlam+1","Guardian:Clone","Guardian:Preprogram","Guardian:ArmoredProtocol","CurseOfTheBell","CurseOfTheBell","Guardian:HyperBeam_Guardian","Guardian:SentryBeam","Guardian:PiercingHide"],"relics":["Guardian:ModeShifter","downfall:ExtraCursedBell","PreservedInsect","Ornamental Fan","Ginger","Whetstone","Potion Belt"],"acts_visited":["Exordium"],"potions_floor_usage":[9,9,9,9],"damage_taken":[{"damage":5,"enemies":"Jaw Worm","floor":1,"turns":5},{"damage":5,"enemies":"Small Slimes","floor":2,"turns":4},{"damage":1,"enemies":"Cultist","floor":3,"turns":4},{"damage":10,"enemies":"Exordium Thugs","floor":5,"turns":4},{"damage":0,"enemies":"downfall:FleeingMerchant","floor":6,"turns":4},{"damage":14,"enemies":"Gremlin Nob","floor":8,"turns":4},{"damage":34,"enemies":"downfall:LadyInBlue","floor":9,"turns":13},{"damage":0,"enemies":"3 Sentries","floor":11,"turns":1}],"seed_played":"-5142907169149398167","potions_obtained":[{"floor":1,"key":"Strength Potion"},{"floor":2,"key":"PowerPotion"},{"floor":3,"key":"SteroidPotion"},{"floor":8,"key":"AttackPotion"},{"floor":9,"key":"SteroidPotion"},{"floor":9,"key":"hexamod:SoulburnPotion"},{"floor":9,"key":"Fruit Juice"}],"is_trial":false,"path_per_floor":["M","M","M","?","M","$","T","E","?","R","E"],"character_chosen":"GUARDIAN","items_purchased":[],"campfire_rested":1,"item_purchase_floors":[],"current_hp_per_floor":[83,78,77,77,67,67,67,53,24,51,51,51,51],"gold":228,"neow_bonus":"TEN_PERCENT_HP_BONUS","is_daily":false,"chose_seed":false,"campfire_upgraded":0,"win_rate":0.0,"timestamp":1612817822,"path_taken":["M","M","M","?","M","$","T","E","?","R","E"],"items_purchased_type":[],"build_version":"2020-12-22","purchased_purges":1,"victory":false,"max_hp_per_floor":[88,88,88,88,88,88,88,88,93,93,93,93,93],"card_choices":[{"not_picked":["Guardian:Gem_Green","Guardian:VentSteam"],"picked":"Guardian:Clone","floor":1},{"not_picked":["Guardian:SentryBeam","Guardian:Orbwalk"],"picked":"Guardian:Preprogram","floor":2},{"not_picked":["Guardian:Gem_Green","Guardian:Gem_Lightblue"],"picked":"Guardian:ArmoredProtocol","floor":3},{"not_picked":["Guardian:ShieldCharger","Guardian:Reroute"],"picked":"Guardian:Gem_Lightblue","floor":5},{"not_picked":["Guardian:Emergency","Guardian:Gem_Purple"],"picked":"Guardian:Gem_Orange","floor":6},{"not_picked":["Guardian:Gem_Lightblue","Guardian:Gem_Fragmented"],"picked":"Guardian:SentryBeam","floor":8},{"not_picked":["Guardian:Reroute","Guardian:VentSteam"],"picked":"Guardian:PiercingHide","floor":9}],"player_experience":83798,"relics_obtained":[{"floor":4,"key":"PreservedInsect"},{"floor":4,"key":"Ornamental Fan"},{"floor":4,"key":"Ginger"},{"floor":8,"key":"Whetstone"},{"floor":9,"key":"Potion Belt"}],"event_choices":[],"is_beta":false,"boss_relics":[],"items_purged_floors":[6],"is_endless":false,"potions_floor_spawned":[1,2,3,8],"killed_by":"3 Sentries","ascension_level":0}}