{"host":"8inpc3yxphy2r27y","time":1612800640,"event":{"mods":["Act Like it!","Aspiration","Astrologer","Bard","BaseMod","Better Synergies","Better Vampires","Challenge The Spire","Conspire","Decade(王小明)","Defuse TimeMaze Blight","Downfall","Energized Spire","FutureSeer","Gensokyo","Gremlin Mod","GungeonMod","Hallownest","Highlight Path","HumanHunterMod(怪物杀人mod)","Hunter 猎人","KinomotoSakuraMod(木之本樱)","Lobotomy","LobotomyExtend","Minty Spire (QoL Compilation)","Pale of the Ancients","Quick Restart","READ ME - Guardian Mod","Red Circlet Mod","Reimu（博丽灵梦）","Relic Filter Mod","Relic Stats","Replay The Spire","Ryuuou龙王","SIMod","Shop Mod","Spicy Shops","StSLib","The Bug Knight","The Cursed","The Gatherer","The Hierophant","UnlockEverythingMod","Waifu the Spire","[GremlinLeader]The Maniac","[IsaacMod]以撒尖塔","noobMod","【遗物卡牌】REMEMod","篝火指南"],"gold_per_floor":[114,129,144,15,15,345,345,345,575,575,650,718,763,793,818,643,190,329,329,368,392,68,92,92,131,53,92,92,92,92],"floor_reached":29,"language":"ZHS","playtime":2448,"items_purged":["astrologer:Strike"],"score":439,"play_id":"be14bc12-eb64-4d08-bebb-4f488f2af3f6","local_time":"20210209001040","daily_mods":["Heirloom","downfall:Jewelcrafting","Elite Swarm"],"is_ascension_mode":false,"campfire_choices":[],"circlet_count":0,"master_deck":["astrologer:Strike","astrologer:Strike","astrologer:Strike","astrologer:Defend","astrologer:Defend","astrologer:Defend","astrologer:Defend","astrologer:NorthStar","astrologer:TheFool+1","Guardian:ExploitGems","Guardian:ExploitGems","BloodyBrimstone","ParadiseLost","astrologer:Confirmation+1","astrologer:FrozenStar","astrologer:Glimpse","astrologer:TheWorld+1","astrologer:Fate","astrologer:DarkMatter","astrologer:TheStar","astrologer:Starfield","astrologer:StarOfChange","astrologer:FrozenStar","astrologer:Wish","astrologer:Conjunction","astrologer:Retelling","astrologer:GlassStar","astrologer:TheSun","astrologer:DarkMatter"],"relics":["astrologer:SkyMirror","HushsDoor","REME_ComplimentaryCards","ice","Guardian:PickAxe","SteamSale","DemoMod:GreenGuonStone","LetterFromLob","Moonlight_r","Gaze_r","DemoMod:LamentConfigurum","HowToJump","conspire:BottledYoYo","conspire:InfiniteJournal","BFFS","DemoMod:BigBoy","DemoMod:SerJunkan","Blue Doll","MerchantsRug","Replay:Wax Seal","Orrery","astrologer:Telescope","aspiration:HummingbirdHeart","CeramicFish","DemoMod:GnawedKey","REME_CardOfGreed","Snecko Heart","DemoMod:Orange","conspire:TreasureMap","DemoMod:Junk","Damocles","Orichalcum","Matryoshka"],"acts_visited":["Gensokyo:Gensokyo","Gensokyo:Gensokyoer"],"potions_floor_usage":[],"damage_taken":[{"damage":0.0,"enemies":"Gensokyo:Python","floor":1.0,"turns":4.0},{"damage":0.0,"enemies":"Gensokyo:3_Fairies","floor":2.0,"turns":3.0},{"damage":0.0,"enemies":"Gensokyo:Gryphon","floor":3.0,"turns":3.0},{"damage":79.0,"enemies":"Gensokyo:Gryphon","floor":5.0,"turns":8.0},{"damage":26.0,"enemies":"Gensokyo:Mamizou","floor":6.0,"turns":9.0},{"damage":11.0,"enemies":"Gensokyo:Aya","floor":9.0,"turns":5.0},{"damage":90.0,"enemies":"Gensokyo:Mamizou","floor":11.0,"turns":14.0},{"damage":69,"enemies":"Gensokyo:Python_and_Kodama","floor":13,"turns":9},{"damage":26,"enemies":"Gensokyo:Aya","floor":14,"turns":6},{"damage":43,"enemies":"Gensokyo:Yukari","floor":18,"turns":9},{"damage":30,"enemies":"Gensokyo:2_Gloops","floor":20,"turns":5},{"damage":0,"enemies":"Gensokyo:AngelMirror","floor":21,"turns":3},{"damage":17,"enemies":"Gensokyo:Monolith_and_Dog","floor":23,"turns":5},{"damage":11,"enemies":"Gensokyo:Koishi","floor":25,"turns":5},{"damage":0,"enemies":"Gensokyo:Reisen","floor":27,"turns":4},{"damage":9,"enemies":"Gensokyo:Koishi","floor":29,"turns":3}],"seed_played":"-2425098010432476902","potions_obtained":[{"floor":1.0,"key":"Explosive Potion"},{"floor":3.0,"key":"Dexterity Potion"},{"floor":6.0,"key":"FearPotion"},{"floor":9.0,"key":"Dexterity Potion"}],"is_trial":false,"path_per_floor":["M","M","M","COS","?","E","?","R","E","T","E","?","M","E","T","R","R","B",null,"M","M","COS","M","?","E","$","E","T","E"],"character_chosen":"ASTROLOGER","items_purchased":["MerchantsRug","Replay:Wax Seal","Orrery","astrologer:Telescope","aspiration:HummingbirdHeart","CeramicFish","DemoMod:GnawedKey","REME_CardOfGreed","Damocles"],"campfire_rested":0,"item_purchase_floors":[16,16,16,17,17,17,17,17,26],"current_hp_per_floor":[70,70,70,70,51,37,37,37,26,26,88,73,28,14,14,14,14,73,90,78,78,78,73,73,68,68,68,68,0,0],"gold":92,"neow_bonus":"","is_daily":true,"chose_seed":false,"campfire_upgraded":0,"win_rate":0.0,"timestamp":1612800640,"path_taken":["M","M","M","COS","?","E","?","R","E","T","E","?","M","E","?","R","R","BOSS","M","M","COS","?","?","E","$","E","T","E"],"items_purchased_type":["Relic","Relic","Relic","Relic","Relic","Relic","Relic","Relic","Relic"],"build_version":"2020-12-22","purchased_purges":1,"victory":false,"max_hp_per_floor":[70,70,70,70,79,79,79,79,79,79,89,89,89,89,89,89,89,90,90,122,123,123,136,136,142,142,144,144,153,153],"relic_stats":{"counters":[16,92],"CeramicFish":54,"Orichalcum":[0],"obtain_stats":[{"DemoMod:GreenGuonStone":0,"Damocles":26,"Snecko Heart":19,"astrologer:Telescope":17,"DemoMod:BigBoy":13,"CeramicFish":17,"Blue Doll":15,"DemoMod:GlassGuonStoneRelic":1,"ice":0,"BFFS":11,"conspire:InfiniteJournal":11,"Guardian:PickAxe":0,"Frozen Eye":25,"Matryoshka":28,"DemoMod:LamentConfigurum":6,"astrologer:SkyMirror":0,"DemoMod:GnawedKey":17,"Replay:Wax Seal":16,"KeepersGift":0,"DemoMod:Junk":25,"MerchantsRug":16,"conspire:TreasureMap":22,"HowToJump":9,"DemoMod:Orange":20,"aspiration:Nostalgia":22,"aspiration:HummingbirdHeart":17,"Orichalcum":27,"SteamSale":0,"Gaze_r":5,"Moonlight_r":5,"Orrery":16,"DemoMod:SerJunkan":14,"LetterFromLob":1,"conspire:BottledYoYo":10,"REME_CardOfGreed":17,"HushsDoor":0,"REME_ComplimentaryCards":0,"m_BurningSludge":22},{"DemoMod:GreenGuonStone":0,"Damocles":14,"Snecko Heart":10,"astrologer:Telescope":9,"DemoMod:BigBoy":8,"CeramicFish":9,"Blue Doll":9,"DemoMod:GlassGuonStoneRelic":1,"ice":0,"BFFS":7,"conspire:InfiniteJournal":7,"Guardian:PickAxe":0,"Frozen Eye":13,"Matryoshka":15,"DemoMod:LamentConfigurum":5,"astrologer:SkyMirror":0,"DemoMod:GnawedKey":9,"Replay:Wax Seal":9,"KeepersGift":0,"DemoMod:Junk":14,"MerchantsRug":9,"conspire:TreasureMap":12,"HowToJump":6,"DemoMod:Orange":11,"aspiration:Nostalgia":12,"aspiration:HummingbirdHeart":9,"Orichalcum":15,"SteamSale":0,"Gaze_r":4,"Moonlight_r":3,"Orrery":9,"DemoMod:SerJunkan":9,"LetterFromLob":1,"conspire:BottledYoYo":6,"REME_CardOfGreed":9,"HushsDoor":0,"REME_ComplimentaryCards":0,"m_BurningSludge":12},{"DemoMod:GreenGuonStone":0,"Damocles":86,"Snecko Heart":69,"astrologer:Telescope":60,"DemoMod:BigBoy":46,"CeramicFish":60,"Blue Doll":60,"DemoMod:GlassGuonStoneRelic":4,"ice":0,"BFFS":45,"conspire:InfiniteJournal":34,"Guardian:PickAxe":0,"Frozen Eye":81,"Matryoshka":89,"DemoMod:LamentConfigurum":26,"astrologer:SkyMirror":0,"DemoMod:GnawedKey":60,"Replay:Wax Seal":60,"KeepersGift":0,"DemoMod:Junk":86,"MerchantsRug":60,"conspire:TreasureMap":76,"HowToJump":31,"DemoMod:Orange":70,"aspiration:Nostalgia":76,"aspiration:HummingbirdHeart":60,"Orichalcum":89,"SteamSale":0,"Gaze_r":17,"Moonlight_r":10,"Orrery":60,"DemoMod:SerJunkan":60,"LetterFromLob":4,"conspire:BottledYoYo":31,"REME_CardOfGreed":60,"HushsDoor":0,"REME_ComplimentaryCards":0,"m_BurningSludge":76}]},"card_choices":[{"not_picked":[],"picked":"BloodyBrimstone","floor":0.0},{"not_picked":["astrologer:Stardust","astrologer:Justice"],"picked":"astrologer:Confirmation","floor":1.0},{"not_picked":["astrologer:Moonlight","astrologer:Temperance"],"picked":"astrologer:FrozenStar","floor":2.0},{"not_picked":["astrologer:TheHangedMan","astrologer:ReadTheStars"],"picked":"astrologer:Glimpse","floor":3.0},{"not_picked":["astrologer:RejectReality","astrologer:Death"],"picked":"astrologer:TheWorld","floor":6.0},{"not_picked":["astrologer:Trine","astrologer:TheMagician"],"picked":"astrologer:Fate","floor":9.0},{"not_picked":["astrologer:Wish","astrologer:WheelofFortune"],"picked":"astrologer:DarkMatter","floor":11.0},{"not_picked":["astrologer:CrystalBall","astrologer:Strength"],"picked":"astrologer:TheStar","floor":13},{"not_picked":["astrologer:RejectReality","astrologer:Nova"],"picked":"astrologer:Starfield","floor":14},{"not_picked":["astrologer:ReadTheStars","astrologer:Stardust"],"picked":"astrologer:StarOfChange","floor":16},{"not_picked":["astrologer:SolarFlare","astrologer:TheHangedMan"],"picked":"astrologer:FrozenStar","floor":16},{"not_picked":["astrologer:Premonition","astrologer:TheMagician"],"picked":"astrologer:Wish","floor":18},{"not_picked":["astrologer:ReadTheStars","astrologer:Still"],"picked":"astrologer:Conjunction","floor":20},{"not_picked":["astrologer:Premeditation","astrologer:TheDevil"],"picked":"astrologer:Retelling","floor":21},{"not_picked":["astrologer:Opposition+1","astrologer:CrystalBall"],"picked":"astrologer:GlassStar","floor":23},{"not_picked":["astrologer:Death","Reaper"],"picked":"astrologer:TheSun","floor":25},{"not_picked":["Reaper","astrologer:Starfield"],"picked":"astrologer:DarkMatter","floor":27}],"player_experience":196428,"relics_obtained":[{"floor":1.0,"key":"LetterFromLob"},{"floor":6.0,"key":"DemoMod:LamentConfigurum"},{"floor":9.0,"key":"HowToJump"},{"floor":10.0,"key":"conspire:BottledYoYo"},{"floor":11.0,"key":"BFFS"},{"floor":14,"key":"DemoMod:SerJunkan"},{"floor":15,"key":"Blue Doll"},{"floor":25,"key":"DemoMod:Junk"},{"floor":27,"key":"DemoMod:Junk"},{"floor":27,"key":"Orichalcum"},{"floor":28,"key":"Matryoshka"}],"event_choices":[],"is_beta":false,"boss_relics":[{"not_picked":["DemoMod:RiddleOfLead","bronze:MakeshiftBattery"],"picked":"Snecko Heart"},{"not_picked":[]}],"items_purged_floors":[26],"is_endless":false,"potions_floor_spawned":[1,3,6,9,18,23,25],"killed_by":"Gensokyo:Koishi","ascension_level":0}}