{"host":"exvcjv2xb14ho3gf","time":1612790989,"event":{"mods":["Act Like it!","Arknights","BaseMod","Gensokyo","Highlight Path","KinomotoSakuraMod(ƒæ÷Æ±æ”£)","KomeijiMod","Marisa£®ÏF”Í°°ƒß¿Ì…≥£©","Minty Spire (QoL Compilation)","Quick Restart","Reimu£®≤©¿ˆ¡È√Œ£©","Remilia£®¿Ÿ√◊¿Ú—«£©","StSLib","TestMod","The Senshi","The Servant 0.9.4","UnlockEverythingMod","Youmu£®ªÍ∆«—˝√Œ£©"],"gold_per_floor":[119,130,130,148,167,181,211,211,211,211,229,229,264,137,137,233,233,233],"floor_reached":17,"language":"ZHS","playtime":842,"items_purged":["Strike_P"],"score":192,"play_id":"adde94a4-315e-4e9b-9b7e-0006085e72fa","local_time":"20210208212949","is_ascension_mode":false,"campfire_choices":[{"data":"Eruption","floor":8,"key":"SMITH"},{"data":"TalkToTheHand","floor":12,"key":"SMITH"},{"data":"DevaForm","floor":15,"key":"SMITH"}],"circlet_count":0,"master_deck":["Strike_P","Strike_P","Defend_P","Defend_P","Defend_P","Defend_P","Eruption+1","Vigilance","Consecrate","JustLucky","EmptyBody","TalkToTheHand+1","Halt","Scrawl","Evaluate","DevaForm+1","ClearTheMind","MasterReality"],"relics":["PureWater","testmod-TestBox","NeowsBlessing","testmod-TimeTraveler","testmod-CasingShield","CrazyTorch:ReiMu","Shuriken","SlaversCollar"],"acts_visited":["Exordium","TheCity"],"potions_floor_usage":[7,16],"damage_taken":[{"damage":0,"enemies":"Small Slimes","floor":1,"turns":1},{"damage":0,"enemies":"Cultist","floor":2,"turns":1},{"damage":0,"enemies":"2 Louse","floor":4,"turns":1},{"damage":0,"enemies":"Large Slime","floor":5,"turns":4},{"damage":2,"enemies":"Exordium Wildlife","floor":6,"turns":3},{"damage":14,"enemies":"Lagavulin","floor":7,"turns":5},{"damage":0,"enemies":"Blue Slaver","floor":11,"turns":1},{"damage":0,"enemies":"Gremlin Nob","floor":13,"turns":2},{"damage":44,"enemies":"Slime Boss","floor":16,"turns":13}],"seed_played":"-7832600603576444028","potions_obtained":[{"floor":1,"key":"Block Potion"},{"floor":3,"key":"ExcitationPotion"},{"floor":3,"key":"Energy Potion"},{"floor":7,"key":"testmod-TestPotion"},{"floor":16,"key":"Strength Potion"}],"is_trial":false,"path_per_floor":["M","M","?","M","M","M","E","R","T","?","M","R","E","$","R","B",null],"character_chosen":"WATCHER","items_purchased":["ClearTheMind"],"campfire_rested":0,"item_purchase_floors":[14],"current_hp_per_floor":[72,72,72,72,72,70,56,56,56,56,56,56,56,56,56,12,72,72],"gold":233,"neow_bonus":"THREE_ENEMY_KILL","is_daily":false,"chose_seed":false,"campfire_upgraded":3,"win_rate":0.0,"timestamp":1612790989,"path_taken":["M","M","?","M","M","?","E","R","T","?","M","R","E","$","R","BOSS"],"items_purchased_type":["Card"],"build_version":"2020-12-22","purchased_purges":1,"victory":false,"max_hp_per_floor":[72,72,72,72,72,72,72,72,72,72,72,72,72,72,72,72,72,72],"card_choices":[{"not_picked":["LikeWater","Fasting2"],"picked":"Consecrate","floor":1},{"not_picked":["SandsOfTime","BowlingBash"],"picked":"JustLucky","floor":2},{"not_picked":["Evaluate","WheelKick"],"picked":"EmptyBody","floor":4},{"not_picked":["SashWhip","FlurryOfBlows","EmptyBody"],"picked":"SKIP","floor":5},{"not_picked":["Sanctity","PathToVictory"],"picked":"TalkToTheHand","floor":6},{"not_picked":["Adaptation","Consecrate"],"picked":"Halt","floor":7},{"not_picked":["WheelKick","Omniscience"],"picked":"Evaluate","floor":11},{"not_picked":["Meditate","Conclude"],"picked":"DevaForm","floor":13},{"not_picked":["Judgement","Omniscience"],"picked":"MasterReality","floor":16}],"player_experience":239223,"relics_obtained":[{"floor":7,"key":"testmod-CasingShield"},{"floor":9,"key":"CrazyTorch:ReiMu"},{"floor":13,"key":"Shuriken"}],"event_choices":[{"damage_healed":0,"gold_gain":0,"player_choice":"Got Potions","damage_taken":0,"max_hp_gain":0,"max_hp_loss":0,"event_name":"Lab","floor":3,"gold_loss":0},{"damage_healed":0,"gold_gain":0,"cards_transformed":["Strike_P"],"player_choice":"Transformed","damage_taken":0,"max_hp_gain":0,"max_hp_loss":0,"event_name":"Transmorgrifier","floor":10,"gold_loss":0,"cards_obtained":["Scrawl"]}],"is_beta":false,"boss_relics":[{"not_picked":["testmod-EnergyCheck","testmod-BloodSacrificeSpiritualization"],"picked":"SlaversCollar"}],"items_purged_floors":[14],"is_endless":false,"potions_floor_spawned":[1,5,7,16],"ascension_level":0}}