{"host":"06gxn1c1bsk424jw","time":1612776782,"event":{"mods":["BaseMod","DeckTracker","Minty Spire (QoL Compilation)","SuperFastMode"],"gold_per_floor":[112,126,145,145,145,181,181,217,217,231,231,250,250,263,263,394,394,413,34,57,77,96,112,155,155,155,171,246,246,269,308,308,436,436,452,785,785,802,802,831,843,68,113,113,140,152,2,16,16,16],"floor_reached":51,"language":"KOR","playtime":3906,"items_purged":["Strike_P+1","Defend_P+1"],"score":1334,"play_id":"e9c12457-ea33-4101-97a5-4ac6be6e1969","local_time":"20210208183302","is_ascension_mode":true,"campfire_choices":[{"floor":7,"key":"REST"},{"floor":13,"key":"REST"},{"data":"EmptyFist","floor":15,"key":"SMITH"},{"floor":25,"key":"REST"},{"floor":29,"key":"REST"},{"floor":32,"key":"REST"},{"floor":41,"key":"REST"},{"floor":49,"key":"REST"}],"circlet_count":0,"master_deck":["Strike_P+1","Strike_P+1","Defend_P+1","Eruption+1","Vigilance+1","Halt+1","LessonLearned+1","ClearTheMind+1","EmptyFist+1","MentalFortress+1","Adaptation+1","Scrawl+1","Parasite","FlurryOfBlows+1"],"relics":["PureWater","Bag of Marbles","Bronze Scales","Lantern","Ornamental Fan","Empty Cage","Ice Cream","War Paint","Shuriken","Ginger","Busted Crown","MawBank","TeardropLocket","Bottled Flame","Melange","Regal Pillow","CloakClasp"],"acts_visited":["Exordium","TheCity","TheBeyond"],"potions_floor_usage":[6,16,21,23,24,31,31,45,50,50,50],"damage_taken":[{"damage":8,"enemies":"Small Slimes","floor":1,"turns":4},{"damage":0,"enemies":"Jaw Worm","floor":2,"turns":4},{"damage":0,"enemies":"Cultist","floor":3,"turns":2},{"damage":21,"enemies":"3 Sentries","floor":6,"turns":10},{"damage":26,"enemies":"Lagavulin","floor":8,"turns":6},{"damage":5,"enemies":"3 Louse","floor":10,"turns":2},{"damage":0,"enemies":"Exordium Thugs","floor":12,"turns":5},{"damage":0,"enemies":"Red Slaver","floor":14,"turns":1},{"damage":20,"enemies":"Hexaghost","floor":16,"turns":8},{"damage":2,"enemies":"Chosen","floor":18,"turns":6},{"damage":6,"enemies":"Shell Parasite","floor":20,"turns":7},{"damage":4,"enemies":"Snake Plant","floor":21,"turns":2},{"damage":11,"enemies":"Centurion and Healer","floor":22,"turns":6},{"damage":0,"enemies":"Snecko","floor":23,"turns":3},{"damage":23,"enemies":"Slavers","floor":24,"turns":6},{"damage":4,"enemies":"Shelled Parasite and Fungi","floor":27,"turns":4},{"damage":16,"enemies":"Snake Plant","floor":30,"turns":4},{"damage":15,"enemies":"Book of Stabbing","floor":31,"turns":4},{"damage":0,"enemies":"Champ","floor":33,"turns":11},{"damage":0,"enemies":"Orb Walker","floor":35,"turns":1},{"damage":9,"enemies":"3 Darklings","floor":38,"turns":3},{"damage":48,"enemies":"Nemesis","floor":40,"turns":9},{"damage":0,"enemies":"Reptomancer","floor":45,"turns":3},{"damage":0,"enemies":"Sphere and 2 Shapes","floor":46,"turns":2},{"damage":0,"enemies":"Writhing Mass","floor":48,"turns":3},{"damage":0,"enemies":"Donu and Deca","floor":50,"turns":5}],"seed_played":"-1082092149420203006","potions_obtained":[{"floor":2,"key":"Dexterity Potion"},{"floor":3,"key":"CultistPotion"},{"floor":10,"key":"SteroidPotion"},{"floor":16,"key":"FairyPotion"},{"floor":20,"key":"AttackPotion"},{"floor":21,"key":"FairyPotion"},{"floor":22,"key":"PowerPotion"},{"floor":24,"key":"FearPotion"},{"floor":30,"key":"Fire Potion"},{"floor":35,"key":"EssenceOfSteel"},{"floor":38,"key":"SteroidPotion"},{"floor":48,"key":"EssenceOfSteel"}],"is_trial":false,"path_per_floor":["M","M","M","?","T","E","R","E","T","M","?","M","R","M","R","B",null,"M","$","M","M","M","M","E","R","T","M","?","R","M","E","R","B",null,"M","?","?","M","?","E","R","$","T","?","E","M","$","M","R","B",null],"character_chosen":"WATCHER","items_purchased":["MentalFortress","Ice Cream","TeardropLocket","Regen Potion","Bottled Flame","Melange","SkillPotion"],"campfire_rested":7,"item_purchase_floors":[19,19,42,42,42,42,47],"current_hp_per_floor":[57,57,57,57,57,36,56,30,30,25,25,25,45,45,45,25,57,55,55,49,45,34,34,11,31,31,27,21,41,25,10,30,30,58,58,58,58,49,49,1,21,21,21,21,30,30,30,30,65,65],"gold":16,"neow_bonus":"UPGRADE_CARD","is_daily":false,"chose_seed":false,"campfire_upgraded":1,"win_rate":0.0,"timestamp":1612776782,"path_taken":["M","M","M","?","?","E","R","E","T","M","?","M","R","M","R","BOSS","M","$","M","M","M","M","E","R","T","?","?","R","M","E","R","BOSS","M","?","?","?","?","E","R","$","T","?","E","M","$","M","R","BOSS"],"items_purchased_type":["Card","Relic","Relic","Potion","Relic","Relic","Potion"],"build_version":"2020-12-22","purchased_purges":2,"victory":true,"max_hp_per_floor":[72,72,72,67,67,67,67,67,67,67,67,67,67,67,67,67,67,67,67,67,67,67,67,67,67,67,67,67,67,67,67,67,67,67,67,67,67,67,67,67,67,67,67,67,67,67,67,67,67,67],"card_choices":[{"not_picked":["Protect","ReachHeaven"],"picked":"Halt","floor":1},{"not_picked":["Conclude","EmptyBody"],"picked":"LessonLearned","floor":2},{"not_picked":["ThirdEye","Halt"],"picked":"ClearTheMind","floor":3},{"not_picked":["JustLucky","Halt","Vengeance"],"picked":"SKIP","floor":6},{"not_picked":["Conclude","Prostrate","Perseverance"],"picked":"SKIP","floor":8},{"not_picked":["Wireheading","Vengeance","Crescendo"],"picked":"SKIP","floor":10},{"not_picked":["SignatureMove","PathToVictory","Nirvana"],"picked":"SKIP","floor":12},{"not_picked":["EmptyBody","Wireheading"],"picked":"EmptyFist","floor":14},{"not_picked":["Judgement","Alpha"],"picked":"ConjureBlade","floor":16},{"not_picked":["EmptyBody+1","ClearTheMind","Crescendo"],"picked":"SKIP","floor":18},{"not_picked":["Prostrate","CutThroughFate","Consecrate"],"picked":"SKIP","floor":20},{"not_picked":["PathToVictory","ClearTheMind+1","Consecrate"],"picked":"SKIP","floor":21},{"not_picked":["Nirvana+1","WindmillStrike"],"picked":"Adaptation","floor":22},{"not_picked":["Perseverance+1","Prostrate","Wallop+1"],"picked":"SKIP","floor":23},{"not_picked":["Judgement","Tantrum","WreathOfFlame"],"picked":"SKIP","floor":24},{"not_picked":["Prostrate","JustLucky","FollowUp+1"],"picked":"SKIP","floor":27},{"not_picked":["Crescendo","Protect+1","Weave"],"picked":"SKIP","floor":30},{"not_picked":["Consecrate","Crescendo","ThirdEye"],"picked":"SKIP","floor":31},{"not_picked":["Wish","LessonLearned"],"picked":"Scrawl","floor":33},{"not_picked":["FlurryOfBlows+1"],"picked":"SKIP","floor":35},{"not_picked":["BowlingBash"],"picked":"SKIP","floor":38},{"not_picked":["EmptyFist+1"],"picked":"SKIP","floor":40},{"not_picked":["ClearTheMind+1"],"picked":"SKIP","floor":45},{"not_picked":["Collect+1"],"picked":"SKIP","floor":46},{"not_picked":[],"picked":"FlurryOfBlows+1","floor":48}],"player_experience":794010,"relics_obtained":[{"floor":5,"key":"Bag of Marbles"},{"floor":6,"key":"Bronze Scales"},{"floor":8,"key":"Lantern"},{"floor":9,"key":"Ornamental Fan"},{"floor":24,"key":"War Paint"},{"floor":26,"key":"Shuriken"},{"floor":31,"key":"Ginger"},{"floor":40,"key":"MawBank"},{"floor":43,"key":"Regal Pillow"},{"floor":45,"key":"CloakClasp"}],"event_choices":[{"damage_healed":0,"gold_gain":0,"player_choice":"Lose Max HP","damage_taken":0,"relics_obtained":["Golden Idol"],"max_hp_gain":0,"max_hp_loss":5,"event_name":"Golden Idol","floor":4,"gold_loss":0},{"damage_healed":0,"gold_gain":0,"player_choice":"Forge","damage_taken":0,"max_hp_gain":0,"max_hp_loss":0,"event_name":"Accursed Blacksmith","floor":11,"gold_loss":0,"cards_upgraded":["ClearTheMind"]},{"damage_healed":0,"gold_gain":75,"player_choice":"Touch","damage_taken":6,"max_hp_gain":0,"max_hp_loss":0,"event_name":"FaceTrader","floor":28,"gold_loss":0},{"damage_healed":0,"gold_gain":333,"player_choice":"Gave Idol","damage_taken":0,"max_hp_gain":0,"max_hp_loss":0,"event_name":"The Moai Head","floor":36,"relics_lost":["Golden Idol"],"gold_loss":0},{"cards_removed":["Defend_P"],"damage_healed":0,"gold_gain":0,"player_choice":"Purged","damage_taken":0,"max_hp_gain":0,"max_hp_loss":0,"event_name":"Purifier","floor":37,"gold_loss":0},{"cards_removed":["ConjureBlade"],"damage_healed":0,"gold_gain":0,"player_choice":"Removed Skill","damage_taken":0,"max_hp_gain":0,"max_hp_loss":0,"event_name":"Falling","floor":39,"gold_loss":0},{"damage_healed":0,"gold_gain":0,"player_choice":"Ignored","damage_taken":0,"max_hp_gain":0,"max_hp_loss":0,"event_name":"Tomb of Lord Red Mask","floor":44,"gold_loss":0}],"is_beta":false,"boss_relics":[{"not_picked":["Tiny House","Philosopher\u0027s Stone"],"picked":"Empty Cage"},{"not_picked":["Coffee Dripper","SlaversCollar"],"picked":"Busted Crown"}],"items_purged_floors":[42,47],"is_endless":false,"potions_floor_spawned":[2,3,10,16,20,21,22,24,30,35,38,48],"ascension_level":9}}