{"host":"8is2j71l4wmybkoi","time":1612787906,"event":{"mods":["AchievementEnabler","BaseMod","Colored Map","Minty Spire (QoL Compilation)","Rare Cards Sparkle","StSLib","SuperFastMode"],"gold_per_floor":[18,18,18,18,42,42,57,57,104,140,140,176,176,176,176,274,274,290,0,0,23,37,72,72,115,196,196,215,15,28,41,41,41,41],"floor_reached":33,"language":"KOR","playtime":950,"items_purged":["Strike_R"],"score":557,"play_id":"727619d5-8637-4275-8302-061559babd77","local_time":"20210208213826","is_ascension_mode":true,"campfire_choices":[{"data":"Immolate","floor":6.0,"key":"SMITH"},{"data":"Bash","floor":8.0,"key":"SMITH"},{"data":"Shrug It Off","floor":11.0,"key":"SMITH"},{"floor":13.0,"key":"REST"},{"data":"Battle Trance","floor":15.0,"key":"SMITH"},{"data":"Immolate","floor":24,"key":"SMITH"},{"data":"Fiend Fire","floor":27,"key":"SMITH"},{"data":"Shockwave","floor":32,"key":"SMITH"}],"circlet_count":0,"master_deck":["AscendersBane","Strike_R","Strike_R","Defend_R","Defend_R","Defend_R","Defend_R","Bash+1","Immolate+1","Battle Trance+1","Pummel","Shrug It Off+1","Barricade+1","Power Through","Immolate+1","Fiend Fire+1","Shockwave+1","Flame Barrier","Carnage"],"relics":["Burning Blood","Golden Idol","Lantern","The Courier","Frozen Egg 2","Snecko Eye","Nloth\u0027s Gift","Kunai","Bottled Flame","Membership Card","PreservedInsect"],"acts_visited":["Exordium","TheCity"],"potions_floor_usage":[23,33,33],"damage_taken":[{"damage":1.0,"enemies":"Cultist","floor":1.0,"turns":3.0},{"damage":0.0,"enemies":"2 Louse","floor":5.0,"turns":2.0},{"damage":12.0,"enemies":"Jaw Worm","floor":7.0,"turns":2.0},{"damage":15.0,"enemies":"3 Sentries","floor":10.0,"turns":5.0},{"damage":24.0,"enemies":"Lagavulin","floor":12.0,"turns":6.0},{"damage":9.0,"enemies":"Slime Boss","floor":16.0,"turns":8.0},{"damage":2.0,"enemies":"Shell Parasite","floor":18.0,"turns":4.0},{"damage":33.0,"enemies":"3 Byrds","floor":21.0,"turns":5.0},{"damage":0,"enemies":"Snake Plant","floor":22,"turns":4},{"damage":16,"enemies":"Gremlin Leader","floor":23,"turns":5},{"damage":0,"enemies":"Slavers","floor":25,"turns":2},{"damage":7,"enemies":"Chosen and Byrds","floor":28,"turns":3},{"damage":0,"enemies":"Centurion and Healer","floor":30,"turns":1},{"damage":0,"enemies":"Shelled Parasite and Fungi","floor":31,"turns":1},{"damage":62,"enemies":"Automaton","floor":33,"turns":10}],"seed_played":"5435153505080248494","potions_obtained":[{"floor":7.0,"key":"AttackPotion"},{"floor":12.0,"key":"DistilledChaos"},{"floor":16.0,"key":"GamblersBrew"},{"floor":18.0,"key":"Ancient Potion"},{"floor":22,"key":"AttackPotion"},{"floor":28,"key":"Block Potion"}],"is_trial":false,"path_per_floor":["M","$","?","?","M","R","M","R","T","E","R","E","R","?","R","B",null,"M","$","?","M","M","E","R","E","T","R","M","$","M","M","R","B"],"character_chosen":"IRONCLAD","items_purchased":["Pocketwatch","Membership Card","Flame Barrier","PreservedInsect"],"campfire_rested":1,"item_purchase_floors":[19,29,29,29],"current_hp_per_floor":[73,73,73,47,53,53,47,47,47,38,38,20,42,35,35,32,64,68,68,68,41,47,37,37,43,43,43,42,42,48,54,54,0,0],"gold":41,"neow_bonus":"THREE_RARE_CARDS","is_daily":false,"chose_seed":false,"campfire_upgraded":7,"win_rate":0.0,"timestamp":1612787906,"path_taken":["M","?","?","?","M","R","M","R","T","E","R","E","R","?","R","BOSS","M","$","?","M","M","E","R","E","T","R","M","?","M","M","R","BOSS"],"items_purchased_type":["Relic","Relic","Card","Relic"],"build_version":"2020-12-22","purchased_purges":1,"victory":false,"max_hp_per_floor":[75,75,75,75,75,75,75,75,75,75,75,75,75,75,75,75,75,75,75,75,75,75,75,75,75,75,75,75,75,75,75,75,75,75],"card_choices":[{"not_picked":["Limit Break","Impervious"],"picked":"Immolate","floor":0.0},{"not_picked":["Cleave","Body Slam","Feel No Pain"],"picked":"SKIP","floor":1.0},{"not_picked":["Shrug It Off","Thunderclap"],"picked":"Battle Trance","floor":5.0},{"not_picked":["Twin Strike","Battle Trance"],"picked":"Pummel","floor":7.0},{"not_picked":["Sword Boomerang","Metallicize"],"picked":"Shrug It Off","floor":10.0},{"not_picked":["Brutality+1","Searing Blow","Disarm"],"picked":"SKIP","floor":12.0},{"not_picked":["Brutality+1","Searing Blow","Disarm"],"picked":"SKIP","floor":12.0},{"not_picked":["Bludgeon","Impervious"],"picked":"Barricade+1","floor":16.0},{"not_picked":["Dropkick","Thunderclap","Shrug It Off"],"picked":"SKIP","floor":18.0},{"not_picked":["Thunderclap","Heavy Blade"],"picked":"Power Through","floor":21.0},{"not_picked":["Cleave","Twin Strike","Sword Boomerang"],"picked":"SKIP","floor":22},{"not_picked":["Perfected Strike","Exhume"],"picked":"Immolate","floor":23},{"not_picked":["Burning Pact+1","Offering"],"picked":"Fiend Fire","floor":25},{"not_picked":["Combust+1","Seeing Red"],"picked":"Shockwave","floor":28},{"not_picked":["True Grit","Seeing Red"],"picked":"Carnage","floor":30},{"not_picked":["Havoc","Dropkick","Twin Strike"],"picked":"SKIP","floor":31}],"player_experience":1072628,"relics_obtained":[{"floor":9.0,"key":"Lantern"},{"floor":10.0,"key":"The Courier"},{"floor":12.0,"key":"Frozen Egg 2"},{"floor":23,"key":"Kunai"},{"floor":25,"key":"Bottled Flame"}],"event_choices":[{"cards_removed":["Strike_R"],"damage_healed":0.0,"max_hp_gain":0.0,"max_hp_loss":0.0,"gold_gain":0.0,"event_name":"Living Wall","player_choice":"Forget","floor":3.0,"gold_loss":0.0,"damage_taken":0.0},{"damage_healed":0.0,"max_hp_gain":0.0,"max_hp_loss":0.0,"gold_gain":0.0,"event_name":"Golden Idol","player_choice":"Take Damage","floor":4.0,"gold_loss":0.0,"damage_taken":26.0,"relics_obtained":["Golden Idol"]},{"cards_removed":["Strike_R"],"damage_healed":0.0,"max_hp_gain":0.0,"max_hp_loss":0.0,"gold_gain":0.0,"event_name":"Golden Wing","player_choice":"Card Removal","floor":14.0,"gold_loss":0.0,"damage_taken":7.0},{"damage_healed":0.0,"max_hp_gain":0.0,"max_hp_loss":0.0,"gold_gain":0.0,"event_name":"N\u0027loth","player_choice":"Traded Relic","floor":20.0,"relics_lost":["Pocketwatch"],"gold_loss":0.0,"damage_taken":0.0,"relics_obtained":["Nloth\u0027s Gift"]}],"is_beta":false,"boss_relics":[{"not_picked":["Ectoplasm","Astrolabe"],"picked":"Snecko Eye"}],"items_purged_floors":[19],"is_endless":false,"potions_floor_spawned":[7,12,16,18,22,28],"killed_by":"Automaton","ascension_level":15}}