{"host":"2q82lssse0ckn8xu","time":1612785099,"event":{"mods":["AchievementEnabler","BaseMod","Colored Map","Colored Powertips","Minty Spire (QoL Compilation)","Permanent Neow","Quick Restart","StSLib","The Saiyan","Unceasing Turn Reminder"],"gold_per_floor":[88,106,68,88,88,88,103,103,103,137,154,60,60,90,90,189,189,189,189],"floor_reached":18,"language":"ENG","playtime":609,"items_purged":[],"score":204,"play_id":"29701848-ee7a-4103-a039-b718373b557b","local_time":"20210208172139","is_ascension_mode":true,"campfire_choices":[{"data":"Saiyan:KaioKen","floor":6.0,"key":"SMITH"},{"data":"Saiyan:DrainingStrike","floor":8.0,"key":"SMITH"},{"data":"Saiyan:PowerStance","floor":13.0,"key":"SMITH"},{"floor":15.0,"key":"REST"}],"circlet_count":0,"master_deck":["Saiyan:SAIYA_Strike","Saiyan:SAIYA_Strike","Saiyan:SAIYA_Strike","Saiyan:SAIYA_Strike","Saiyan:SAIYA_Defend","Saiyan:SAIYA_Defend","Saiyan:SAIYA_Defend","Saiyan:SAIYA_Defend","Saiyan:EnergyBlast","Saiyan:KaioKen+1","Saiyan:RuthlessBlow","Saiyan:PowerUp","Saiyan:TurtleShell","Saiyan:KiStrike","Saiyan:Medicine","Saiyan:DragonRadar","Saiyan:DrainingStrike+1","Saiyan:BackAttack","Saiyan:HyperTimeChamber","Saiyan:PowerStance+1","Saiyan:KameHameHa","Saiyan:SenzuBean"],"relics":["SaiyanSoul","SaiyanHeart","HornCleat","Mercury Hourglass","Singing Bowl","Runic Pyramid"],"acts_visited":["Exordium","TheCity"],"potions_floor_usage":[],"damage_taken":[{"damage":0.0,"enemies":"Cultist","floor":1.0,"turns":5.0},{"damage":0.0,"enemies":"Small Slimes","floor":2.0,"turns":3.0},{"damage":1.0,"enemies":"2 Louse","floor":4.0,"turns":3.0},{"damage":14.0,"enemies":"2 Fungi Beasts","floor":7.0,"turns":6.0},{"damage":30.0,"enemies":"Gremlin Nob","floor":10.0,"turns":5.0},{"damage":0.0,"enemies":"3 Louse","floor":11.0,"turns":1.0},{"damage":17.0,"enemies":"Slime Boss","floor":16.0,"turns":7.0},{"damage":46,"enemies":"Spheric Guardian","floor":18,"turns":6}],"seed_played":"1568348172443385557","potions_obtained":[{"floor":1.0,"key":"Ancient Potion"},{"floor":2.0,"key":"DistilledChaos"},{"floor":7.0,"key":"SneckoOil"},{"floor":10.0,"key":"SkillPotion"}],"is_trial":false,"path_per_floor":["M","M","$","M","?","R","M","R","T","E","M","$","R","?","R","B",null,"M"],"character_chosen":"SAIYAJIN","items_purchased":["Saiyan:Medicine","Saiyan:PowerStance","Saiyan:KameHameHa"],"campfire_rested":1,"item_purchase_floors":[3,12,12],"current_hp_per_floor":[61,63,63,63,68,68,58,58,58,30,31,31,31,31,52,39,73,31,31],"gold":189,"neow_bonus":"THREE_CARDS","is_daily":false,"chose_seed":false,"campfire_upgraded":3,"win_rate":0.0,"timestamp":1612785099,"path_taken":["M","M","?","M","?","R","M","R","T","E","M","$","R","?","R","BOSS","M"],"items_purchased_type":["Card","Card","Card"],"build_version":"2020-12-22","purchased_purges":0,"victory":false,"max_hp_per_floor":[61,63,63,63,68,68,69,69,69,71,72,72,72,72,72,73,73,74,74],"card_choices":[{"not_picked":["Saiyan:Pacing","Saiyan:SaiyanHubris"],"picked":"Saiyan:PowerUp","floor":0.0},{"not_picked":["Saiyan:Afterimage","Saiyan:Teleport"],"picked":"Saiyan:TurtleShell","floor":1.0},{"not_picked":["Saiyan:SaiyanHubris","Saiyan:ThirstForFight"],"picked":"Saiyan:KiStrike","floor":2.0},{"not_picked":["Saiyan:BigBangAttack","Saiyan:PowerPole"],"picked":"Saiyan:DragonRadar","floor":4.0},{"not_picked":["Saiyan:Scouter","Saiyan:PowerUp"],"picked":"Saiyan:DrainingStrike","floor":7.0},{"not_picked":["Saiyan:DragonFist","Saiyan:AugmentedBlast"],"picked":"Saiyan:BackAttack","floor":10.0},{"not_picked":["Saiyan:Afterimage","Saiyan:SaiyanHubris"],"picked":"Saiyan:HyperTimeChamber","floor":11.0},{"not_picked":["Saiyan:SuperSaiyanThree","Saiyan:MindBoom"],"picked":"Saiyan:SenzuBean","floor":16.0}],"player_experience":674467,"relics_obtained":[{"floor":9.0,"key":"HornCleat"},{"floor":10.0,"key":"Mercury Hourglass"}],"event_choices":[{"damage_healed":0.0,"max_hp_gain":5.0,"max_hp_loss":0.0,"gold_gain":0.0,"event_name":"Big Fish","player_choice":"Donut","floor":5.0,"gold_loss":0.0,"damage_taken":0.0},{"damage_healed":0.0,"max_hp_gain":0.0,"max_hp_loss":0.0,"gold_gain":30.0,"event_name":"Dead Adventurer","player_choice":"Searched \u00273\u0027 times","floor":14.0,"gold_loss":0.0,"damage_taken":0.0,"relics_obtained":["Singing Bowl"]}],"is_beta":false,"boss_relics":[{"not_picked":["Runic Dome","SacredBark"],"picked":"Runic Pyramid"}],"items_purged_floors":[],"is_endless":false,"potions_floor_spawned":[1,2,7,10],"killed_by":"Spheric Guardian","ascension_level":2}}