{"host":"am551fa6890rb9vo","time":1612797008,"event":{"mods":["BaseMod","DeckTracker","Minty Spire (QoL Compilation)","Morshu Shopkeeper - ENHANCED","Rare Cards Sparkle","Relic Stats","Smile Girya","StSLib","The IronCluck","everything is the same but u backflip on backflip","slay the spire mod where everything is the same but ironclad has a cowboy hat"],"gold_per_floor":[109,128,128,141,66,66,101,51,51,80,80,94,111,122,122,221,221,231,141,154,7,46,73,73,73,73,89,89,188,0,16,16,114,114,133,153,28,28,28],"floor_reached":38,"language":"ENG","playtime":3614,"items_purged":["Strike_P","Defend_P","Regret"],"score":406,"play_id":"c28ceabc-0286-4651-ae65-bb5069ca574d","local_time":"20210208151008","is_ascension_mode":false,"campfire_choices":[{"data":"FlyingSleeves","floor":6,"key":"SMITH"},{"floor":11,"key":"REST"},{"data":"DevaForm","floor":15,"key":"SMITH"},{"floor":24,"key":"REST"},{"floor":32,"key":"REST"}],"circlet_count":0,"master_deck":["Strike_P+1","Strike_P","Defend_P","Defend_P+1","Defend_P","Eruption","Vigilance","FlyingSleeves+1","Perseverance+1","DeceiveReality","ClearTheMind","DevaForm+1","Consecrate","Omniscience","ReachHeaven+1","Evaluate","Fasting2+1","Study","Vault","JustLucky"],"relics":["Cursed Key","Sundial","Matryoshka","Eternal Feather","Black Star","Bag of Preparation","GoldenEye","Toy Ornithopter","Bottled Flame","SacredBark"],"acts_visited":["Exordium","TheCity","TheBeyond"],"potions_floor_usage":[14,22,23,31,31,31],"damage_taken":[{"damage":0,"enemies":"2 Louse","floor":1,"turns":4},{"damage":1,"enemies":"Jaw Worm","floor":2,"turns":3},{"damage":1,"enemies":"Cultist","floor":4,"turns":4},{"damage":32,"enemies":"Gremlin Nob","floor":7,"turns":5},{"damage":5,"enemies":"3 Sentries","floor":10,"turns":10},{"damage":0,"enemies":"3 Louse","floor":12,"turns":4},{"damage":7,"enemies":"Large Slime","floor":13,"turns":6},{"damage":0,"enemies":"Looter","floor":14,"turns":4},{"damage":18,"enemies":"Slime Boss","floor":16,"turns":15},{"damage":3,"enemies":"Spheric Guardian","floor":18,"turns":8},{"damage":13,"enemies":"Shell Parasite","floor":20,"turns":4},{"damage":22,"enemies":"Centurion and Healer","floor":22,"turns":7},{"damage":20,"enemies":"Book of Stabbing","floor":23,"turns":4},{"damage":31,"enemies":"Snake Plant","floor":27,"turns":7},{"damage":12,"enemies":"3 Cultists","floor":31,"turns":4},{"damage":28,"enemies":"Collector","floor":33,"turns":10},{"damage":40,"enemies":"3 Darklings","floor":35,"turns":14},{"damage":12,"enemies":"3 Shapes","floor":36,"turns":9},{"damage":40,"enemies":"Transient","floor":38,"turns":3}],"seed_played":"-3015380796306765154","potions_obtained":[{"floor":4,"key":"ColorlessPotion"},{"floor":12,"key":"Fruit Juice"},{"floor":14,"key":"FearPotion"},{"floor":18,"key":"BlessingOfTheForge"},{"floor":22,"key":"LiquidMemories"},{"floor":27,"key":"AttackPotion"},{"floor":33,"key":"SteroidPotion"}],"is_trial":false,"path_per_floor":["M","M","?","M","$","R","E","?","T","E","R","M","M","M","R","B",null,"M","?","M","$","M","E","R","?","T","M","?","?","?","M","R","B",null,"M","M","$","M"],"character_chosen":"WATCHER","items_purchased":["Evaluate"],"campfire_rested":3,"item_purchase_floors":[21],"current_hp_per_floor":[72,71,57,56,56,56,24,24,24,19,46,46,39,44,53,35,77,74,74,61,61,39,19,51,37,37,6,6,6,6,9,42,14,82,42,30,30,0,0],"gold":28,"neow_bonus":"BOSS_RELIC","is_daily":false,"chose_seed":false,"campfire_upgraded":2,"win_rate":0.0,"timestamp":1612797008,"path_taken":["M","M","?","M","$","R","E","?","T","E","R","M","M","M","R","BOSS","M","?","M","$","?","E","R","?","T","M","?","?","?","M","R","BOSS","M","M","$","M"],"items_purchased_type":["Card"],"build_version":"2020-12-22","purchased_purges":3,"victory":false,"max_hp_per_floor":[72,72,72,72,72,72,72,72,72,72,72,72,72,77,77,77,77,77,77,77,77,77,77,77,82,82,82,82,82,82,82,82,82,82,82,82,82,82,82],"relic_stats":{"counters":[19,125],"Sundial":[20],"Eternal Feather":33,"Black Star":1,"Bag of Preparation":[12],"Cursed Key":2,"GoldenEye":[2],"obtain_stats":[{"Bottled Flame":26,"Matryoshka":9,"Sundial":7,"SacredBark":34,"Eternal Feather":10,"Black Star":17,"Bag of Preparation":23,"PureWater":0,"Cursed Key":0,"GoldenEye":23,"Toy Ornithopter":26},{"Bottled Flame":13,"Matryoshka":4,"Sundial":4,"SacredBark":16,"Eternal Feather":5,"Black Star":9,"Bag of Preparation":13,"PureWater":0,"Cursed Key":0,"GoldenEye":13,"Toy Ornithopter":13},{"Bottled Flame":78,"Matryoshka":16,"Sundial":16,"SacredBark":99,"Eternal Feather":26,"Black Star":55,"Bag of Preparation":78,"PureWater":0,"Cursed Key":0,"GoldenEye":78,"Toy Ornithopter":78}],"Toy Ornithopter":15},"card_choices":[{"not_picked":["WreathOfFlame","ThirdEye"],"picked":"FlyingSleeves","floor":1},{"not_picked":["Protect","Prostrate"],"picked":"Perseverance","floor":2},{"not_picked":["BowlingBash","SashWhip"],"picked":"DeceiveReality","floor":4},{"not_picked":["PathToVictory","Halt"],"picked":"ClearTheMind","floor":7},{"not_picked":["ClearTheMind","Judgement"],"picked":"DevaForm","floor":10},{"not_picked":["Swivel","CrushJoints"],"picked":"Consecrate","floor":12},{"not_picked":["Vengeance","Consecrate","JustLucky"],"picked":"SKIP","floor":13},{"not_picked":["BowlingBash","Protect","FlurryOfBlows"],"picked":"SKIP","floor":14},{"not_picked":["Ragnarok","Scrawl"],"picked":"Omniscience","floor":16},{"not_picked":["InnerPeace","Protect"],"picked":"ReachHeaven+1","floor":18},{"not_picked":["FlurryOfBlows","PathToVictory","CarveReality"],"picked":"SKIP","floor":20},{"not_picked":["Pray","Crescendo"],"picked":"Fasting2+1","floor":22},{"not_picked":["SignatureMove","FlurryOfBlows"],"picked":"Study","floor":23},{"not_picked":["Indignation","CarveReality","Pray"],"picked":"SKIP","floor":27},{"not_picked":["ThirdEye","Sanctity","BattleHymn"],"picked":"SKIP","floor":31},{"not_picked":["Scrawl","DeusExMachina"],"picked":"Vault","floor":33},{"not_picked":["ClearTheMind+1","Prostrate","SashWhip"],"picked":"SKIP","floor":35},{"not_picked":["FlurryOfBlows","ReachHeaven+1"],"picked":"JustLucky","floor":36}],"player_experience":38712,"relics_obtained":[{"floor":7,"key":"Sundial"},{"floor":9,"key":"Matryoshka"},{"floor":10,"key":"Eternal Feather"},{"floor":23,"key":"Bag of Preparation"},{"floor":23,"key":"GoldenEye"},{"floor":26,"key":"Toy Ornithopter"},{"floor":26,"key":"Bottled Flame"}],"event_choices":[{"damage_healed":0,"gold_gain":0,"player_choice":"Entered Light","damage_taken":14,"max_hp_gain":0,"max_hp_loss":0,"event_name":"Shining Light","floor":3,"gold_loss":0,"cards_upgraded":["Strike_P","Perseverance"]},{"cards_removed":["Strike_P"],"damage_healed":0,"gold_gain":0,"player_choice":"Card Removal","damage_taken":0,"max_hp_gain":0,"max_hp_loss":0,"event_name":"The Cleric","floor":8,"gold_loss":50},{"cards_removed":["Writhe"],"damage_healed":0,"gold_gain":0,"player_choice":"Upgrade and Remove","damage_taken":0,"max_hp_gain":0,"max_hp_loss":0,"event_name":"Designer","floor":19,"gold_loss":90,"cards_upgraded":["Defend_P"]},{"damage_healed":0,"gold_gain":0,"player_choice":"Shed Blood","damage_taken":19,"max_hp_gain":5,"max_hp_loss":0,"event_name":"Forgotten Altar","floor":25,"gold_loss":0},{"damage_healed":0,"gold_gain":99,"player_choice":"Stole From Cult","damage_taken":0,"max_hp_gain":0,"max_hp_loss":0,"event_name":"Nest","floor":29,"gold_loss":0},{"damage_healed":0,"gold_gain":0,"player_choice":"Paid Fearfully","damage_taken":0,"max_hp_gain":0,"max_hp_loss":0,"event_name":"Masked Bandits","floor":30,"gold_loss":188}],"is_beta":false,"boss_relics":[{"not_picked":["Coffee Dripper","Runic Dome"],"picked":"Black Star"},{"not_picked":["Fusion Hammer","Sozu"],"picked":"SacredBark"}],"items_purged_floors":[5,21,37],"is_endless":false,"potions_floor_spawned":[4,12,14,18,22,27,33],"killed_by":"Transient","ascension_level":0}}