{"host":"Ringo","time":1612786318,"event":{"mods":["BaseMod","Colored Map","Conspire","Dota2Spire","Hubris","Minty Spire (QoL Compilation)","Replay The Spire","StSLib","The Construct","[IsaacMod]ÒÔÈö¼âËþ","¡¾ÒÅÎï¿¨ÅÆ¡¿REMEMod"],"gold_per_floor":[113,113,130,130,150,175,203,244,256,294,340,352,395,407,407,484,484,499,649,667,685,685,717,729,755,755,755,785,811,811,876,876,974,974,992,1035,1035,1035,1056,1103,1135,1135,1216,1255,1255,1299,1331,1348,1348,1365,1380,1380,1395,1395,1421,1421,1456,1534,1566,1516,1542,1576,1610,1610,1610,1610],"floor_reached":52,"language":"ZHS","playtime":2151,"items_purged":["Sickly","REME_Scribble"],"score":4227,"play_id":"99fd35a5-fc04-44ea-bb61-9536e81eb6e3","local_time":"20210208201158","daily_mods":["SealedDeck","Vintage","Blue Cards","Heirloom","Time Dilation","Flight","DeadlyEvents","Elite Swarm","Lethality","Binary"],"is_ascension_mode":true,"campfire_choices":[{"data":"Fusion","floor":12,"key":"SMITH"},{"data":"FIFO Queue","floor":15,"key":"SMITH"},{"data":"ReplayTheSpireMod:Reroute Power","floor":27,"key":"SMITH"},{"data":"Storm","floor":32,"key":"SMITH"},{"data":"White Noise","floor":45,"key":"SMITH"},{"data":"Replay:Bootleg Shield Generator","floor":49,"key":"SMITH"},{"data":"Hello World","floor":49,"key":"SMITH"}],"circlet_count":0,"master_deck":["AscendersBane","hubris:Ukulele+1","Shrug It Off","Cleave","Rage+1","Sweeping Beam","Storm+1","Barrage+1","Replay:Undeath\u0027s Touch+1","Fusion+1","Ball Lightning","Machine Learning+1","conspire:Banana+1","Cold Snap","FIFO Queue+1","Searing Blow+1","Clash","Heatsinks+1","Panache","Time Bomb","Compile Driver","Doom and Gloom","ReplayTheSpireMod:Reroute Power+1","ElectricPowerLearning","Hello World+1","Replay:Bootleg Shield Generator+1","White Noise+1"],"relics":["Burning Blood","Busted Crown","HushsDoor","REME_ComplimentaryCards","replay:Trail_Library","SteamSale","Onion Ring","Membership Card","Whetstone","Peace Pipe","Replay:Ringing Soul","Guide Book","Dota2Spire:ShadowBlade","Counterbalance","Void","Replay:Bottled Steam","Replay:Bottled Flurry","hubris:TenFootPole","hubris:TinFlute","MealTicket","Pen Nib","HandDrill","Dota2Spire:Bloodstone","Dota2Spire:Desolator","Happy Flower","Dota2Spire:Butterfly","War Paint","Dota2Spire:PhaseBoots","BFFS","DoctorsRemote","Bag of Preparation","hubris:Reverence","Vajra","Pantograph","construct:FoamFinger","Dota2Spire:Vanguard","Brimstone","Anchor","Mirror","Coffee Dripper","Dota2Spire:ArmletOfMordiggian","BookOfRevelations","Dota2Spire:EtherealBlade","Lee\u0027s Waffle","construct:BoolHorns","GuppysTail","hubris:HerbalPaste","Regal Pillow","conspire:DecoderRing","MoneyPower","Replay:Wax Seal","HornCleat","OrangePellets","hubris:Metronome","Replay:Kaleidoscope","Replay:Towering Pillar of Hats","Bag of Marbles","Boot","StrikeDummy","Dota2Spire:UrnOfShadows","Durian","Chemical X","Dota2Spire:OctarineCore","Dream Catcher","InkBottle","Bronze Scales","Chaos","Omamori","Molten Egg 2","Toy Ornithopter","AnarchistCookbook","hubris:CuriousFeather"],"acts_visited":["Exordium","TheCity","TheBeyond"],"potions_floor_usage":[14,16,16,31,34,39,48,50],"damage_taken":[{"damage":0.0,"enemies":"Small Slimes","floor":1.0,"turns":1.0},{"damage":0.0,"enemies":"Jaw Worm","floor":3.0,"turns":1.0},{"damage":0,"enemies":"2 Louse","floor":5,"turns":2},{"damage":0,"enemies":"Lagavulin","floor":6,"turns":3},{"damage":1,"enemies":"3 Sentries","floor":7,"turns":3},{"damage":0,"enemies":"Gremlin Nob","floor":8,"turns":2},{"damage":0,"enemies":"Lagavulin","floor":10,"turns":4},{"damage":8,"enemies":"Gremlin Nob","floor":11,"turns":3},{"damage":16,"enemies":"3 Sentries","floor":13,"turns":4},{"damage":0,"enemies":"The Guardian","floor":16,"turns":3},{"damage":0,"enemies":"Chosen","floor":18,"turns":2},{"damage":0,"enemies":"Spheric Guardian","floor":20,"turns":2},{"damage":0,"enemies":"Centurion and Healer","floor":21,"turns":2},{"damage":0,"enemies":"REME_1_Revenger","floor":23,"turns":2},{"damage":0,"enemies":"Shelled Parasite and Fungi","floor":24,"turns":1},{"damage":0,"enemies":"Book of Stabbing","floor":25,"turns":2},{"damage":0,"enemies":"Gremlin Leader","floor":28,"turns":2},{"damage":0,"enemies":"Book of Stabbing","floor":29,"turns":1},{"damage":0,"enemies":"conspire:SneckoGhost","floor":31,"turns":1},{"damage":4,"enemies":"Champ","floor":33,"turns":2},{"damage":0,"enemies":"Orb Walker","floor":35,"turns":1},{"damage":0,"enemies":"Mind Bloom Boss Battle","floor":36,"turns":1},{"damage":0,"enemies":"3 Shapes","floor":39,"turns":1},{"damage":0,"enemies":"R_Hoarder","floor":40,"turns":2},{"damage":0,"enemies":"Giant Head","floor":41,"turns":2},{"damage":0,"enemies":"R_Hoarder","floor":44,"turns":2},{"damage":0,"enemies":"Nemesis","floor":46,"turns":3},{"damage":0,"enemies":"R_Hoarder","floor":47,"turns":2},{"damage":0,"enemies":"Writhing Mass","floor":48,"turns":1},{"damage":0,"enemies":"Orb Walker","floor":35,"turns":2},{"damage":0,"enemies":"3 Shapes","floor":36,"turns":2},{"damage":0,"enemies":"Sphere and 2 Shapes","floor":38,"turns":1},{"damage":0,"enemies":"Reptomancer","floor":40,"turns":2},{"damage":0,"enemies":"R_Hoarder","floor":42,"turns":2},{"damage":0,"enemies":"Nemesis","floor":44,"turns":1},{"damage":0,"enemies":"R_Hoarder","floor":46,"turns":2},{"damage":0,"enemies":"Nemesis","floor":47,"turns":1},{"damage":0,"enemies":"Giant Head","floor":48,"turns":1},{"damage":0,"enemies":"Time Eater","floor":50,"turns":3},{"damage":0,"enemies":"Donu and Deca","floor":51,"turns":2}],"seed_played":"2770414084935663381","potions_obtained":[{"floor":3.0,"key":"Elixir"},{"floor":5,"key":"Reflective Coating"},{"floor":23,"key":"FairyPotion"},{"floor":28,"key":"Languid Potion"},{"floor":33,"key":"REME_GoldPotion"},{"floor":36,"key":"Weak Potion"},{"floor":39,"key":"DistilledChaos"},{"floor":48,"key":"PowerPotion"}],"is_trial":true,"path_per_floor":["M","$","M","$","M","E","E","E","T","E","E","R","E","$","R","B",null,"M","$","M","M","$","E","M","E","T","R","E","E","$","E","R","B",null,"M","?","$","$","M","E","E","$","T","E","R","E","E","M","R","M","M","$","M","?","E","?","E","T","E","$","E","E","E","R","B","B",null],"character_chosen":"IRONCLAD","items_purchased":["Membership Card","Whetstone","Peace Pipe","conspire:Banana","Guide Book","Dota2Spire:ShadowBlade","PillsDrop","Cold Snap","MealTicket","Pen Nib","HandDrill","FIFO Queue","Searing Blow+1","EssenceOfSteel","REME_GoldPotion","LiquidBronze","Clash","Happy Flower","Dota2Spire:Butterfly","ReplayTheSpireMod:CursedCoin","Heatsinks+1","Panache","Time Bomb","Compile Driver","BFFS","Meat on the Bone","DoctorsRemote","Doom and Gloom","Dota2Spire:Vanguard","Brimstone","Anchor","ElectricPowerLearning","REME_Flogging","BookOfRevelations","Dota2Spire:EtherealBlade","Lee\u0027s Waffle","Hello World","construct:BoolHorns","GuppysTail","hubris:HerbalPaste","Replay:Bootleg Shield Generator","Replay:Wax Seal","HornCleat","OrangePellets","Dota2Spire:UrnOfShadows","Durian","Chemical X","Chaos","Omamori","Molten Egg 2"],"campfire_rested":0,"item_purchase_floors":[2,2,2,2,4,4,4,4,14,14,14,14,14,14,14,14,14,19,19,19,19,19,19,19,22,22,22,22,30,30,30,30,34,37,37,37,37,38,38,38,38,42,42,42,37,37,37,45,45,45],"current_hp_per_floor":[74,74,75,78,79,80,81,82,82,83,82,82,73,76,76,83,84,85,88,89,91,94,96,99,101,101,104,106,111,114,116,116,118,116,116,116,126,129,129,131,133,133,133,135,138,140,140,142,142,144,144,149,149,149,151,151,151,151,153,153,155,157,159,159,159,161],"gold":1610,"neow_bonus":"","is_daily":false,"chose_seed":false,"campfire_upgraded":7,"win_rate":0.0,"timestamp":1612786318,"path_taken":["M","$","M","$","M","E","E","E","T","E","E","R","E","$","R","BOSS","M","$","M","M","$","E","M","E","T","R","E","E","$","E","R","BOSS","M","?","$","$","M","E","E","$","T","E","R","E","E","?","R","M","M","$","M","?","E","?","E","T","E","$","E","E","E","R","BOSS","BOSS"],"items_purchased_type":["Relic","Relic","Relic","Card","Relic","Relic","Relic","Card","Relic","Relic","Relic","Card","Card","Potion","Potion","Potion","Card","Relic","Relic","Relic","Card","Card","Card","Card","Relic","Relic","Relic","Card","Relic","Relic","Relic","Card","Card","Relic","Relic","Relic","Card","Relic","Relic","Relic","Card","Relic","Relic","Relic","Relic","Relic","Relic","Card","Relic","Relic"],"build_version":"2020-12-18","purchased_purges":2,"victory":true,"max_hp_per_floor":[75,75,75,78,79,80,81,82,82,83,84,84,80,83,83,84,84,85,88,89,91,94,96,99,101,101,104,106,111,114,116,116,118,116,116,116,126,129,129,131,133,133,133,135,138,140,140,142,142,144,144,149,149,149,151,151,151,151,153,153,155,157,159,159,159,161],"card_choices":[{"not_picked":[],"picked":"Bomb","floor":0.0}],"player_experience":659654,"relics_obtained":[{"floor":1.0,"key":"Onion Ring"},{"floor":3.0,"key":"Replay:Ringing Soul"},{"floor":5,"key":"GnawedLeaf"},{"floor":6,"key":"Counterbalance"},{"floor":7,"key":"MawBank"},{"floor":8,"key":"Void"},{"floor":9,"key":"Replay:Bottled Steam"},{"floor":10,"key":"Replay:Bottled Flurry"},{"floor":11,"key":"hubris:TenFootPole"},{"floor":13,"key":"hubris:TinFlute"},{"floor":18,"key":"Dota2Spire:Desolator"},{"floor":20,"key":"War Paint"},{"floor":21,"key":"Dota2Spire:PhaseBoots"},{"floor":23,"key":"Bag of Preparation"},{"floor":24,"key":"hubris:Reverence"},{"floor":25,"key":"Vajra"},{"floor":26,"key":"Pantograph"},{"floor":28,"key":"construct:FoamFinger"},{"floor":29,"key":"REME_ArchaeologicalTools"},{"floor":31,"key":"Mirror"},{"floor":35,"key":"Dota2Spire:ArmletOfMordiggian"},{"floor":36,"key":"ForgetMeNow"},{"floor":39,"key":"Regal Pillow"},{"floor":40,"key":"conspire:DecoderRing"},{"floor":41,"key":"MoneyPower"},{"floor":43,"key":"hubris:Metronome"},{"floor":44,"key":"Replay:Kaleidoscope"},{"floor":46,"key":"Replay:Towering Pillar of Hats"},{"floor":47,"key":"Bag of Marbles"},{"floor":48,"key":"Boot"},{"floor":35,"key":"StrikeDummy"},{"floor":40,"key":"Dota2Spire:OctarineCore"},{"floor":42,"key":"Dream Catcher"},{"floor":43,"key":"InkBottle"},{"floor":44,"key":"Bronze Scales"},{"floor":46,"key":"Toy Ornithopter"},{"floor":47,"key":"AnarchistCookbook"},{"floor":48,"key":"hubris:CuriousFeather"}],"event_choices":[{"damage_healed":0,"gold_gain":0,"player_choice":"Fight","damage_taken":0,"max_hp_gain":0,"max_hp_loss":0,"event_name":"MindBloom","floor":36,"gold_loss":0},{"cards_removed":["REME_Flogging"],"damage_healed":0,"gold_gain":0,"player_choice":"Removed Power","damage_taken":0,"max_hp_gain":0,"max_hp_loss":0,"event_name":"Falling","floor":39,"gold_loss":0},{"damage_healed":0,"gold_gain":0,"player_choice":"Ignored","damage_taken":0,"max_hp_gain":0,"max_hp_loss":0,"event_name":"Tomb of Lord Red Mask","floor":41,"gold_loss":0}],"is_beta":true,"boss_relics":[{"not_picked":["conspire:RunicOctahedron","Replay:Bronze Core"],"picked":"Dota2Spire:Bloodstone"},{"not_picked":[]},{"not_picked":["Kintsugi","Ooze Armor"],"picked":"Coffee Dripper"},{"not_picked":[]}],"items_purged_floors":[19,45],"is_endless":false,"potions_floor_spawned":[3,5,7,11,13,23,28,33,36,39,40,46,48,36,38,40,48],"ascension_level":20}}