{"host":"kvq1t47bkvtg8ho9","time":1612745300,"event":{"mods":["Aspiration","Bard","BaseMod","Beaked The Cultist","Better Sensory Stone","Better Third Choice","BetterRewards","Bossed Relics","Clockwork Mod","Colored Map","Conspire","Downfall","Energized Spire","Friendly Minions","Hermit","HexUI Lib","Highlight Path","Hubris","Infinite Spire","JesterMod","Minty Spire (QoL Compilation)","READ ME - Guardian Mod","Relic Stats","Reliquary","Shade Mod","Somnambulant","Spire Arcade","StSLib","The Bladedancer","The Bug Knight","The Cursed","The Death Knight","The Disciple","The Forsaken","The Jungle","The Marked","The Necromancer","The Runesmith"],"gold_per_floor":[110,185,36,55,67,82,112,123,148,148,148,0,0,0,0,105,105,124,27,45,55,32,58,58,77,77,108,108,132,156,156,156,264,264,296,410,426,446,466,497,497,531,611,234,234,256,278,104,104,112],"floor_reached":51,"language":"ENG","playtime":5716,"items_purged":[],"score":1074,"play_id":"283d9dfc-35e6-4b92-b48b-152190318f7a","local_time":"20210207194820","is_ascension_mode":false,"campfire_choices":[{"floor":10.0,"key":"REST"},{"data":"Runesmith:Grindstone","floor":13.0,"key":"SMITH"},{"floor":15.0,"key":"REST"},{"data":"Runesmith:MetallurgicalResearch","floor":24.0,"key":"SMITH"},{"data":"infinitespire:NeuralNetwork","floor":32.0,"key":"SMITH"},{"floor":49,"key":"REST"}],"circlet_count":0,"master_deck":["Runesmith:Defend_RS","Runesmith:Defend_RS","Runesmith:Defend_RS","Runesmith:Defend_RS","Runesmith:CraftFirestone","Runesmith:Fortify","Runesmith:Grindstone+1","Runesmith:Firestorm","Runesmith:BackupBattery","Runesmith:CraftMagma","Runesmith:EarthShield","Runesmith:PoweredAnvil","Runesmith:HammerAndChisel","Runesmith:ChiselStab","Runesmith:Firewall","Runesmith:GenerateForcefield","Runesmith:ChaoticBlast","Enlightenment","Runesmith:MetallurgicalResearch+1","Runesmith:CraftMagma","Runesmith:CraftMagma","Runesmith:EnergizedChisel","Runesmith:LithiumIon","Runesmith:BackupBattery","Runesmith:EarthShield","Runesmith:GenerateForcefield","Runesmith:RuneHurl+1","Runesmith:Grindstone","Slimebound:Tackle+1","Slimebound:Tackle+1","Slimebound:Tackle+1","Runesmith:RuneHurl","Runesmith:PerfectChisel","hubris:Fate","infinitespire:NeuralNetwork+1","Runesmith:FissionHammer","Runesmith:Grindstone+1","infinitespire:FutureSight","Runesmith:BackupBattery+1","Runesmith:Accelerate","Runesmith:Terraform+1","Runesmith:CraftReservo","Runesmith:GenerateForcefield","Runesmith:UnstableHammer+1","Runesmith:CraftObretio","Runesmith:HammerAndChisel+1","Runesmith:OneForEveryone","Runesmith:Permafrost","Runesmith:Firewall","Runesmith:CraftMagma"],"relics":["Runesmith:BrokenRuby","Toolbox","conspire:Dentures","reliquary:Stiletto","theForsaken:Lifeblossom","Thread and Needle","energizedSpire:RedRose","aspiration:AnachronicSnailShell","infinitespire:Midas Blood","reliquary:OuijaBoard","conspire:TopHat","Fusion Hammer","infinitespire:Lychee Nut","infinitespire:Satchel","Blood Vial","Bottled Lightning","reliquary:BrokenClock"],"acts_visited":["Exordium","TheCity","TheBeyond"],"potions_floor_usage":[38,40,50],"damage_taken":[{"damage":2.0,"enemies":"Small Slimes","floor":1.0,"turns":5.0},{"damage":7.0,"enemies":"Jaw Worm","floor":4.0,"turns":5.0},{"damage":0.0,"enemies":"Cultist","floor":5.0,"turns":4.0},{"damage":6.0,"enemies":"Red Slaver","floor":6.0,"turns":4.0},{"damage":14.0,"enemies":"HollowMod:MossKnight","floor":7.0,"turns":11.0},{"damage":10.0,"enemies":"Looter","floor":8.0,"turns":4.0},{"damage":0.0,"enemies":"Slime Boss","floor":16.0,"turns":7.0},{"damage":8.0,"enemies":"Shell Parasite","floor":18.0,"turns":4.0},{"damage":7.0,"enemies":"Chosen and Byrds","floor":20.0,"turns":7.0},{"damage":21.0,"enemies":"Centurion and Healer","floor":21.0,"turns":6.0},{"damage":1.0,"enemies":"conspire:Head Lice","floor":23.0,"turns":6.0},{"damage":5.0,"enemies":"Snake Plant","floor":25.0,"turns":3.0},{"damage":2.0,"enemies":"HollowMod:Nosk","floor":27.0,"turns":7.0},{"damage":3.0,"enemies":"Snecko","floor":29.0,"turns":5.0},{"damage":5.0,"enemies":"Centurion and Healer","floor":30.0,"turns":5.0},{"damage":7.0,"enemies":"Champ","floor":33.0,"turns":7.0},{"damage":15.0,"enemies":"3 Shapes","floor":35.0,"turns":2.0},{"damage":13.0,"enemies":"infinitespire:Three Voidlings","floor":36.0,"turns":5.0},{"damage":3.0,"enemies":"Nightmare_Alpha","floor":36.0,"turns":8.0},{"damage":2,"enemies":"Orb Walker","floor":37,"turns":4},{"damage":15,"enemies":"Transient","floor":38,"turns":5},{"damage":4,"enemies":"Maw","floor":39,"turns":7},{"damage":1,"enemies":"beaked:SuperParasite","floor":40,"turns":5},{"damage":2,"enemies":"Giant Head","floor":42,"turns":5},{"damage":1,"enemies":"Jaw Worm Horde","floor":46,"turns":4},{"damage":2,"enemies":"4 Shapes","floor":47,"turns":3},{"damage":25,"enemies":"Awakened One","floor":50,"turns":9}],"seed_played":"5141307572162855459","potions_obtained":[{"floor":5.0,"key":"Regen Potion"},{"floor":7.0,"key":"Swift Potion"},{"floor":8.0,"key":"Strength Potion"},{"floor":16.0,"key":"ColorlessPotion"},{"floor":18.0,"key":"Slimebound:ThreeZeroPotion"},{"floor":30.0,"key":"Fire Potion"},{"floor":37,"key":"SpeedPotion"},{"floor":38,"key":"DeathKnight:RimePotion"},{"floor":39,"key":"AttackPotion"},{"floor":40,"key":"DuplicationPotion"}],"is_trial":false,"path_per_floor":["M","?","$","M","M","M","E","M","T","R","T","?","R","$","R","B",null,"M","$","M","M","$","E","R","M","T","E","?","M","M","AVR","R","B",null,"M","?","M","M","M","E","?","E","T","$","?","M","M","$","R","B",null],"character_chosen":"RUNESMITH_CLASS","items_purchased":["Toolbox","conspire:Dentures","Runesmith:Grindstone","Runesmith:Firestorm","Runesmith:CraftMagma","Runesmith:EarthShield","Runesmith:PoweredAnvil","Runesmith:CraftMagma","Runesmith:EnergizedChisel","Runesmith:EarthShield","Runesmith:CraftObretio","infinitespire:BlackPotion","reliquary:BrokenClock","Runesmith:Permafrost","Runesmith:Firewall","Runesmith:CraftMagma"],"campfire_rested":3,"item_purchase_floors":[0,0,0,0,3,3,3,19,19,22,44,44,44,48,48,48],"current_hp_per_floor":[68,57,57,50,50,56,42,32,32,53,53,59,59,59,76,76,76,71,71,70,55,55,60,60,60,60,64,64,67,68,68,68,67,76,64,57,57,54,57,57,57,57,57,57,57,57,55,55,57,42],"gold":112,"neow_bonus":"","is_daily":false,"chose_seed":false,"campfire_upgraded":3,"win_rate":0.0,"timestamp":1612745300,"path_taken":["M","?","$","M","?","M","E","M","T","R","?","?","R","$","R","BOSS","M","$","M","M","$","E","R","M","T","E","?","M","M","AVR","R","BOSS","M","?","M","M","M","E","?","E","T","$","?","M","M","$","R","BOSS"],"items_purchased_type":["Relic","Relic","Card","Card","Card","Card","Card","Card","Card","Card","Card","Potion","Relic","Card","Card","Card"],"build_version":"2020-12-22","purchased_purges":0,"victory":true,"max_hp_per_floor":[70,70,70,70,70,70,70,70,70,70,70,76,76,76,76,76,76,76,76,76,76,76,76,76,76,76,76,76,76,76,76,76,76,76,76,57,57,57,57,57,57,57,57,57,57,57,57,57,57,57],"relic_stats":{"Blood Vial":0,"counters":[163,664],"obtain_stats":[{"hubris:MysteriousPyramids":118,"aspiration:RitualStick":126,"Blood Vial":42,"infinitespire:ShieldingShard":27,"theJungle:BirthdayCakeSlice":29,"hubris:DeckOfHolding":53,"Fusion Hammer":34,"Kunai":7,"HollowMod:PaleOreRelic":112,"aspiration:DSix":0,"Runesmith:BrokenRuby":0,"Pear":10,"hubris:SphereOfDissonance":89,"Shade:YorickPolishedSkull":51,"Pen Nib":44,"Guardian:PocketSentry":156,"reliquary:WeakTea":6,"energizedSpire:StickyHand":34,"reliquary:Bookmark":0,"SlaversCollar":17,"infinitespire:Lychee Nut":9,"MutagenicStrength":19,"reliquary:BrokenClock":44,"infinitespire:PuzzleCube":104,"hubris:Reverence":14,"Regal Pillow":94,"Torii":74,"Bag of Preparation":91,"Ancient Tea Set":44,"hubris:BlackHole":102,"aspiration:AnachronicSnailShell":23,"hubris:ScarierMask":17,"Toolbox":0,"reliquary:NewFriend":44,"hubris:CuriousFeather":6,"aspiration:FutureDiary":68,"aspiration:VileToxins":146,"Lee\u0027s Waffle":21,"hubris:64BitClover":48,"Golden Idol":61,"Guardian:GemstoneGun":6,"conspire:RunicOctahedron":85,"Thread and Needle":11,"The Courier":99,"Omamori":80,"infinitespire:Lucky Rock":59,"infinitespire:CheckeredPen":86,"Frozen Egg 2":36,"hubris:Towel":73,"MawBank":148,"Art of War":46,"Runesmith:AutoHammer":14,"Bottled Lightning":43,"conspire:DeflatedDodgeball":12,"Toy Ornithopter":23,"hubris:BottledRain":60,"infinitespire:Midas Blood":26,"reliquary:OuijaBoard":27,"Gremlin Horn":44,"reliquary:PartyBalloon":0,"hubris:VirtuousBlindfold":17,"Vajra":115,"HollowMod:StagPassRelic":57,"Lizard Tail":128,"aspiration:MobileForge":119,"aspiration:ArtOfWarUpgrade":83,"Toxic Egg 2":4,"conspire:Dentures":0,"hubris:Teleporter":123,"reliquary:Sideboard":8,"Astrolabe":136,"Oddly Smooth Stone":76,"energizedSpire:OgreHead":53,"Letter Opener":129,"aspiration:HiddenCompartment":12,"conspire:GiftBox":43,"aspiration:EmptySkull":0,"Shuriken":64,"Molten Egg 2":131,"reliquary:BallBearing":0,"infinitespire:EmpoweringShard":43,"Darkstone Periapt":9,"bronze:BronzeCore":0,"Shade:YorickSkull":0,"SacredBark":34,"theForsaken:Lifeblossom":25,"Mango":77,"conspire:SpecialSausage":153,"Incense Burner":99,"Juzu Bracelet":142,"theForsaken:Gavel":26,"conspire:TopHat":31,"aspiration:StickyExplosives_weak":95,"Frozen Eye":70,"Nunchaku":29,"Dream Catcher":26,"reliquary:HotPoker":43,"hubris:Icosahedron":24,"theForsaken:Kindling":139,"Pantograph":106,"Tiny Chest":26,"Red Mask":37,"energizedSpire:RedRose":17,"infinitespire:FocusingShard":0,"hubris:MedicalManual":0,"Orichalcum":69,"Mercury Hourglass":40,"Calling Bell":99,"infinitespire:WardingShard":23,"infinitespire:Satchel":9,"reliquary:Stiletto":7,"Bag of Marbles":111,"Membership Card":0},{"hubris:MysteriousPyramids":93,"aspiration:RitualStick":96,"Blood Vial":160,"infinitespire:ShieldingShard":48,"theJungle:BirthdayCakeSlice":127,"hubris:DeckOfHolding":61,"Fusion Hammer":152,"Kunai":3,"HollowMod:PaleOreRelic":88,"aspiration:DSix":35,"Runesmith:BrokenRuby":0,"Pear":5,"hubris:SphereOfDissonance":79,"Shade:YorickPolishedSkull":60,"Pen Nib":31,"Guardian:PocketSentry":109,"reliquary:WeakTea":115,"energizedSpire:StickyHand":52,"reliquary:Bookmark":110,"SlaversCollar":121,"infinitespire:Lychee Nut":117,"MutagenicStrength":19,"reliquary:BrokenClock":160,"infinitespire:PuzzleCube":85,"hubris:Reverence":42,"Regal Pillow":80,"Torii":72,"Bag of Preparation":79,"Ancient Tea Set":132,"hubris:BlackHole":83,"aspiration:AnachronicSnailShell":147,"hubris:ScarierMask":43,"Toolbox":136,"reliquary:NewFriend":132,"hubris:CuriousFeather":39,"aspiration:FutureDiary":68,"aspiration:VileToxins":105,"Lee\u0027s Waffle":124,"hubris:64BitClover":59,"Golden Idol":66,"Guardian:GemstoneGun":14,"conspire:RunicOctahedron":77,"Thread and Needle":142,"The Courier":82,"Omamori":74,"infinitespire:Lucky Rock":66,"infinitespire:CheckeredPen":78,"Frozen Egg 2":28,"hubris:Towel":71,"MawBank":106,"Art of War":59,"Runesmith:AutoHammer":17,"Bottled Lightning":160,"conspire:DeflatedDodgeball":15,"Toy Ornithopter":47,"hubris:BottledRain":66,"infinitespire:Midas Blood":148,"reliquary:OuijaBoard":149,"Gremlin Horn":58,"reliquary:PartyBalloon":110,"hubris:VirtuousBlindfold":18,"Vajra":91,"HollowMod:StagPassRelic":64,"Lizard Tail":96,"aspiration:MobileForge":93,"aspiration:ArtOfWarUpgrade":76,"Toxic Egg 2":37,"conspire:Dentures":136,"hubris:Teleporter":95,"reliquary:Sideboard":117,"Astrolabe":100,"Oddly Smooth Stone":73,"energizedSpire:OgreHead":61,"Letter Opener":97,"aspiration:HiddenCompartment":118,"conspire:GiftBox":31,"aspiration:EmptySkull":9,"Shuriken":67,"Molten Egg 2":98,"reliquary:BallBearing":110,"infinitespire:EmpoweringShard":57,"Darkstone Periapt":39,"bronze:BronzeCore":0,"Shade:YorickSkull":0,"SacredBark":27,"theForsaken:Lifeblossom":23,"Mango":73,"conspire:SpecialSausage":108,"Incense Burner":82,"Juzu Bracelet":104,"theForsaken:Gavel":47,"conspire:TopHat":151,"aspiration:StickyExplosives_weak":80,"Frozen Eye":69,"Nunchaku":24,"Dream Catcher":126,"reliquary:HotPoker":132,"hubris:Icosahedron":47,"theForsaken:Kindling":102,"Pantograph":85,"Tiny Chest":23,"Red Mask":28,"energizedSpire:RedRose":143,"infinitespire:FocusingShard":110,"hubris:MedicalManual":110,"Orichalcum":69,"Mercury Hourglass":56,"Calling Bell":82,"infinitespire:WardingShard":22,"infinitespire:Satchel":14,"reliquary:Stiletto":141,"Bag of Marbles":88,"Membership Card":9},{"hubris:MysteriousPyramids":337,"aspiration:RitualStick":340,"Blood Vial":648,"infinitespire:ShieldingShard":207,"theJungle:BirthdayCakeSlice":475,"hubris:DeckOfHolding":261,"Fusion Hammer":607,"Kunai":10,"HollowMod:PaleOreRelic":331,"aspiration:DSix":159,"Runesmith:BrokenRuby":0,"Pear":18,"hubris:SphereOfDissonance":310,"Shade:YorickPolishedSkull":259,"Pen Nib":138,"Guardian:PocketSentry":371,"reliquary:WeakTea":404,"energizedSpire:StickyHand":224,"reliquary:Bookmark":376,"SlaversCollar":441,"infinitespire:Lychee Nut":416,"MutagenicStrength":92,"reliquary:BrokenClock":648,"infinitespire:PuzzleCube":326,"hubris:Reverence":183,"Regal Pillow":311,"Torii":294,"Bag of Preparation":310,"Ancient Tea Set":502,"hubris:BlackHole":323,"aspiration:AnachronicSnailShell":580,"hubris:ScarierMask":190,"Toolbox":517,"reliquary:NewFriend":502,"hubris:CuriousFeather":174,"aspiration:FutureDiary":282,"aspiration:VileToxins":352,"Lee\u0027s Waffle":462,"hubris:64BitClover":249,"Golden Idol":274,"Guardian:GemstoneGun":65,"conspire:RunicOctahedron":308,"Thread and Needle":550,"The Courier":317,"Omamori":300,"infinitespire:Lucky Rock":274,"infinitespire:CheckeredPen":309,"Frozen Egg 2":126,"hubris:Towel":290,"MawBank":355,"Art of War":249,"Runesmith:AutoHammer":79,"Bottled Lightning":648,"conspire:DeflatedDodgeball":69,"Toy Ornithopter":204,"hubris:BottledRain":274,"infinitespire:Midas Blood":583,"reliquary:OuijaBoard":590,"Gremlin Horn":247,"reliquary:PartyBalloon":376,"hubris:VirtuousBlindfold":88,"Vajra":334,"HollowMod:StagPassRelic":267,"Lizard Tail":340,"aspiration:MobileForge":337,"aspiration:ArtOfWarUpgrade":304,"Toxic Egg 2":164,"conspire:Dentures":517,"hubris:Teleporter":339,"reliquary:Sideboard":416,"Astrolabe":345,"Oddly Smooth Stone":297,"energizedSpire:OgreHead":261,"Letter Opener":341,"aspiration:HiddenCompartment":426,"conspire:GiftBox":138,"aspiration:EmptySkull":39,"Shuriken":277,"Molten Egg 2":342,"reliquary:BallBearing":376,"infinitespire:EmpoweringShard":242,"Darkstone Periapt":174,"bronze:BronzeCore":0,"Shade:YorickSkull":0,"SacredBark":122,"theForsaken:Lifeblossom":105,"Mango":297,"conspire:SpecialSausage":370,"Incense Burner":317,"Juzu Bracelet":351,"theForsaken:Gavel":204,"conspire:TopHat":600,"aspiration:StickyExplosives_weak":311,"Frozen Eye":285,"Nunchaku":108,"Dream Catcher":470,"reliquary:HotPoker":502,"hubris:Icosahedron":204,"theForsaken:Kindling":347,"Pantograph":326,"Tiny Chest":105,"Red Mask":126,"energizedSpire:RedRose":557,"infinitespire:FocusingShard":376,"hubris:MedicalManual":376,"Orichalcum":285,"Mercury Hourglass":239,"Calling Bell":317,"infinitespire:WardingShard":102,"infinitespire:Satchel":65,"reliquary:Stiletto":546,"Bag of Marbles":331,"Membership Card":39}]},"card_choices":[{"not_picked":["Runesmith:Repurpose","Runesmith:OneForEveryone"],"picked":"Runesmith:BackupBattery","floor":1.0},{"not_picked":["Runesmith:MakeshiftArmor","Runesmith:NegativeSpace"],"picked":"Runesmith:HammerAndChisel","floor":4.0},{"not_picked":["Runesmith:FieryHammer","Runesmith:HeatExchange"],"picked":"Runesmith:ChiselStab","floor":5.0},{"not_picked":["Runesmith:RuneHurl","Runesmith:NanitesCloud"],"picked":"Runesmith:Firewall","floor":6.0},{"not_picked":["Runesmith:Grindstone","Runesmith:MakeshiftArmor"],"picked":"Runesmith:GenerateForcefield","floor":7.0},{"not_picked":["Runesmith:EarthShield","Runesmith:UnstableHammer"],"picked":"Runesmith:ChaoticBlast","floor":8.0},{"not_picked":["Runesmith:CraftPrismatica","Runesmith:DuctTape"],"picked":"Runesmith:MetallurgicalResearch","floor":16.0},{"not_picked":["Runesmith:Repurpose","Runesmith:PerfectChisel+1"],"picked":"Runesmith:CraftMagma","floor":18.0},{"not_picked":["Runesmith:HeatedChisel","Runesmith:HammerThrow+1"],"picked":"Runesmith:LithiumIon","floor":20.0},{"not_picked":["Runesmith:Overpower+1","Runesmith:CraftMagma"],"picked":"Runesmith:BackupBattery","floor":21.0},{"not_picked":["Runesmith:Accelerate","Runesmith:Electrocute+1"],"picked":"Runesmith:GenerateForcefield","floor":23.0},{"not_picked":["Runesmith:PerfectChisel","Runesmith:DoubleUp+1"],"picked":"Runesmith:RuneHurl+1","floor":25.0},{"not_picked":["Runesmith:ChiselStab","Runesmith:EarthShield"],"picked":"Runesmith:Grindstone","floor":27.0},{"not_picked":["Runesmith:CraftMagma","Runesmith:HeatExchange"],"picked":"Runesmith:RuneHurl","floor":29.0},{"not_picked":["Runesmith:Firestorm","Runesmith:ShiftingStrike"],"picked":"Runesmith:PerfectChisel","floor":30.0},{"not_picked":["Runesmith:LastStand","Runesmith:LightningRod"],"picked":"Runesmith:FissionHammer","floor":33.0},{"not_picked":["Runesmith:HeatedChisel","Runesmith:RuneHurl"],"picked":"Runesmith:Grindstone+1","floor":35.0},{"not_picked":["infinitespire:Execution","infinitespire:SealOfDarkness+"],"picked":"infinitespire:FutureSight","floor":36.0},{"not_picked":["Runesmith:HeatedChisel","Runesmith:CraftProtectio+1"],"picked":"Runesmith:BackupBattery+1","floor":36.0},{"not_picked":["Runesmith:Reinforce","Runesmith:RunicBlueprint+1"],"picked":"Runesmith:Accelerate","floor":37},{"not_picked":["Runesmith:WhiteBalance","Runesmith:UnstableHammer"],"picked":"Runesmith:Terraform+1","floor":38},{"not_picked":["Runesmith:ChiselStab+1","Runesmith:HeatExchange"],"picked":"Runesmith:CraftReservo","floor":39},{"not_picked":["Runesmith:Refine","Runesmith:LastStand"],"picked":"Runesmith:GenerateForcefield","floor":40},{"not_picked":["Runesmith:ElementalConversion","Runesmith:Discharge"],"picked":"Runesmith:UnstableHammer+1","floor":42},{"not_picked":["Runesmith:CraftMagma","Runesmith:UnstableHammer"],"picked":"Runesmith:HammerAndChisel+1","floor":46},{"not_picked":["Runesmith:HeatExchange+1","Runesmith:UnstableHammer"],"picked":"Runesmith:OneForEveryone","floor":47}],"player_experience":825652,"relics_obtained":[{"floor":7.0,"key":"reliquary:Stiletto"},{"floor":9.0,"key":"theForsaken:Lifeblossom"},{"floor":11.0,"key":"Thread and Needle"},{"floor":23.0,"key":"aspiration:AnachronicSnailShell"},{"floor":26.0,"key":"infinitespire:Midas Blood"},{"floor":27.0,"key":"reliquary:OuijaBoard"},{"floor":36.0,"key":"infinitespire:Lychee Nut"},{"floor":40,"key":"infinitespire:Satchel"},{"floor":42,"key":"Blood Vial"},{"floor":43,"key":"Bottled Lightning"}],"event_choices":[{"damage_healed":0.0,"max_hp_gain":0.0,"max_hp_loss":0.0,"gold_gain":75.0,"event_name":"betterThird:BetterGoop","player_choice":"Gold","floor":2.0,"gold_loss":0.0,"damage_taken":11.0},{"damage_healed":0.0,"max_hp_gain":0.0,"max_hp_loss":0.0,"gold_gain":0.0,"event_name":"betterThird:BetterSerpent","player_choice":"RENOUNCE","floor":12.0,"gold_loss":148.0,"damage_taken":148.0,"cards_obtained":["Enlightenment"]},{"damage_healed":0,"gold_gain":0,"player_choice":"Leave","damage_taken":0,"max_hp_gain":0,"max_hp_loss":0,"event_name":"conspire:Investor","floor":41,"gold_loss":0},{"damage_healed":0,"gold_gain":0,"player_choice":"Relic","damage_taken":0,"max_hp_gain":0,"max_hp_loss":0,"event_name":"Wheel of Change","floor":45,"gold_loss":0}],"is_beta":false,"boss_relics":[{"not_picked":["aspiration:MobileForge","theForsaken:PaleLantern"],"picked":"energizedSpire:RedRose"},{"not_picked":["hubris:CrackedHourglass","Tiny House"],"picked":"Fusion Hammer"}],"items_purged_floors":[],"is_endless":true,"potions_floor_spawned":[5,7,8,16,18,20,30,37,38,39,40,42,46],"ascension_level":0}}