{"host":"8jwif9mna8ud19ho","time":1612782874,"event":{"mods":["BaseMod","Better Vampires","Marisa£¨ìFÓê¡¡Ä§ÀíÉ³£©","Minty Spire (QoL Compilation)","Reimu£¨²©ÀöÁéÃÎ£©","RumiaBox-Â¶Ã×æ«µÄÉñÃØºÐ×Ó","StSLib","¡¾ÒÅÎï¿¨ÅÆ¡¿REMEMod"],"gold_per_floor":[114,127,67,83,102,102,27,27,27],"floor_reached":8,"language":"ZHS","playtime":361,"items_purged":["Strike_G"],"score":96,"play_id":"26101038-3b5d-4173-8dbe-c1a2a5675fb0","local_time":"20210208191434","is_ascension_mode":true,"campfire_choices":[{"data":"UltimateShortwave","floor":6.0,"key":"SMITH"}],"circlet_count":0,"master_deck":["AscendersBane","Strike_G","Strike_G","Strike_G","Strike_G","Defend_G","Defend_G","Defend_G","Defend_G","Defend_G","Survivor","Neutralize","UltimateShortwave+1","Purity","Flechettes","Escape Plan","Acrobatics"],"relics":["Ring of the Snake","REME_ComplimentaryCards","PaintedHorse:ReiMu"],"acts_visited":["Exordium"],"potions_floor_usage":[8],"damage_taken":[{"damage":0.0,"enemies":"2 Louse","floor":1.0,"turns":3.0},{"damage":20.0,"enemies":"Jaw Worm","floor":2.0,"turns":7.0},{"damage":0.0,"enemies":"Small Slimes","floor":4.0,"turns":4.0},{"damage":12.0,"enemies":"Gremlin Gang","floor":5.0,"turns":5.0},{"damage":17,"enemies":"3 Sentries","floor":8,"turns":9}],"seed_played":"1041811984905664590","potions_obtained":[{"floor":2.0,"key":"Strength Potion"},{"floor":5.0,"key":"DuplicationPotion"}],"is_trial":false,"path_per_floor":["M","M","?","M","M","R","$","E"],"character_chosen":"THE_SILENT","items_purchased":[],"campfire_rested":0,"item_purchase_floors":[],"current_hp_per_floor":[59,39,39,39,27,27,27,10,10],"gold":27,"neow_bonus":"RANDOM_COLORLESS","is_daily":false,"chose_seed":false,"campfire_upgraded":1,"win_rate":0.0,"timestamp":1612782874,"path_taken":["M","M","?","M","M","R","$","E"],"items_purchased_type":[],"build_version":"2020-12-22","purchased_purges":1,"victory":false,"max_hp_per_floor":[66,66,66,66,66,66,66,66,66],"card_choices":[{"not_picked":["Mind Blast","Trip"],"picked":"Purity","floor":0.0},{"not_picked":["Slice","Outmaneuver"],"picked":"Flechettes","floor":1.0},{"not_picked":["Underhanded Strike","Outmaneuver"],"picked":"Escape Plan","floor":2.0},{"not_picked":["Dagger Spray","Heel Hook","Dodge and Roll"],"picked":"SKIP","floor":4.0},{"not_picked":["Dagger Throw","PiercingWail"],"picked":"Acrobatics","floor":5.0}],"player_experience":1130322,"relics_obtained":[],"event_choices":[{"damage_healed":0.0,"max_hp_gain":0.0,"max_hp_loss":0.0,"gold_gain":0.0,"event_name":"yidonshenshe","player_choice":"ÈûÇ®","floor":3.0,"gold_loss":60.0,"damage_taken":0.0,"relics_obtained":["PaintedHorse:ReiMu"]}],"is_beta":false,"boss_relics":[],"items_purged_floors":[7],"is_endless":false,"potions_floor_spawned":[2,5],"killed_by":"3 Sentries","ascension_level":20}}