{"host":"yhhyog5h1q67ienp","time":1612814691,"event":{"mods":["AchievementEnabler","BaseMod","Block Reminder","Colored Map","Colored Powertips","Minty Spire (QoL Compilation)","Quick Restart","Relic Stats","StSLib","ojb\u0027s Better Paths Mod","ojb\u0027s Info Mod"],"gold_per_floor":[116,131,145,145,145,173,186,186,186,186,186,206,206,250,250,250,250],"floor_reached":16,"language":"ENG","playtime":569,"items_purged":[],"score":220,"play_id":"faacca72-2c1b-4217-a5c2-5cfa0284f321","local_time":"20210208170451","is_ascension_mode":true,"campfire_choices":[{"data":"Carnage","floor":8,"key":"SMITH"},{"floor":13,"key":"REST"},{"data":"1","floor":15,"key":"LIFT"}],"circlet_count":0,"master_deck":["AscendersBane","Strike_R","Strike_R+1","Strike_R","Defend_R","Defend_R","Defend_R","Defend_R","Bash","Thunderclap","Clothesline","Iron Wave+1","Carnage+1","Carnage","Dropkick"],"relics":["Sozu","Whetstone","HornCleat","Golden Idol","Girya"],"acts_visited":["Exordium"],"potions_floor_usage":[],"damage_taken":[{"damage":4,"enemies":"Small Slimes","floor":1,"turns":4},{"damage":4,"enemies":"Jaw Worm","floor":2,"turns":4},{"damage":1,"enemies":"Cultist","floor":3,"turns":3},{"damage":24,"enemies":"Gremlin Nob","floor":6,"turns":4},{"damage":2,"enemies":"2 Fungi Beasts","floor":7,"turns":3},{"damage":6,"enemies":"Exordium Thugs","floor":12,"turns":3},{"damage":20,"enemies":"Lagavulin","floor":14,"turns":5},{"damage":21,"enemies":"The Guardian","floor":16,"turns":4}],"seed_played":"826378107626743085","potions_obtained":[],"is_trial":false,"path_per_floor":["M","M","M","?","?","E","M","R","T","?","?","M","R","E","R","B"],"character_chosen":"IRONCLAD","items_purchased":[],"campfire_rested":1,"item_purchase_floors":[],"current_hp_per_floor":[64,60,59,59,52,28,26,26,26,26,26,20,40,20,20,0,0],"gold":250,"neow_bonus":"BOSS_RELIC","is_daily":false,"chose_seed":false,"campfire_upgraded":1,"win_rate":0.0,"timestamp":1612814691,"path_taken":["M","M","M","?","?","E","M","R","T","?","?","?","R","E","R","BOSS"],"items_purchased_type":[],"build_version":"2020-12-22","purchased_purges":0,"victory":false,"max_hp_per_floor":[75,75,75,75,75,75,75,75,75,68,68,68,68,68,68,68,68],"relic_stats":{"Sozu":3,"counters":[8,30],"Golden Idol":13,"Whetstone":["Strike_R","Iron Wave"],"obtain_stats":[{"Sozu":0,"Girya":14,"HornCleat":9,"Golden Idol":10,"Whetstone":6,"Burning Blood":0},{"Sozu":0,"Girya":7,"HornCleat":5,"Golden Idol":5,"Whetstone":4,"Burning Blood":0},{"Sozu":0,"Girya":26,"HornCleat":18,"Golden Idol":18,"Whetstone":15,"Burning Blood":0}]},"card_choices":[{"not_picked":["Flex","Havoc"],"picked":"Thunderclap","floor":2},{"not_picked":["Flex","Shrug It Off"],"picked":"Clothesline","floor":3},{"not_picked":["Flex","Clash"],"picked":"Iron Wave","floor":6},{"not_picked":["Flex","Thunderclap"],"picked":"Carnage","floor":7},{"not_picked":["Fire Breathing","Cleave","Dual Wield"],"picked":"SKIP","floor":12},{"not_picked":["Body Slam","Perfected Strike"],"picked":"Dropkick","floor":14}],"player_experience":1436662,"relics_obtained":[{"floor":6,"key":"Whetstone"},{"floor":9,"key":"HornCleat"},{"floor":14,"key":"Girya"}],"event_choices":[{"damage_healed":0,"gold_gain":0,"player_choice":"Ignored","damage_taken":0,"max_hp_gain":0,"max_hp_loss":0,"event_name":"Liars Game","floor":4,"gold_loss":0},{"cards_removed":["Strike_R"],"damage_healed":0,"gold_gain":0,"player_choice":"Card Removal","damage_taken":7,"max_hp_gain":0,"max_hp_loss":0,"event_name":"Golden Wing","floor":5,"gold_loss":0},{"damage_healed":0,"gold_gain":0,"player_choice":"Lose Max HP","damage_taken":0,"relics_obtained":["Golden Idol"],"max_hp_gain":0,"max_hp_loss":7,"event_name":"Golden Idol","floor":10,"gold_loss":0},{"damage_healed":0,"gold_gain":0,"cards_transformed":["Strike_R"],"player_choice":"Transformed","damage_taken":0,"max_hp_gain":0,"max_hp_loss":0,"event_name":"Transmorgrifier","floor":11,"gold_loss":0,"cards_obtained":["Carnage"]}],"is_beta":false,"boss_relics":[],"items_purged_floors":[],"is_endless":false,"potions_floor_spawned":[1,3,6],"killed_by":"The Guardian","ascension_level":20}}