{"host":"t88fvt99x4xmop87","time":1612816665,"event":{"mods":["Astrologer","BaseMod","BetterRewards","Bossed Relics","Downfall","Duelist Mod","Hermit","Highlight Path","Hubris","Infinite Spire","Jorbs\u0027s Wanderer Trilogy","Marisa????????","Minty Spire (QoL Compilation)","Rare Cards Sparkle","Replay The Spire","Shop Mod","StSLib","The Animator","The Bug Knight","The Construct","The Cursed","The Disciple","The Hierophant","The Jungle","The Necromancer","The Poker Player","The Runesmith","The Servant 0.9.4"],"gold_per_floor":[136,148,159,174,39,39,53,69,69,84,84,84,84,9,9,114,114,131,131,401,401,401],"floor_reached":21,"language":"ENG","playtime":1683,"items_purged":["theDuelist:DarkMagicianGirl"],"score":171,"play_id":"bb8adafc-9d5f-4f48-95d3-c8e63c2383e4","local_time":"20210208133745","is_ascension_mode":false,"campfire_choices":[{"data":"theDuelist:DarkPaladin","floor":6,"key":"SMITH"},{"data":"theDuelist:RainbowMagician","floor":12,"key":"SMITH"},{"data":"theDuelist:TimeWizard","floor":15,"key":"SMITH"}],"circlet_count":0,"master_deck":["theDuelist:CastleWalls","theDuelist:CastleWalls","theDuelist:DarkMagician+1","theDuelist:MysticalElf","theDuelist:MysticalElf","theDuelist:NeoMagic","theDuelist:NeoMagic","theDuelist:Sparks","theDuelist:ExodiaRL","theDuelist:Illusionist","theDuelist:DarkPaladin+1","theDuelist:TimeWizard+1","theDuelist:ContractExodia","theDuelist:RainbowMagician+1","theDuelist:ExodiaHead"],"relics":["theDuelist:MillenniumPuzzle","theDuelist:CardPoolRelic","theDuelist:CardPoolBasicRelic","theDuelist:BoosterPackPoolRelic","theDuelist:CardPoolAddRelic","theDuelist:CardPoolMinusRelic","theDuelist:CardPoolSaveRelic","theDuelist:CardPoolOptionsRelic","theDuelist:SummonAnchor","SlaversCollar"],"acts_visited":["Exordium","TheCity"],"potions_floor_usage":[16,21,21],"damage_taken":[{"damage":0,"enemies":"Jaw Worm","floor":1,"turns":4},{"damage":0,"enemies":"Small Slimes","floor":2,"turns":3},{"damage":0,"enemies":"Cultist","floor":3,"turns":5},{"damage":2,"enemies":"Red Slaver","floor":4,"turns":5},{"damage":0,"enemies":"Gremlin Gang","floor":7,"turns":5},{"damage":0,"enemies":"Exordium Wildlife","floor":8,"turns":6},{"damage":0,"enemies":"Large Slime","floor":10,"turns":7},{"damage":21,"enemies":"The Guardian","floor":16,"turns":10},{"damage":12,"enemies":"Chosen","floor":18,"turns":6},{"damage":53,"enemies":"3 Byrds","floor":21,"turns":6}],"seed_played":"9177608418802892924","potions_obtained":[{"floor":4,"key":"SpeedPotion"},{"floor":7,"key":"Ancient Potion"},{"floor":16,"key":"SpeedPotion"}],"is_trial":false,"path_per_floor":["M","M","M","M","$","R","M","M","T","M","?","R","?","$","R","B",null,"M","?","?","M"],"character_chosen":"THE_DUELIST","items_purchased":["theDuelist:DarkPaladin"],"campfire_rested":0,"item_purchase_floors":[5],"current_hp_per_floor":[80,80,80,78,78,78,78,78,78,78,72,72,72,72,72,51,80,68,68,41,0,0],"gold":401,"neow_bonus":"UPGRADE_CARD","is_daily":false,"chose_seed":false,"campfire_upgraded":3,"win_rate":0.0,"timestamp":1612816665,"path_taken":["M","M","M","M","$","R","M","M","T","M","?","R","?","$","R","BOSS","M","?","?","M"],"items_purchased_type":["Card"],"build_version":"2020-12-22","purchased_purges":1,"victory":false,"max_hp_per_floor":[80,80,80,80,80,80,80,80,80,80,80,80,80,80,80,80,80,80,80,80,80,80],"card_choices":[{"not_picked":["theDuelist:SpellShatteringArrow","theDuelist:PowerKaishin","theDuelist:BlizzardWarrior","theDuelist:OnslaughtFireKings"],"picked":"theDuelist:ExodiaRL","floor":1},{"not_picked":["theDuelist:BlizzardWarrior","theDuelist:SangaThunder","theDuelist:SpiritHarp","theDuelist:FlyingSaucer"],"picked":"theDuelist:DarkMagicianGirl","floor":2},{"not_picked":["theDuelist:SangaThunder","theDuelist:NeoMagic","theDuelist:FlyingSaucer","theDuelist:Mudballman"],"picked":"theDuelist:Illusionist","floor":3},{"not_picked":["theDuelist:WormKing","theDuelist:RainbowGravity","theDuelist:BigKoala","theDuelist:ScrapFactory","theDuelist:RainbowBridge"],"picked":"SKIP","floor":4},{"not_picked":["theDuelist:MagiciansRobe","theDuelist:BadReaction","theDuelist:WonderWand"],"picked":"theDuelist:TimeWizard","floor":7},{"not_picked":["theDuelist:NeoMagic","theDuelist:FlyingSaucer","theDuelist:AncientElf","theDuelist:WhiteMagicalHat"],"picked":"theDuelist:ContractExodia","floor":8},{"not_picked":["theDuelist:RainbowDarkDragon","theDuelist:IrisEarthMother","theDuelist:RainbowKuriboh","theDuelist:RainbowOverdragon"],"picked":"theDuelist:RainbowMagician","floor":10},{"not_picked":["theDuelist:RainbowDarkDragon","theDuelist:SwordsRevealing","theDuelist:IceQueen","theDuelist:GateGuardian"],"picked":"theDuelist:ExodiaHead","floor":16},{"not_picked":["theDuelist:CosmicHorrorGangiel","theDuelist:CallAtlanteans","theDuelist:LegendaryFlameLord","theDuelist:TimeWizard","theDuelist:FrontierWiseman"],"picked":"SKIP","floor":18}],"player_experience":13028,"relics_obtained":[],"event_choices":[{"damage_healed":0,"gold_gain":0,"player_choice":"Dig - random Duelist relic","duelist":true,"damage_taken":0,"max_hp_gain":0,"max_hp_loss":0,"event_name":"Aknamkanon\u0027s Tomb","floor":11,"gold_loss":0},{"cards_removed":["theDuelist:Sparks"],"damage_healed":0,"gold_gain":0,"player_choice":"Elegance","damage_taken":0,"max_hp_gain":0,"max_hp_loss":0,"event_name":"Back to Basics","floor":19,"gold_loss":0},{"damage_healed":0,"gold_gain":270,"player_choice":"GOLD GOLD GOLD ","damage_taken":27,"max_hp_gain":0,"max_hp_loss":0,"event_name":"Knowing Skull","floor":20,"potions_obtained":[],"gold_loss":0,"cards_obtained":[]}],"is_beta":false,"boss_relics":[{"not_picked":["Replay:Grab Bag","Tiny House"],"picked":"SlaversCollar"}],"items_purged_floors":[14],"is_endless":false,"potions_floor_spawned":[4,7,16],"killed_by":"3 Byrds","ascension_level":0}}