{"host":"06gxn1c1bsk424jw","time":1612806232,"event":{"mods":["BaseMod","DeckTracker","Minty Spire (QoL Compilation)","SuperFastMode"],"gold_per_floor":[137,172,205,215,365,393,429,429,456,492,492,15,32,92,92,92,92],"floor_reached":16,"language":"KOR","playtime":765,"items_purged":["Doubt"],"score":207,"play_id":"231f0da8-b316-471d-a718-32626644e29b","local_time":"20210209024352","is_ascension_mode":true,"campfire_choices":[{"floor":8,"key":"REST"},{"floor":11,"key":"REST"},{"data":"Havoc","floor":15,"key":"SMITH"}],"circlet_count":0,"master_deck":["AscendersBane","Strike_R","Strike_R","Strike_R","Strike_R","Strike_R","Defend_R","Defend_R","Defend_R","Defend_R","Bash","HandOfGreed","Combust","Rampage","Cleave","Shrug It Off","Inflame","Havoc+1","Evolve","Impervious","Shockwave"],"relics":["Burning Blood","Question Card","Red Skull","Sundial"],"acts_visited":["Exordium"],"potions_floor_usage":[6,7],"damage_taken":[{"damage":7,"enemies":"Small Slimes","floor":1,"turns":3},{"damage":4,"enemies":"2 Louse","floor":2,"turns":3},{"damage":12,"enemies":"Jaw Worm","floor":3,"turns":2},{"damage":14,"enemies":"Blue Slaver","floor":4,"turns":4},{"damage":20,"enemies":"3 Sentries","floor":6,"turns":5},{"damage":20,"enemies":"Exordium Thugs","floor":7,"turns":4},{"damage":16,"enemies":"3 Louse","floor":10,"turns":3},{"damage":16,"enemies":"Looter","floor":13,"turns":3},{"damage":4,"enemies":"Large Slime","floor":14,"turns":5},{"damage":55,"enemies":"Slime Boss","floor":16,"turns":5}],"seed_played":"3317196167809378764","potions_obtained":[{"floor":3,"key":"Block Potion"},{"floor":6,"key":"SpeedPotion"}],"is_trial":false,"path_per_floor":["M","M","M","M","?","E","M","R","T","M","R","$","M","M","R","B"],"character_chosen":"IRONCLAD","items_purchased":["Sundial","Havoc","Evolve"],"campfire_rested":2,"item_purchase_floors":[12,12,12],"current_hp_per_floor":[67,68,62,54,54,40,26,46,46,36,56,56,46,48,48,0,0],"gold":92,"neow_bonus":"RANDOM_COLORLESS_2","is_daily":false,"chose_seed":false,"campfire_upgraded":1,"win_rate":0.0,"timestamp":1612806232,"path_taken":["M","M","M","M","?","E","M","R","T","M","R","$","M","M","R","BOSS"],"items_purchased_type":["Relic","Card","Card"],"build_version":"2020-12-22","purchased_purges":1,"victory":false,"max_hp_per_floor":[68,68,68,68,68,68,68,68,68,68,68,68,68,68,68,68,68],"card_choices":[{"not_picked":["Magnetism","Secret Technique"],"picked":"HandOfGreed","floor":0},{"not_picked":["Clothesline","Wild Strike"],"picked":"Combust","floor":1},{"not_picked":["Ghostly Armor","Metallicize"],"picked":"Rampage","floor":2},{"not_picked":["Anger","Dark Embrace"],"picked":"Cleave","floor":3},{"not_picked":["Clash","Body Slam","Entrench"],"picked":"SKIP","floor":4},{"not_picked":["Perfected Strike","Dark Embrace","Dropkick"],"picked":"SKIP","floor":6},{"not_picked":["Cleave","Pommel Strike","Warcry"],"picked":"Shrug It Off","floor":7},{"not_picked":["Feel No Pain","Thunderclap","Headbutt"],"picked":"Inflame","floor":10},{"not_picked":["Dual Wield","Clothesline","Uppercut"],"picked":"Impervious","floor":13},{"not_picked":["Entrench","Clash","True Grit"],"picked":"Shockwave","floor":14}],"player_experience":813564,"relics_obtained":[{"floor":6,"key":"Question Card"},{"floor":9,"key":"Red Skull"}],"event_choices":[{"damage_healed":0,"gold_gain":150,"player_choice":"AGREE","damage_taken":0,"max_hp_gain":0,"max_hp_loss":0,"event_name":"Liars Game","floor":5,"gold_loss":0,"cards_obtained":["Doubt"]}],"is_beta":false,"boss_relics":[],"items_purged_floors":[12],"is_endless":false,"potions_floor_spawned":[3,6],"killed_by":"Slime Boss","ascension_level":19}}