{"host":"ej105hmlhg4ikw5v","time":1612755426,"event":{"mods":["AchievementEnabler","BaseMod","Better Sensory Stone","Better Skull","Better Vampires","Block Reminder","CapriCore","Colored Map","Colored Powertips","DeckTracker","Dio Mod","GifTheSpireLib","Highlight Path","Lobotomy","LobotomyExtend","Marisa????????","Minty Spire (QoL Compilation)","Permanent Neow","Prisma Mod","Quick Restart","Relic Stats","Remilia??????","Replay The Spire","Shop Mod","Spicy Shops","StSLib","The Immortal","The Senshi","The Wild Card","Waifu the Spire"],"gold_per_floor":[119,138,150,48,48,48,48,48,48,48,48,48,73,93,93,189,289,304,344,31,84,84,84],"floor_reached":22,"language":"SPA","playtime":2039,"items_purged":["Hallucinations"],"score":212,"play_id":"af2078e3-df89-4456-9f82-ab0d1dcff1b4","local_time":"20210208003706","is_ascension_mode":true,"campfire_choices":[{"data":"AsteroidBelt","floor":6,"key":"SMITH"},{"data":"UnstableBomb","floor":8,"key":"SMITH"},{"data":"UpSweep","floor":10,"key":"SMITH"},{"data":"MasterSpark","floor":12,"key":"SMITH"},{"floor":15,"key":"REST"}],"circlet_count":0,"master_deck":["Strike_MRS","Strike_MRS","Strike_MRS","Strike_MRS","Defend_MRS","Defend_MRS","Defend_MRS","Defend_MRS","MasterSpark+1","UpSweep+1","BlazeAway+1","UnstableBomb+1","AsteroidBelt+1","ShyLook","MagicChant+1","RedShoes","DC","OrrerysSun","Laetitia","CasketOfStar","WitchOfGreed+1","DarkMatter","OortCloud"],"relics":["MiniHakkero","CogitoBucket","LetterFromLob","ReplayTheSpireMod:CursedCoin","TungstenRod","Onion Ring","LaetitiaHeart","Heaven_r","Replay:Mystery Machine","Replay:Wanted Poster","Ornamental Fan","Replay:Bandana"],"acts_visited":["Exordium","TheCity"],"potions_floor_usage":[2,3,11,18,21,21],"damage_taken":[{"damage":0,"enemies":"Small Slimes","floor":1,"turns":3},{"damage":7,"enemies":"Jaw Worm","floor":2,"turns":2},{"damage":0,"enemies":"Cultist","floor":3,"turns":2},{"damage":0,"enemies":"Exordium Wildlife","floor":11,"turns":2},{"damage":0,"enemies":"Exordium Wildlife","floor":11,"turns":3},{"damage":4,"enemies":"Exordium Wildlife","floor":11,"turns":2},{"damage":0,"enemies":"Exordium Wildlife","floor":11,"turns":1},{"damage":20,"enemies":"Lagavulin","floor":13,"turns":5},{"damage":3,"enemies":"Exordium Wildlife","floor":14,"turns":3},{"damage":49,"enemies":"Fading Forest","floor":16,"turns":11},{"damage":34,"enemies":"Shell Parasite","floor":18,"turns":4},{"damage":5,"enemies":"3 Byrds","floor":19,"turns":6},{"damage":33,"enemies":"Snake Plant","floor":21,"turns":3},{"damage":0,"enemies":"Centurion and Healer","floor":22,"turns":1}],"seed_played":"3432702923970378932","potions_obtained":[{"floor":1,"key":"Fire Potion"},{"floor":2,"key":"SteroidPotion"},{"floor":16,"key":"DistilledChaos"},{"floor":19,"key":"Explosive Potion"},{"floor":19,"key":"Cursed Concoction"},{"floor":21,"key":"LiquidMemories"}],"is_trial":false,"path_per_floor":["M","M","M","$","?","R","?","R","T","R","M","R","E","M","R","B",null,"M","M","$","M","M"],"character_chosen":"MARISA","items_purchased":["ReplayTheSpireMod:CursedCoin","MagicChant+1","TungstenRod","Block Potion","Ornamental Fan","Replay:Bandana"],"campfire_rested":1,"item_purchase_floors":[4,4,4,4,20,20],"current_hp_per_floor":[75,68,68,68,73,73,80,80,80,80,76,76,56,53,77,50,80,46,41,41,8,8,8],"gold":84,"neow_bonus":"","is_daily":false,"chose_seed":false,"campfire_upgraded":4,"win_rate":0.0,"timestamp":1612755426,"path_taken":["M","M","M","$","?","R","?","R","T","R","M","R","E","M","R","BOSS","M","M","$","M","M"],"items_purchased_type":["Relic","Card","Relic","Potion","Relic","Relic"],"build_version":"2020-12-22","purchased_purges":1,"victory":false,"max_hp_per_floor":[75,75,75,75,80,80,80,80,80,80,80,80,80,80,80,80,80,80,80,80,80,80,80],"relic_stats":{"counters":[15,49],"Ornamental Fan":[0],"obtain_stats":[{"Heaven_r":11,"Replay:Wanted Poster":17,"CogitoBucket":0,"Replay:Bandana":20,"LaetitiaHeart":11,"ReplayTheSpireMod:CursedCoin":4,"Ornamental Fan":20,"Onion Ring":9,"LetterFromLob":1,"MiniHakkero":0,"Replay:Mystery Machine":13,"TungstenRod":4},{"Heaven_r":5,"Replay:Wanted Poster":10,"CogitoBucket":0,"Replay:Bandana":13,"LaetitiaHeart":3,"ReplayTheSpireMod:CursedCoin":3,"Ornamental Fan":13,"Onion Ring":3,"LetterFromLob":1,"MiniHakkero":0,"Replay:Mystery Machine":8,"TungstenRod":3},{"Heaven_r":12,"Replay:Wanted Poster":34,"CogitoBucket":0,"Replay:Bandana":45,"LaetitiaHeart":7,"ReplayTheSpireMod:CursedCoin":7,"Ornamental Fan":45,"Onion Ring":7,"LetterFromLob":3,"MiniHakkero":0,"Replay:Mystery Machine":20,"TungstenRod":7}],"TungstenRod":64},"card_choices":[{"not_picked":["IllusionStar","ChargingUp"],"picked":"BlazeAway","floor":1},{"not_picked":["Wellcheers","BlackSwan"],"picked":"OSAHOGD","floor":1},{"not_picked":["GrandCross","MysteriousBeam"],"picked":"UnstableBomb","floor":2},{"not_picked":["LuminesStrike","ShootTheMoon"],"picked":"AsteroidBelt","floor":3},{"not_picked":["LongBird","Funeral"],"picked":"ShyLook","floor":3},{"not_picked":["Mercenary","BeautyBeast"],"picked":"RedShoes","floor":13},{"not_picked":["ChargeUpSpray","Occultation"],"picked":"DC","floor":13},{"not_picked":["ShootingEcho","DC"],"picked":"OrrerysSun","floor":14},{"not_picked":["CherryBlossoms","Scarecrow"],"picked":"Laetitia","floor":14},{"not_picked":["UltimateShortwave","BinaryStars"],"picked":"CasketOfStar","floor":16},{"not_picked":["AsteroidBelt","ManaConvection+1"],"picked":"WitchOfGreed+1","floor":18},{"not_picked":["ChargingUp","Acceleration+1"],"picked":"DarkMatter","floor":19},{"not_picked":["StarlightTyphoon","GravityBeat+1"],"picked":"OortCloud","floor":21}],"player_experience":333831,"relics_obtained":[{"floor":1,"key":"LetterFromLob"},{"floor":9,"key":"Onion Ring"},{"floor":13,"key":"Replay:Mystery Machine"}],"event_choices":[{"damage_healed":0,"gold_gain":0,"player_choice":"Donut","damage_taken":0,"max_hp_gain":5,"max_hp_loss":0,"event_name":"Big Fish","floor":5,"gold_loss":0}],"is_beta":false,"boss_relics":[{"not_picked":["RampagingMagicTools","Cursed Key"],"picked":"Replay:Wanted Poster"}],"items_purged_floors":[4],"is_endless":false,"potions_floor_spawned":[1,2,11,16,19],"killed_by":"Centurion and Healer","ascension_level":3}}