{"host":"d73an99q9oevilk5","time":1612777796,"event":{"mods":["2.2 Compatiblity","AchievementEnabler","Act Like it!","Aspiration","BaseMod","Beaked The Cultist","Better Third Choice","BetterRewards","Colored Map","Colored Powertips","Conspire","Downfall","GifTheSpireLib","GungeonMod","Halation","Hubris","Infinite Spire","Marisa????????","Mimic Mod","Minty Spire (QoL Compilation)","Quick Restart","Relic Sorter","Reliquary","Replay The Spire","Shop Mod","Spikes Relics","StSLib","Stuff the Spire","The Cursed","The Necromancer","The Saiyan","Waifu the Spire","[IsaacMod]????","egg","slay the spire mod where everything is the same but ironclad has a cowboy hat"],"gold_per_floor":[116,116,116,132,144,169,169,169,24,56,56,66,99,113,113,66,66,163,163,175,191,124,144,144,172,172,191,229,229,83,93,93,103,103,206,206,219,219,234,234,251,251,271,271,303,303,303,317,317,329,329,329],"floor_reached":53,"language":"ENG","playtime":2145,"items_purged":[],"score":999,"play_id":"19023284-af1b-491b-9015-ee40b7c0464b","local_time":"20210208024956","is_ascension_mode":false,"campfire_choices":[{"floor":17.0,"key":"REST"},{"floor":26,"key":"REST"},{"data":"Demon Form","floor":32,"key":"SMITH"},{"data":"Demon Form","floor":34,"key":"SMITH"},{"data":"Demon Form","floor":42,"key":"SMITH"},{"floor":46,"key":"DIG"},{"data":"Demon Form","floor":51,"key":"SMITH"}],"circlet_count":0,"master_deck":["Strike_R+1","Strike_R+1","Strike_R+1","Strike_R+1","Strike_R+1","Defend_R+1","Defend_R+1","Defend_R+1","Defend_R+1","Bash","BlessedFruit","BlessedFruit","Flex","Thunderclap","Intimidate","Demon Form+1","BarbarianYell","Demon Form+1","Dual Wield","Clothesline","Demon Form","Twin Strike+1","Pummel","Demon Form+1","Flame Barrier","ReplayTheSpireMod:Stacked","Metallicize+1","Demon Form+1","Iron Wave","Heavy Blade+1","Reaper","Dark Shackles","Sword Boomerang+1"],"relics":["Burning Blood","D6","hubris:DeckOfHolding","HushsDoor","conspire:TreasureMap","Pen Nib","Void","HeavenlyBonsai","halation:PrussianBluePaint","Kunai","StuffTheSpire:Experiment12","reliquary:RedCape","Dream Catcher","Champion Belt","Lee\u0027s Waffle","Empty Cage","halation:Sosunser","MagicMushroom","Shovel","RollingBoulder"],"acts_visited":["Exordium","TheCity","TheBeyond"],"potions_floor_usage":[25,41,43,52],"damage_taken":[{"damage":1.0,"enemies":"Jaw Worm","floor":1.0,"turns":4.0},{"damage":6.0,"enemies":"2 Louse","floor":4.0,"turns":3.0},{"damage":11.0,"enemies":"Cultist","floor":5.0,"turns":4.0},{"damage":34.0,"enemies":"3 Sentries","floor":6.0,"turns":9.0},{"damage":17.0,"enemies":"Replay:BlueRogue","floor":10.0,"turns":6.0},{"damage":17.0,"enemies":"Looter","floor":12.0,"turns":4.0},{"damage":25.0,"enemies":"Lagavulin","floor":13.0,"turns":7.0},{"damage":7.0,"enemies":"3 Louse","floor":14.0,"turns":3.0},{"damage":27.0,"enemies":"The Guardian","floor":18.0,"turns":11.0},{"damage":35.0,"enemies":"2 Thieves","floor":20.0,"turns":5.0},{"damage":9.0,"enemies":"conspire:FuzzyDice","floor":21.0,"turns":5.0},{"damage":10,"enemies":"conspire:HollyBat","floor":23,"turns":8},{"damage":40,"enemies":"conspire:SneckoGhost","floor":25,"turns":6},{"damage":33,"enemies":"3 Cultists","floor":27,"turns":6},{"damage":28,"enemies":"Snecko","floor":28,"turns":10},{"damage":1,"enemies":"Snecko","floor":31,"turns":5},{"damage":20,"enemies":"Centurion and Healer","floor":33,"turns":5},{"damage":8,"enemies":"conspire:MysteriousRune","floor":35,"turns":6},{"damage":27,"enemies":"Orb Walker","floor":37,"turns":5},{"damage":19,"enemies":"3 Darklings","floor":39,"turns":9},{"damage":17,"enemies":"4 Shapes","floor":41,"turns":5},{"damage":21,"enemies":"Sphere and 2 Shapes","floor":43,"turns":8},{"damage":0,"enemies":"3 Darklings","floor":45,"turns":6},{"damage":8,"enemies":"3 Darklings","floor":48,"turns":4},{"damage":5,"enemies":"Maw","floor":50,"turns":5},{"damage":58,"enemies":"hubris:GrandSnecko","floor":52,"turns":7}],"seed_played":"6731221998431216971","potions_obtained":[{"floor":4.0,"key":"Guardian:BlockOnCardUsePotion"},{"floor":10.0,"key":"Adrenaline Potion"},{"floor":12.0,"key":"PowerPotion"},{"floor":18.0,"key":"LiquidMemories"},{"floor":23,"key":"DuplicationPotion"},{"floor":27,"key":"ElixirPotion"},{"floor":33,"key":"Regen Potion"},{"floor":35,"key":"LiquidBronze"}],"is_trial":false,"path_per_floor":["M","?","$","M","M","E","PTL","PTL","$","E","T","M","E","M","?","?","R","B",null,"M","M","$","M","?","E","R","M","MIM","?","$","M","R","M","R","B",null,"M","?","M","AVR","M","R","M","?","MIM","R","?","M","?","M","R","B",null],"character_chosen":"IRONCLAD","items_purchased":["conspire:TreasureMap","Pen Nib","HeavenlyBonsai","Flex","Thunderclap","Demon Form","BarbarianYell","Pummel","Lee\u0027s Waffle"],"campfire_rested":2,"item_purchase_floors":[0,0,0,0,0,9,9,22,30],"current_hp_per_floor":[81,81,81,83,80,54,54,54,54,45,45,34,17,16,16,16,43,24,93,66,65,65,63,63,31,61,36,16,16,112,114,114,101,101,100,116,97,97,86,93,101,101,89,89,98,98,98,97,97,100,100,83],"gold":329,"neow_bonus":"","is_daily":false,"chose_seed":false,"campfire_upgraded":4,"win_rate":0.0,"timestamp":1612777796,"path_taken":["M","?","$","M","M","E","PTL","PTL","$","E","T","?","E","M","?","?","R","BOSS","M","?","$","M","?","E","R","M","MIM","?","$","M","R","M","R","BOSS","M","?","M","AVR","M","R","M","?","MIM","R","?","?","?","M","R","BOSS"],"items_purchased_type":["Relic","Relic","Relic","Card","Card","Card","Card","Card","Relic"],"build_version":"2020-12-22","purchased_purges":0,"victory":true,"max_hp_per_floor":[81,81,81,83,85,87,87,87,87,89,89,89,91,91,91,91,91,93,93,95,97,97,99,99,101,101,103,105,105,112,114,114,115,115,116,116,118,118,120,127,128,128,130,130,132,132,132,132,132,133,133,133],"card_choices":[{"not_picked":["Thunderclap","Wild Strike"],"picked":"Intimidate","floor":1.0},{"not_picked":["Sever Soul","StuffTheSpire:Incineration","Hemokinesis"],"picked":"SKIP","floor":4.0},{"not_picked":["Anger","StuffTheSpire:RockThrow","Sword Boomerang"],"picked":"SKIP","floor":5.0},{"not_picked":["Ghostly Armor","StuffTheSpire:Slingshot","Body Slam"],"picked":"SKIP","floor":6.0},{"not_picked":["Wild Strike","Thunderclap"],"picked":"Demon Form","floor":10.0},{"not_picked":["Pommel Strike","Flex","StuffTheSpire:RockThrow"],"picked":"SKIP","floor":12.0},{"not_picked":["hubris:CleavingFinish","Combust"],"picked":"Dual Wield","floor":13.0},{"not_picked":["Clash","Massacre"],"picked":"Clothesline","floor":14.0},{"not_picked":["Feed","Hemogenesis"],"picked":"Demon Form","floor":18.0},{"not_picked":["Flex+1","StuffTheSpire:TitanForm"],"picked":"Twin Strike+1","floor":20.0},{"not_picked":["StuffTheSpire:Slingshot","Evolve","Power Through"],"picked":"SKIP","floor":21.0},{"not_picked":["Iron Wave","Absolvement+1"],"picked":"Demon Form","floor":23},{"not_picked":["conspire:Purge","ReplayTheSpireMod:LeadingStrike"],"picked":"ReplayTheSpireMod:Corrosion Curse","floor":25},{"not_picked":["BarbarianYell","Wild Strike+1"],"picked":"True Grit","floor":26},{"not_picked":["Rupture","StuffTheSpire:RockThrow+1"],"picked":"Flame Barrier","floor":27},{"not_picked":["Clash","Offering"],"picked":"ReplayTheSpireMod:Stacked","floor":28},{"not_picked":["Sever Soul","Abandon+1","Run Through"],"picked":"SKIP","floor":31},{"not_picked":["Evolve","Shrug It Off"],"picked":"Metallicize+1","floor":33},{"not_picked":["Impervious","Feed"],"picked":"Demon Form","floor":35},{"not_picked":["Run Through","Headbutt"],"picked":"Iron Wave","floor":37},{"not_picked":["Seeing Red","Cleave+1"],"picked":"Heavy Blade+1","floor":39},{"not_picked":["Body Slam","Searing Blow","ReplayTheSpireMod:Strike From Hell+1"],"picked":"SKIP","floor":41},{"not_picked":["StuffTheSpire:Resist","Wild Strike"],"picked":"Reaper","floor":43},{"not_picked":["Blind","The Bomb"],"picked":"Dark Shackles","floor":44},{"not_picked":["StuffTheSpire:RockThrow+1","Anger+1"],"picked":"Sword Boomerang+1","floor":45},{"not_picked":["Pommel Strike","Run Through+1","Rupture+1"],"picked":"SKIP","floor":48},{"not_picked":["Cleave+1","StuffTheSpire:Incineration","Dark Embrace"],"picked":"SKIP","floor":50}],"player_experience":1862842,"relics_obtained":[{"floor":6.0,"key":"halation:PrussianBluePaint"},{"floor":10.0,"key":"Kunai"},{"floor":11.0,"key":"hubris:DeckOfHolding"},{"floor":13.0,"key":"StuffTheSpire:Experiment12"},{"floor":25,"key":"Dream Catcher"},{"floor":28,"key":"Champion Belt"},{"floor":45,"key":"Shovel"},{"floor":46,"key":"RollingBoulder"}],"event_choices":[{"damage_healed":0.0,"max_hp_gain":0.0,"max_hp_loss":0.0,"gold_gain":0.0,"event_name":"Golden Wing","player_choice":"Ignored","floor":2.0,"gold_loss":0.0,"damage_taken":0.0},{"damage_healed":0.0,"max_hp_gain":0.0,"max_hp_loss":0.0,"gold_gain":0.0,"event_name":"betterThird:BetterGoop","player_choice":"Left","floor":16.0,"gold_loss":47.0,"damage_taken":0.0},{"damage_healed":0,"gold_gain":0,"player_choice":"Simplicity","damage_taken":0,"max_hp_gain":0,"max_hp_loss":9,"event_name":"betterThird:BetterWriting","floor":29,"gold_loss":0},{"damage_healed":0,"gold_gain":0,"player_choice":"Memory 1","damage_taken":0,"max_hp_gain":0,"max_hp_loss":0,"event_name":"SensoryStone","floor":44,"gold_loss":0}],"is_beta":false,"boss_relics":[{"not_picked":["Honey Jar","ChampionBelt"],"picked":"reliquary:RedCape"},{"not_picked":[]},{"not_picked":["Astrolabe","StuffTheSpire:ModemDavis"],"picked":"Empty Cage"},{"not_picked":[]}],"items_purged_floors":[],"is_endless":false,"potions_floor_spawned":[4,10,12,18,23,27,33,35,43],"ascension_level":0}}