{"host":"q0qnzbgdx8oqogg9","time":1612828564,"event":{"mods":["BaseMod","Minty Spire (QoL Compilation)","StSLib"],"gold_per_floor":[110,127,141,141,141,141,20,33,57,85,85,85,109,108,108,108,108],"floor_reached":16,"language":"ENG","playtime":439,"items_purged":[],"score":150,"play_id":"210a26bf-37bb-4181-8e6a-bf4846d52476","local_time":"20210208185604","is_ascension_mode":true,"campfire_choices":[{"data":"Defragment","floor":6,"key":"SMITH"},{"floor":11,"key":"REST"},{"floor":15,"key":"REST"}],"circlet_count":0,"master_deck":["AscendersBane","Strike_B","Strike_B","Strike_B","Strike_B","Defend_B","Defend_B+1","Defend_B","Defend_B","Zap","Dualcast","Conserve Battery","Beam Cell+1","Defragment+1","Seek","Leap","Reinforced Body","Glacier","Self Repair"],"relics":["Cracked Core","NeowsBlessing","Golden Idol","CeramicFish","Happy Flower"],"acts_visited":["Exordium"],"potions_floor_usage":[16],"damage_taken":[{"damage":0,"enemies":"Jaw Worm","floor":1,"turns":1},{"damage":0,"enemies":"2 Louse","floor":2,"turns":1},{"damage":0,"enemies":"Small Slimes","floor":3,"turns":1},{"damage":15,"enemies":"Exordium Thugs","floor":8,"turns":5},{"damage":1,"enemies":"Blue Slaver","floor":10,"turns":3},{"damage":9,"enemies":"Exordium Wildlife","floor":13,"turns":5},{"damage":3,"enemies":"Exordium Thugs","floor":14,"turns":4},{"damage":46,"enemies":"Hexaghost","floor":16,"turns":19}],"seed_played":"-5752287579100750523","potions_obtained":[{"floor":2,"key":"GamblersBrew"},{"floor":8,"key":"Weak Potion"}],"is_trial":false,"path_per_floor":["M","M","M","?","?","R","$","M","T","M","R","?","M","M","R","B"],"character_chosen":"DEFECT","items_purchased":["Seek","Leap"],"campfire_rested":2,"item_purchase_floors":[7,7],"current_hp_per_floor":[68,68,68,53,35,35,35,20,20,19,41,29,20,17,39,0,0],"gold":108,"neow_bonus":"THREE_ENEMY_KILL","is_daily":false,"chose_seed":false,"campfire_upgraded":1,"win_rate":0.0,"timestamp":1612828564,"path_taken":["M","M","M","?","?","R","?","M","T","?","R","?","M","M","R","BOSS"],"items_purchased_type":["Card","Card"],"build_version":"2020-12-22","purchased_purges":0,"victory":false,"max_hp_per_floor":[75,75,75,75,75,75,75,75,75,75,75,75,75,75,75,75,75],"card_choices":[{"not_picked":["Turbo","Steam"],"picked":"Conserve Battery","floor":1},{"not_picked":["Blizzard","Fusion"],"picked":"Beam Cell","floor":2},{"not_picked":["Aggregate","Chill"],"picked":"Defragment","floor":3},{"not_picked":["Aggregate","Heatsinks","Fission"],"picked":"SKIP","floor":8},{"not_picked":["Conserve Battery","Streamline"],"picked":"Reinforced Body","floor":10},{"not_picked":["Hologram","Gash"],"picked":"Glacier","floor":13},{"not_picked":["Hologram","Tempest"],"picked":"Self Repair","floor":14}],"player_experience":347582,"relics_obtained":[{"floor":9,"key":"CeramicFish"}],"event_choices":[{"damage_healed":0,"gold_gain":0,"player_choice":"Entered Light","damage_taken":15,"max_hp_gain":0,"max_hp_loss":0,"event_name":"Shining Light","floor":4,"gold_loss":0,"cards_upgraded":["Beam Cell","Defend_B"]},{"damage_healed":0,"gold_gain":0,"player_choice":"Take Damage","damage_taken":18,"relics_obtained":["Golden Idol"],"max_hp_gain":0,"max_hp_loss":0,"event_name":"Golden Idol","floor":5,"gold_loss":0},{"damage_healed":0,"gold_gain":0,"player_choice":"Success","damage_taken":12,"relics_obtained":["Happy Flower"],"max_hp_gain":0,"max_hp_loss":0,"event_name":"Scrap Ooze","floor":12,"gold_loss":0}],"is_beta":false,"boss_relics":[],"items_purged_floors":[],"is_endless":false,"potions_floor_spawned":[2,8],"killed_by":"Hexaghost","ascension_level":12}}