{"host":"j8nxcx4fasn5531j","time":1612795881,"event":{"mods":["Act Like it!","Arknights","BaseMod","Conspire","Energized Spire","Minty Spire (QoL Compilation)","Pale of the Ancients","Replay The Spire","StSLib","Waifu the Spire","¡¾ÒÅÎï¿¨ÅÆ¡¿REMEMod"],"gold_per_floor":[114,133,83,83,100,129,129,194,245,272,272,149,160,170,170,170,170],"floor_reached":16,"language":"ZHS","playtime":584,"items_purged":["ats:Strike G"],"score":160,"play_id":"210bab3f-09e8-4d54-88a9-ad624dbcd246","local_time":"20210208225121","is_ascension_mode":false,"campfire_choices":[{"data":"Double Tap","floor":7,"key":"SMITH"},{"data":"ats:Volcano","floor":11,"key":"SMITH"},{"data":"ats:Healing Strengthening","floor":15,"key":"SMITH"}],"circlet_count":0,"master_deck":["ats:Strike C","ats:Strike S","ats:Armor Crushing Shot","ats:Defend","ats:Defend","ats:Defend","ats:Emotion Absorption","Double Tap+1","ats:Ignite","ats:Ignite","ats:Volcano+1","ats:Ignite","ats:Shell Defense","ats:Ignite","ats:Flame Of Heaven","ats:Healing Strengthening+1"],"relics":["REME_ComplimentaryCards","Philosopher\u0027s Stone","ats:Originium","Gambling Chip","ReplayTheSpireMod:Lightbulb","Boot","Incense Burner"],"acts_visited":["Exordium"],"potions_floor_usage":[16,16],"damage_taken":[{"damage":2,"enemies":"Jaw Worm","floor":1,"turns":3},{"damage":4,"enemies":"2 Louse","floor":2,"turns":3},{"damage":0,"enemies":"Cultist","floor":5,"turns":2},{"damage":20,"enemies":"3 Sentries","floor":6,"turns":8},{"damage":25,"enemies":"3 Sentries","floor":8,"turns":5},{"damage":0,"enemies":"Gremlin Nob","floor":10,"turns":2},{"damage":9,"enemies":"Exordium Wildlife","floor":13,"turns":2},{"damage":1,"enemies":"Looter","floor":14,"turns":2},{"damage":30,"enemies":"Hexaghost","floor":16,"turns":7}],"seed_played":"-2533479969258387884","potions_obtained":[{"floor":2,"key":"SmokeBomb"},{"floor":8,"key":"AttackPotion"},{"floor":13,"key":"Block Potion"}],"is_trial":false,"path_per_floor":["M","M","?","?","M","E","R","?","T","E","R","$","M","M","R","B"],"character_chosen":"DOCTOR_CLASS","items_purchased":["ats:Ignite"],"campfire_rested":0,"item_purchase_floors":[12],"current_hp_per_floor":[70,66,66,66,66,46,46,21,21,21,21,21,12,11,11,0,0],"gold":170,"neow_bonus":"BOSS_RELIC","is_daily":false,"chose_seed":false,"campfire_upgraded":3,"win_rate":0.0,"timestamp":1612795881,"path_taken":["M","M","?","?","M","E","R","?","T","E","R","?","M","M","R","BOSS"],"items_purchased_type":["Card"],"build_version":"2020-12-22","purchased_purges":1,"victory":false,"max_hp_per_floor":[72,72,72,72,72,72,72,72,72,72,72,72,72,72,72,72,72],"card_choices":[{"not_picked":["ats:Shell Defense","ats:Revitalization"],"picked":"ats:Ignite","floor":1},{"not_picked":["ats:Poison Spread","ats:Literary Storm","ats:Guard Mode"],"picked":"SKIP","floor":2},{"not_picked":["ats:Literary Storm","ats:Leaping Hammer"],"picked":"ats:Ignite","floor":5},{"not_picked":["ats:Magnetic Hammer","ats:Curse Doll"],"picked":"ats:Volcano","floor":6},{"not_picked":["ats:Support Order","ats:Leaping Hammer"],"picked":"ats:Ignite","floor":8},{"not_picked":["ats:Revitalization","ats:Spore Proliferation"],"picked":"ats:Shell Defense","floor":10},{"not_picked":["ats:Volcano","ats:Curse Doll"],"picked":"ats:Flame Of Heaven","floor":13},{"not_picked":["ats:Curse Doll","ats:Spore Proliferation"],"picked":"ats:Healing Strengthening","floor":14}],"player_experience":426680,"relics_obtained":[{"floor":6,"key":"ats:Originium"},{"floor":6,"key":"Gambling Chip"},{"floor":8,"key":"ReplayTheSpireMod:Lightbulb"},{"floor":9,"key":"Boot"},{"floor":10,"key":"ats:Originium"},{"floor":10,"key":"Incense Burner"}],"event_choices":[{"cards_removed":["ats:Strike V"],"damage_healed":0,"gold_gain":0,"player_choice":"Card Removal","damage_taken":0,"max_hp_gain":0,"max_hp_loss":0,"event_name":"The Cleric","floor":3,"gold_loss":50},{"damage_healed":0,"gold_gain":30,"player_choice":"Searched \u00273\u0027 times","damage_taken":0,"max_hp_gain":0,"max_hp_loss":0,"event_name":"Dead Adventurer","floor":8,"gold_loss":0}],"is_beta":false,"boss_relics":[],"items_purged_floors":[12],"is_endless":false,"potions_floor_spawned":[2,8,13],"killed_by":"Hexaghost","ascension_level":0}}