{"host":"April","time":1612770597,"event":{"mods":["BaseMod","Minty Spire (QoL Compilation)"],"gold_per_floor":[111,172,190,265,275,306,319,319,319,346,346,378,378,398,398,495,495,506,506,518,538,322,355,75,86,110,143,154,169,169,186,186,286,286,297,315,8,22,22,22,59,59,59,101,125,58,93,116,116,116],"floor_reached":51,"language":"ENG","playtime":6572,"items_purged":[],"score":811,"play_id":"8a18c2f0-026a-4d91-a6e9-93d81b6bce5f","local_time":"20210207234957","is_ascension_mode":true,"campfire_choices":[{"floor":8.0,"key":"REST"},{"data":"Sunder","floor":11.0,"key":"SMITH"},{"data":"Reboot","floor":13.0,"key":"SMITH"},{"floor":15.0,"key":"REST"},{"floor":32,"key":"REST"},{"data":"Defragment","floor":40,"key":"SMITH"},{"data":"Echo Form","floor":42,"key":"SMITH"},{"data":"Seek","floor":49,"key":"SMITH"}],"circlet_count":0,"master_deck":["Strike_B","Strike_B","Strike_B","Strike_B","Defend_B","Defend_B","Defend_B","Defend_B","Zap","Dualcast","Sunder+1","Darkness","Genetic Algorithm","Ball Lightning","Static Discharge","Reboot+1","BootSequence","Sweeping Beam","Echo Form+1","Self Repair+1","Loop","Undo","Reinforced Body","Seek+1","Melter","Consume","Redo","Conserve Battery","Go for the Eyes","Auto Shields","Hologram+1","Cold Snap+1","Core Surge","Meteor Strike","Defragment+1","Chaos+1","Coolheaded+1","Panache","Metamorphosis","Panache","Chill+1","Tempest+1","Recycle+1","Defragment","Glacier","Coolheaded+1"],"relics":["Cracked Core","Blood Vial","Vajra","Art of War","White Beast Statue","Peace Pipe","Velvet Choker","Kunai","Omamori","MealTicket","Oddly Smooth Stone","WarpedTongs","Black Star","Strange Spoon","Toy Ornithopter","CeramicFish","Blue Candle","Regal Pillow","Mercury Hourglass","StrikeDummy","Mummified Hand","Boot"],"acts_visited":["Exordium","TheCity","TheBeyond"],"potions_floor_usage":[23,27,27,27,29,33,33,36,38,41,41,41,41,41,44,44,45,49,50,50,50,50,50,50,50,50],"damage_taken":[{"damage":0.0,"enemies":"2 Louse","floor":1.0,"turns":2.0},{"damage":1.0,"enemies":"Jaw Worm","floor":3.0,"turns":3.0},{"damage":1.0,"enemies":"Cultist","floor":5.0,"turns":3.0},{"damage":14.0,"enemies":"Lagavulin","floor":6.0,"turns":6.0},{"damage":23.0,"enemies":"Exordium Wildlife","floor":7.0,"turns":5.0},{"damage":26.0,"enemies":"3 Sentries","floor":10.0,"turns":5.0},{"damage":2.0,"enemies":"Lagavulin","floor":12.0,"turns":5.0},{"damage":0.0,"enemies":"Lots of Slimes","floor":14.0,"turns":3.0},{"damage":20.0,"enemies":"The Guardian","floor":16.0,"turns":10.0},{"damage":16.0,"enemies":"3 Byrds","floor":18.0,"turns":4.0},{"damage":0.0,"enemies":"Spheric Guardian","floor":20.0,"turns":3.0},{"damage":11.0,"enemies":"Snake Plant","floor":21.0,"turns":3.0},{"damage":19,"enemies":"Gremlin Leader","floor":23,"turns":6},{"damage":4,"enemies":"Centurion and Healer","floor":25,"turns":6},{"damage":45,"enemies":"Slavers","floor":27,"turns":6},{"damage":0,"enemies":"Snecko","floor":28,"turns":5},{"damage":2,"enemies":"Cultist and Chosen","floor":29,"turns":7},{"damage":0,"enemies":"Shelled Parasite and Fungi","floor":31,"turns":7},{"damage":18,"enemies":"Champ","floor":33,"turns":10},{"damage":21,"enemies":"3 Darklings","floor":35,"turns":7},{"damage":0,"enemies":"Orb Walker","floor":36,"turns":3},{"damage":0,"enemies":"Jaw Worm Horde","floor":38,"turns":5},{"damage":36,"enemies":"Nemesis","floor":41,"turns":9},{"damage":31,"enemies":"Reptomancer","floor":44,"turns":8},{"damage":9,"enemies":"3 Darklings","floor":45,"turns":4},{"damage":16,"enemies":"Giant Head","floor":47,"turns":7},{"damage":0,"enemies":"4 Shapes","floor":48,"turns":4},{"damage":40,"enemies":"Donu and Deca","floor":50,"turns":10}],"seed_played":"-6183612130260632700","potions_obtained":[{"floor":3.0,"key":"Fruit Juice"},{"floor":5.0,"key":"Block Potion"},{"floor":10.0,"key":"SkillPotion"},{"floor":12.0,"key":"FearPotion"},{"floor":14.0,"key":"Strength Potion"},{"floor":16.0,"key":"Energy Potion"},{"floor":18.0,"key":"PotionOfCapacity"},{"floor":19.0,"key":"Dexterity Potion"},{"floor":21.0,"key":"Fire Potion"},{"floor":23,"key":"SpeedPotion"},{"floor":25,"key":"LiquidBronze"},{"floor":27,"key":"Swift Potion"},{"floor":28,"key":"LiquidBronze"},{"floor":29,"key":"EssenceOfSteel"},{"floor":31,"key":"Dexterity Potion"},{"floor":33,"key":"ColorlessPotion"},{"floor":35,"key":"DuplicationPotion"},{"floor":36,"key":"EssenceOfSteel"},{"floor":38,"key":"EntropicBrew"},{"floor":41,"key":"Swift Potion"},{"floor":44,"key":"SneckoOil"},{"floor":45,"key":"EntropicBrew"},{"floor":47,"key":"Dexterity Potion"},{"floor":48,"key":"Fruit Juice"}],"is_trial":false,"path_per_floor":["M","?","M","?","M","E","M","R","T","E","R","E","R","M","R","B",null,"M","?","M","M","$","E","$","M","T","E","M","M","?","M","R","B",null,"M","M","$","M","?","R","E","R","T","E","M","$","E","M","R","B",null],"character_chosen":"DEFECT","items_purchased":["Reinforced Body","Seek","Melter","Redo","Conserve Battery","Omamori","Go for the Eyes","Strange Spoon","Toy Ornithopter","Defragment"],"campfire_rested":3,"item_purchase_floors":[22,22,22,24,24,24,24,37,37,46],"current_hp_per_floor":[75,75,74,63,69,57,36,60,60,36,36,36,36,38,62,44,80,64,64,66,57,57,50,50,58,58,35,37,47,47,49,73,77,80,59,61,76,80,70,70,54,54,54,45,43,58,54,56,66,68],"gold":116,"neow_bonus":"RANDOM_COMMON_RELIC","is_daily":false,"chose_seed":false,"campfire_upgraded":5,"win_rate":0.0,"timestamp":1612770597,"path_taken":["M","?","M","?","?","E","?","R","T","E","R","E","R","M","R","BOSS","M","?","?","M","?","E","$","M","T","E","?","M","?","M","R","BOSS","M","?","$","M","?","R","E","R","T","E","M","$","E","M","R","BOSS"],"items_purchased_type":["Card","Card","Card","Card","Card","Relic","Card","Relic","Relic","Card"],"build_version":"2020-12-18","purchased_purges":0,"victory":true,"max_hp_per_floor":[75,75,75,75,80,80,80,80,80,80,80,80,80,80,80,80,80,80,80,80,80,80,80,80,80,80,80,80,80,80,80,80,80,80,80,80,80,80,80,80,80,80,80,80,80,80,80,80,85,85],"card_choices":[{"not_picked":["Ball Lightning","Hologram"],"picked":"Sunder","floor":1.0},{"not_picked":["Redo","Turbo"],"picked":"Darkness","floor":3.0},{"not_picked":["Barrage","Steam Power"],"picked":"Genetic Algorithm","floor":5.0},{"not_picked":["Gash","Force Field"],"picked":"Ball Lightning","floor":6.0},{"not_picked":["Undo","Genetic Algorithm"],"picked":"Static Discharge","floor":7.0},{"not_picked":["Streamline","Leap"],"picked":"Reboot","floor":10.0},{"not_picked":["Redo","Go for the Eyes"],"picked":"BootSequence","floor":12.0},{"not_picked":["Hologram","Stack"],"picked":"Sweeping Beam","floor":14.0},{"not_picked":["Seek","Fission"],"picked":"Echo Form","floor":16.0},{"not_picked":["Go for the Eyes","Conserve Battery"],"picked":"Self Repair+1","floor":18.0},{"not_picked":["Compile Driver","Streamline+1"],"picked":"Loop","floor":20.0},{"not_picked":["Leap","Beam Cell"],"picked":"Undo","floor":21.0},{"not_picked":["Gash+1","Streamline"],"picked":"Consume","floor":23},{"not_picked":["Rip and Tear+1","Redo"],"picked":"Auto Shields","floor":25},{"not_picked":["Beam Cell+1","Blizzard"],"picked":"Hologram+1","floor":27},{"not_picked":["Streamline","Go for the Eyes","Stack+1"],"picked":"SKIP","floor":28},{"not_picked":["Recycle+1","Stack+1"],"picked":"Cold Snap+1","floor":29},{"not_picked":["Hello World","Chill"],"picked":"Core Surge","floor":31},{"not_picked":["All For One","Amplify"],"picked":"Meteor Strike","floor":33},{"not_picked":["Gash+1","Cold Snap"],"picked":"Defragment","floor":35},{"not_picked":["Barrage","Gash"],"picked":"Chaos+1","floor":36},{"not_picked":["Tempest+1","Doom and Gloom+1"],"picked":"Coolheaded+1","floor":38},{"not_picked":["Magnetism","Madness"],"picked":"Panache","floor":39},{"not_picked":["Bandage Up","Mind Blast"],"picked":"Metamorphosis","floor":39},{"not_picked":["Forethought","Deep Breath"],"picked":"Panache","floor":39},{"not_picked":["Gash+1","Darkness"],"picked":"Chill+1","floor":41},{"not_picked":["Redo+1","Coolheaded"],"picked":"Tempest+1","floor":44},{"not_picked":["Sunder","Go for the Eyes"],"picked":"Recycle+1","floor":45},{"not_picked":["Leap+1","Storm"],"picked":"Glacier","floor":47},{"not_picked":["Cold Snap","Beam Cell+1"],"picked":"Coolheaded+1","floor":48}],"player_experience":2640385,"relics_obtained":[{"floor":6.0,"key":"Vajra"},{"floor":9.0,"key":"Art of War"},{"floor":10.0,"key":"White Beast Statue"},{"floor":12.0,"key":"Peace Pipe"},{"floor":23,"key":"Kunai"},{"floor":26,"key":"MealTicket"},{"floor":27,"key":"Oddly Smooth Stone"},{"floor":41,"key":"CeramicFish"},{"floor":41,"key":"Blue Candle"},{"floor":43,"key":"Regal Pillow"},{"floor":44,"key":"Mercury Hourglass"},{"floor":44,"key":"StrikeDummy"},{"floor":47,"key":"Mummified Hand"},{"floor":47,"key":"Boot"}],"event_choices":[{"damage_healed":0.0,"max_hp_gain":0.0,"max_hp_loss":0.0,"gold_gain":61.0,"event_name":"Golden Wing","player_choice":"Gained Gold","floor":2.0,"gold_loss":0.0,"damage_taken":0.0},{"damage_healed":0.0,"max_hp_gain":0.0,"max_hp_loss":0.0,"gold_gain":75.0,"event_name":"World of Goop","player_choice":"Gather Gold","floor":4.0,"gold_loss":0.0,"damage_taken":11.0},{"damage_healed":0.0,"max_hp_gain":0.0,"max_hp_loss":0.0,"gold_gain":0.0,"event_name":"Lab","player_choice":"Got Potions","floor":19.0,"gold_loss":0.0,"damage_taken":0.0},{"damage_healed":0,"gold_gain":0,"player_choice":"Rummage","damage_taken":0,"relics_obtained":["WarpedTongs"],"max_hp_gain":0,"max_hp_loss":0,"event_name":"Accursed Blacksmith","floor":30,"gold_loss":0,"cards_obtained":["Pain"]},{"damage_healed":0,"gold_gain":0,"player_choice":"Memory 3","damage_taken":10,"max_hp_gain":0,"max_hp_loss":0,"event_name":"SensoryStone","floor":39,"gold_loss":0}],"is_beta":true,"boss_relics":[{"not_picked":["FrozenCore","SlaversCollar"],"picked":"Velvet Choker"},{"not_picked":["Coffee Dripper","Sozu"],"picked":"Black Star"}],"items_purged_floors":[],"is_endless":false,"potions_floor_spawned":[3,5,10,12,14,16,18,20,21,23,25,27,28,29,31,33,35,36,38,41,44,45,47,48],"ascension_level":1}}