{"host":"qje7bge8e4rv32w4","time":1612796585,"event":{"mods":["BaseMod","KinomotoSakuraMod(ƒæ÷Æ±æ”£)","Marisa£®ÏF”Í°°ƒß¿Ì…≥£©","Minty Spire (QoL Compilation)","Remilia£®¿Ÿ√◊¿Ú—«£©","StSLib","The Bug Knight","The Servant 0.9.4","Youmu£®ªÍ∆«—˝√Œ£©"],"gold_per_floor":[113,113,113,13,13,43,43,62,62,73,73,3,3,13,13,108,108,108,108],"floor_reached":18,"language":"ZHS","playtime":719,"items_purged":["Regret"],"score":166,"play_id":"8fa78acd-d8ae-4cb1-91a2-4d0547fb3b5b","local_time":"20210208230305","is_ascension_mode":true,"campfire_choices":[{"floor":7.0,"key":"REST"},{"floor":15,"key":"REST"}],"circlet_count":0,"master_deck":["SakuraCardTheSword+","ClowCardTheWood","ClowCardTheSweet","ClowCardTheSword","ClowCardTheSword+1","ClowCardTheShield","ClowCardTheShield","ClowCardTheShield","ClowCardTheShield","SpellCardSeal","SpellCardRelease","ClowCardTheLock","ClowCardTheShot","ClowCardTheWatery+1","ClowCardTheFirey","ClowCardTheBubbles","ClowCardTheTwin"],"relics":["KSMOD_SealedBook","KSMOD_SealedWand","Bronze Scales","Orichalcum","Akabeko","KSMOD_Compass","Mercury Hourglass","Snecko Eye"],"acts_visited":["Exordium","TheCity"],"potions_floor_usage":[16],"damage_taken":[{"damage":8.0,"enemies":"Small Slimes","floor":1.0,"turns":4.0},{"damage":44.0,"enemies":"Gremlin Nob","floor":6.0,"turns":5.0},{"damage":2,"enemies":"2 Louse","floor":8,"turns":5},{"damage":2,"enemies":"Jaw Worm","floor":10,"turns":4},{"damage":2,"enemies":"Large Slime","floor":14,"turns":4},{"damage":22,"enemies":"Slime Boss","floor":16,"turns":8},{"damage":0,"enemies":"Chosen","floor":18,"turns":1}],"seed_played":"2013113955042783413","potions_obtained":[{"floor":6.0,"key":"ColorlessPotion"},{"floor":8,"key":"Ancient Potion"},{"floor":10,"key":"BlessingOfTheForge"},{"floor":16,"key":"Strength Potion"}],"is_trial":false,"path_per_floor":["M","?","?","$","?","E","R","M","T","M","?","$","?","M","R","B",null,"M"],"character_chosen":"KINOMOTOSAKURA","items_purchased":["ClowCardTheShot","ClowCardTheBubbles"],"campfire_rested":2,"item_purchase_floors":[4,12],"current_hp_per_floor":[62,62,62,62,55,11,32,35,35,38,24,24,24,27,48,31,70,70,70],"gold":108,"neow_bonus":"RANDOM_COMMON_RELIC","is_daily":false,"chose_seed":false,"campfire_upgraded":0,"win_rate":0.0,"timestamp":1612796585,"path_taken":["M","?","?","?","?","E","R","M","T","M","?","?","?","?","R","BOSS","M"],"items_purchased_type":["Card","Card"],"build_version":"2020-12-22","purchased_purges":1,"victory":false,"max_hp_per_floor":[70,70,70,70,70,70,70,70,70,70,70,70,70,70,70,70,70,70,70],"card_choices":[{"not_picked":["ClowCardTheMaze","ClowCardTheBig"],"picked":"ClowCardTheLock","floor":1.0},{"not_picked":["ClowCardTheSilent","ClowCardTheSand"],"picked":"ClowCardTheWatery","floor":6.0},{"not_picked":["ClowCardTheJump","ClowCardTheShadow","ClowCardTheMist"],"picked":"SKIP","floor":8},{"not_picked":["ClowCardTheCloud","ClowCardTheSong"],"picked":"ClowCardTheFirey","floor":10},{"not_picked":["ClowCardTheLibra","ClowCardTheSilent","ClowCardTheCloud"],"picked":"SKIP","floor":14},{"not_picked":["ClowCardTheTime","ClowCardTheReturn"],"picked":"ClowCardTheTwin","floor":16}],"player_experience":1049794,"relics_obtained":[{"floor":6.0,"key":"KSMOD_Compass"},{"floor":9,"key":"Mercury Hourglass"}],"event_choices":[{"cards_removed":["ClowCardTheSword"],"damage_healed":0.0,"max_hp_gain":0.0,"max_hp_loss":0.0,"gold_gain":0.0,"event_name":"Living Wall","player_choice":"Forget","floor":2.0,"gold_loss":0.0,"damage_taken":0.0},{"damage_healed":0.0,"max_hp_gain":0.0,"max_hp_loss":0.0,"gold_gain":0.0,"event_name":"Big Fish","player_choice":"Box","floor":3.0,"gold_loss":0.0,"damage_taken":0.0,"relics_obtained":["Orichalcum"],"cards_obtained":["Regret"]},{"damage_healed":0.0,"max_hp_gain":0.0,"max_hp_loss":0.0,"gold_gain":0.0,"event_name":"Scrap Ooze","player_choice":"Success","floor":5.0,"gold_loss":0.0,"damage_taken":7.0,"relics_obtained":["Akabeko"]},{"damage_healed":0,"gold_gain":0,"player_choice":"Entered Light","damage_taken":14,"max_hp_gain":0,"max_hp_loss":0,"event_name":"Shining Light","floor":11,"gold_loss":0,"cards_upgraded":["ClowCardTheSword","ClowCardTheWatery"]},{"damage_healed":0,"gold_gain":0,"player_choice":"Ignored","damage_taken":0,"max_hp_gain":0,"max_hp_loss":0,"event_name":"Liars Game","floor":13,"gold_loss":0}],"is_beta":false,"boss_relics":[{"not_picked":["Pandora\u0027s Box","Runic Pyramid"],"picked":"Snecko Eye"}],"items_purged_floors":[4],"is_endless":false,"potions_floor_spawned":[6,8,10,16],"killed_by":"Chosen","ascension_level":1}}