{"host":"sav7uxregyirlf69","time":1612778797,"event":{"mods":["AchievementEnabler","BaseMod","Colored Map","DeckTracker","Keyboard Shortcuts","Minty Spire (QoL Compilation)","READ ME - Guardian Mod","StSLib","SuperFastMode"],"gold_per_floor":[109,128,178,195,34,34,34,34,34,34,48,48,58,73,73,73,73],"floor_reached":16,"language":"KOR","playtime":242,"items_purged":["Strike_B"],"score":184,"play_id":"c62228d4-f934-41fa-bf6c-7281ae2daa3a","local_time":"20210208190637","is_ascension_mode":true,"campfire_choices":[{"data":"Zap","floor":6,"key":"SMITH"},{"data":"Defragment","floor":8,"key":"SMITH"},{"data":"Dualcast","floor":10,"key":"SMITH"},{"data":"Darkness","floor":15,"key":"SMITH"}],"circlet_count":0,"master_deck":["AscendersBane","Strike_B","Strike_B","Strike_B","Defend_B","Defend_B","Defend_B","Defend_B","Zap+1","Dualcast+1","Rebound","Hologram","Defragment+1","Coolheaded","Darkness+1"],"relics":["Cracked Core","Potion Belt","HornCleat"],"acts_visited":["Exordium"],"potions_floor_usage":[11,14],"damage_taken":[{"damage":1.0,"enemies":"Cultist","floor":1.0,"turns":3.0},{"damage":8.0,"enemies":"2 Louse","floor":2.0,"turns":2.0},{"damage":9,"enemies":"Small Slimes","floor":4,"turns":3},{"damage":7,"enemies":"Exordium Thugs","floor":11,"turns":4},{"damage":1,"enemies":"Looter","floor":13,"turns":3},{"damage":8,"enemies":"Lots of Slimes","floor":14,"turns":4},{"damage":26,"enemies":"The Guardian","floor":16,"turns":6}],"seed_played":"-468839193458973886","potions_obtained":[{"floor":1.0,"key":"FocusPotion"},{"floor":2.0,"key":"Fire Potion"},{"floor":7,"key":"Fire Potion"}],"is_trial":false,"path_per_floor":["M","M","?","M","$","R","?","R","T","R","M","$","M","M","R","B"],"character_chosen":"DEFECT","items_purchased":["DistilledChaos"],"campfire_rested":0,"item_purchase_floors":[5],"current_hp_per_floor":[63,55,48,39,39,39,39,39,39,39,32,32,31,23,23,0,0],"gold":73,"neow_bonus":"RANDOM_COMMON_RELIC","is_daily":false,"chose_seed":false,"campfire_upgraded":4,"win_rate":0.0,"timestamp":1612778797,"path_taken":["M","M","?","?","$","R","?","R","T","R","M","?","M","?","R","BOSS"],"items_purchased_type":["Potion"],"build_version":"2020-12-22","purchased_purges":1,"victory":false,"max_hp_per_floor":[71,71,71,71,71,71,71,71,71,71,71,71,71,71,71,71,71],"card_choices":[{"not_picked":["Go for the Eyes","Barrage"],"picked":"Rebound","floor":1.0},{"not_picked":["Capacitor","Turbo"],"picked":"Hologram","floor":2.0},{"not_picked":["Leap","Steam Power"],"picked":"Defragment","floor":4},{"not_picked":["Steam","Recycle"],"picked":"Coolheaded","floor":11},{"not_picked":["Recycle","Coolheaded"],"picked":"Darkness","floor":13},{"not_picked":["Static Discharge","FTL","Redo"],"picked":"SKIP","floor":14}],"player_experience":1524488,"relics_obtained":[{"floor":9,"key":"HornCleat"}],"event_choices":[{"damage_healed":0,"gold_gain":50,"player_choice":"Touch","damage_taken":7,"max_hp_gain":0,"max_hp_loss":0,"event_name":"FaceTrader","floor":3,"gold_loss":0},{"damage_healed":0,"gold_gain":0,"player_choice":"Got Potions","damage_taken":0,"max_hp_gain":0,"max_hp_loss":0,"event_name":"Lab","floor":7,"gold_loss":0}],"is_beta":false,"boss_relics":[],"items_purged_floors":[5],"is_endless":false,"potions_floor_spawned":[1,2],"killed_by":"The Guardian","ascension_level":20}}