{"host":"2q82lssse0ckn8xu","time":1612823569,"event":{"mods":["AchievementEnabler","BaseMod","Colored Map","Colored Powertips","Minty Spire (QoL Compilation)","Permanent Neow","Quick Restart","StSLib","The Saiyan","Unceasing Turn Reminder"],"gold_per_floor":[114,133,152,166,178,178,15,25,25,25,39,39,39,57,57,160,160,173,188,188,188],"floor_reached":20,"language":"ENG","playtime":1163,"items_purged":[],"score":255,"play_id":"261db102-bbfd-45c7-9aec-d038770b8a73","local_time":"20210209040249","is_ascension_mode":true,"campfire_choices":[{"data":"LikeWater","floor":6.0,"key":"SMITH"},{"data":"Establishment","floor":10.0,"key":"SMITH"},{"data":"Perseverance","floor":12.0,"key":"SMITH"},{"floor":15.0,"key":"REST"}],"circlet_count":0,"master_deck":["AscendersBane","Strike_P","Strike_P","Strike_P","Strike_P","Defend_P+1","Defend_P","Defend_P","Defend_P+1","Eruption","Vigilance+1","PathToVictory","Evaluate","SandsOfTime","LikeWater+1","Prostrate","Establishment+1","ClearTheMind","Perseverance+1","Crescendo","LessonLearned","BattleHymn","CutThroughFate+1"],"relics":["PureWater","War Paint","Juzu Bracelet","SlaversCollar"],"acts_visited":["Exordium","TheCity"],"potions_floor_usage":[19],"damage_taken":[{"damage":0.0,"enemies":"Jaw Worm","floor":1.0,"turns":4.0},{"damage":0.0,"enemies":"2 Louse","floor":2.0,"turns":2.0},{"damage":0.0,"enemies":"Cultist","floor":3.0,"turns":2.0},{"damage":5.0,"enemies":"Large Slime","floor":4.0,"turns":8.0},{"damage":2.0,"enemies":"2 Fungi Beasts","floor":5.0,"turns":4.0},{"damage":16.0,"enemies":"Red Slaver","floor":8.0,"turns":5.0},{"damage":0.0,"enemies":"3 Louse","floor":11.0,"turns":2.0},{"damage":13.0,"enemies":"Blue Slaver","floor":14.0,"turns":6.0},{"damage":26.0,"enemies":"The Guardian","floor":16.0,"turns":12.0},{"damage":22,"enemies":"Spheric Guardian","floor":18,"turns":7},{"damage":33,"enemies":"3 Byrds","floor":19,"turns":6}],"seed_played":"3117369824044108233","potions_obtained":[{"floor":1.0,"key":"Ancient Potion"},{"floor":5.0,"key":"LiquidMemories"},{"floor":8.0,"key":"FearPotion"},{"floor":11.0,"key":"ColorlessPotion"},{"floor":18,"key":"LiquidMemories"},{"floor":19,"key":"DuplicationPotion"}],"is_trial":false,"path_per_floor":["M","M","M","M","M","R","$","M","T","R","M","R","$","M","R","B",null,"M","M","?"],"character_chosen":"WATCHER","items_purchased":["Establishment"],"campfire_rested":1,"item_purchase_floors":[7],"current_hp_per_floor":[65,65,65,60,58,58,58,42,42,42,42,42,42,29,50,24,60,38,5,0,0],"gold":188,"neow_bonus":"RANDOM_COMMON_RELIC","is_daily":false,"chose_seed":false,"campfire_upgraded":3,"win_rate":0.0,"timestamp":1612823569,"path_taken":["M","M","M","M","M","R","$","M","T","R","M","R","$","M","R","BOSS","M","M","?"],"items_purchased_type":["Card"],"build_version":"2020-12-22","purchased_purges":0,"victory":false,"max_hp_per_floor":[72,72,72,72,72,72,72,72,72,72,72,72,72,72,72,72,72,72,72,77,77],"card_choices":[{"not_picked":["EmptyBody","Evaluate"],"picked":"PathToVictory","floor":1.0},{"not_picked":["TalkToTheHand","ThirdEye"],"picked":"Evaluate","floor":2.0},{"not_picked":["CrushJoints","WindmillStrike"],"picked":"SandsOfTime","floor":3.0},{"not_picked":["Protect","ReachHeaven"],"picked":"LikeWater","floor":4.0},{"not_picked":["Evaluate","EmptyBody"],"picked":"Prostrate","floor":5.0},{"not_picked":["Prostrate","ForeignInfluence"],"picked":"ClearTheMind","floor":8.0},{"not_picked":["WreathOfFlame","Prostrate"],"picked":"Perseverance","floor":11.0},{"not_picked":["Collect","Omniscience"],"picked":"Crescendo","floor":14.0},{"not_picked":["Brilliance","Blasphemy"],"picked":"LessonLearned","floor":16.0},{"not_picked":["DeceiveReality","EmptyBody+1"],"picked":"BattleHymn","floor":18},{"not_picked":["EmptyFist","SashWhip"],"picked":"CutThroughFate+1","floor":19}],"player_experience":680353,"relics_obtained":[{"floor":9.0,"key":"Juzu Bracelet"}],"event_choices":[],"is_beta":false,"boss_relics":[{"not_picked":["Velvet Choker","Pandora\u0027s Box"],"picked":"SlaversCollar"}],"items_purged_floors":[],"is_endless":false,"potions_floor_spawned":[1,5,8,11,18,19],"ascension_level":10}}