{"host":"yrtk68ixj64vhhh3","time":1612755310,"event":{"mods":["2.2 Compatiblity","AchievementEnabler","Aspiration","BaseMod","Better Altar","Better Match","Better Note","Better Silent Start","Better Skull","Better Third Choice","Colored Map","Colored Powertips","Conspire","Dio Mod","Downfall","Energized Spire","Hubris","Infinite Spire","Minty Spire (QoL Compilation)","Prisma Mod","RNG Fix","StSLib","Steal the Spire","Td1madao Mod","The Animator","The Poker Player","The Wild Card","TheBandit","TheHero"],"gold_per_floor":[110,130,130,149,163,163,63,63,86,86,111,111,142,182,182,199,199],"floor_reached":16,"language":"ENG","playtime":1050,"items_purged":[],"score":94,"play_id":"61e4492f-1ba0-495f-a66e-300659b3a8af","local_time":"20210208163510","is_ascension_mode":false,"campfire_choices":[{"data":"dioMod:PathToHeaven","floor":6,"key":"SMITH"},{"floor":10,"key":"RECALL"},{"floor":15,"key":"REST"}],"circlet_count":0,"master_deck":["dioMod:Strike","dioMod:Strike","dioMod:Strike","dioMod:Strike","Bite","dioMod:Defend","dioMod:Defend","dioMod:Defend","dioMod:DoubleTime","dioMod:CautiousMuda","dioMod:ComposedMuda","dioMod:PathToHeaven+1","conspire:SpireCoStock","conspire:SpireCoStock","dioMod:DisarmingVoice","dioMod:VengefulMuda","infinitespire:Gouge","dioMod:KonoDioDa","dioMod:LaserVision"],"relics":["dioMod:VampireBlood","hubris:Towel","Nunchaku"],"acts_visited":["Exordium"],"potions_floor_usage":[16,16,16],"damage_taken":[{"damage":9,"enemies":"Jaw Worm","floor":1,"turns":6},{"damage":0,"enemies":"2 Louse","floor":2,"turns":3},{"damage":6,"enemies":"Cultist","floor":4,"turns":4},{"damage":6,"enemies":"Blue Slaver","floor":5,"turns":5},{"damage":60,"enemies":"Large Slime","floor":11,"turns":13},{"damage":15,"enemies":"Looter","floor":13,"turns":4},{"damage":8,"enemies":"Exordium Wildlife","floor":14,"turns":5},{"damage":53,"enemies":"Hexaghost","floor":16,"turns":11}],"seed_played":"749999996074320039","potions_obtained":[{"floor":1,"key":"LiquidBronze"},{"floor":11,"key":"Fire Potion"},{"floor":13,"key":"BlessingOfTheForge"},{"floor":14,"key":"dioMod:HumanBlood"}],"is_trial":false,"path_per_floor":["M","M","?","M","M","R","?","?","T","R","M","?","M","M","R","B"],"character_chosen":"THE_DEFAULT","items_purchased":[],"campfire_rested":1,"item_purchase_floors":[],"current_hp_per_floor":[79,82,82,81,82,82,82,82,82,82,38,18,10,10,34,0,0],"gold":199,"neow_bonus":"TEN_PERCENT_HP_BONUS","is_daily":false,"chose_seed":false,"campfire_upgraded":1,"win_rate":0.0,"timestamp":1612755310,"path_taken":["M","M","?","M","M","R","?","?","T","R","M","?","?","M","R","BOSS"],"items_purchased_type":[],"build_version":"2020-12-22","purchased_purges":0,"victory":false,"max_hp_per_floor":[82,82,82,82,82,82,82,82,82,82,82,82,82,82,82,82,82],"card_choices":[{"not_picked":["dioMod:WRYYY","dioMod:BloodSplash"],"picked":"dioMod:DoubleTime","floor":1},{"not_picked":["dioMod:Donut","dioMod:Muda"],"picked":"dioMod:CautiousMuda","floor":2},{"not_picked":["dioMod:BloodShield","dioMod:Muda"],"picked":"dioMod:ComposedMuda","floor":4},{"not_picked":["dioMod:TripleThreat","dioMod:Diversion"],"picked":"dioMod:PathToHeaven","floor":5},{"not_picked":["dioMod:SecretPlan","dioMod:BlendIn"],"picked":"dioMod:VengefulMuda","floor":11},{"not_picked":["infinitespire:Menacing","hubris:Rewind"],"picked":"infinitespire:Gouge","floor":12},{"not_picked":["dioMod:HeavyLifting","dioMod:Hiss"],"picked":"dioMod:KonoDioDa","floor":13},{"not_picked":["dioMod:Roundabout","dioMod:SlashThroughTime"],"picked":"dioMod:LaserVision","floor":14}],"player_experience":760277,"relics_obtained":[{"floor":9,"key":"Nunchaku"}],"event_choices":[{"damage_healed":0,"gold_gain":0,"player_choice":"Invest 2","damage_taken":0,"max_hp_gain":0,"max_hp_loss":0,"event_name":"conspire:Investor","floor":7,"gold_loss":0},{"damage_healed":0,"gold_gain":0,"cards_transformed":["dioMod:Defend"],"player_choice":"Transformed","damage_taken":0,"max_hp_gain":0,"max_hp_loss":0,"event_name":"Transmorgrifier","floor":8,"gold_loss":0,"cards_obtained":["dioMod:DisarmingVoice"]}],"is_beta":false,"boss_relics":[],"items_purged_floors":[],"is_endless":false,"potions_floor_spawned":[1,11,13,14],"killed_by":"Hexaghost","ascension_level":0}}