{"host":"x6165drukuu8ns9f","time":1612815643,"event":{"mods":["100% Spire Juice","2.2 Compatiblity","Act Like it!","Aspiration","BaseMod","CapriCore","Colored Map","Colored Powertips","Conspire","Dark Map","GifTheSpireLib","Hermit","HololiveMod","Hubris","Infinite Spire","Minty Spire (QoL Compilation)","Pale of the Ancients","Reliquary","Replay The Spire","Spicy Shops","Spire Birthday Party","StSLib","SuperFastMode","The Blue Laboratory","The Dragon Tamer","The Forsaken","TheFirefly","TheSurvivalist","??????REMEMod"],"gold_per_floor":[119,159,210,212,100,100,100,196,222,263,323,434,484,538,538,892,892,932,997,1053,1134,654,654,765,768,768],"floor_reached":25,"language":"ENG","playtime":5731,"items_purged":["Pride"],"score":364,"play_id":"6f18c6e9-8bba-4dad-ab71-042fd27c8737","local_time":"20210208212043","daily_mods":["Vintage","Flight","Midas"],"is_ascension_mode":false,"campfire_choices":[{"floor":6,"key":"REST"},{"floor":7,"key":"REST"},{"floor":15,"key":"REST"},{"floor":23,"key":"REST"}],"circlet_count":0,"master_deck":["Hololive_Strike","Hololive_Strike","Hololive_Defend","Hololive_Defend","Hololive_CallAkiRosenthal","Hololive_CallShirakamiFubuki","Hololive_CallDoris","Hololive_CallSakuraMiko","Hololive_CallHoshimachiSuisei","Hololive_CallManoAloe","Hololive_Sequa","Hololive_CallHimemoriLuna","Hololive_Trident","Hololive_CallFriendA","Hololive_DDD","Hololive_CallKiryuuCoco","Hololive_LuckPotion","hubris:DuctTapeCard","Hololive_CallShiranuiFlare+1"],"relics":["Hololive_TheStar","REME_ComplimentaryCards","Potion Belt","aspiration:ChemicalBlood","Centennial Puzzle","reliquary:TuningFork","aspiration:HiddenCompartment","reliquary:WeakTea","reliquary:RoseTintedGlasses","Replay:PocketPolymizer","infinitespire:Lucky Rock","Dream Catcher","reliquary:PartyBalloon","Ring of Chaos","infinitespire:PuzzleCube","infinitespire:FocusingShard","reliquary:FerryPass","Garlic","aspiration:VileToxins","theForsaken:Lifeblossom","Tiny Chest","hubris:DuctTape"],"acts_visited":["Exordium","TheCity"],"potions_floor_usage":[11,18,24,24,25],"damage_taken":[{"damage":5,"enemies":"Jaw Worm","floor":1,"turns":4},{"damage":2,"enemies":"conspire:RoseBush","floor":2,"turns":3},{"damage":0,"enemies":"Small Slimes","floor":3,"turns":3},{"damage":20,"enemies":"Exordium Thugs","floor":4,"turns":5},{"damage":0,"enemies":"Lagavulin","floor":8,"turns":5},{"damage":6,"enemies":"conspire:2 RoseBushes","floor":10,"turns":4},{"damage":0,"enemies":"Gremlin Gang","floor":11,"turns":4},{"damage":0,"enemies":"Replay:BlueRogue","floor":12,"turns":4},{"damage":3,"enemies":"Exordium Thugs","floor":13,"turns":4},{"damage":0,"enemies":"Looter","floor":14,"turns":2},{"damage":0,"enemies":"Fading Forest","floor":16,"turns":11},{"damage":9,"enemies":"2 Thieves","floor":18,"turns":4},{"damage":10,"enemies":"3 Byrds","floor":19,"turns":5},{"damage":0,"enemies":"conspire:HollyBat","floor":20,"turns":7},{"damage":0,"enemies":"Centurion and Healer","floor":21,"turns":5},{"damage":994,"enemies":"conspire:Head Lice","floor":24,"turns":5},{"damage":36,"enemies":"Slavers","floor":25,"turns":4}],"seed_played":"-2507430530179722268","potions_obtained":[{"floor":3,"key":"blueLaboratory:Moonshine"},{"floor":4,"key":"Death Potion"},{"floor":10,"key":"blueLaboratory:FruitPreserves"},{"floor":14,"key":"blueLaboratory:LouseDecoction"},{"floor":21,"key":"Fire Potion"}],"is_trial":true,"path_per_floor":["M","M","M","M","$","R","R","E","T","M","M","E","M","M","R","B",null,"M","M","M","M","$","R","E","E"],"character_chosen":"Hololive_HololiveCharacter","items_purchased":["Hololive_CallManoAloe","Hololive_Sequa","aspiration:VileToxins","theForsaken:Lifeblossom","Hololive_CallKiryuuCoco","Tiny Chest"],"campfire_rested":4,"item_purchase_floors":[5,5,22,22,22,22],"current_hp_per_floor":[30,28,28,8,8,18,28,28,28,22,22,22,19,19,29,29,35,26,16,16,16,16,26,10,0,0],"gold":768,"neow_bonus":"","is_daily":false,"chose_seed":false,"campfire_upgraded":0,"win_rate":0.0,"timestamp":1612815643,"path_taken":["M","M","M","M","$","R","R","E","T","M","M","E","M","M","R","BOSS","M","M","M","M","$","R","E","E"],"items_purchased_type":["Card","Card","Relic","Relic","Card","Relic"],"build_version":"2020-12-22","purchased_purges":1,"victory":false,"max_hp_per_floor":[35,35,35,35,35,35,35,35,35,35,35,35,35,35,35,35,35,35,35,35,35,35,35,35,35,35],"card_choices":[{"not_picked":["Hololive_Yoholoon","Hololive_Psychosis","Hololive_CallRoboco"],"picked":"Hololive_CallHimemoriLuna","floor":8},{"not_picked":["Hololive_StrengthChampion","Hololive_Sequa","Hololive_RevenueBasedLive"],"picked":"Hololive_Trident","floor":12},{"not_picked":["Hololive_Drill","Hololive_CocoNews","Hololive_Breathe"],"picked":"Hololive_CallFriendA","floor":15},{"not_picked":["Hololive_HighAtkLowDef","Hololive_DiamondStrike","Hololive_DurableLive"],"picked":"Hololive_DDD","floor":16},{"not_picked":["Hololive_CallUruhaRushia","Hololive_Breathe","Hololive_CallAmaneKanata+1"],"picked":"Hololive_LuckPotion","floor":23},{"not_picked":["Hololive_WolfAndLamb","Hololive_CallYozoraMel+1","Hololive_CallYogiri"],"picked":"Hololive_CallShiranuiFlare+1","floor":24}],"player_experience":101638,"relics_obtained":[{"floor":1,"key":"Potion Belt"},{"floor":2,"key":"aspiration:ChemicalBlood"},{"floor":3,"key":"Centennial Puzzle"},{"floor":4,"key":"reliquary:TuningFork"},{"floor":8,"key":"aspiration:HiddenCompartment"},{"floor":9,"key":"reliquary:WeakTea"},{"floor":10,"key":"reliquary:RoseTintedGlasses"},{"floor":11,"key":"Replay:PocketPolymizer"},{"floor":12,"key":"infinitespire:Lucky Rock"},{"floor":13,"key":"Dream Catcher"},{"floor":14,"key":"reliquary:PartyBalloon"},{"floor":18,"key":"infinitespire:PuzzleCube"},{"floor":19,"key":"infinitespire:FocusingShard"},{"floor":20,"key":"reliquary:FerryPass"},{"floor":21,"key":"Garlic"},{"floor":24,"key":"hubris:DuctTape"}],"event_choices":[],"is_beta":false,"boss_relics":[{"not_picked":["aspiration:SilentSkillbook","Replay:Ancient Bell"],"picked":"Ring of Chaos"}],"items_purged_floors":[22],"is_endless":false,"potions_floor_spawned":[3,4,10,14,16,19,21],"killed_by":"Slavers","ascension_level":0}}