{"host":"6rmw1q50jy0xmvyl","time":1612811499,"event":{"mods":["BaseMod","BetterRewards","Clockwork Mod","Colored Map","Duelist Mod","Infinite Spire","Minty Spire (QoL Compilation)","Reliquary","Remove Card Discount Mod","StSLib","Weighted Paths","thorton","??????REMEMod"],"gold_per_floor":[130,23,198,198,198,247,247,297,351,351,390,425,425,435,435,550,550,550,550,32,32,32,32,86,86,140,84,95,143,143,180,180,299,299,329,0,0,36,73,73,73,128,153,153,193,224,256,296,296,316,316],"floor_reached":50,"language":"ENG","playtime":2641,"items_purged":["Strike_B","Strike_B","Strike_B","Defend_B","Defend_B","Strike_B","Defend_B","Defend_B","Writhe","Zap"],"score":735,"play_id":"a5d4b05c-0f81-4ef3-a122-020d4c35f1ef","local_time":"20210208201139","is_ascension_mode":true,"campfire_choices":[{"data":"Conserve Battery","floor":7,"key":"SMITH"},{"floor":10,"key":"REST"},{"floor":13,"key":"REST"},{"data":"Leap","floor":15,"key":"SMITH"},{"data":"infinitespire:Fortify","floor":23,"key":"SMITH"},{"floor":25,"key":"REST"},{"data":"infinitespire:Gouge","floor":30,"key":"SMITH"},{"data":"Loop","floor":32,"key":"SMITH"},{"floor":40,"key":"REST"},{"floor":49,"key":"REST"}],"circlet_count":0,"master_deck":["Dualcast","theDuelist:Nameless:Greed:MagnumShield","Cold Snap","Loop+1","Lockon+1","Conserve Battery+1","Leap+1","Consume","Conserve Battery","Machine Learning","infinitespire:Gouge+1","infinitespire:Starlight","infinitespire:Fortify+1","Ball Lightning","Creative AI","Tempest","Storm","Static Discharge+1","REME_DataAnalysis","White Noise+1"],"relics":["Cracked Core","REME_ComplimentaryCards","Symbiotic Virus","Darkstone Periapt","Nunchaku","Pen Nib","REME_ChargedStone","Happy Flower","Strawberry","Bronze Scales","Omamori","reliquary:SilkGlove","Inserter","Red Mask","REME_PuzzleBoxRelic","PreservedInsect"],"acts_visited":["Exordium","TheCity","TheBeyond"],"potions_floor_usage":[6,16,16,29,42,42,46,50],"damage_taken":[{"damage":0,"enemies":"Cultist","floor":1,"turns":3},{"damage":11,"enemies":"Lagavulin","floor":6,"turns":4},{"damage":26,"enemies":"Gremlin Nob","floor":8,"turns":4},{"damage":1,"enemies":"Small Slimes","floor":11,"turns":3},{"damage":2,"enemies":"Jaw Worm","floor":12,"turns":2},{"damage":0,"enemies":"2 Fungi Beasts","floor":14,"turns":3},{"damage":17,"enemies":"The Guardian","floor":16,"turns":7},{"damage":8,"enemies":"2 Thieves","floor":18,"turns":4},{"damage":39,"enemies":"Slavers","floor":24,"turns":9},{"damage":0,"enemies":"Chosen","floor":28,"turns":4},{"damage":0,"enemies":"theDuelist:KaibaA2","floor":29,"turns":4},{"damage":3,"enemies":"Snake Plant","floor":31,"turns":4},{"damage":4,"enemies":"Automaton","floor":33,"turns":9},{"damage":45,"enemies":"3 Darklings","floor":35,"turns":4},{"damage":7,"enemies":"Orb Walker","floor":38,"turns":4},{"damage":24,"enemies":"3 Darklings","floor":39,"turns":6},{"damage":21,"enemies":"Nemesis","floor":42,"turns":5},{"damage":14,"enemies":"Transient","floor":45,"turns":5},{"damage":19,"enemies":"Spire Growth","floor":46,"turns":4},{"damage":20,"enemies":"4 Shapes","floor":47,"turns":5},{"damage":0,"enemies":"Maw","floor":48,"turns":6},{"damage":82,"enemies":"infinitespire:MassOfShapes","floor":50,"turns":12}],"seed_played":"4629038837079089973","potions_obtained":[{"floor":1,"key":"FearPotion"},{"floor":8,"key":"FocusPotion"},{"floor":14,"key":"PotionOfCapacity"},{"floor":24,"key":"FearPotion"},{"floor":33,"key":"GamblersBrew"},{"floor":35,"key":"Strength Potion"},{"floor":39,"key":"Fire Potion"},{"floor":42,"key":"SteroidPotion"},{"floor":45,"key":"ColorlessPotion"},{"floor":48,"key":"infinitespire:BlackPotion"}],"is_trial":false,"path_per_floor":["M","$","?","T","?","E","R","E","T","R","M","M","R","M","R","B",null,"M","?","?","AVR","?","R","E","R","T","$","M","E","R","M","R","B",null,"M","?","?","M","M","R","?","E","T","?","M","M","M","M","R","B"],"character_chosen":"DEFECT","items_purchased":["Loop","Lockon","Ball Lightning"],"campfire_rested":5,"item_purchase_floors":[2,2,27],"current_hp_per_floor":[75,75,75,75,75,64,64,38,38,60,59,57,75,75,75,58,71,63,69,69,76,76,76,47,73,73,73,73,73,73,70,70,76,85,40,40,40,43,29,55,55,44,44,44,40,31,21,31,57,0,0],"gold":316,"neow_bonus":"","is_daily":false,"chose_seed":false,"campfire_upgraded":5,"win_rate":0.0,"timestamp":1612811499,"path_taken":["M","?","?","?","?","E","R","E","T","R","M","M","R","?","R","BOSS","M","?","?","AVR","?","R","E","R","T","$","M","E","R","M","R","BOSS","M","?","?","?","?","R","?","E","T","?","M","M","M","M","R","BOSS"],"items_purchased_type":["Card","Card","Card"],"build_version":"2020-12-22","purchased_purges":10,"victory":false,"max_hp_per_floor":[75,75,75,75,75,75,75,75,75,75,75,75,75,75,75,75,75,75,81,81,88,88,88,88,88,88,88,88,88,88,88,88,88,88,88,88,88,88,88,88,88,88,88,88,88,88,88,88,88,88,88],"card_choices":[{"not_picked":["Stack","Hello World"],"picked":"Cold Snap","floor":1},{"not_picked":["Core Surge","Sweeping Beam"],"picked":"Conserve Battery","floor":6},{"not_picked":["Seek","Aggregate","Cold Snap"],"picked":"SKIP","floor":8},{"not_picked":["Barrage","Hologram"],"picked":"Leap","floor":11},{"not_picked":["Melter","Conserve Battery"],"picked":"Consume","floor":12},{"not_picked":["Blizzard","Rebound"],"picked":"Conserve Battery","floor":14},{"not_picked":["REME_ForAll","Core Surge"],"picked":"Machine Learning","floor":16},{"not_picked":["Turbo","Conserve Battery","Streamline"],"picked":"SKIP","floor":18},{"not_picked":["infinitespire:FinalStrike","infinitespire:DeathsTouch"],"picked":"infinitespire:Gouge","floor":20},{"not_picked":["REME_Whirling","Conserve Battery","Steam"],"picked":"SKIP","floor":24},{"not_picked":["Lockon","Steam Power+1"],"picked":"REME_SelfUpgrade","floor":28},{"not_picked":["Fusion","Barrage","Streamline","All For One"],"picked":"SKIP","floor":29},{"not_picked":["Go for the Eyes+1","Steam+1","Reprogram","Rebound"],"picked":"SKIP","floor":31},{"not_picked":["Thunder Strike","Amplify","REME_ForAll"],"picked":"Creative AI","floor":33},{"not_picked":["Barrage+1","Rebound","Gash+1"],"picked":"SKIP","floor":35},{"not_picked":["Rebound","Streamline+1","Coolheaded","Chill+1"],"picked":"SKIP","floor":38},{"not_picked":["Genetic Algorithm+1","Barrage+1","Chaos"],"picked":"Tempest","floor":39},{"not_picked":["REME_ForAll","Hello World+1"],"picked":"Storm","floor":42},{"not_picked":["REME_Compress+1","Barrage+1","Beam Cell+1"],"picked":"SKIP","floor":45},{"not_picked":["Beam Cell","Go for the Eyes"],"picked":"Static Discharge+1","floor":46},{"not_picked":["Capacitor","Go for the Eyes"],"picked":"REME_DataAnalysis","floor":47},{"not_picked":["REME_ForAll","Conserve Battery"],"picked":"White Noise+1","floor":48}],"player_experience":710116,"relics_obtained":[{"floor":4,"key":"Symbiotic Virus"},{"floor":6,"key":"Darkstone Periapt"},{"floor":8,"key":"Nunchaku"},{"floor":9,"key":"Pen Nib"},{"floor":24,"key":"Bronze Scales"},{"floor":26,"key":"Omamori"},{"floor":29,"key":"reliquary:SilkGlove"},{"floor":42,"key":"REME_PuzzleBoxRelic"},{"floor":43,"key":"PreservedInsect"}],"event_choices":[{"damage_healed":0,"gold_gain":175,"player_choice":"AGREE","damage_taken":0,"max_hp_gain":0,"max_hp_loss":0,"event_name":"Liars Game","floor":3,"gold_loss":0,"cards_obtained":["Doubt"]},{"damage_healed":0,"gold_gain":0,"player_choice":"Upgraded","damage_taken":0,"max_hp_gain":0,"max_hp_loss":0,"event_name":"Upgrade Shrine","floor":5,"gold_loss":0,"cards_upgraded":["Lockon"]},{"damage_healed":0,"gold_gain":0,"player_choice":"Opened","damage_taken":0,"relics_obtained":["Happy Flower"],"max_hp_gain":0,"max_hp_loss":0,"event_name":"The Mausoleum","floor":19,"gold_loss":0,"cards_obtained":["Writhe"]},{"cards_removed":["Doubt"],"damage_healed":0,"gold_gain":0,"player_choice":"Elegance","damage_taken":0,"max_hp_gain":0,"max_hp_loss":0,"event_name":"Back to Basics","floor":22,"gold_loss":0},{"damage_healed":0,"gold_gain":0,"player_choice":"Paid","damage_taken":0,"relics_obtained":["Red Mask"],"max_hp_gain":0,"max_hp_loss":0,"event_name":"Tomb of Lord Red Mask","floor":36,"gold_loss":329},{"damage_healed":0,"gold_gain":0,"player_choice":"Ignored","damage_taken":0,"max_hp_gain":0,"max_hp_loss":0,"event_name":"SecretPortal","floor":37,"gold_loss":0},{"damage_healed":0,"gold_gain":0,"player_choice":"Memory 1","damage_taken":0,"max_hp_gain":0,"max_hp_loss":0,"event_name":"SensoryStone","floor":41,"gold_loss":0},{"cards_removed":["REME_SelfUpgrade"],"damage_healed":0,"gold_gain":0,"player_choice":"Removed Power","damage_taken":0,"max_hp_gain":0,"max_hp_loss":0,"event_name":"Falling","floor":44,"gold_loss":0}],"is_beta":false,"boss_relics":[{"not_picked":["Tiny House","Runic Dome"],"picked":"REME_ChargedStone"},{"not_picked":["Fusion Hammer","SacredBark"],"picked":"Inserter"}],"items_purged_floors":[0,0,0,0,0,2,27,27,27,27],"is_endless":false,"potions_floor_spawned":[1,8,14,24,33,35,39,42,45,48],"killed_by":"infinitespire:MassOfShapes","ascension_level":5}}