{"host":"j4g6ia6asvpyu2b0","time":1612793378,"event":{"mods":["BaseMod","Colored Map","Minty Spire (QoL Compilation)","Permanent Neow","Quick Restart","Relic Stats","StSLib","Unceasing Turn Reminder"],"gold_per_floor":[110,110,35,46,63,63,91,105,105,105,5,17,17,35,35,130,130,142,142,156,171,171,171,197,197,197,207,227,227,70,87,87,189,189,202,219,219,234,249,249,278,278,302,321,321,347,347,364,364,364,364,364,20,48,48],"floor_reached":56,"language":"ENG","playtime":2705,"items_purged":["Strike_G","Strike_G","Blade Dance"],"score":1403,"play_id":"6fa53d55-fdde-4b1e-bc8e-2b8bad986798","local_time":"20210208070938","is_ascension_mode":true,"campfire_choices":[{"data":"Defend_G","floor":6.0,"key":"PURGE"},{"data":"Defend_G","floor":10.0,"key":"PURGE"},{"data":"Strike_G","floor":15.0,"key":"PURGE"},{"data":"Strike_G","floor":23.0,"key":"PURGE"},{"data":"Strike_G","floor":25.0,"key":"PURGE"},{"data":"Defend_G","floor":29.0,"key":"PURGE"},{"data":"Tactician","floor":32.0,"key":"SMITH"},{"data":"Dagger Throw+1","floor":40,"key":"PURGE"},{"data":"Burst","floor":42,"key":"SMITH"},{"data":"Tactician","floor":45,"key":"SMITH"},{"floor":49,"key":"RECALL"},{"data":"Bouncing Flask","floor":52,"key":"SMITH"}],"circlet_count":0,"master_deck":["Survivor","Neutralize","Bouncing Flask+1","Blade Dance","Tactician+1","Escape Plan","Noxious Fumes+1","Tactician+1","Burst+1","Footwork","Acrobatics+1","Calculated Gamble+1","Catalyst+1","Madness+1","Madness+1","Footwork"],"relics":["Ring of the Snake","Peace Pipe","Ornamental Fan","Meat on the Bone","Busted Crown","White Beast Statue","Pear","Paper Crane","Lantern","Empty Cage","Toxic Egg 2","Dream Catcher","Nunchaku","Ginger"],"acts_visited":["Exordium","TheCity","TheBeyond","TheEnding"],"potions_floor_usage":[39,41,55,55,55],"damage_taken":[{"damage":5.0,"enemies":"Cultist","floor":1.0,"turns":4.0},{"damage":1.0,"enemies":"Jaw Worm","floor":4.0,"turns":4.0},{"damage":10.0,"enemies":"2 Louse","floor":5.0,"turns":3.0},{"damage":12.0,"enemies":"3 Sentries","floor":7.0,"turns":5.0},{"damage":2.0,"enemies":"Exordium Wildlife","floor":8.0,"turns":2.0},{"damage":20.0,"enemies":"Large Slime","floor":12.0,"turns":6.0},{"damage":0.0,"enemies":"2 Fungi Beasts","floor":14.0,"turns":3.0},{"damage":22.0,"enemies":"The Guardian","floor":16.0,"turns":8.0},{"damage":1.0,"enemies":"Chosen","floor":18.0,"turns":4.0},{"damage":6.0,"enemies":"3 Byrds","floor":20.0,"turns":5.0},{"damage":9.0,"enemies":"Centurion and Healer","floor":21.0,"turns":8.0},{"damage":41.0,"enemies":"Slavers","floor":24.0,"turns":6.0},{"damage":18.0,"enemies":"Cultist and Chosen","floor":27.0,"turns":7.0},{"damage":0.0,"enemies":"Snake Plant","floor":28.0,"turns":5.0},{"damage":8.0,"enemies":"Sentry and Sphere","floor":31.0,"turns":4.0},{"damage":19.0,"enemies":"Collector","floor":33.0,"turns":7.0},{"damage":0,"enemies":"3 Darklings","floor":35,"turns":4},{"damage":0,"enemies":"Orb Walker","floor":36,"turns":2},{"damage":0,"enemies":"Transient","floor":38,"turns":5},{"damage":0,"enemies":"Sphere and 2 Shapes","floor":39,"turns":2},{"damage":18,"enemies":"Nemesis","floor":41,"turns":7},{"damage":0,"enemies":"Spire Growth","floor":44,"turns":3},{"damage":0,"enemies":"Giant Head","floor":46,"turns":1},{"damage":0,"enemies":"Writhing Mass","floor":48,"turns":4},{"damage":39,"enemies":"Donu and Deca","floor":50,"turns":9},{"damage":8,"enemies":"Shield and Spear","floor":54,"turns":5},{"damage":32,"enemies":"The Heart","floor":55,"turns":6}],"seed_played":"903664422682887687","potions_obtained":[{"floor":2.0,"key":"CunningPotion"},{"floor":2.0,"key":"Fire Potion"},{"floor":2.0,"key":"PowerPotion"},{"floor":5.0,"key":"GhostInAJar"},{"floor":12.0,"key":"Block Potion"},{"floor":24.0,"key":"Fruit Juice"},{"floor":27.0,"key":"BlessingOfTheForge"},{"floor":28.0,"key":"ColorlessPotion"},{"floor":31.0,"key":"PowerPotion"},{"floor":33.0,"key":"DistilledChaos"},{"floor":35,"key":"Swift Potion"},{"floor":39,"key":"Block Potion"},{"floor":41,"key":"Fire Potion"},{"floor":44,"key":"Energy Potion"},{"floor":54,"key":"BlessingOfTheForge"}],"is_trial":false,"path_per_floor":["M","?","$","M","M","R","E","M","T","R","$","M","?","M","R","B",null,"M","?","M","M","T","R","E","R","T","M","M","R","$","M","R","B",null,"M","M","?","M","M","R","E","R","T","M","R","E","?","M","R","B",null,"R","$","E","B",null],"character_chosen":"THE_SILENT","items_purchased":["Lantern","Nunchaku","Footwork"],"campfire_rested":0,"item_purchase_floors":[30,53,53],"current_hp_per_floor":[58,58,58,57,47,47,35,33,33,33,33,25,25,37,37,27,63,62,62,56,47,47,47,33,33,33,27,39,39,39,43,43,36,78,78,78,78,78,78,78,60,60,60,60,60,60,50,50,50,23,78,78,78,70,50],"gold":48,"neow_bonus":"ONE_RARE_RELIC","is_daily":false,"chose_seed":false,"campfire_upgraded":4,"win_rate":0.0,"timestamp":1612793378,"path_taken":["M","?","?","M","?","R","E","?","T","R","$","M","?","?","R","BOSS","M","?","M","M","?","R","E","R","T","M","M","R","$","M","R","BOSS","M","M","?","M","M","R","E","R","T","M","R","E","?","M","R","BOSS","R","$","E","BOSS"],"items_purchased_type":["Relic","Relic","Card"],"build_version":"2020-12-22","purchased_purges":3,"victory":true,"max_hp_per_floor":[63,63,63,63,63,63,63,63,63,63,63,63,63,63,63,63,63,63,63,63,63,63,63,78,78,78,78,78,78,78,78,78,78,78,78,78,78,78,78,78,78,78,78,78,78,78,78,78,78,78,78,78,78,78,78],"relic_stats":{"Peace Pipe":7,"Dream Catcher":0,"Nunchaku":[4],"Busted Crown":34,"counters":[27,129],"Ornamental Fan":[460],"Ginger":[2],"obtain_stats":[{"Lantern":30,"Pear":24,"Ginger":54,"Paper Crane":26,"Empty Cage":34,"White Beast Statue":22,"Peace Pipe":0,"Dream Catcher":46,"Nunchaku":53,"Busted Crown":17,"Ornamental Fan":7,"Toxic Egg 2":41,"Ring of the Snake":0,"Meat on the Bone":9},{"Lantern":14,"Pear":12,"Ginger":26,"Paper Crane":12,"Empty Cage":16,"White Beast Statue":11,"Peace Pipe":0,"Dream Catcher":23,"Nunchaku":25,"Busted Crown":8,"Ornamental Fan":4,"Toxic Egg 2":21,"Ring of the Snake":0,"Meat on the Bone":5},{"Lantern":70,"Pear":58,"Ginger":123,"Paper Crane":58,"Empty Cage":81,"White Beast Statue":52,"Peace Pipe":0,"Dream Catcher":105,"Nunchaku":118,"Busted Crown":35,"Ornamental Fan":16,"Toxic Egg 2":101,"Ring of the Snake":0,"Meat on the Bone":18}],"Ring of the Snake":[54],"Meat on the Bone":120},"card_choices":[{"not_picked":["Slice","Finisher"],"picked":"Bouncing Flask","floor":1.0},{"not_picked":["Choke","Flechettes"],"picked":"Blade Dance","floor":4.0},{"not_picked":["Blade Dance","Sucker Punch"],"picked":"Tactician","floor":5.0},{"not_picked":["Acrobatics","Flying Knee"],"picked":"Escape Plan","floor":7.0},{"not_picked":["Finisher","Blur","Dash"],"picked":"SKIP","floor":8.0},{"not_picked":["Backflip","Masterful Stab"],"picked":"Noxious Fumes","floor":12.0},{"not_picked":["Deflect","Footwork"],"picked":"Tactician","floor":14.0},{"not_picked":["Phantasmal Killer","Die Die Die"],"picked":"Burst","floor":16.0},{"not_picked":["Dagger Spray"],"picked":"SKIP","floor":18.0},{"not_picked":[],"picked":"Dagger Throw+1","floor":20.0},{"not_picked":[],"picked":"Footwork","floor":21.0},{"not_picked":["Bane"],"picked":"SKIP","floor":24.0},{"not_picked":["Acrobatics+1"],"picked":"SKIP","floor":27.0},{"not_picked":[],"picked":"Acrobatics+1","floor":27.0},{"not_picked":[],"picked":"Blade Dance","floor":28.0},{"not_picked":["Endless Agony"],"picked":"SKIP","floor":31.0},{"not_picked":[],"picked":"Calculated Gamble+1","floor":35},{"not_picked":["Dagger Throw+1"],"picked":"SKIP","floor":36},{"not_picked":["Infinite Blades+1"],"picked":"SKIP","floor":38},{"not_picked":["Heel Hook"],"picked":"SKIP","floor":39},{"not_picked":["Cloak And Dagger+1"],"picked":"SKIP","floor":41},{"not_picked":["Backstab"],"picked":"SKIP","floor":44},{"not_picked":[],"picked":"Catalyst+1","floor":46},{"not_picked":["Heel Hook"],"picked":"SKIP","floor":48},{"not_picked":["Quick Slash"],"picked":"SKIP","floor":54}],"player_experience":1184236,"relics_obtained":[{"floor":7.0,"key":"Ornamental Fan"},{"floor":9.0,"key":"Meat on the Bone"},{"floor":22.0,"key":"White Beast Statue"},{"floor":24.0,"key":"Pear"},{"floor":26.0,"key":"Paper Crane"},{"floor":41,"key":"Toxic Egg 2"},{"floor":46,"key":"Dream Catcher"},{"floor":54,"key":"Ginger"}],"event_choices":[{"damage_healed":0.0,"max_hp_gain":0.0,"max_hp_loss":0.0,"gold_gain":0.0,"event_name":"Lab","player_choice":"Got Potions","floor":2.0,"gold_loss":0.0,"damage_taken":0.0},{"damage_healed":0.0,"max_hp_gain":0.0,"max_hp_loss":0.0,"gold_gain":0.0,"event_name":"Upgrade Shrine","player_choice":"Upgraded","floor":13.0,"gold_loss":0.0,"damage_taken":0.0,"cards_upgraded":["Noxious Fumes"]},{"damage_healed":0.0,"max_hp_gain":0.0,"max_hp_loss":0.0,"gold_gain":0.0,"event_name":"The Mausoleum","player_choice":"Ignored","floor":19.0,"gold_loss":0.0,"damage_taken":0.0},{"damage_healed":0,"gold_gain":0,"player_choice":"Ignored","damage_taken":0,"max_hp_gain":0,"max_hp_loss":0,"event_name":"Tomb of Lord Red Mask","floor":37,"gold_loss":0},{"damage_healed":0,"gold_gain":0,"player_choice":"Embrace Madness","damage_taken":10,"max_hp_gain":0,"max_hp_loss":0,"event_name":"Winding Halls","floor":47,"gold_loss":0,"cards_obtained":["Madness","Madness"]}],"is_beta":false,"boss_relics":[{"not_picked":["Cursed Key","Philosopher\u0027s Stone"],"picked":"Busted Crown"},{"not_picked":["Tiny House","Runic Pyramid"],"picked":"Empty Cage"}],"items_purged_floors":[3,11,53],"is_endless":false,"potions_floor_spawned":[5,12,14,18,20,24,27,28,31,33,35,36,38,39,41,44,46,48,54],"ascension_level":3}}