{"host":"qcf259yvvmr1jh6w","time":1612809517,"event":{"mods":["Act Like it!","Aspiration","BaseMod","Beaked The Cultist","Better Third Choice","BetterRewards","Colored Map","Conspire","Custom Start","Downfall","Energized Spire","Hubris","Infinite Spire","Mimic Mod","Minty Spire (QoL Compilation)","Relic Sorter","Replay The Spire","Reworked Bosses","StSLib","The Construct","The Jungle"],"gold_per_floor":[199,218,229,229,229,242,310,327,350,20,20,30,47,47,58,58,58,58],"floor_reached":16,"language":"ENG","playtime":1295,"items_purged":[],"score":94,"play_id":"c1d37522-b8bf-4c58-b747-d78b23774423","local_time":"20210208193837","is_ascension_mode":false,"campfire_choices":[{"floor":1,"key":"DIG"},{"floor":11,"key":"REST"}],"circlet_count":0,"master_deck":["Guardian:Strike_Guardian","Guardian:Strike_Guardian","Guardian:Strike_Guardian","Guardian:Strike_Guardian","Guardian:Defend_Guardian","Guardian:Defend_Guardian+1","Guardian:Defend_Guardian","Guardian:Defend_Guardian","Guardian:CurlUp","Guardian:TwinSlam","Guardian:Suspension","Shockwave+1","Guardian:TimeSifter","Guardian:Reroute","Guardian:Incinerate","Guardian:PiercingHide","Guardian:EvasiveProtocol","Guardian:SpikerProtocol","Guardian:TwinSlam","Guardian:Gem_Crimson"],"relics":["Guardian:ModeShifter","Tiny Chest","Blue Doll","infinitespire:ShieldingShard","War Paint","Bottled Flame"],"acts_visited":["Exordium"],"potions_floor_usage":[12,16,16],"damage_taken":[{"damage":1,"enemies":"2 Louse","floor":2,"turns":3},{"damage":2,"enemies":"Cultist","floor":3,"turns":5},{"damage":8,"enemies":"conspire:RoseBush","floor":6,"turns":5},{"damage":16,"enemies":"Blue Slaver","floor":8,"turns":4},{"damage":0,"enemies":"downfall:FleeingMerchant","floor":10,"turns":4},{"damage":1,"enemies":"Lots of Slimes","floor":12,"turns":2},{"damage":4,"enemies":"Large Slime","floor":13,"turns":7},{"damage":9,"enemies":"Blue Slaver","floor":15,"turns":4},{"damage":93,"enemies":"DF_ARCHETYPE_STREAMLINE","floor":16,"turns":14}],"seed_played":"-5231895013929918556","potions_obtained":[{"floor":2,"key":"Milkshake"},{"floor":6,"key":"SteroidPotion"},{"floor":8,"key":"Explosive Potion"},{"floor":15,"key":"Reflective Coating"}],"is_trial":false,"path_per_floor":["R_BF","M","M","?","?","M","T","M","T","$","R","M","M","?","M","B"],"character_chosen":"GUARDIAN","items_purchased":["Bottled Flame","Guardian:Gem_Green"],"campfire_rested":1,"item_purchase_floors":[10,10],"current_hp_per_floor":[80,79,77,48,48,40,40,24,24,24,48,47,43,43,34,0,0,0],"gold":58,"neow_bonus":"HUNDRED_GOLD","is_daily":false,"chose_seed":false,"campfire_upgraded":0,"win_rate":0.0,"timestamp":1612809517,"path_taken":["R_BF","M","M","?","?","M","T","?","?","$","R","M","M","?","M","BOSS"],"items_purchased_type":["Relic","Card"],"build_version":"2020-12-22","purchased_purges":0,"victory":false,"max_hp_per_floor":[80,80,80,80,80,80,80,80,80,80,80,80,80,80,80,80,80,80],"card_choices":[{"not_picked":["Guardian:PrimingBeam","Guardian:ChargeCore"],"picked":"Guardian:Gem_Red","floor":2},{"not_picked":["Guardian:Gem_Blue","Guardian:BodySlam"],"picked":"Guardian:Suspension","floor":3},{"not_picked":["Guardian:VentSteam","Guardian:Planning"],"picked":"Guardian:Reroute","floor":6},{"not_picked":["Guardian:PrismaticBeam","Guardian:WalkerClaw"],"picked":"Guardian:Incinerate","floor":8},{"not_picked":["Guardian:Suspension","Guardian:TimeBomb"],"picked":"Guardian:PiercingHide","floor":10},{"not_picked":["Guardian:CrystalBeam","Guardian:HyperBeam_Guardian"],"picked":"Guardian:EvasiveProtocol","floor":12},{"not_picked":["Guardian:DonusPower","Guardian:DecasProtection"],"picked":"Guardian:SpikerProtocol","floor":13},{"not_picked":["Guardian:Incinerate","Guardian:Recover"],"picked":"Guardian:Gem_Crimson","floor":15}],"player_experience":154516,"relics_obtained":[{"floor":1,"key":"Tiny Chest"},{"floor":7,"key":"infinitespire:ShieldingShard"},{"floor":9,"key":"War Paint"}],"event_choices":[{"damage_healed":0,"gold_gain":1,"player_choice":"Relic Relic Card ","damage_taken":29,"max_hp_gain":0,"max_hp_loss":0,"event_name":"betterThird:BetterScrap","floor":4,"gold_loss":0,"cards_obtained":["Shockwave","Scrawl"]}],"is_beta":false,"boss_relics":[],"items_purged_floors":[],"is_endless":false,"potions_floor_spawned":[2,6,8,15],"killed_by":"DF_ARCHETYPE_STREAMLINE","ascension_level":0}}