{"host":"ve5hox67eka4rdnb","time":1612791994,"event":{"mods":["ATMod(∞¢Ë™Mod)","AchievementEnabler","Act Like it!","BaseMod","Downfall","Gensokyo","Hermit","Koishi","Lobotomy","LobotomyExtend","Marisa£®ÏF”Í°°ƒß¿Ì…≥£©","Minty Spire (QoL Compilation)","Reimu£®≤©¿ˆ¡È√Œ£©","Remilia£®¿Ÿ√◊¿Ú—«£©","Replay The Spire","Shop Mod","StSLib","The Construct","The Cursed","The Servant 0.9.4"],"gold_per_floor":[110,110,120,134,134,168,21,38,38,72,72,90,90,124,124,219,219,230,230,243,243,261,289,302,331,331,361,361,361,371,59,59,156,156,171,171,189,208,218,244,244,244,244,277,287,287,303,336,336,336],"floor_reached":51,"language":"ZHS","playtime":3552,"items_purged":[],"score":985,"play_id":"74afd4fd-4883-4872-9400-130fe1959103","local_time":"20210208214634","is_ascension_mode":true,"campfire_choices":[{"data":"Feed","floor":11.0,"key":"SMITH"},{"data":"AT_CaressingTears","floor":13.0,"key":"SMITH"},{"data":"AT_FamilyPortrait","floor":15.0,"key":"SMITH"},{"data":"Neutralize","floor":28,"key":"SMITH"},{"data":"Strike_R","floor":32,"key":"PURGE"},{"floor":41,"key":"RECALL"},{"data":"AT_ShrugMaster","floor":46,"key":"SMITH"},{"data":"Demon Form","floor":49,"key":"SMITH"}],"circlet_count":0,"master_deck":["Strike_R","Strike_R","Strike_R","Defend_R","Defend_R","Defend_R","AT_FamilyPortrait+1","Survivor","Neutralize+1","AT_CaressingTears+1","Offering","Feed+1","AT_ShrugMaster+1","Demon Form+1","Fire Breathing","Spot Weakness","AT_IchimonjiDouble+1","AT_ShrugMaster+1","Exhume","Warcry+1","Warcry+1","Demon Form+1"],"relics":["AT_ATBox","bronze:MakeshiftBattery","LetterFromLob","Quantum Egg","Molten Egg 2","Darkstone Periapt","Replay:Rubber Ducky","AT_TrinityForce","Tea:ReiMu","Bag of Preparation","Replay:Ringing Soul","Mirror","Pondfish Scales","Painkiller Herb","Blood Vial","MealTicket","Pantograph"],"acts_visited":["Exordium","TheCity","TheBeyond"],"potions_floor_usage":[30],"damage_taken":[{"damage":0.0,"enemies":"Jaw Worm","floor":1.0,"turns":1.0},{"damage":0.0,"enemies":"Cultist","floor":3.0,"turns":5.0},{"damage":5.0,"enemies":"2 Louse","floor":4.0,"turns":2.0},{"damage":39.0,"enemies":"Gremlin Nob","floor":6.0,"turns":5.0},{"damage":11.0,"enemies":"Exordium Wildlife","floor":8.0,"turns":4.0},{"damage":15.0,"enemies":"3 Sentries","floor":10.0,"turns":5.0},{"damage":6.0,"enemies":"Exordium Thugs","floor":12.0,"turns":5.0},{"damage":27.0,"enemies":"Gremlin Nob","floor":14.0,"turns":4.0},{"damage":6.0,"enemies":"The Guardian","floor":16.0,"turns":10.0},{"damage":11.0,"enemies":"2 Thieves","floor":18.0,"turns":5.0},{"damage":6,"enemies":"3 Byrds","floor":20,"turns":3},{"damage":6,"enemies":"Snake Plant","floor":22,"turns":4},{"damage":6,"enemies":"Book of Stabbing","floor":23,"turns":4},{"damage":0,"enemies":"3 Cultists","floor":24,"turns":4},{"damage":15,"enemies":"Slavers","floor":25,"turns":3},{"damage":6,"enemies":"Gremlin Leader","floor":27,"turns":3},{"damage":0,"enemies":"Cultist and Chosen","floor":30,"turns":4},{"damage":0,"enemies":"Champ","floor":33,"turns":6},{"damage":0,"enemies":"3 Shapes","floor":35,"turns":2},{"damage":6,"enemies":"Orb Walker","floor":37,"turns":3},{"damage":6,"enemies":"Maw","floor":38,"turns":8},{"damage":6,"enemies":"Spire Growth","floor":39,"turns":4},{"damage":6,"enemies":"Giant Head","floor":40,"turns":5},{"damage":6,"enemies":"R_Hoarder","floor":44,"turns":5},{"damage":6,"enemies":"3 Darklings","floor":45,"turns":5},{"damage":6,"enemies":"4 Shapes","floor":47,"turns":3},{"damage":6,"enemies":"Giant Head","floor":48,"turns":5},{"damage":6,"enemies":"Replay:Hell Engine","floor":50,"turns":6},{"damage":9,"enemies":"Malkuth","floor":51,"turns":6},{"damage":6,"enemies":"Netzach","floor":51,"turns":9},{"damage":122,"enemies":"Geburah","floor":51,"turns":12},{"damage":95,"enemies":"Binah","floor":51,"turns":12},{"damage":129,"enemies":"Angela","floor":51,"turns":8}],"seed_played":"-2341293590692347088","potions_obtained":[{"floor":1.0,"key":"Dexterity Potion"},{"floor":4.0,"key":"Swift Potion"},{"floor":8.0,"key":"Ancient Potion"},{"floor":12.0,"key":"FairyPotion"},{"floor":16.0,"key":"FairyPotion"},{"floor":33,"key":"EntropicBrew"}],"is_trial":false,"path_per_floor":["M","?","M","M","?","E","$","M","T","E","R","M","R","E","R","B",null,"M","?","M","?","M","E","M","E","T","E","R","M","M","$","R","B",null,"?","?","?","?","?","E","T","?","T","E","?","T","?","E","T","B",null],"character_chosen":"IRONCLAD","items_purchased":["Feed","Pondfish Scales"],"campfire_rested":0,"item_purchase_floors":[7,31],"current_hp_per_floor":[80,80,80,75,75,40,40,36,36,33,33,36,36,23,23,41,98,97,97,101,101,99,103,111,102,102,104,104,104,112,112,112,125,133,137,137,135,145,147,153,153,153,153,151,160,160,171,176,176,182],"gold":336,"neow_bonus":"BOSS_RELIC","is_daily":false,"chose_seed":false,"campfire_upgraded":6,"win_rate":0.0,"timestamp":1612791994,"path_taken":["M","?","M","M","?","E","$","?","T","E","R","M","R","E","R","BOSS","M","?","M","?","M","E","M","E","T","E","R","?","M","$","R","BOSS","?","?","?","?","?","E","T","?","T","E","?","T","?","E","T","BOSS"],"items_purchased_type":["Card","Relic"],"build_version":"2020-12-22","purchased_purges":0,"victory":true,"max_hp_per_floor":[80,80,80,80,80,80,80,83,83,86,86,90,90,94,94,98,98,102,102,106,106,106,110,114,118,118,122,122,122,126,126,126,133,133,137,137,141,145,149,153,153,153,153,157,164,164,171,178,178,182],"card_choices":[{"not_picked":["Body Slam","AT_IchimonjiDouble","Cleave"],"picked":"SKIP","floor":1.0},{"not_picked":["Power Through","Body Slam","Pummel"],"picked":"SKIP","floor":3.0},{"not_picked":["Clothesline","Havoc"],"picked":"AT_CaressingTears","floor":4.0},{"not_picked":["Body Slam","AT_BodySlamDance"],"picked":"Offering","floor":6.0},{"not_picked":["Metallicize","Warcry","ReplayTheSpireMod:Strike From Hell"],"picked":"SKIP","floor":8.0},{"not_picked":["Body Slam+1","True Grit"],"picked":"AT_ShrugMaster","floor":10.0},{"not_picked":["ReplayReversal","Clothesline+1","Run Through+1"],"picked":"SKIP","floor":12.0},{"not_picked":["Sword Boomerang+1","Hemogenesis+1","Twin Strike+1"],"picked":"SKIP","floor":14.0},{"not_picked":["Offering","Corruption"],"picked":"Demon Form","floor":16.0},{"not_picked":["Dark Embrace","Havoc"],"picked":"Fire Breathing","floor":18.0},{"not_picked":["Perfected Strike+1","Ghostly Armor+1","True Grit"],"picked":"SKIP","floor":20},{"not_picked":["Dropkick+1","AT_DrawKnifeCut+1"],"picked":"Spot Weakness","floor":22},{"not_picked":["Power Through","Anger+1","Pummel+1"],"picked":"SKIP","floor":23},{"not_picked":["Anger+1","Blood for Blood+1"],"picked":"AT_IchimonjiDouble+1","floor":24},{"not_picked":["Thunderclap+1","Replay:Undeath\u0027s Touch+1"],"picked":"AT_ShrugMaster+1","floor":25},{"not_picked":["True Grit","Thunderclap+1","Pummel+1"],"picked":"SKIP","floor":27},{"not_picked":["Entrench","Headbutt+1","Warcry"],"picked":"SKIP","floor":30},{"not_picked":["Immolate+1","Offering"],"picked":"Exhume","floor":33},{"not_picked":["Intimidate+1","AT_BodySlamDance","Thunderclap+1"],"picked":"SKIP","floor":35},{"not_picked":["Entrench","Flex","Massacre+1"],"picked":"SKIP","floor":37},{"not_picked":["Uppercut+1","Warcry+1","Anger+1"],"picked":"SKIP","floor":38},{"not_picked":["Twin Strike+1","Bloodletting+1","ReplayTheSpireMod:Muscle Training"],"picked":"SKIP","floor":39},{"not_picked":["Twin Strike+1","Clash+1","Seeing Red+1"],"picked":"SKIP","floor":40},{"not_picked":["Corruption","Ghostly Armor","Rage"],"picked":"SKIP","floor":44},{"not_picked":["Uppercut+1","Sword Boomerang+1"],"picked":"Warcry+1","floor":45},{"not_picked":["Heavy Blade+1","Rage"],"picked":"Warcry+1","floor":47},{"not_picked":["Clothesline+1","Body Slam+1"],"picked":"Demon Form","floor":48}],"player_experience":206505,"relics_obtained":[{"floor":1.0,"key":"LetterFromLob"},{"floor":6.0,"key":"Quantum Egg"},{"floor":9.0,"key":"Molten Egg 2"},{"floor":10.0,"key":"Darkstone Periapt"},{"floor":14.0,"key":"Replay:Rubber Ducky"},{"floor":23,"key":"Tea:ReiMu"},{"floor":25,"key":"Bag of Preparation"},{"floor":26,"key":"Replay:Ringing Soul"},{"floor":27,"key":"Mirror"},{"floor":40,"key":"Blood Vial"},{"floor":44,"key":"MealTicket"},{"floor":48,"key":"Pantograph"}],"event_choices":[{"cards_removed":["Strike_R"],"damage_healed":0.0,"max_hp_gain":0.0,"max_hp_loss":0.0,"gold_gain":0.0,"event_name":"Purifier","player_choice":"Purged","floor":5.0,"gold_loss":0.0,"damage_taken":0.0},{"damage_healed":0,"gold_gain":0,"player_choice":"Forge","damage_taken":0,"max_hp_gain":0,"max_hp_loss":0,"event_name":"Accursed Blacksmith","floor":21,"gold_loss":0,"cards_upgraded":["Demon Form"]},{"cards_removed":["Defend_R"],"damage_healed":0,"gold_gain":0,"player_choice":"Offered Basic","damage_taken":0,"max_hp_gain":0,"max_hp_loss":0,"event_name":"Bonfire Elementals","floor":42,"gold_loss":0}],"is_beta":false,"boss_relics":[{"not_picked":["SacredBark","Astrolabe"],"picked":"AT_TrinityForce"},{"not_picked":["Runic Dome","Replay:Ancient Bell"],"picked":"Painkiller Herb"}],"items_purged_floors":[],"is_endless":false,"potions_floor_spawned":[1,4,8,12,16,22,23,33,35,44,47,48],"ascension_level":1}}