{"host":"bgyhjzqafgkxdxsh","time":1612762253,"event":{"mods":["BaseMod","Colored Map","Minty Spire (QoL Compilation)","Relic Stats","StSLib","everything is the same but u backflip on backflip"],"gold_per_floor":[116,130,143,143,143,169,169,198,198,233,408,84,116,133,133,237,237,252,252,212,232,311,311,342,342,342,374,392,423,423,423,423,520,520,535,535,548,548,57,57,67,97,122,122,140,160,193,193,193,193,193,193,18,49,49],"floor_reached":56,"language":"ENG","playtime":3077,"items_purged":["Doubt","Endless Agony+1","Slice+1"],"score":1872,"play_id":"e8e11802-3c14-40eb-8e9c-be064535f5fd","local_time":"20210208153053","is_ascension_mode":true,"campfire_choices":[{"data":"Crippling Poison","floor":7,"key":"SMITH"},{"data":"Catalyst","floor":15,"key":"SMITH"},{"data":"Bouncing Flask","floor":23,"key":"SMITH"},{"data":"Crippling Poison","floor":25,"key":"SMITH"},{"data":"Dodge and Roll","floor":30,"key":"SMITH"},{"data":"Footwork","floor":32,"key":"SMITH"},{"data":"Distraction","floor":40,"key":"SMITH"},{"floor":49,"key":"RECALL"},{"data":"Leg Sweep","floor":52,"key":"SMITH"}],"circlet_count":0,"master_deck":["AscendersBane","Survivor","Neutralize+1","Deadly Poison","Crippling Poison+1","Blade Dance","Footwork+1","Crippling Poison+1","Venomology+1","Catalyst+1","Dodge and Roll+1","Bouncing Flask+1","Escape Plan","Die Die Die+1","Leg Sweep+1","Blade Dance","Blur","Catalyst+1","Deadly Poison","Adrenaline","Quick Slash+1","Masterful Stab+1","Dodge and Roll","Heel Hook+1","PiercingWail","Glass Knife+1","Distraction+1","Flash of Steel+1","Catalyst+1","Catalyst+1"],"relics":["Ring of the Snake","Strawberry","Molten Egg 2","Toy Ornithopter","Meat on the Bone","Ancient Tea Set","Tiny Chest","WristBlade","Whetstone","White Beast Statue","Oddly Smooth Stone","Question Card","Nilry\u0027s Codex","Pandora\u0027s Box","Vajra","Bag of Preparation","Bird Faced Urn","Happy Flower","Regal Pillow","Bag of Marbles","Art of War"],"acts_visited":["Exordium","TheCity","TheBeyond","TheEnding"],"potions_floor_usage":[10,13,13,14,14,16,18,21,24,27,27,28,29,29,33,33,35,35,37,37,41,41,42,42,45,45,46,46,47,47,50,50,50,54,55,55,55,55,55],"damage_taken":[{"damage":1,"enemies":"Small Slimes","floor":1,"turns":5},{"damage":2,"enemies":"Jaw Worm","floor":2,"turns":5},{"damage":2,"enemies":"Cultist","floor":3,"turns":4},{"damage":21,"enemies":"Lagavulin","floor":6,"turns":9},{"damage":37,"enemies":"3 Sentries","floor":8,"turns":11},{"damage":3,"enemies":"Lagavulin","floor":10,"turns":6},{"damage":16,"enemies":"3 Sentries","floor":13,"turns":7},{"damage":0,"enemies":"Red Slaver","floor":14,"turns":4},{"damage":18,"enemies":"Hexaghost","floor":16,"turns":5},{"damage":1,"enemies":"Chosen","floor":18,"turns":4},{"damage":9,"enemies":"Shell Parasite","floor":21,"turns":3},{"damage":21,"enemies":"Book of Stabbing","floor":24,"turns":5},{"damage":19,"enemies":"Slavers","floor":27,"turns":5},{"damage":18,"enemies":"Snake Plant","floor":28,"turns":2},{"damage":0,"enemies":"Gremlin Leader","floor":29,"turns":3},{"damage":24,"enemies":"Collector","floor":33,"turns":7},{"damage":4,"enemies":"3 Shapes","floor":35,"turns":3},{"damage":9,"enemies":"3 Darklings","floor":37,"turns":6},{"damage":12,"enemies":"Writhing Mass","floor":41,"turns":5},{"damage":15,"enemies":"Nemesis","floor":42,"turns":3},{"damage":13,"enemies":"Maw","floor":45,"turns":3},{"damage":0,"enemies":"3 Darklings","floor":46,"turns":2},{"damage":2,"enemies":"Giant Head","floor":47,"turns":4},{"damage":84,"enemies":"Awakened One","floor":50,"turns":13},{"damage":45,"enemies":"Shield and Spear","floor":54,"turns":5},{"damage":36,"enemies":"The Heart","floor":55,"turns":5}],"seed_played":"-6074052565156761295","potions_obtained":[{"floor":0,"key":"SneckoOil"},{"floor":0,"key":"Dexterity Potion"},{"floor":0,"key":"Block Potion"},{"floor":10,"key":"Explosive Potion"},{"floor":13,"key":"LiquidBronze"},{"floor":14,"key":"CunningPotion"},{"floor":24,"key":"Strength Potion"},{"floor":27,"key":"GamblersBrew"},{"floor":28,"key":"SteroidPotion"},{"floor":29,"key":"Explosive Potion"},{"floor":33,"key":"SkillPotion"},{"floor":35,"key":"FearPotion"},{"floor":37,"key":"Explosive Potion"},{"floor":41,"key":"BlessingOfTheForge"},{"floor":42,"key":"DistilledChaos"},{"floor":45,"key":"Weak Potion"},{"floor":46,"key":"Fire Potion"},{"floor":47,"key":"LiquidBronze"},{"floor":54,"key":"EntropicBrew"}],"is_trial":false,"path_per_floor":["M","M","M","?","?","E","R","E","T","E","?","$","E","M","R","B",null,"M","?","?","M","T","R","E","R","T","E","M","E","R","?","R","B",null,"M","?","M","?","$","R","M","E","T","T","M","M","E","?","R","B",null,"R","$","E","B",null],"character_chosen":"THE_SILENT","items_purchased":["Catalyst","Ancient Tea Set","Dodge and Roll","Vajra","Bag of Preparation","Flash of Steel+1","Strength Potion"],"campfire_rested":0,"item_purchase_floors":[12,12,12,39,39,39,53],"current_hp_per_floor":[62,60,58,58,63,49,49,12,12,14,14,14,20,42,42,41,72,76,76,76,72,72,72,56,56,56,47,46,56,56,40,40,38,71,77,77,73,73,73,73,71,66,66,66,63,73,82,82,82,28,69,69,69,43,46],"gold":49,"neow_bonus":"THREE_SMALL_POTIONS","is_daily":false,"chose_seed":false,"campfire_upgraded":8,"win_rate":0.0,"timestamp":1612762253,"path_taken":["M","M","M","?","?","E","R","E","T","E","?","$","E","M","R","BOSS","M","?","?","?","?","R","E","R","T","E","M","E","R","?","R","BOSS","M","?","M","?","$","R","M","E","T","?","?","M","E","?","R","BOSS","R","$","E","BOSS"],"items_purchased_type":["Card","Relic","Card","Relic","Relic","Card","Potion"],"build_version":"2020-12-22","purchased_purges":3,"victory":true,"max_hp_per_floor":[70,70,70,70,75,82,82,82,82,82,82,82,82,82,82,82,82,82,82,82,82,82,82,82,82,82,82,82,82,82,82,82,82,82,82,82,82,82,82,82,82,82,82,82,82,82,82,82,82,82,82,82,82,82,82],"relic_stats":{"Regal Pillow":0,"Happy Flower":[10],"counters":[26,134],"Bag of Preparation":[16],"Whetstone":["Strike_G","Strike_G"],"Question Card":9,"Bird Faced Urn":[11],"Tiny Chest":2,"Pandora\u0027s Box":["Quick Slash","Masterful Stab","Dodge and Roll","Endless Agony","Heel Hook","Choke","Tactician","PiercingWail","Glass Knife","Distraction"],"Art of War":[3],"obtain_stats":[{"Regal Pillow":44,"Happy Flower":43,"Nilry\u0027s Codex":31,"Oddly Smooth Stone":27,"Vajra":39,"Bag of Preparation":39,"Whetstone":24,"Ancient Tea Set":12,"Question Card":29,"White Beast Statue":26,"WristBlade":17,"Strawberry":6,"Bird Faced Urn":42,"Molten Egg 2":8,"Tiny Chest":13,"Pandora\u0027s Box":34,"Bag of Marbles":47,"Art of War":54,"Toy Ornithopter":9,"Ring of the Snake":0,"Meat on the Bone":10},{"Regal Pillow":20,"Happy Flower":20,"Nilry\u0027s Codex":15,"Oddly Smooth Stone":13,"Vajra":18,"Bag of Preparation":18,"Whetstone":12,"Ancient Tea Set":6,"Question Card":15,"White Beast Statue":12,"WristBlade":9,"Strawberry":4,"Bird Faced Urn":20,"Molten Egg 2":5,"Tiny Chest":7,"Pandora\u0027s Box":16,"Bag of Marbles":23,"Art of War":25,"Toy Ornithopter":5,"Ring of the Snake":0,"Meat on the Bone":6},{"Regal Pillow":102,"Happy Flower":102,"Nilry\u0027s Codex":78,"Oddly Smooth Stone":73,"Vajra":94,"Bag of Preparation":94,"Whetstone":68,"Ancient Tea Set":40,"Question Card":78,"White Beast Statue":68,"WristBlade":56,"Strawberry":23,"Bird Faced Urn":102,"Molten Egg 2":34,"Tiny Chest":47,"Pandora\u0027s Box":85,"Bag of Marbles":111,"Art of War":129,"Toy Ornithopter":34,"Ring of the Snake":0,"Meat on the Bone":40}],"Toy Ornithopter":187,"Ring of the Snake":[52],"Meat on the Bone":96},"card_choices":[{"not_picked":["Dagger Throw","Calculated Gamble"],"picked":"Deadly Poison","floor":1},{"not_picked":["Dagger Spray","Prepared"],"picked":"Crippling Poison","floor":2},{"not_picked":["Dagger Throw","Bane"],"picked":"Blade Dance","floor":3},{"not_picked":["Acrobatics","Dagger Throw"],"picked":"Footwork","floor":6},{"not_picked":["Deflect","Dodge and Roll"],"picked":"Crippling Poison","floor":8},{"not_picked":["Expertise","Eviscerate+1"],"picked":"Venomology","floor":10},{"not_picked":["Die Die Die+1","Setup"],"picked":"Bouncing Flask","floor":13},{"not_picked":["Blade Dance","Terror"],"picked":"Escape Plan","floor":14},{"not_picked":["Night Terror","Unload+1"],"picked":"Die Die Die+1","floor":16},{"not_picked":["Eviscerate+1","Dagger Throw+1"],"picked":"Leg Sweep","floor":18},{"not_picked":["Masterful Stab+1","Blade Dance"],"picked":"Blur","floor":21},{"not_picked":["Underhanded Strike+1","Dash+1"],"picked":"Catalyst+1","floor":24},{"not_picked":["Blade Dance","Phantasmal Killer","Predator+1"],"picked":"SKIP","floor":27},{"not_picked":["Acrobatics","Flying Knee+1","Backflip"],"picked":"SKIP","floor":28},{"not_picked":["Accuracy+1","Night Terror"],"picked":"Deadly Poison","floor":29},{"not_picked":["Corpse Explosion","Phantasmal Killer","Grand Finale+1"],"picked":"Adrenaline","floor":33},{"not_picked":["Predator+1","Blade Dance","Bane+1","Outmaneuver+1"],"picked":"SKIP","floor":35},{"not_picked":["Deadly Poison","Tactician+1","Backstab+1","Dagger Spray+1"],"picked":"SKIP","floor":37},{"not_picked":["Eviscerate+1","All Out Attack+1","Quick Slash+1","Flying Knee+1"],"picked":"SKIP","floor":41},{"not_picked":["Escape Plan+1","Infinite Blades","Crippling Poison+1"],"picked":"Catalyst+1","floor":42},{"not_picked":["Underhanded Strike+1","Slice+1","PiercingWail+1","Sucker Punch+1"],"picked":"SKIP","floor":45},{"not_picked":["Reflex+1","Backflip+1","Dodge and Roll"],"picked":"Catalyst+1","floor":46},{"not_picked":["Underhanded Strike+1","Dodge and Roll","Quick Slash+1","Distraction"],"picked":"SKIP","floor":47},{"not_picked":["Dagger Spray+1","Corpse Explosion","Blade Dance","Outmaneuver+1"],"picked":"SKIP","floor":54}],"player_experience":475307,"relics_obtained":[{"floor":6,"key":"Strawberry"},{"floor":8,"key":"Molten Egg 2"},{"floor":9,"key":"Toy Ornithopter"},{"floor":10,"key":"Meat on the Bone"},{"floor":13,"key":"Tiny Chest"},{"floor":24,"key":"Whetstone"},{"floor":26,"key":"White Beast Statue"},{"floor":27,"key":"Oddly Smooth Stone"},{"floor":29,"key":"Question Card"},{"floor":31,"key":"Nilry\u0027s Codex"},{"floor":42,"key":"Bird Faced Urn"},{"floor":43,"key":"Happy Flower"},{"floor":44,"key":"Regal Pillow"},{"floor":47,"key":"Bag of Marbles"},{"floor":54,"key":"Art of War"}],"event_choices":[{"damage_healed":0,"gold_gain":0,"player_choice":"Grow","damage_taken":0,"max_hp_gain":0,"max_hp_loss":0,"event_name":"Living Wall","floor":4,"gold_loss":0,"cards_upgraded":["Neutralize"]},{"damage_healed":0,"gold_gain":0,"player_choice":"Donut","damage_taken":0,"max_hp_gain":5,"max_hp_loss":0,"event_name":"Big Fish","floor":5,"gold_loss":0},{"damage_healed":0,"gold_gain":175,"player_choice":"AGREE","damage_taken":0,"max_hp_gain":0,"max_hp_loss":0,"event_name":"Liars Game","floor":11,"gold_loss":0,"cards_obtained":["Doubt"]},{"damage_healed":0,"gold_gain":0,"player_choice":"Read","damage_taken":0,"max_hp_gain":0,"max_hp_loss":0,"event_name":"The Library","floor":19,"gold_loss":0,"cards_obtained":["Blade Dance"]},{"damage_healed":0,"gold_gain":0,"player_choice":"Upgrade","damage_taken":0,"max_hp_gain":0,"max_hp_loss":0,"event_name":"Designer","floor":20,"gold_loss":40,"cards_upgraded":["Venomology"]},{"damage_healed":0,"gold_gain":0,"player_choice":"Obtained Book","damage_taken":16,"max_hp_gain":0,"max_hp_loss":0,"event_name":"Cursed Tome","floor":31,"gold_loss":0},{"damage_healed":0,"gold_gain":0,"player_choice":"Ignored","damage_taken":0,"max_hp_gain":0,"max_hp_loss":0,"event_name":"Tomb of Lord Red Mask","floor":36,"gold_loss":0},{"damage_healed":0,"gold_gain":0,"cards_transformed":["Tactician"],"player_choice":"Transformed","damage_taken":0,"max_hp_gain":0,"max_hp_loss":0,"event_name":"Transmorgrifier","floor":38,"gold_loss":0,"cards_obtained":["Slice"]},{"cards_removed":["Choke"],"damage_healed":0,"gold_gain":0,"player_choice":"Offered Uncommon","damage_taken":0,"max_hp_gain":0,"max_hp_loss":0,"event_name":"Bonfire Elementals","floor":48,"gold_loss":0}],"is_beta":false,"boss_relics":[{"not_picked":["Sozu","Snecko Eye"],"picked":"WristBlade"},{"not_picked":["Empty Cage","Fusion Hammer"],"picked":"Pandora\u0027s Box"}],"items_purged_floors":[12,39,53],"is_endless":false,"potions_floor_spawned":[2,10,13,14,16,24,27,28,29,33,35,37,41,42,45,46,47,54],"ascension_level":11}}