{"host":"neeznpvpgo0qgfkd","time":1612800101,"event":{"mods":["AchievementEnabler","BaseMod","BetterRewards","Colored Map","Colored Powertips","Exacting","Minty Spire (QoL Compilation)","Permanent Neow","Quick Restart","Shop Mod"],"gold_per_floor":[115,115,104,114,124,155,171,196,249,249,275,295,312,339,339,444,444,460,460,493,506,525,559,559,437,461,461,475,435,463,479,479,479,479],"floor_reached":33,"language":"ENG","playtime":3448,"items_purged":[],"score":505,"play_id":"7f1d7359-f052-48bf-b6fa-c894c8a98866","local_time":"20210208110141","is_ascension_mode":true,"campfire_choices":[{"data":"Demon Form","floor":10.0,"key":"SMITH"},{"floor":15.0,"key":"RECALL"},{"data":"Armaments","floor":24,"key":"SMITH"},{"data":"Limit Break","floor":27,"key":"SMITH"},{"data":"Pummel","floor":32,"key":"SMITH"}],"circlet_count":0,"master_deck":["Strike_R","Strike_R","Strike_R","Strike_R","Strike_R","Defend_R","Defend_R+1","Defend_R","Defend_R","Bash","Flex","Sword Boomerang","Flame Barrier+1","Flex","Armaments+1","Thunderclap","Flex","Iron Wave","Sword Boomerang","Demon Form+1","Rage","Iron Wave","Pummel+1","Limit Break+1","Flex+1","Uppercut+1","Shrug It Off+1","Trip+1","Twin Strike"],"relics":["Burning Blood","Membership Card","Gambling Chip","Self Forming Clay","Bronze Scales","OrangePellets","CaptainsWheel","Eternal Feather","Mercury Hourglass","Ancient Tea Set","Matryoshka","Coffee Dripper","Akabeko","Happy Flower","Anchor","Regal Pillow","War Paint"],"acts_visited":["Exordium","TheCity"],"potions_floor_usage":[16,16,20,23,23],"damage_taken":[{"damage":13.0,"enemies":"2 Louse","floor":1.0,"turns":1.0},{"damage":0.0,"enemies":"Cultist","floor":4.0,"turns":3.0},{"damage":7.0,"enemies":"Jaw Worm","floor":5.0,"turns":3.0},{"damage":8.0,"enemies":"Lagavulin","floor":6.0,"turns":5.0},{"damage":11.0,"enemies":"Looter","floor":7.0,"turns":2.0},{"damage":7.0,"enemies":"Gremlin Nob","floor":8.0,"turns":4.0},{"damage":10.0,"enemies":"3 Sentries","floor":11.0,"turns":5.0},{"damage":2.0,"enemies":"Red Slaver","floor":12.0,"turns":4.0},{"damage":0.0,"enemies":"2 Fungi Beasts","floor":13.0,"turns":2.0},{"damage":35.0,"enemies":"Gremlin Nob","floor":14.0,"turns":5.0},{"damage":0,"enemies":"Slime Boss","floor":16,"turns":5},{"damage":18,"enemies":"3 Byrds","floor":18,"turns":2},{"damage":2,"enemies":"Chosen","floor":20,"turns":3},{"damage":23,"enemies":"Snake Plant","floor":21,"turns":4},{"damage":23,"enemies":"Centurion and Healer","floor":22,"turns":3},{"damage":40,"enemies":"Slavers","floor":23,"turns":5},{"damage":7,"enemies":"Chosen and Byrds","floor":28,"turns":2},{"damage":5,"enemies":"Book of Stabbing","floor":30,"turns":3},{"damage":13,"enemies":"Snecko","floor":31,"turns":3},{"damage":67,"enemies":"Automaton","floor":33,"turns":6}],"seed_played":"-1319825709701959940","potions_obtained":[{"floor":5.0,"key":"FearPotion"},{"floor":6.0,"key":"Explosive Potion"},{"floor":11.0,"key":"ElixirPotion"},{"floor":13.0,"key":"SteroidPotion"},{"floor":16,"key":"SteroidPotion"},{"floor":20,"key":"Energy Potion"},{"floor":22,"key":"Fruit Juice"},{"floor":28,"key":"Strength Potion"},{"floor":30,"key":"BlessingOfTheForge"}],"is_trial":false,"path_per_floor":["M","?","$","M","M","E","M","E","T","R","E","M","M","E","R","B",null,"M","?","M","M","M","E","R","$","T","R","M","?","E","M","R","B"],"character_chosen":"IRONCLAD","items_purchased":["Membership Card","Self Forming Clay","Bronze Scales","OrangePellets","Flex","Sword Boomerang","Flame Barrier","Flex","Happy Flower","Trip"],"campfire_rested":0,"item_purchase_floors":[0,0,0,0,0,0,0,3,25,25],"current_hp_per_floor":[65,65,65,71,70,68,63,62,62,74,70,74,80,51,63,71,79,67,67,71,54,37,8,23,23,23,38,37,37,38,31,46,0,0],"gold":479,"neow_bonus":"","is_daily":false,"chose_seed":false,"campfire_upgraded":4,"win_rate":0.0,"timestamp":1612800101,"path_taken":["M","?","$","M","M","E","?","E","T","R","E","M","M","E","R","BOSS","M","?","M","M","M","E","R","$","T","R","M","?","E","?","R","BOSS"],"items_purchased_type":["Relic","Relic","Relic","Relic","Card","Card","Card","Card","Relic","Card"],"build_version":"2020-12-22","purchased_purges":0,"victory":false,"max_hp_per_floor":[80,80,80,80,80,80,80,80,80,80,80,80,80,80,80,82,82,82,82,82,82,82,87,87,87,87,87,87,87,87,87,87,87,87],"card_choices":[{"not_picked":["Bloodletting","Uppercut","Sentinel"],"picked":"SKIP","floor":1.0},{"not_picked":["Clash","Clothesline"],"picked":"Armaments","floor":4.0},{"not_picked":["Pommel Strike","Metallicize"],"picked":"Thunderclap","floor":4.0},{"not_picked":["True Grit","Armaments"],"picked":"Flex","floor":5.0},{"not_picked":["Pommel Strike","Entrench"],"picked":"Iron Wave","floor":6.0},{"not_picked":["Heavy Blade","Dual Wield"],"picked":"Sword Boomerang","floor":7.0},{"not_picked":["Reaper","Flex"],"picked":"Demon Form","floor":8.0},{"not_picked":["Hemokinesis","Clash"],"picked":"Rage","floor":11.0},{"not_picked":["Armaments","Hemokinesis","Perfected Strike"],"picked":"SKIP","floor":12.0},{"not_picked":["Wild Strike","Sentinel"],"picked":"Iron Wave","floor":13.0},{"not_picked":["Second Wind","Clothesline"],"picked":"Pummel","floor":14.0},{"not_picked":["Exhume","Feed"],"picked":"Limit Break","floor":16},{"not_picked":["Wild Strike","Clash","Clothesline"],"picked":"SKIP","floor":18},{"not_picked":["Battle Trance","Clothesline","Entrench"],"picked":"SKIP","floor":20},{"not_picked":["Clothesline+1","Shockwave"],"picked":"Flex+1","floor":21},{"not_picked":["Havoc+1","Shrug It Off"],"picked":"Uppercut+1","floor":22},{"not_picked":["Dark Embrace","Second Wind"],"picked":"Shrug It Off+1","floor":23},{"not_picked":["Sentinel","Havoc","Headbutt"],"picked":"SKIP","floor":28},{"not_picked":["Dual Wield","Headbutt"],"picked":"Twin Strike","floor":30},{"not_picked":["Wild Strike","Thunderclap","Seeing Red"],"picked":"SKIP","floor":31}],"player_experience":1335994,"relics_obtained":[{"floor":6.0,"key":"Eternal Feather"},{"floor":8.0,"key":"Mercury Hourglass"},{"floor":11.0,"key":"Ancient Tea Set"},{"floor":14.0,"key":"Matryoshka"},{"floor":23,"key":"Akabeko"},{"floor":26,"key":"Anchor"},{"floor":26,"key":"Regal Pillow"},{"floor":30,"key":"War Paint"}],"event_choices":[{"damage_healed":0.0,"max_hp_gain":0.0,"max_hp_loss":0.0,"gold_gain":0.0,"event_name":"Transmorgrifier","player_choice":"Ignored","floor":2.0,"gold_loss":0.0,"damage_taken":0.0},{"damage_healed":0,"gold_gain":0,"player_choice":"Ignored","damage_taken":0,"max_hp_gain":0,"max_hp_loss":0,"event_name":"Ghosts","floor":19,"gold_loss":0},{"damage_healed":0,"gold_gain":0,"player_choice":"Upgrade","damage_taken":0,"max_hp_gain":0,"max_hp_loss":0,"event_name":"Designer","floor":29,"gold_loss":40,"cards_upgraded":["Flame Barrier"]}],"is_beta":false,"boss_relics":[{"not_picked":["Runic Dome","Mark of Pain"],"picked":"Coffee Dripper"}],"items_purged_floors":[],"is_endless":false,"potions_floor_spawned":[5,6,11,13,20,22,28,30],"killed_by":"Automaton","ascension_level":6}}