{"host":"o9lehcdjc4u6j9un","time":1612796671,"event":{"mods":["BaseMod","Better-Laid Plans","Colored Map","Downfall","Hermit","Koishi","Marisa£®ÏF”Í°°ƒß¿Ì…≥£©","Minty Spire (QoL Compilation)","Reimu£®≤©¿ˆ¡È√Œ£©","Remilia£®¿Ÿ√◊¿Ú—«£©","StSLib","The Alterego","The Runesmith","The Senshi","Youmu£®ªÍ∆«—˝√Œ£©"],"gold_per_floor":[111,126,51,64,75,109,132,144,156,201,230,242,242],"floor_reached":12,"language":"ZHS","playtime":2043,"items_purged":["alterego_mod:Defend"],"score":117,"play_id":"601cc3d1-856f-4f46-b5b8-56de11d54840","local_time":"20210208230431","is_ascension_mode":false,"campfire_choices":[{"floor":8,"key":"REST"}],"circlet_count":0,"master_deck":["alterego_mod:Strike","alterego_mod:Strike","alterego_mod:Strike","alterego_mod:Strike","alterego_mod:Defend","alterego_mod:Defend","alterego_mod:Defend","alterego_mod:Impale","alterego_mod:BigMeatyClaws","alterego_mod:BrynhildrsRune","alterego_mod:Clones","alterego_mod:BustOut","alterego_mod:DeftHands","alterego_mod:Jiggle","alterego_mod:TrashNCrash","alterego_mod:Complex","alterego_mod:Complex","alterego_mod:Birthday"],"relics":["alterego_mod:MasochisticConstitution","MawBank","White Beast Statue","Peace Pipe"],"acts_visited":["Exordium"],"potions_floor_usage":[5,7,12],"damage_taken":[{"damage":3,"enemies":"2 Louse","floor":1,"turns":3},{"damage":3,"enemies":"Jaw Worm","floor":2,"turns":5},{"damage":3,"enemies":"Cultist","floor":4,"turns":3},{"damage":17,"enemies":"Lots of Slimes","floor":5,"turns":9},{"damage":63,"enemies":"3 Sentries","floor":6,"turns":18},{"damage":3,"enemies":"3 Louse","floor":7,"turns":8},{"damage":33,"enemies":"Gremlin Nob","floor":10,"turns":5},{"damage":22,"enemies":"Blue Slaver","floor":11,"turns":6},{"damage":26,"enemies":"3 Sentries","floor":12,"turns":6}],"seed_played":"3264787119186507799","potions_obtained":[{"floor":4,"key":"SpeedPotion"},{"floor":7,"key":"Fruit Juice"},{"floor":10,"key":"Energy Potion"},{"floor":11,"key":"GamblersBrew"}],"is_trial":false,"path_per_floor":["M","M","$","M","M","E","M","R","T","E","M","E"],"character_chosen":"The_Alterego","items_purchased":[],"campfire_rested":1,"item_purchase_floors":[],"current_hp_per_floor":[75,73,73,71,81,19,43,69,69,44,23,0,0],"gold":242,"neow_bonus":"TEN_PERCENT_HP_BONUS","is_daily":false,"chose_seed":false,"campfire_upgraded":0,"win_rate":0.0,"timestamp":1612796671,"path_taken":["M","M","$","M","M","E","M","R","T","E","M","E"],"items_purchased_type":[],"build_version":"2020-12-22","purchased_purges":1,"victory":false,"max_hp_per_floor":[78,79,79,80,81,82,88,88,88,89,90,90,90],"card_choices":[{"not_picked":["alterego_mod:Maid","alterego_mod:Table"],"picked":"alterego_mod:Clones","floor":1},{"not_picked":["alterego_mod:BoobPocket","alterego_mod:Santa"],"picked":"alterego_mod:BustOut","floor":2},{"not_picked":["alterego_mod:Cycle","alterego_mod:Table"],"picked":"alterego_mod:DeftHands","floor":4},{"not_picked":["alterego_mod:1TonWallop","alterego_mod:Skirt"],"picked":"alterego_mod:Jiggle","floor":5},{"not_picked":["alterego_mod:Lift","alterego_mod:BiFurious"],"picked":"alterego_mod:TrashNCrash","floor":6},{"not_picked":["alterego_mod:Nekomimi","alterego_mod:Belts"],"picked":"alterego_mod:Complex","floor":7},{"not_picked":["alterego_mod:BustOut","alterego_mod:GachaTicket"],"picked":"alterego_mod:Complex","floor":10},{"not_picked":["alterego_mod:Rip","alterego_mod:GoddessCore"],"picked":"alterego_mod:Birthday","floor":11}],"player_experience":147591,"relics_obtained":[{"floor":6,"key":"MawBank"},{"floor":9,"key":"White Beast Statue"},{"floor":10,"key":"Peace Pipe"}],"event_choices":[],"is_beta":false,"boss_relics":[],"items_purged_floors":[3],"is_endless":false,"potions_floor_spawned":[4,7,10,11],"killed_by":"3 Sentries","ascension_level":0}}