{"host":"hm2va3obgs5yv0m7","time":1612751561,"event":{"mods":["AchievementEnabler","Act Like it!","BaseMod","Conspire","Infinite Spire","Marisa（F雨　魔理沙）","Minty Spire (QoL Compilation)","Prisma Mod","Relic Stats","Replay The Spire","Spicy Shops","StSLib","The Animator","The Cursed","The Servant 0.9.4","WarShipGirlsR/战舰少女R mod"],"gold_per_floor":[166,166,199,199,217,217,249,261,296,338,25,36,36,71,71,168,168,186,186,205,219,235,235,269,285,308,308,321,321,321,355,355,457,457,469,469,469,469,469,469,469,469],"floor_reached":41,"language":"ZHS","playtime":4774,"items_purged":["Strike_P","Strike_P","Strike_P+1"],"score":546,"play_id":"e18950e5-f6b7-4137-9d07-d82c7318f7d4","local_time":"20210208103241","is_ascension_mode":true,"campfire_choices":[{"data":"Alpha","floor":6.0,"key":"SMITH"},{"data":"MasterReality","floor":13.0,"key":"SMITH"},{"data":"LikeWater","floor":15.0,"key":"SMITH"},{"floor":23.0,"key":"RECALL"},{"data":"DevaForm","floor":27.0,"key":"SMITH"},{"data":"Perseverance","floor":30.0,"key":"SMITH"},{"data":"Vigilance","floor":32.0,"key":"SMITH"},{"data":"PathToVictory","floor":40,"key":"SMITH"}],"circlet_count":0,"master_deck":["Defend_P","Defend_P","Defend_P","Defend_P","Vigilance+1","Alpha+1","PathToVictory+1","PathToVictory","MasterReality+1","PathToVictory","LikeWater+1","DeusExMachina","Sanctity+1","Wireheading","DevaForm+1","Perseverance+1","Replay:Cycle","Alpha","Looming Evil"],"relics":["Tiny House","Gremlin Food","MawBank","ReplayTheSpireMod:Shallot","Replay:Towering Pillar of Hats","Orrery","Melange","Strawberry","Coffee Dripper","Garlic","conspire:GiftBox","infinitespire:Lucky Rock","Damaru","Bag of Preparation","Empty Cage","Eternal Feather","Black Star","ReplayTheSpireMod:Ring of Collecting"],"acts_visited":["Exordium","TheCity","TheBeyond"],"potions_floor_usage":[],"damage_taken":[{"damage":6.0,"enemies":"Jaw Worm","floor":1.0,"turns":3.0},{"damage":10.0,"enemies":"conspire:MimicChest","floor":3.0,"turns":4.0},{"damage":7.0,"enemies":"Small Slimes","floor":5.0,"turns":3.0},{"damage":20.0,"enemies":"Gremlin Nob","floor":7.0,"turns":4.0},{"damage":0.0,"enemies":"Lagavulin","floor":10.0,"turns":4.0},{"damage":8.0,"enemies":"Cultist","floor":12.0,"turns":4.0},{"damage":13.0,"enemies":"3 Sentries","floor":14.0,"turns":5.0},{"damage":0.0,"enemies":"Fading Forest","floor":16.0,"turns":10.0},{"damage":21.0,"enemies":"Shell Parasite","floor":18.0,"turns":5.0},{"damage":0.0,"enemies":"3 Byrds","floor":20.0,"turns":4.0},{"damage":1.0,"enemies":"Cultist and Chosen","floor":21.0,"turns":5.0},{"damage":6.0,"enemies":"Snake Plant","floor":22.0,"turns":4.0},{"damage":10.0,"enemies":"Gremlin Leader","floor":24.0,"turns":5.0},{"damage":0.0,"enemies":"Chosen and Byrds","floor":25.0,"turns":4.0},{"damage":6.0,"enemies":"Cultist and Chosen","floor":28.0,"turns":4.0},{"damage":1.0,"enemies":"Slavers","floor":31.0,"turns":4.0},{"damage":8.0,"enemies":"Automaton","floor":33.0,"turns":6.0},{"damage":0.0,"enemies":"3 Shapes","floor":35.0,"turns":3.0},{"damage":88,"enemies":"Nightmare","floor":41,"turns":4}],"seed_played":"-7095916030851984736","potions_obtained":[{"floor":0.0,"key":"FearPotion"},{"floor":1.0,"key":"Block Potion"},{"floor":7.0,"key":"Milkshake"},{"floor":10.0,"key":"Dexterity Potion"},{"floor":16.0,"key":"Dexterity Potion"},{"floor":20.0,"key":"PowerPotion"},{"floor":35.0,"key":"SpeedPotion"}],"is_trial":false,"path_per_floor":["M","?","?","?","M","R","E","?","T","E","$","M","R","E","R","B",null,"M","?","M","M","M","R","E","M","T","R","M","AVR","R","E","R","B",null,"M","AVR","?","?","?","R","NM"],"character_chosen":"WATCHER","items_purchased":["Orrery","Melange","LikeWater"],"campfire_rested":0,"item_purchase_floors":[11,11,11],"current_hp_per_floor":[71,71,61,61,54,54,34,27,27,27,27,19,19,13,13,23,84,63,63,63,62,56,56,46,46,46,46,40,40,40,39,39,31,84,84,84,84,84,84,84,0,0],"gold":469,"neow_bonus":"BOSS_RELIC","is_daily":false,"chose_seed":false,"campfire_upgraded":7,"win_rate":0.0,"timestamp":1612751561,"path_taken":["M","?","?","?","?","R","E","?","T","E","?","?","R","E","R","BOSS","M","?","M","?","M","R","E","M","T","R","M","AVR","R","E","R","BOSS","M","AVR","?","?","?","R","NM"],"items_purchased_type":["Relic","Relic","Card"],"build_version":"2020-12-22","purchased_purges":3,"victory":false,"max_hp_per_floor":[77,77,77,77,77,77,77,77,77,77,77,77,77,84,84,84,84,84,84,84,84,84,84,84,84,84,84,84,84,84,84,84,84,84,84,84,84,84,84,84,84,84],"relic_stats":{"counters":[19,85],"Melange":[45],"Eternal Feather":0,"Bag of Preparation":[6],"Black Star":0,"MawBank":48,"obtain_stats":[{"Gremlin Food":3,"Tiny House":0,"Replay:Towering Pillar of Hats":10,"Melange":11,"Damaru":29,"Eternal Feather":36,"Bag of Preparation":31,"infinitespire:Lucky Rock":26,"MawBank":7,"Empty Cage":34,"conspire:GiftBox":24,"ReplayTheSpireMod:Shallot":8,"Strawberry":14,"ReplayTheSpireMod:Ring of Collecting":38,"Orrery":11,"Coffee Dripper":17,"Garlic":19,"Black Star":36,"PureWater":0},{"Gremlin Food":2,"Tiny House":0,"Replay:Towering Pillar of Hats":5,"Melange":5,"Damaru":15,"Eternal Feather":18,"Bag of Preparation":16,"infinitespire:Lucky Rock":14,"MawBank":4,"Empty Cage":17,"conspire:GiftBox":13,"ReplayTheSpireMod:Shallot":4,"Strawberry":7,"ReplayTheSpireMod:Ring of Collecting":18,"Orrery":5,"Coffee Dripper":8,"Garlic":9,"Black Star":18,"PureWater":0},{"Gremlin Food":7,"Tiny House":0,"Replay:Towering Pillar of Hats":18,"Melange":18,"Damaru":68,"Eternal Feather":81,"Bag of Preparation":72,"infinitespire:Lucky Rock":64,"MawBank":14,"Empty Cage":78,"conspire:GiftBox":60,"ReplayTheSpireMod:Shallot":14,"Strawberry":27,"ReplayTheSpireMod:Ring of Collecting":81,"Orrery":18,"Coffee Dripper":37,"Garlic":42,"Black Star":81,"PureWater":0}]},"card_choices":[{"not_picked":["BowlingBash","ClearTheMind"],"picked":"SandsOfTime","floor":0.0},{"not_picked":["Replay:Cycle","EmptyBody","BattleHymn"],"picked":"SKIP","floor":1.0},{"not_picked":[],"picked":"Alpha","floor":2.0},{"not_picked":["Scrawl","JustLucky"],"picked":"PathToVictory","floor":5.0},{"not_picked":["Worship","Consecrate"],"picked":"PathToVictory","floor":7.0},{"not_picked":["PathToVictory","Collect"],"picked":"MasterReality","floor":10.0},{"not_picked":["FlyingSleeves","Blasphemy"],"picked":"PathToVictory","floor":11.0},{"not_picked":["Replay:Battleflow","ForeignInfluence","Replay:AtTheReady"],"picked":"SKIP","floor":12.0},{"not_picked":["Tantrum","Crescendo","Wireheading"],"picked":"SKIP","floor":14.0},{"not_picked":["ConjureBlade","Judgement"],"picked":"DeusExMachina","floor":16.0},{"not_picked":["FollowUp","Replay:ManipulateFuture+1"],"picked":"Sanctity","floor":18.0},{"not_picked":["SandsOfTime","Evaluate"],"picked":"Wireheading","floor":20.0},{"not_picked":["Replay:ManipulateFuture","EmptyBody","Wireheading"],"picked":"SKIP","floor":21.0},{"not_picked":["Replay:Vibes+1","Scrawl","Protect"],"picked":"SKIP","floor":22.0},{"not_picked":["Replay:AllIn","Scrawl"],"picked":"DevaForm","floor":24.0},{"not_picked":["Vengeance","Evaluate+1"],"picked":"Perseverance","floor":24.0},{"not_picked":["BowlingBash","Crescendo+1","CarveReality"],"picked":"SKIP","floor":25.0},{"not_picked":["CrushJoints+1","SashWhip"],"picked":"Replay:Cycle","floor":28.0},{"not_picked":["Conclude","Tantrum","EmptyFist"],"picked":"SKIP","floor":31.0},{"not_picked":["Replay:LoomingThreat","Judgement"],"picked":"Alpha","floor":33.0},{"not_picked":["Replay:AtTheReady+1","CutThroughFate+1","MentalFortress"],"picked":"SKIP","floor":35.0}],"player_experience":121169,"relics_obtained":[{"floor":3.0,"key":"Gremlin Food"},{"floor":7.0,"key":"MawBank"},{"floor":10.0,"key":"Replay:Towering Pillar of Hats"},{"floor":14.0,"key":"Strawberry"},{"floor":24.0,"key":"conspire:GiftBox"},{"floor":26.0,"key":"infinitespire:Lucky Rock"},{"floor":31.0,"key":"Bag of Preparation"},{"floor":38,"key":"ReplayTheSpireMod:Ring of Collecting"}],"event_choices":[{"damage_healed":0.0,"max_hp_gain":0.0,"max_hp_loss":0.0,"gold_gain":0.0,"event_name":"The Woman in Blue","player_choice":"Bought 0 Potions","floor":4.0,"gold_loss":0.0,"damage_taken":0.0},{"damage_healed":0.0,"max_hp_gain":0.0,"max_hp_loss":0.0,"gold_gain":0.0,"event_name":"Scrap Ooze","player_choice":"Success","floor":8.0,"gold_loss":0.0,"damage_taken":7.0,"relics_obtained":["ReplayTheSpireMod:Shallot"]},{"cards_removed":["SandsOfTime"],"damage_healed":0.0,"max_hp_gain":0.0,"max_hp_loss":0.0,"gold_gain":0.0,"event_name":"WeMeetAgain","player_choice":"Gave Card","floor":19.0,"gold_loss":0.0,"damage_taken":0.0,"relics_obtained":["Garlic"]},{"damage_healed":0,"gold_gain":0,"player_choice":"Forge","damage_taken":0,"max_hp_gain":0,"max_hp_loss":0,"event_name":"Accursed Blacksmith","floor":39,"gold_loss":0,"cards_upgraded":["Sanctity"]}],"is_beta":false,"boss_relics":[{"not_picked":["ReplayTheSpireMod:SealedPack","ReplayTheSpireMod:DimensionalGlitch"],"picked":"Coffee Dripper"},{"not_picked":["conspire:SeveredTorchhead","Fusion Hammer"],"picked":"Empty Cage"}],"items_purged_floors":[11,29,36],"is_endless":false,"potions_floor_spawned":[1,7,10,16,20,22,24,28,35],"killed_by":"Nightmare","ascension_level":1}}