{"host":"kk6i5v7sjcm8i50x","time":1612823552,"event":{"mods":["BaseMod","Bestiary","Colored Map","Downfall","Minty Spire (QoL Compilation)","StSLib","The Saiyan"],"gold_per_floor":[116,129,304,49,69,99,118,118,118,130,148,162,180,210,210,314,314,333,608,627,647,6,41,41,51,77,87,107,107,107,124,124,124,124],"floor_reached":33,"language":"ENG","playtime":3201,"items_purged":["Doubt","Regret"],"score":275,"play_id":"609153ec-1d5e-4fb4-99d6-23346b69b2fb","local_time":"20210208173232","is_ascension_mode":false,"campfire_choices":[{"data":"Eruption","floor":8,"key":"SMITH"},{"floor":15,"key":"REST"},{"floor":24,"key":"REST"},{"floor":30,"key":"REST"},{"floor":32,"key":"REST"}],"circlet_count":0,"master_deck":["Strike_P","Strike_P","Strike_P","Strike_P","Defend_P+1","Eruption+1","Vigilance+1","Conclude","Consecrate","Worship","FlurryOfBlows","ClearTheMind","WaveOfTheHand","Brilliance","Halt","CarveReality","Alpha","Perseverance+1","Vault+1","BattleHymn+1","Consecrate","Crescendo+1","Chrysalis","Evaluate","CrushJoints","Prostrate+1","InnerPeace"],"relics":["PureWater","Anchor","Toolbox","War Paint","Tiny Chest","Astrolabe","Vajra","Happy Flower","Kunai","Boot","InkBottle"],"acts_visited":["Exordium","TheCity"],"potions_floor_usage":[7,11,16,16,28,33,33],"damage_taken":[{"damage":0,"enemies":"Cultist","floor":1,"turns":5},{"damage":0,"enemies":"2 Louse","floor":2,"turns":2},{"damage":3,"enemies":"Jaw Worm","floor":5,"turns":3},{"damage":18,"enemies":"Lagavulin","floor":6,"turns":5},{"damage":16,"enemies":"Blue Slaver","floor":7,"turns":3},{"damage":5,"enemies":"Lots of Slimes","floor":10,"turns":3},{"damage":7,"enemies":"Large Slime","floor":11,"turns":5},{"damage":1,"enemies":"Red Slaver","floor":12,"turns":4},{"damage":0,"enemies":"Lots of Slimes","floor":13,"turns":3},{"damage":37,"enemies":"The Guardian","floor":16,"turns":7},{"damage":2,"enemies":"Spheric Guardian","floor":18,"turns":3},{"damage":6,"enemies":"Shell Parasite","floor":20,"turns":4},{"damage":6,"enemies":"Cultist and Chosen","floor":21,"turns":4},{"damage":29,"enemies":"Slavers","floor":23,"turns":4},{"damage":28,"enemies":"Snake Plant","floor":25,"turns":5},{"damage":5,"enemies":"Sentry and Sphere","floor":27,"turns":3},{"damage":7,"enemies":"Snecko","floor":28,"turns":5},{"damage":0,"enemies":"Centurion and Healer","floor":31,"turns":4},{"damage":66,"enemies":"Champ","floor":33,"turns":8}],"seed_played":"-92725325640687531","potions_obtained":[{"floor":1,"key":"bronze:BurnAndBuffPotion"},{"floor":7,"key":"Fruit Juice"},{"floor":10,"key":"GamblersBrew"},{"floor":12,"key":"Explosive Potion"},{"floor":13,"key":"Fire Potion"},{"floor":25,"key":"Ancient Potion"}],"is_trial":false,"path_per_floor":["M","M","?","$","M","E","M","R","T","M","M","M","M","?","R","B",null,"M","?","M","M","$","E","R","M","T","M","M","T","R","M","R","B"],"character_chosen":"WATCHER","items_purchased":["Worship","Toolbox","Vajra","Happy Flower","sneckomod:MuddlingPotion","Chrysalis"],"campfire_rested":4,"item_purchase_floors":[4,4,22,22,22,22],"current_hp_per_floor":[72,72,72,72,69,51,40,40,40,35,28,27,27,27,50,13,77,75,75,69,63,63,34,57,29,29,24,17,17,40,40,63,0,0],"gold":124,"neow_bonus":"RANDOM_COMMON_RELIC","is_daily":false,"chose_seed":false,"campfire_upgraded":1,"win_rate":0.0,"timestamp":1612823552,"path_taken":["M","?","?","$","M","E","M","R","T","M","M","M","M","?","R","BOSS","M","?","?","M","$","E","R","M","T","M","M","?","R","M","R","BOSS"],"items_purchased_type":["Card","Relic","Relic","Relic","Potion","Card"],"build_version":"2020-12-22","purchased_purges":2,"victory":false,"max_hp_per_floor":[72,72,72,72,72,72,77,77,77,77,77,77,77,77,77,77,77,77,77,77,77,77,77,77,77,77,77,77,77,77,77,77,77,77],"card_choices":[{"not_picked":["EmptyMind","ClearTheMind"],"picked":"Conclude","floor":1},{"not_picked":["Conclude","ClearTheMind"],"picked":"Consecrate","floor":2},{"not_picked":["WheelKick","BowlingBash"],"picked":"FlurryOfBlows","floor":5},{"not_picked":["ThirdEye","EmptyFist"],"picked":"ClearTheMind","floor":6},{"not_picked":["Protect","Vengeance"],"picked":"WaveOfTheHand","floor":7},{"not_picked":["CutThroughFate","Vengeance"],"picked":"Brilliance","floor":10},{"not_picked":["FlyingSleeves","Perseverance"],"picked":"Halt","floor":11},{"not_picked":["Collect","EmptyBody","BowlingBash"],"picked":"SKIP","floor":12},{"not_picked":["JustLucky","Protect"],"picked":"CarveReality","floor":13},{"not_picked":["Blasphemy","Brilliance"],"picked":"Alpha","floor":16},{"not_picked":["EmptyBody","Vengeance+1","Sanctity"],"picked":"SKIP","floor":18},{"not_picked":["ClearTheMind+1","ThirdEye"],"picked":"Consecrate","floor":20},{"not_picked":["EmptyMind","EmptyFist+1"],"picked":"Crescendo+1","floor":21},{"not_picked":["ClearTheMind","LessonLearned"],"picked":"Evaluate","floor":23},{"not_picked":["CarveReality+1","DeceiveReality"],"picked":"CrushJoints","floor":25},{"not_picked":["Tantrum+1","BowlingBash"],"picked":"Prostrate+1","floor":27},{"not_picked":["Swivel","FlyingSleeves+1"],"picked":"InnerPeace","floor":28},{"not_picked":["EmptyFist","Evaluate","BowlingBash"],"picked":"SKIP","floor":31}],"player_experience":157460,"relics_obtained":[{"floor":6,"key":"War Paint"},{"floor":9,"key":"Tiny Chest"},{"floor":23,"key":"Kunai"},{"floor":26,"key":"Boot"},{"floor":29,"key":"InkBottle"}],"event_choices":[{"damage_healed":0,"gold_gain":175,"player_choice":"AGREE","damage_taken":0,"max_hp_gain":0,"max_hp_loss":0,"event_name":"Liars Game","floor":3,"gold_loss":0,"cards_obtained":["Doubt"]},{"damage_healed":0,"gold_gain":30,"player_choice":"Searched \u00271\u0027 times","damage_taken":0,"max_hp_gain":0,"max_hp_loss":0,"event_name":"Dead Adventurer","floor":14,"gold_loss":0},{"damage_healed":0,"gold_gain":275,"player_choice":"Desecrate","damage_taken":0,"max_hp_gain":0,"max_hp_loss":0,"event_name":"Golden Shrine","floor":19,"gold_loss":0,"cards_obtained":["Regret"]}],"is_beta":false,"boss_relics":[{"not_picked":["Coffee Dripper","Sozu"],"picked":"Astrolabe"}],"items_purged_floors":[4,22],"is_endless":false,"potions_floor_spawned":[1,7,10,12,13,25,27],"killed_by":"Champ","ascension_level":0}}