{"host":"m4pe905ae9bldoe7","time":1612787713,"event":{"mods":["BaseMod","Bestiary","Block Reminder","Downfall","Minty Spire (QoL Compilation)","StSLib"],"gold_per_floor":[119,43,60,60,160,188,205,238,292,292,303,303,303],"floor_reached":12,"language":"ENG","playtime":346,"items_purged":[],"score":158,"play_id":"20fc5ea4-4327-479c-854f-5ac5fd5f72eb","local_time":"20210208133513","is_ascension_mode":true,"campfire_choices":[{"floor":10,"key":"REST"}],"circlet_count":0,"master_deck":["Strike_G","Strike_G","Strike_G","Strike_G","Strike_G","Defend_G+1","Defend_G","Defend_G","Defend_G","Defend_G","Survivor","Neutralize+1","Backstab","Accuracy","downfall:Aged","Doppelganger","Clumsy","Escape Plan","Outmaneuver","Normality","Writhe"],"relics":["Ring of the Snake","NeowsBlessing","downfall:ExtraCursedKey","Darkstone Periapt","Akabeko","Dream Catcher"],"acts_visited":["Exordium"],"potions_floor_usage":[],"damage_taken":[{"damage":0,"enemies":"Cultist","floor":1,"turns":1},{"damage":0,"enemies":"2 Louse","floor":3,"turns":1},{"damage":0,"enemies":"3 Sentries","floor":6,"turns":2},{"damage":2,"enemies":"Small Slimes","floor":7,"turns":3},{"damage":33,"enemies":"Gremlin Nob","floor":8,"turns":6},{"damage":9,"enemies":"2 Fungi Beasts","floor":11,"turns":4},{"damage":43,"enemies":"Lagavulin","floor":12,"turns":9}],"seed_played":"-2335037762465925627","potions_obtained":[{"floor":1,"key":"SmokeBomb"},{"floor":3,"key":"GamblersBrew"},{"floor":6,"key":"SneckoOil"},{"floor":8,"key":"Explosive Potion"}],"is_trial":false,"path_per_floor":["M","$","M","?","?","E","M","E","T","R","M","E"],"character_chosen":"THE_SILENT","items_purchased":["Accuracy"],"campfire_rested":1,"item_purchase_floors":[2],"current_hp_per_floor":[63,63,63,49,49,49,47,14,26,50,41,0,0],"gold":303,"neow_bonus":"THREE_ENEMY_KILL","is_daily":false,"chose_seed":false,"campfire_upgraded":0,"win_rate":0.0,"timestamp":1612787713,"path_taken":["M","$","?","?","?","E","M","E","T","R","M","E"],"items_purchased_type":["Card"],"build_version":"2020-12-22","purchased_purges":0,"victory":false,"max_hp_per_floor":[70,70,70,70,70,70,70,70,82,82,82,82,82],"card_choices":[{"not_picked":["Bouncing Flask","Deadly Poison"],"picked":"Backstab","floor":1},{"not_picked":["Dagger Throw","Poisoned Stab","Deflect"],"picked":"SKIP","floor":3},{"not_picked":["Footwork","Venomology"],"picked":"Escape Plan","floor":6},{"not_picked":["Flying Knee","Dagger Throw","Poisoned Stab"],"picked":"SKIP","floor":7},{"not_picked":["All Out Attack","Concentrate"],"picked":"Outmaneuver","floor":8},{"not_picked":["Bane","Poisoned Stab","Underhanded Strike"],"picked":"SKIP","floor":11}],"player_experience":526404,"relics_obtained":[{"floor":6,"key":"Darkstone Periapt"},{"floor":8,"key":"Akabeko"},{"floor":9,"key":"Dream Catcher"}],"event_choices":[{"damage_healed":0,"gold_gain":0,"player_choice":"Entered Light","damage_taken":14,"max_hp_gain":0,"max_hp_loss":0,"event_name":"Shining Light","floor":4,"gold_loss":0,"cards_upgraded":["Neutralize","Defend_G"]}],"is_beta":false,"boss_relics":[],"items_purged_floors":[],"is_endless":false,"potions_floor_spawned":[1,3,6,8],"killed_by":"Lagavulin","ascension_level":8}}