{"host":"j5shy70asow5koz5","time":1612803820,"event":{"mods":["2.2 Compatiblity","Act Like it!","Arknights","BaseMod","Colored Map","Marisa£¨Ùöéë¡¡Øª×âÞÞ£©","Minty Spire (QoL Compilation)","Prisma Mod","StSLib","SuperFastMode","Td1madao Mod","The Disciple","The Gatherer","The Servant 0.9.4","Waifu the Spire"],"gold_per_floor":[109,109,59,59,69,69,69,81,107,40,69,83,83,102,102,200,200,216,11,11,11,23,50,50,5,5,5,19,19,19,29,29,127,127,140,154,154,173,186,186,219,219,219,45,61,79,79,96,96,96,96],"floor_reached":50,"language":"KOR","playtime":1236,"items_purged":["Strike_G"],"score":517,"play_id":"1d2d3d08-3e1c-4389-9022-08d669c1b464","local_time":"20210209020340","is_ascension_mode":false,"campfire_choices":[{"data":"Poisoned Stab","floor":6.0,"key":"SMITH"},{"data":"Noxious Fumes","floor":15.0,"key":"SMITH"},{"data":"Calculated Gamble","floor":27,"key":"SMITH"},{"data":"Backflip","floor":29,"key":"SMITH"},{"floor":32,"key":"REST"},{"floor":40,"key":"REST"},{"floor":47,"key":"REST"},{"floor":49,"key":"RECALL"}],"circlet_count":0,"master_deck":["Defend_G+1","Defend_G+1","Defend_G+1","Defend_G+1","Defend_G+1","Survivor","Neutralize+1","Dagger Throw+1","Poisoned Stab+1","Backflip+1","Noxious Fumes+1","Deadly Poison","Deadly Poison","Corpse Explosion","Escape Plan","Noxious Fumes+1","Catalyst+1","Calculated Gamble+1","Acrobatics","Bullet Time","Catalyst+1","Madness","Madness","Thinking Ahead"],"relics":["Ring of the Snake","Blood Vial","Frozen Egg 2","The Specimen","Empty Cage","White Beast Statue","Bottled Lightning","Busted Crown","Toy Ornithopter"],"acts_visited":["Exordium","TheCity","TheBeyond"],"potions_floor_usage":[23,33,35,36,41,41,41,41,41,41,45,46,48,50],"damage_taken":[{"damage":5.0,"enemies":"Small Slimes","floor":1.0,"turns":6.0},{"damage":0.0,"enemies":"ats:Genji","floor":5.0,"turns":3.0},{"damage":0.0,"enemies":"2 Louse","floor":8.0,"turns":2.0},{"damage":10.0,"enemies":"3 Sentries","floor":11.0,"turns":9.0},{"damage":1.0,"enemies":"Blue Slaver","floor":12.0,"turns":4.0},{"damage":11.0,"enemies":"Gremlin Gang","floor":14.0,"turns":3.0},{"damage":15.0,"enemies":"Slime Boss","floor":16.0,"turns":10.0},{"damage":5.0,"enemies":"Chosen","floor":18.0,"turns":4.0},{"damage":8,"enemies":"Spheric Guardian","floor":22,"turns":4},{"damage":12,"enemies":"Book of Stabbing","floor":23,"turns":6},{"damage":15,"enemies":"Centurion and Healer","floor":28,"turns":5},{"damage":10,"enemies":"Cultist and Chosen","floor":31,"turns":4},{"damage":19,"enemies":"Collector","floor":33,"turns":5},{"damage":0,"enemies":"3 Shapes","floor":35,"turns":3},{"damage":8,"enemies":"3 Darklings","floor":36,"turns":2},{"damage":35,"enemies":"Spire Growth","floor":38,"turns":4},{"damage":7,"enemies":"Writhing Mass","floor":39,"turns":5},{"damage":32,"enemies":"Nemesis","floor":41,"turns":5},{"damage":0,"enemies":"Maw","floor":45,"turns":5},{"damage":16,"enemies":"3 Darklings","floor":46,"turns":4},{"damage":0,"enemies":"4 Shapes","floor":48,"turns":2},{"damage":44,"enemies":"Time Eater","floor":50,"turns":5}],"seed_played":"-4193355397792051035","potions_obtained":[{"floor":1.0,"key":"GhostInAJar"},{"floor":11.0,"key":"Regen Potion"},{"floor":18.0,"key":"SpeedPotion"},{"floor":28,"key":"SteroidPotion"},{"floor":31,"key":"BlessingOfTheForge"},{"floor":33,"key":"SteroidPotion"},{"floor":35,"key":"DistilledChaos"},{"floor":36,"key":"SteroidPotion"},{"floor":38,"key":"Dexterity Potion"},{"floor":39,"key":"EntropicBrew"},{"floor":41,"key":"CunningPotion"},{"floor":45,"key":"BlessingOfTheForge"},{"floor":46,"key":"LiquidMemories"},{"floor":48,"key":"AttackPotion"}],"is_trial":false,"path_per_floor":["M","?","?","?","M","R","$","M","T","$","E","M","?","M","R","B",null,"M","$","?","?","M","E","?","$","T","R","M","R","$","M","R","B",null,"M","M","?","M","M","R","E","?","T","$","M","M","R","M","R","B"],"character_chosen":"THE_SILENT","items_purchased":["Noxious Fumes","Noxious Fumes+1","Energy Potion","Acrobatics","Thinking Ahead"],"campfire_rested":3,"item_purchase_floors":[10,19,19,25,44],"current_hp_per_floor":[65,65,65,51,51,51,51,51,51,51,43,58,51,42,42,29,70,65,65,65,65,59,49,49,49,49,49,36,36,36,28,49,32,70,70,62,53,20,15,36,6,6,6,6,13,4,25,32,32,0,0],"gold":96,"neow_bonus":"REMOVE_CARD","is_daily":false,"chose_seed":false,"campfire_upgraded":4,"win_rate":0.0,"timestamp":1612803820,"path_taken":["M","?","?","?","M","R","?","?","T","$","E","M","?","M","R","BOSS","M","$","?","?","M","E","?","?","T","R","M","R","$","?","R","BOSS","M","M","?","M","M","R","E","?","T","$","?","M","R","M","R","BOSS"],"items_purchased_type":["Card","Card","Potion","Card","Card"],"build_version":"2020-12-22","purchased_purges":1,"victory":false,"max_hp_per_floor":[70,70,70,70,70,70,70,70,70,70,70,70,70,70,70,70,70,70,70,70,70,70,70,70,70,70,70,70,70,70,70,70,70,70,70,70,70,70,70,70,70,70,70,70,70,70,70,70,70,70,70],"card_choices":[{"not_picked":["Footwork","Reflex"],"picked":"Dagger Throw","floor":1.0},{"not_picked":["Infinite Blades","Outmaneuver"],"picked":"Poisoned Stab","floor":5.0},{"not_picked":["Sucker Punch","Well Laid Plans"],"picked":"Backflip","floor":8.0},{"not_picked":["Underhanded Strike","Calculated Gamble"],"picked":"Deadly Poison","floor":11.0},{"not_picked":["Sucker Punch","Slice"],"picked":"Deadly Poison","floor":12.0},{"not_picked":["A Thousand Cuts+1","Flying Knee","Slice"],"picked":"SKIP","floor":14.0},{"not_picked":["Venomology","Envenom+1"],"picked":"Corpse Explosion","floor":16.0},{"not_picked":["Expertise","Predator"],"picked":"Escape Plan","floor":18.0},{"not_picked":["Flying Knee","Choke+1"],"picked":"Catalyst+1","floor":22},{"not_picked":["All Out Attack+1","Terror"],"picked":"Calculated Gamble","floor":23},{"not_picked":["Deadly Poison+1","Sucker Punch","Infinite Blades+1"],"picked":"SKIP","floor":28},{"not_picked":["Calculated Gamble","Blade Dance","Skewer"],"picked":"SKIP","floor":31},{"not_picked":["A Thousand Cuts+1","Burst"],"picked":"Bullet Time","floor":33},{"not_picked":["Backstab"],"picked":"SKIP","floor":35},{"not_picked":[],"picked":"Catalyst+1","floor":36},{"not_picked":["Flying Knee"],"picked":"SKIP","floor":38},{"not_picked":["Finisher"],"picked":"SKIP","floor":39},{"not_picked":["Catalyst"],"picked":"SKIP","floor":41},{"not_picked":["Deflect"],"picked":"SKIP","floor":45},{"not_picked":["Catalyst"],"picked":"SKIP","floor":46},{"not_picked":["All Out Attack"],"picked":"SKIP","floor":48}],"player_experience":85333,"relics_obtained":[{"floor":9.0,"key":"Blood Vial"},{"floor":11.0,"key":"Frozen Egg 2"},{"floor":23,"key":"White Beast Statue"},{"floor":26,"key":"Bottled Lightning"},{"floor":41,"key":"Toy Ornithopter"}],"event_choices":[{"damage_healed":0.0,"max_hp_gain":0.0,"max_hp_loss":0.0,"gold_gain":0.0,"event_name":"Liars Game","player_choice":"Ignored","floor":2.0,"gold_loss":0.0,"damage_taken":0.0},{"cards_removed":["Strike_G"],"damage_healed":0.0,"max_hp_gain":0.0,"max_hp_loss":0.0,"gold_gain":0.0,"event_name":"The Cleric","player_choice":"Card Removal","floor":3.0,"gold_loss":50.0,"damage_taken":0.0},{"damage_healed":0.0,"max_hp_gain":0.0,"max_hp_loss":0.0,"gold_gain":0.0,"event_name":"Shining Light","player_choice":"Entered Light","floor":4.0,"gold_loss":0.0,"damage_taken":14.0,"cards_upgraded":["Dagger Throw","Neutralize"]},{"damage_healed":0.0,"max_hp_gain":0.0,"max_hp_loss":0.0,"gold_gain":0.0,"event_name":"Scrap Ooze","player_choice":"Success","floor":13.0,"gold_loss":0.0,"damage_taken":7.0,"relics_obtained":["The Specimen"]},{"damage_healed":0,"gold_gain":0,"player_choice":"Ignored","damage_taken":0,"max_hp_gain":0,"max_hp_loss":0,"event_name":"The Mausoleum","floor":20,"gold_loss":0},{"damage_healed":0,"gold_gain":0,"player_choice":"Simplicity","damage_taken":0,"max_hp_gain":0,"max_hp_loss":0,"event_name":"Back to Basics","floor":21,"gold_loss":0,"cards_upgraded":["Defend_G","Defend_G","Defend_G","Defend_G","Defend_G"]},{"damage_healed":0,"gold_gain":0,"player_choice":"Ignored","damage_taken":0,"max_hp_gain":0,"max_hp_loss":0,"event_name":"Ghosts","floor":24,"gold_loss":0},{"damage_healed":0,"gold_gain":0,"player_choice":"Embrace Madness","damage_taken":9,"max_hp_gain":0,"max_hp_loss":0,"event_name":"Winding Halls","floor":37,"gold_loss":0,"cards_obtained":["Madness","Madness"]},{"damage_healed":0,"gold_gain":0,"player_choice":"Ignored","damage_taken":0,"max_hp_gain":0,"max_hp_loss":0,"event_name":"SecretPortal","floor":42,"gold_loss":0}],"is_beta":false,"boss_relics":[{"not_picked":["SacredBark","Sozu"],"picked":"Empty Cage"},{"not_picked":["Philosopher\u0027s Stone","Calling Bell"],"picked":"Busted Crown"}],"items_purged_floors":[19],"is_endless":false,"potions_floor_spawned":[1,11,18,28,31,33,35,36,38,39,41,45,46,48],"killed_by":"Time Eater","ascension_level":0}}