{"host":"jg1kdgv8lq0s5kn4","time":1612771856,"event":{"mods":["AchievementEnabler","Alarm Clock","AlwaysNeverKeys","Arknights（明日方舟）","BaseMod","Colored Powertips","Gold Saver","Minty Spire (QoL Compilation)","Remove Card Discount Mod","Shop Mod","Spicy Shops","StSLib","SuperFastMode","【功能Mod】Neow奖励","没有小屋子和绿帽子啦","篝火指南"],"gold_per_floor":[116,116,116,127,140,140,140],"floor_reached":6,"language":"ZHS","playtime":483,"items_purged":[],"score":38,"play_id":"563a292c-926a-41d3-9ee0-08337174b539","local_time":"20210208161056","is_ascension_mode":true,"campfire_choices":[],"circlet_count":0,"master_deck":["Strike_R","Strike_R","Strike_R","Strike_R","Defend_R","Defend_R","Defend_R","Bash+1","Arknights_Texas","Arknights_Angel","Arknights_Orchid","Rampage","Arknights_Liskarm","Arknights_Ansel","Shockwave"],"relics":["Burning Blood","Arknights_BattleRecord","Singing Bowl"],"acts_visited":["Exordium"],"potions_floor_usage":[],"damage_taken":[{"damage":15,"enemies":"Cultist","floor":1,"turns":4},{"damage":46,"enemies":"Jaw Worm","floor":4,"turns":5},{"damage":6,"enemies":"Small Slimes","floor":5,"turns":4},{"damage":32,"enemies":"3 Sentries","floor":6,"turns":3}],"seed_played":"-8081696887847484208","potions_obtained":[],"is_trial":false,"path_per_floor":["M","T","?","M","M","E"],"character_chosen":"IRONCLAD","items_purchased":[],"campfire_rested":0,"item_purchase_floors":[],"current_hp_per_floor":[63,63,63,25,25,0,0],"gold":140,"neow_bonus":"REMOVE_TWO","is_daily":false,"chose_seed":false,"campfire_upgraded":0,"win_rate":0.0,"timestamp":1612771856,"path_taken":["M","?","?","M","M","E"],"items_purchased_type":[],"build_version":"2020-12-22","purchased_purges":0,"victory":false,"max_hp_per_floor":[72,72,72,74,74,74,74],"card_choices":[{"not_picked":["Arknights_Eyjafjalla","Arknights_Yato"],"picked":"Arknights_Orchid","floor":1},{"not_picked":["Spot Weakness","Fire Breathing"],"picked":"Rampage","floor":1},{"not_picked":["Arknights_Eyjafjalla","Arknights_Popukar"],"picked":"Arknights_Liskarm","floor":4},{"not_picked":["Disarm","Twin Strike","Clothesline"],"picked":"Singing Bowl","floor":4},{"not_picked":["Arknights_Lava","Arknights_SilverAsh"],"picked":"Arknights_Ansel","floor":5},{"not_picked":["Second Wind","Dropkick"],"picked":"Shockwave","floor":5}],"player_experience":32226,"relics_obtained":[{"floor":2,"key":"Singing Bowl"}],"event_choices":[{"damage_healed":0,"gold_gain":0,"player_choice":"Forge","damage_taken":0,"max_hp_gain":0,"max_hp_loss":0,"event_name":"Accursed Blacksmith","floor":3,"gold_loss":0,"cards_upgraded":["Bash"]}],"is_beta":false,"boss_relics":[],"items_purged_floors":[],"is_endless":false,"potions_floor_spawned":[],"killed_by":"3 Sentries","ascension_level":1}}