{"host":"i19jjmeqmvseha12","time":1612765920,"event":{"mods":["Act Like it!","BaseMod","Colored Powertips","Dota2Spire","Gensokyo","Minty Spire (QoL Compilation)","Replay The Spire","StSLib","The Cursed"],"gold_per_floor":[117,67,67,84,138,138,171,182,206,221,251,180,191,191,191,287,287,297,497,280,280,379,379,412,412,412,412,412,412,172,201,201,304,304,320,335,335,335,347,347,367,367,367,367,385,403,18,32,32,32],"floor_reached":51,"language":"ENG","playtime":1494,"items_purged":[],"score":802,"play_id":"082d0b13-ffa6-4b7f-aed3-126f6a1800a5","local_time":"20210207223200","is_ascension_mode":true,"campfire_choices":[{"data":"True Grit","floor":6,"key":"SMITH"},{"data":"ReplayTheSpireMod:Strike From Hell","floor":15,"key":"SMITH"},{"data":"Limit Break","floor":23,"key":"SMITH"},{"data":"1","floor":25,"key":"LIFT"},{"floor":27,"key":"REST"},{"data":"2","floor":29,"key":"LIFT"},{"data":"3","floor":40,"key":"LIFT"},{"floor":42,"key":"REST"},{"data":"Demon Form","floor":49,"key":"SMITH"}],"circlet_count":0,"master_deck":["Strike_R","Strike_R+1","Strike_R","Strike_R","Strike_R","Defend_R","Defend_R","Defend_R","Defend_R","Bash","Run Through","ReplayTheSpireMod:Strike From Hell","Inflame","ReplayTheSpireMod:Strike From Hell+1","True Grit+1","Rage+1","Inflame","Demon Form+1","Demon Form+1","Spot Weakness","Limit Break+1","Spot Weakness","ReplayTheSpireMod:Strike From Hell+1"],"relics":["Burning Blood","King of Hearts","Dota2Spire:EtherealBlade","Replay:Rubber Ducky","Pet Ghost","Meat on the Bone","Philosopher\u0027s Stone","Dota2Spire:HeartOfTarrasque","Girya","Omamori","Dota2Spire:Desolator","Dream Catcher","Cursed Key","Dota2Spire:LinkenSphere","Divine Protection","Blood Vial"],"acts_visited":["Exordium","TheCity","TheBeyond"],"potions_floor_usage":[7,11,24,50,50,50],"damage_taken":[{"damage":5,"enemies":"Cultist","floor":1,"turns":4},{"damage":2,"enemies":"2 Louse","floor":4,"turns":2},{"damage":28,"enemies":"Lagavulin","floor":7,"turns":9},{"damage":8,"enemies":"Jaw Worm","floor":8,"turns":4},{"damage":7,"enemies":"Large Slime","floor":10,"turns":6},{"damage":9,"enemies":"Gremlin Nob","floor":11,"turns":4},{"damage":12,"enemies":"Blue Slaver","floor":13,"turns":3},{"damage":16,"enemies":"The Guardian","floor":16,"turns":8},{"damage":5,"enemies":"Chosen","floor":18,"turns":5},{"damage":74,"enemies":"Slavers","floor":24,"turns":7},{"damage":40,"enemies":"Book of Stabbing","floor":31,"turns":6},{"damage":0,"enemies":"Champ","floor":33,"turns":7},{"damage":2,"enemies":"3 Shapes","floor":35,"turns":5},{"damage":8,"enemies":"3 Darklings","floor":36,"turns":5},{"damage":20,"enemies":"Spire Growth","floor":39,"turns":5},{"damage":0,"enemies":"Transient","floor":41,"turns":5},{"damage":24,"enemies":"3 Darklings","floor":45,"turns":3},{"damage":13,"enemies":"Spire Growth","floor":46,"turns":4},{"damage":5,"enemies":"4 Shapes","floor":48,"turns":5},{"damage":58,"enemies":"Donu and Deca","floor":50,"turns":8}],"seed_played":"-5991694679678537003","potions_obtained":[{"floor":4,"key":"Swift Potion"},{"floor":8,"key":"Block Potion"},{"floor":16,"key":"Dota2Spire:Clarity"},{"floor":24,"key":"Elixir"},{"floor":36,"key":"Dota2Spire:HealingSalve"},{"floor":46,"key":"Block Potion"},{"floor":48,"key":"ColorlessPotion"}],"is_trial":false,"path_per_floor":["M","$","?","M","?","R","E","M","T","M","E","$","M","?","R","B",null,"M","?","$","T","?","R","E","R","T","R","?","R","$","E","R","B",null,"M","M","?","$","M","R","M","R","T","?","M","M","$","M","R","B",null],"character_chosen":"IRONCLAD","items_purchased":["ReplayTheSpireMod:Strike From Hell","Inflame","Limit Break","Spot Weakness","Dota2Spire:Desolator","Divine Protection","Blood Vial"],"campfire_rested":2,"item_purchase_floors":[2,12,20,20,30,47,47],"current_hp_per_floor":[80,80,80,80,80,80,58,56,56,55,52,52,58,58,58,48,80,80,80,80,88,88,88,32,32,32,58,58,58,58,36,62,84,88,88,86,86,86,72,72,86,88,88,88,70,63,63,70,70,35],"gold":32,"neow_bonus":"RANDOM_COMMON_RELIC","is_daily":false,"chose_seed":false,"campfire_upgraded":4,"win_rate":0.0,"timestamp":1612765920,"path_taken":["M","?","?","M","?","R","E","M","T","M","E","$","M","?","R","BOSS","M","?","$","?","?","R","E","R","T","R","?","R","$","E","R","BOSS","M","M","?","$","M","R","M","R","T","?","M","M","$","M","R","BOSS"],"items_purchased_type":["Card","Card","Card","Card","Relic","Relic","Relic"],"build_version":"2020-12-22","purchased_purges":0,"victory":true,"max_hp_per_floor":[80,80,80,80,80,80,80,80,80,80,80,80,80,80,80,80,80,80,80,80,88,88,88,88,88,88,88,88,88,88,88,88,88,88,88,88,88,88,88,88,88,88,88,88,88,88,88,88,88,88],"card_choices":[{"not_picked":["True Grit","Defy Death"],"picked":"Run Through","floor":1},{"not_picked":["Thunderclap","Clash"],"picked":"Inflame","floor":4},{"not_picked":["Anger","Eclipse"],"picked":"ReplayTheSpireMod:Strike From Hell","floor":5},{"not_picked":["Heavy Blade","Wild Strike"],"picked":"True Grit","floor":5},{"not_picked":["Replay:Undeath\u0027s Touch","Flame Barrier","Pummel"],"picked":"SKIP","floor":7},{"not_picked":["Warcry","Heavy Blade"],"picked":"Rage","floor":8},{"not_picked":["Abandon","Sever Soul","Clash"],"picked":"SKIP","floor":10},{"not_picked":["Clothesline","Cleave","Dropkick"],"picked":"SKIP","floor":11},{"not_picked":["Bloodletting","Run Through"],"picked":"Demon Form","floor":13},{"not_picked":["Offering","Demonic Infusion"],"picked":"Demon Form","floor":16},{"not_picked":["Warcry","Havoc"],"picked":"Spot Weakness","floor":18},{"not_picked":["Inflame","Fire Breathing+1","Flex"],"picked":"SKIP","floor":24},{"not_picked":["Warcry+1","Clothesline","Run Through"],"picked":"SKIP","floor":31},{"not_picked":["Twin Strike","Combust","Clash+1"],"picked":"SKIP","floor":35},{"not_picked":["Searing Blow","Headbutt","Replay:Undeath\u0027s Touch"],"picked":"SKIP","floor":36},{"not_picked":["Reckless Charge+1","Shrug It Off+1","Havoc+1"],"picked":"SKIP","floor":39},{"not_picked":["Cleave+1","Shrug It Off","Body Slam+1"],"picked":"SKIP","floor":41},{"not_picked":["Pommel Strike+1","Replay:Many Hands","Rage+1"],"picked":"SKIP","floor":45},{"not_picked":["Shockwave","Sword Boomerang+1"],"picked":"ReplayTheSpireMod:Strike From Hell+1","floor":46},{"not_picked":["Carnage+1","Clash","Bludgeon"],"picked":"SKIP","floor":48}],"player_experience":190890,"relics_obtained":[{"floor":5,"key":"Dota2Spire:EtherealBlade"},{"floor":7,"key":"Replay:Rubber Ducky"},{"floor":9,"key":"Pet Ghost"},{"floor":11,"key":"Meat on the Bone"},{"floor":21,"key":"Dota2Spire:HeartOfTarrasque"},{"floor":24,"key":"Girya"},{"floor":26,"key":"Omamori"},{"floor":31,"key":"Dream Catcher"},{"floor":43,"key":"Dota2Spire:LinkenSphere"}],"event_choices":[{"damage_healed":0,"gold_gain":0,"player_choice":"Grow","damage_taken":0,"max_hp_gain":0,"max_hp_loss":0,"event_name":"Living Wall","floor":14,"gold_loss":0,"cards_upgraded":["Demon Form"]},{"damage_healed":0,"gold_gain":200,"player_choice":"Gold","damage_taken":0,"max_hp_gain":0,"max_hp_loss":0,"event_name":"Wheel of Change","floor":19,"gold_loss":0},{"damage_healed":0,"gold_gain":99,"player_choice":"Stole From Cult","damage_taken":0,"max_hp_gain":0,"max_hp_loss":0,"event_name":"Nest","floor":22,"gold_loss":0},{"damage_healed":0,"gold_gain":0,"player_choice":"Ignored","damage_taken":0,"max_hp_gain":0,"max_hp_loss":0,"event_name":"Vampires","floor":28,"gold_loss":0},{"damage_healed":0,"gold_gain":0,"player_choice":"Ignored","damage_taken":0,"max_hp_gain":0,"max_hp_loss":0,"event_name":"SecretPortal","floor":44,"gold_loss":0}],"is_beta":false,"boss_relics":[{"not_picked":["Replay:Grab Bag","Tiny House"],"picked":"Philosopher\u0027s Stone"},{"not_picked":["Runic Pyramid","Runic Dome"],"picked":"Cursed Key"}],"items_purged_floors":[],"is_endless":false,"potions_floor_spawned":[4,8,16,24,36,46,48],"ascension_level":1}}