{"host":"y1oqg7uy0jc6f5mb","time":1612792534,"event":{"mods":["AchievementEnabler","BaseMod","Better Altar","Better Match","Better Note","Better Sensory Stone","Better Skull","Better Third Choice","BetterRewards","Colored Map","Colored Powertips","Displayed Cursed Tome","Downfall","Highlight Path","Minty Spire (QoL Compilation)","Permanent Neow","Quick Restart","Relic Stats","Replay The Spire","Shop Mod","Smile Girya","StSLib"],"gold_per_floor":[349,359,434,434,434,43,96,196,96,114,114,124,142,161,175,275,275,275,294,279,297,310,310,336,32,57,77,77,108,128,128,139,241,241,241,241,124,21,46,46,100,100,116,133,133,148,174,189,201,201],"floor_reached":51,"language":"ENG","playtime":4607,"items_purged":["downfall:Malfunctioning","Pot Of Greed","Slimebound:Strike_Slimebound+1"],"score":802,"play_id":"717530e5-2bf1-4364-90e0-260069bfdcb3","local_time":"20210208215534","is_ascension_mode":true,"campfire_choices":[{"floor":1.0,"key":"RECALL"},{"floor":9.0,"key":"DIG"},{"data":"Slimebound:LevelUp","floor":11.0,"key":"SMITH"},{"floor":18.0,"key":"DIG"},{"floor":23.0,"key":"REST"},{"floor":35,"key":"DIG"},{"data":"Pot Of Greed","floor":40,"key":"SMITH"},{"floor":42,"key":"DIG"},{"floor":45,"key":"DIG"}],"circlet_count":0,"master_deck":["Slimebound:Strike_Slimebound+1","Slimebound:Tackle","Slimebound:Defend_Slimebound","Slimebound:Defend_Slimebound","Slimebound:Defend_Slimebound","Slimebound:Defend_Slimebound","Slimebound:Split+1","Slimebound:CorrosiveSpit+1","Slimebound:LivingWall","Slimebound:SplitMire","Slimebound:AcidTongue","Slimebound:LevelUp+1","Slimebound:Prepare","Slimebound:SplitSpecialist","Slimebound:SplitSpecialist","Slimebound:LeechLife","Slimebound:FirmFortitude","Pot Of Greed+1","Slimebound:Replication+1","Slimebound:ProtectTheBoss+1","Slimebound:DisruptingSlam+1","Slimebound:GoopSpray+1","Slimebound:SlimeSpikes+1","Pot Of Greed+1","Slimebound:SplitAcid+1","Slimebound:LivingWall+1","Slimebound:SlimeTap+1","Slimebound:SlimeTap+1","Slimebound:DouseInSlime+1","Slimebound:SlimeSpikes+1","Slimebound:SplitLeeching+1","Slimebound:ItLooksTasty+1","Slimebound:RollThrough","Slimebound:SplitBruiser+1","Slimebound:SplitBruiser+1","Slimebound:Recollect+1","Pot Of Greed+1","Slimebound:SplitLeeching+1","Slimebound:Repurpose+1","Slimebound:MassFeed","Slimebound:SplitBruiser+1","Slimebound:SlimeBarrage+1"],"relics":["Slimebound:AbsorbEndCombatUpgraded","Shovel","ReplayTheSpireMod:Shallot","Replay:Baseball","downfall:HeartBlessingRed","Smiling Mask","Runic Dome","Grinning Jar","Regal Pillow","Toxic Egg 2","Darkstone Periapt","Bottled Flame","Tiny Chest","Lantern","ReplayTheSpireMod:TigerMarble","ReplayFunnel","Strawberry","MealTicket"],"acts_visited":["Exordium","TheCity","TheBeyond"],"potions_floor_usage":[29,33,46,47,50,50],"damage_taken":[{"damage":7.0,"enemies":"2 Louse","floor":2.0,"turns":4.0},{"damage":3.0,"enemies":"downfall:FleeingMerchant","floor":6.0,"turns":4.0},{"damage":0.0,"enemies":"Jaw Worm","floor":10.0,"turns":3.0},{"damage":0.0,"enemies":"Small Slimes","floor":12.0,"turns":3.0},{"damage":0.0,"enemies":"3 Louse","floor":13.0,"turns":3.0},{"damage":1.0,"enemies":"Red Slaver","floor":14.0,"turns":4.0},{"damage":7.0,"enemies":"Lots of Slimes","floor":15.0,"turns":5.0},{"damage":21.0,"enemies":"IC_STATUS_ARCHETYPE","floor":16.0,"turns":9.0},{"damage":20.0,"enemies":"3 Byrds","floor":19.0,"turns":4.0},{"damage":3.0,"enemies":"downfall:FleeingMerchant","floor":20.0,"turns":4.0},{"damage":21.0,"enemies":"Spheric Guardian","floor":21.0,"turns":5.0},{"damage":29.0,"enemies":"Chosen and Byrds","floor":22.0,"turns":7.0},{"damage":0.0,"enemies":"downfall:FleeingMerchant","floor":25.0,"turns":4.0},{"damage":16,"enemies":"Gremlin Leader","floor":26,"turns":7},{"damage":14,"enemies":"Snecko","floor":27,"turns":6},{"damage":29,"enemies":"Slavers","floor":29,"turns":4},{"damage":20,"enemies":"Cultist and Chosen","floor":30,"turns":7},{"damage":3,"enemies":"3 Cultists","floor":32,"turns":4},{"damage":23,"enemies":"SI_MIRROR_ARCHETYPE","floor":33,"turns":11},{"damage":0,"enemies":"downfall:FleeingMerchant","floor":37,"turns":4},{"damage":0,"enemies":"downfall:FleeingMerchant","floor":38,"turns":4},{"damage":32,"enemies":"3 Darklings","floor":43,"turns":5},{"damage":0,"enemies":"Orb Walker","floor":44,"turns":3},{"damage":7,"enemies":"Sphere and 2 Shapes","floor":46,"turns":6},{"damage":0,"enemies":"Reptomancer","floor":47,"turns":5},{"damage":3,"enemies":"Jaw Worm Horde","floor":48,"turns":4},{"damage":4,"enemies":"Spire Growth","floor":49,"turns":4},{"damage":63,"enemies":"DF_ARCHETYPE_ORBS","floor":50,"turns":10}],"seed_played":"274239526557673751","potions_obtained":[{"floor":10.0,"key":"Dexterity Potion"},{"floor":12.0,"key":"FairyPotion"},{"floor":13.0,"key":"FearPotion"},{"floor":15.0,"key":"Swift Potion"},{"floor":19.0,"key":"AttackPotion"},{"floor":21.0,"key":"Strength Potion"},{"floor":33,"key":"SteroidPotion"},{"floor":36,"key":"Doom Potion"},{"floor":36,"key":"PowerPotion"},{"floor":36,"key":"Milkshake"},{"floor":43,"key":"Regen Potion"},{"floor":47,"key":"SkillPotion"},{"floor":49,"key":"LifebloodPotion"}],"is_trial":false,"path_per_floor":["R","M","?","?","?","$","T","?","R","M","R","M","M","M","M","B",null,"R_BF","M","$","M","M","R","T","$","E","M","?","E","M","?","M","B",null,"R_BF","?","$","$","T","R","T","R","M","M","R","M","E","M","M","B",null],"character_chosen":"SLIMEBOUND","items_purchased":["ReplayTheSpireMod:Shallot","Slimebound:AcidTongue","Toxic Egg 2","Slimebound:SplitLeeching+1","Slimebound:RollThrough","Slimebound:SplitBruiser+1"],"campfire_rested":1,"item_purchase_floors":[6,6,25,37,38,38],"current_hp_per_floor":[47,40,40,40,33,34,34,34,34,40,40,44,50,53,50,44,65,65,57,64,46,23,42,42,52,56,52,52,45,29,29,42,51,65,65,65,65,65,65,65,65,65,40,40,47,40,72,72,71,44],"gold":201,"neow_bonus":"TWO_FIFTY_GOLD","is_daily":false,"chose_seed":false,"campfire_upgraded":2,"win_rate":0.0,"timestamp":1612792534,"path_taken":["R","M","?","?","?","$","T","?","R","M","R","M","?","M","M","BOSS","R_BF","M","?","M","M","R","T","$","E","M","?","E","M","?","M","BOSS","R_BF","?","?","$","?","R","T","R","M","M","R","M","E","M","M","BOSS"],"items_purchased_type":["Relic","Card","Relic","Card","Card","Card"],"build_version":"2020-12-22","purchased_purges":3,"victory":true,"max_hp_per_floor":[65,65,65,65,65,65,65,65,65,65,65,65,65,65,65,65,65,65,65,65,65,65,65,65,65,65,65,65,65,65,65,65,65,65,65,65,65,65,65,65,65,65,65,65,72,72,72,72,72,72],"relic_stats":{"Darkstone Periapt":0,"Regal Pillow":0,"Shovel":5,"counters":[28,136],"Tiny Chest":0,"MealTicket":0,"Smiling Mask":125,"obtain_stats":[{"Darkstone Periapt":26,"ReplayFunnel":42,"Regal Pillow":24,"Lantern":39,"downfall:HeartBlessingRed":9,"Smiling Mask":9,"Runic Dome":17,"Replay:Baseball":7,"Bottled Flame":29,"Shovel":5,"ReplayTheSpireMod:Shallot":6,"Strawberry":45,"Tiny Chest":35,"MealTicket":47,"Slimebound:AbsorbEndCombat":0,"ReplayTheSpireMod:TigerMarble":41,"Grinning Jar":18,"Toxic Egg 2":25,"Slimebound:AbsorbEndCombatUpgraded":34},{"Darkstone Periapt":14,"ReplayFunnel":21,"Regal Pillow":12,"Lantern":21,"downfall:HeartBlessingRed":2,"Smiling Mask":2,"Runic Dome":8,"Replay:Baseball":2,"Bottled Flame":16,"Shovel":1,"ReplayTheSpireMod:Shallot":2,"Strawberry":23,"Tiny Chest":19,"MealTicket":25,"Slimebound:AbsorbEndCombat":0,"ReplayTheSpireMod:TigerMarble":21,"Grinning Jar":8,"Toxic Egg 2":13,"Slimebound:AbsorbEndCombatUpgraded":19},{"Darkstone Periapt":61,"ReplayFunnel":100,"Regal Pillow":50,"Lantern":100,"downfall:HeartBlessingRed":8,"Smiling Mask":8,"Runic Dome":33,"Replay:Baseball":8,"Bottled Flame":71,"Shovel":4,"ReplayTheSpireMod:Shallot":8,"Strawberry":107,"Tiny Chest":92,"MealTicket":118,"Slimebound:AbsorbEndCombat":0,"ReplayTheSpireMod:TigerMarble":100,"Grinning Jar":33,"Toxic Egg 2":54,"Slimebound:AbsorbEndCombatUpgraded":92}]},"card_choices":[{"not_picked":["Slimebound:DivideAndConquer","Slimebound:SplitAcid"],"picked":"Slimebound:LivingWall","floor":2.0},{"not_picked":["Slimebound:ProtectTheBoss","Slimebound:FlameTackle"],"picked":"Slimebound:SplitMire","floor":6.0},{"not_picked":["Slimebound:SplitBruiser","Slimebound:GoopSpray"],"picked":"Slimebound:LevelUp","floor":10.0},{"not_picked":["Slimebound:Schlurp","Slimebound:GoopTackle"],"picked":"Slimebound:Prepare","floor":12.0},{"not_picked":["Slimebound:SlimeBarrage","Slimebound:RollThrough"],"picked":"Slimebound:SplitSpecialist","floor":13.0},{"not_picked":["Slimebound:SplitBruiser","Slimebound:Prepare"],"picked":"Slimebound:SplitSpecialist","floor":14.0},{"not_picked":["Slimebound:RejuvenatingLick","Slimebound:ProtectTheBoss"],"picked":"Slimebound:LeechLife","floor":15.0},{"not_picked":["Slimebound:SlimeSlap","Slimebound:PrepareCrush"],"picked":"Slimebound:FirmFortitude","floor":16.0},{"not_picked":["Slimebound:RollThrough+1","Slimebound:GoopTackle+1"],"picked":"Slimebound:Replication+1","floor":19.0},{"not_picked":["Slimebound:RejuvenatingLick+1","Slimebound:AcidTongue"],"picked":"Slimebound:ProtectTheBoss+1","floor":20.0},{"not_picked":["Slimebound:SplitMire","Slimebound:PressTheAttack"],"picked":"Slimebound:DisruptingSlam+1","floor":21.0},{"not_picked":["Slimebound:HungryTackle","Slimebound:RallyTheTroops"],"picked":"Slimebound:GoopSpray+1","floor":22.0},{"not_picked":["Slimebound:GoopTackle","Slimebound:DuplicatedForm","Slimebound:BestDefense+1"],"picked":"SKIP","floor":25.0},{"not_picked":["Slimebound:FlameTackle","Slimebound:SplitMire+1"],"picked":"Slimebound:SlimeSpikes+1","floor":26},{"not_picked":["Slimebound:RejuvenatingLick+1","Slimebound:SplitMire+1"],"picked":"Slimebound:SplitAcid+1","floor":27},{"not_picked":["Slimebound:LeechEnergy","Slimebound:SplitBruiser+1"],"picked":"Slimebound:LivingWall+1","floor":29},{"not_picked":["Slimebound:ForwardTackle+1","Slimebound:HauntingLick+1"],"picked":"Slimebound:SlimeTap+1","floor":30},{"not_picked":["Slimebound:Replication+1","Slimebound:SpikyOuterGoop+1"],"picked":"Slimebound:SlimeTap+1","floor":32},{"not_picked":["Slimebound:FirmFortitude+1","Slimebound:LeechLife"],"picked":"Slimebound:DouseInSlime+1","floor":33},{"not_picked":["Slimebound:Gluttony","Slimebound:HauntingLick+1"],"picked":"Slimebound:SlimeSpikes+1","floor":37},{"not_picked":["Slimebound:GrowthPunch","Slimebound:FinishingTackle+1"],"picked":"Slimebound:ItLooksTasty+1","floor":38},{"not_picked":["Slimebound:SplitAcid+1","Slimebound:SlimeSpikes+1"],"picked":"Slimebound:Recollect+1","floor":43},{"not_picked":["Slimebound:ItLooksTasty","Slimebound:SplitAcid+1"],"picked":"Slimebound:SplitLeeching+1","floor":44},{"not_picked":["Slimebound:FlameTackle+1","Slimebound:SplitMire+1"],"picked":"Slimebound:Repurpose+1","floor":46},{"not_picked":["Slimebound:SplitBruiser+1","Slimebound:PressTheAttack"],"picked":"Slimebound:MassFeed","floor":47},{"not_picked":["Slimebound:ProtectTheBoss","Slimebound:GoopTackle"],"picked":"Slimebound:SplitBruiser+1","floor":48},{"not_picked":["Slimebound:SlimeSpikes+1","Slimebound:SplitSpecialist+1"],"picked":"Slimebound:SlimeBarrage+1","floor":49}],"player_experience":408990,"relics_obtained":[{"floor":7.0,"key":"Replay:Baseball"},{"floor":9.0,"key":"Smiling Mask"},{"floor":18.0,"key":"Grinning Jar"},{"floor":24.0,"key":"Regal Pillow"},{"floor":26,"key":"Darkstone Periapt"},{"floor":29,"key":"Bottled Flame"},{"floor":35,"key":"Tiny Chest"},{"floor":39,"key":"Lantern"},{"floor":41,"key":"ReplayTheSpireMod:TigerMarble"},{"floor":42,"key":"ReplayFunnel"},{"floor":45,"key":"Strawberry"},{"floor":47,"key":"MealTicket"}],"event_choices":[{"damage_healed":0.0,"max_hp_gain":0.0,"max_hp_loss":0.0,"gold_gain":0.0,"event_name":"Scrap Ooze","player_choice":"Success","floor":5.0,"gold_loss":0.0,"damage_taken":7.0,"relics_obtained":["Shovel"]},{"damage_healed":0.0,"max_hp_gain":0.0,"max_hp_loss":0.0,"gold_gain":1.0,"event_name":"betterThird:BetterScrap","player_choice":"LEAVE","floor":20.0,"gold_loss":0.0,"damage_taken":0.0,"cards_obtained":["Limit Break"]},{"cards_removed":["Slimebound:Strike_Slimebound"],"damage_healed":0,"gold_gain":0,"player_choice":"Offered Basic","damage_taken":0,"max_hp_gain":0,"max_hp_loss":0,"event_name":"Bonfire Elementals","floor":28,"gold_loss":0},{"damage_healed":0,"gold_gain":0,"player_choice":"Forge","damage_taken":0,"max_hp_gain":0,"max_hp_loss":0,"event_name":"Accursed Blacksmith","floor":31,"gold_loss":0,"cards_upgraded":["Slimebound:Split"]},{"damage_healed":0,"gold_gain":0,"player_choice":"Got Potions","damage_taken":0,"max_hp_gain":0,"max_hp_loss":0,"event_name":"Lab","floor":36,"gold_loss":0}],"is_beta":false,"boss_relics":[{"not_picked":["Painkiller Herb","Empty Cage"],"picked":"Runic Dome"},{"not_picked":["SlaversCollar","Replay:Bronze Core"],"picked":"Slimebound:AbsorbEndCombatUpgraded"}],"items_purged_floors":[6,25,37],"is_endless":false,"potions_floor_spawned":[10,12,13,15,19,21,26,33,43,44,47,49],"ascension_level":2}}