{"host":"bz6w3lfmpwgz81o3","time":1612751541,"event":{"mods":["BaseMod","Downfall","Hermit","Minty Spire (QoL Compilation)","StSLib"],"gold_per_floor":[99,115,115,128,228,244,296,307,307,307,324,339,339,356,374,479,479,479,496,506,517,33,47,73,173,173,190,190,175,191,205,224,323,323,323,342,442,453,464,475,475,68,118,118,143,160,160,195,95,95],"floor_reached":51,"language":"ENG","playtime":3125,"items_purged":["Slimebound:Strike_Slimebound"],"score":805,"play_id":"7ab94c5b-9337-41ee-b06a-39a40b5c0309","local_time":"20210208033221","is_ascension_mode":false,"campfire_choices":[{"data":"Slimebound:Split","floor":1,"key":"SMITH"},{"data":"Slimebound:Repurpose","floor":10,"key":"SMITH"},{"data":"Slimebound:LevelUp","floor":13,"key":"SMITH"},{"data":"Slimebound:SpikyOuterGoop","floor":18,"key":"SMITH"},{"floor":28,"key":"REST"},{"data":"Slimebound:MassRepurpose","floor":35,"key":"SMITH"},{"data":"Slimebound:WasteNot","floor":44,"key":"SMITH"},{"data":"Slimebound:MinionMaster","floor":49,"key":"SMITH"}],"circlet_count":0,"master_deck":["Slimebound:Strike_Slimebound","Slimebound:Defend_Slimebound","Slimebound:Defend_Slimebound","Slimebound:Defend_Slimebound","Slimebound:Defend_Slimebound","Slimebound:Split+1","Slimebound:Repurpose+1","Slimebound:GoopTackle","Slimebound:LeechingTouch","Slimebound:SpikyOuterGoop+1","Slimebound:LevelUp+1","Slimebound:PressTheAttack","Slimebound:FirmFortitude","Slimebound:LivingWall","Slimebound:MinionMaster+1","Slimebound:SamplingLick","Slimebound:Gluttony+1","Slimebound:ViciousTackle","Slimebound:Dissolve+1","Slimebound:Prepare","Slimebound:MegaLick","Slimebound:LeadByExample+1","Slimebound:SamplingLick+1","Slimebound:MassRepurpose+1","Slimebound:WasteNot+1","Slimebound:Prepare+1","Slimebound:TongueLash","Slimebound:SamplingLick+1","Slimebound:LevelUp+1","Slimebound:LeechingTouch","Slimebound:LivingWall","Slimebound:LeadByExample+1","Slimebound:Repurpose+1","Slimebound:HauntingLick+1","Slimebound:GoopSpray+1"],"relics":["Slimebound:AbsorbEndCombat","Pocketwatch","Slimebound:AggressiveSlimeRelic","bronze:MakeshiftBattery","Slimebound:SelfDamagePreventRelic","Frozen Egg 2","Anchor","FossilizedHelix","Mummified Hand","Black Star","Kunai","White Beast Statue","Letter Opener","Calipers","Happy Flower","Bird Faced Urn","Toxic Egg 2","PreservedInsect","downfall:HeartBlessingGreen"],"acts_visited":["Exordium","TheCity","TheBeyond"],"potions_floor_usage":[12,12,15,21,25,25,29,33,45,50],"damage_taken":[{"damage":5,"enemies":"Small Slimes","floor":2,"turns":3},{"damage":0,"enemies":"2 Louse","floor":4,"turns":2},{"damage":1,"enemies":"Jaw Worm","floor":6,"turns":3},{"damage":8,"enemies":"Red Slaver","floor":8,"turns":3},{"damage":2,"enemies":"Large Slime","floor":11,"turns":4},{"damage":3,"enemies":"Gremlin Gang","floor":12,"turns":3},{"damage":12,"enemies":"Large Slime","floor":14,"turns":5},{"damage":11,"enemies":"2 Fungi Beasts","floor":15,"turns":3},{"damage":9,"enemies":"DF_ARCHETYPE_STREAMLINE","floor":16,"turns":8},{"damage":3,"enemies":"Chosen","floor":19,"turns":4},{"damage":19,"enemies":"Snecko","floor":20,"turns":4},{"damage":6,"enemies":"Cultist and Chosen","floor":21,"turns":4},{"damage":0,"enemies":"downfall:FleeingMerchant","floor":22,"turns":4},{"damage":15,"enemies":"Snake Plant","floor":23,"turns":4},{"damage":37,"enemies":"Colosseum Nobs","floor":25,"turns":6},{"damage":0,"enemies":"Shelled Parasite and Fungi","floor":27,"turns":2},{"damage":0,"enemies":"downfall:FleeingMerchant","floor":29,"turns":4},{"damage":0,"enemies":"Snecko","floor":30,"turns":4},{"damage":0,"enemies":"Snake Plant","floor":31,"turns":3},{"damage":0,"enemies":"Shelled Parasite and Fungi","floor":32,"turns":3},{"damage":3,"enemies":"SI_MIRROR_ARCHETYPE","floor":33,"turns":7},{"damage":0,"enemies":"3 Shapes","floor":36,"turns":4},{"damage":10,"enemies":"3 Darklings","floor":38,"turns":3},{"damage":0,"enemies":"Maw","floor":39,"turns":5},{"damage":4,"enemies":"downfall:FleeingMerchant","floor":40,"turns":4},{"damage":0,"enemies":"downfall:FleeingMerchant","floor":43,"turns":4},{"damage":8,"enemies":"Nemesis","floor":45,"turns":4},{"damage":0,"enemies":"Spire Growth","floor":46,"turns":4},{"damage":0,"enemies":"Reptomancer","floor":48,"turns":3},{"damage":0,"enemies":"IC_BLOCK_ARCHETYPE","floor":50,"turns":9}],"seed_played":"2878852418083613502","potions_obtained":[{"floor":2,"key":"Swift Potion"},{"floor":4,"key":"Regen Potion"},{"floor":8,"key":"BlessingOfTheForge"},{"floor":16,"key":"SteroidPotion"},{"floor":20,"key":"Slimebound:SlimedPotion"},{"floor":23,"key":"SkillPotion"},{"floor":25,"key":"AttackPotion"},{"floor":32,"key":"DuplicationPotion"},{"floor":38,"key":"Energy Potion"},{"floor":43,"key":"champ:CounterPotion"},{"floor":45,"key":"Energy Potion"},{"floor":46,"key":"DuplicationPotion"}],"is_trial":false,"path_per_floor":["R","M","?","M","?","M","T","M","?","R","M","M","R","M","M","B",null,"R","M","M","M","$","M","T","?","?","M","R","$","M","M","M","B",null,"R","M","?","M","M","$","T","$","?","R","E","M","?","E","R","B",null],"character_chosen":"SLIMEBOUND","items_purchased":["Slimebound:SelfDamagePreventRelic","Frozen Egg 2","Slimebound:LevelUp+1","Kunai","Slimebound:LeechingTouch","Letter Opener","Slimebound:LivingWall","Slimebound:LeadByExample+1"],"campfire_rested":1,"item_purchase_floors":[22,22,40,40,42,42,42,42],"current_hp_per_floor":[59,54,59,59,59,60,60,54,54,54,56,57,57,49,45,44,64,64,62,47,49,57,50,50,15,15,19,38,46,54,60,64,64,64,64,64,64,60,64,64,64,64,64,64,58,64,64,64,64,64],"gold":95,"neow_bonus":"ONE_RARE_RELIC","is_daily":false,"chose_seed":false,"campfire_upgraded":7,"win_rate":0.0,"timestamp":1612751541,"path_taken":["R","M","?","M","?","M","T","M","?","R","M","M","R","?","M","BOSS","R","M","M","M","$","M","T","?","?","M","R","$","M","M","M","BOSS","R","M","?","?","M","$","T","$","?","R","E","M","?","E","R","BOSS"],"items_purchased_type":["Relic","Relic","Card","Relic","Card","Relic","Card","Card"],"build_version":"2020-12-22","purchased_purges":1,"victory":true,"max_hp_per_floor":[59,59,64,64,64,64,64,64,64,64,64,64,64,64,64,64,64,64,64,64,64,64,64,64,64,64,64,64,64,64,64,64,64,64,64,64,64,64,64,64,64,64,64,64,64,64,64,64,64,64],"card_choices":[{"not_picked":["Slimebound:FlameTackle","Slimebound:FormOfPuddle"],"picked":"Slimebound:Repurpose","floor":2},{"not_picked":["Slimebound:SplitAcid","Slimebound:SlimeSpikes"],"picked":"Slimebound:GoopTackle","floor":4},{"not_picked":["Slimebound:Gluttony","Slimebound:SlimeBrawl"],"picked":"Slimebound:LeechingTouch","floor":6},{"not_picked":["Slimebound:SlimeSpikes","Slimebound:TongueLash"],"picked":"Slimebound:SpikyOuterGoop","floor":8},{"not_picked":["Slimebound:Nibble","Slimebound:BestDefense"],"picked":"Slimebound:LevelUp","floor":11},{"not_picked":["Slimebound:BestDefense","Slimebound:SlimeSpikes"],"picked":"Slimebound:PressTheAttack","floor":12},{"not_picked":["Slimebound:SplitAcid","Slimebound:ProtectTheBoss"],"picked":"Slimebound:FirmFortitude","floor":14},{"not_picked":["Slimebound:RejuvenatingLick","Slimebound:FinishingTackle"],"picked":"Slimebound:LivingWall","floor":15},{"not_picked":["Slimebound:MassRepurpose","Slimebound:DuplicatedForm"],"picked":"Slimebound:MinionMaster","floor":16},{"not_picked":["Slimebound:SplitLeeching","Slimebound:ForwardTackle"],"picked":"Slimebound:SamplingLick","floor":19},{"not_picked":["Slimebound:Schlurp","Slimebound:LivingWall+1"],"picked":"Slimebound:Gluttony+1","floor":20},{"not_picked":["Slimebound:RainOfGoop","Slimebound:MassRepurpose","Slimebound:HauntingLick"],"picked":"SKIP","floor":21},{"not_picked":["Slimebound:Replication","Slimebound:SlimeSpikes","Slimebound:SlimeBrawl"],"picked":"SKIP","floor":22},{"not_picked":["Slimebound:GoopSpray","Slimebound:RainOfGoop"],"picked":"Slimebound:ViciousTackle","floor":23},{"not_picked":["Slimebound:LivingWall","Slimebound:SlimeSpikes"],"picked":"Slimebound:Dissolve+1","floor":25},{"not_picked":["Slimebound:SlimeSpikes","Slimebound:Prepare"],"picked":"Slimebound:PressTheAttack+1","floor":27},{"not_picked":["Slimebound:LeechingTouch","Slimebound:GoopTackle"],"picked":"Slimebound:LeadByExample+1","floor":29},{"not_picked":["Slimebound:Nibble+1","Slimebound:TongueLash"],"picked":"Slimebound:SamplingLick+1","floor":30},{"not_picked":["Slimebound:Schlurp","Slimebound:ServeAndProtect"],"picked":"Slimebound:MassRepurpose","floor":31},{"not_picked":["Slimebound:ComboTackle","Slimebound:Chomp","Slimebound:SlimeSpikes"],"picked":"SKIP","floor":32},{"not_picked":["Slimebound:DouseInSlime","Slimebound:CheckThePlaybook"],"picked":"Slimebound:WasteNot","floor":33},{"not_picked":["Slimebound:HauntingLick+1","Slimebound:SplitMire"],"picked":"Slimebound:Prepare+1","floor":36},{"not_picked":["Slimebound:SlimeTap","Slimebound:SamplingLick"],"picked":"Slimebound:TongueLash","floor":38},{"not_picked":["Slimebound:SplitMire+1","Slimebound:SlimeBrawl+1"],"picked":"Slimebound:SamplingLick+1","floor":39},{"not_picked":["Slimebound:SplitBruiser+1","Slimebound:FinishingTackle","Slimebound:MassFeed"],"picked":"SKIP","floor":40},{"not_picked":["Slimebound:ItLooksTasty","Slimebound:DivideAndConquer+1"],"picked":"Slimebound:Repurpose+1","floor":43},{"not_picked":["Slimebound:HauntingLick","Slimebound:LeechEnergy","Slimebound:Equalize+1"],"picked":"SKIP","floor":45},{"not_picked":["Slimebound:SplitAcid","Slimebound:BestDefense+1"],"picked":"Slimebound:HauntingLick+1","floor":46},{"not_picked":["Slimebound:TongueLash","Slimebound:RollThrough+1"],"picked":"Slimebound:GoopSpray+1","floor":48}],"player_experience":9401,"relics_obtained":[{"floor":7,"key":"Slimebound:AggressiveSlimeRelic"},{"floor":24,"key":"Anchor"},{"floor":25,"key":"FossilizedHelix"},{"floor":25,"key":"Mummified Hand"},{"floor":41,"key":"White Beast Statue"},{"floor":43,"key":"Calipers"},{"floor":45,"key":"Happy Flower"},{"floor":45,"key":"Bird Faced Urn"},{"floor":48,"key":"Toxic Egg 2"},{"floor":48,"key":"PreservedInsect"}],"event_choices":[{"damage_healed":0,"gold_gain":0,"player_choice":"Donut","damage_taken":0,"max_hp_gain":5,"max_hp_loss":0,"event_name":"Big Fish","floor":3,"gold_loss":0},{"cards_removed":["Slimebound:Strike_Slimebound"],"damage_healed":0,"gold_gain":0,"player_choice":"Card Removal","damage_taken":0,"max_hp_gain":0,"max_hp_loss":0,"event_name":"The Cleric","floor":9,"gold_loss":0},{"damage_healed":0,"gold_gain":0,"cards_transformed":["Slimebound:Tackle","Slimebound:CorrosiveSpit"],"player_choice":"Became Test Subject","damage_taken":0,"max_hp_gain":0,"max_hp_loss":0,"event_name":"Drug Dealer","floor":26,"gold_loss":0,"cards_obtained":["Slimebound:Prepare","Slimebound:MegaLick"]},{"cards_removed":["Slimebound:PressTheAttack"],"damage_healed":0,"gold_gain":0,"player_choice":"Removed Attack","damage_taken":0,"max_hp_gain":0,"max_hp_loss":0,"event_name":"Falling","floor":47,"gold_loss":0}],"is_beta":false,"boss_relics":[{"not_picked":["Cursed Key","Busted Crown"],"picked":"bronze:MakeshiftBattery"},{"not_picked":["Calling Bell","SacredBark"],"picked":"Black Star"}],"items_purged_floors":[22],"is_endless":false,"potions_floor_spawned":[2,4,8,16,20,23,25,32,38,43,45,46,48],"ascension_level":0}}