{"host":"mani","time":1612812842,"event":{"mods":["BaseMod","Highlight Path","Minty Spire (QoL Compilation)","Spire Arcade","StSLib"],"gold_per_floor":[115,135,210,175,189,189,222,222,222,222,222],"floor_reached":10,"language":"ENG","playtime":241,"items_purged":[],"score":66,"play_id":"461c2713-dd70-4293-9db8-3498ef376648","local_time":"20210208203402","is_ascension_mode":false,"campfire_choices":[{"data":"Amplify","floor":6,"key":"SMITH"},{"data":"Dualcast","floor":8,"key":"SMITH"}],"circlet_count":0,"master_deck":["Strike_B","Strike_B","Defend_B","Defend_B","Defend_B","Defend_B","Zap","Dualcast+1","Normality","Rebound","Amplify+1","Barrage","Sweeping Beam","Conserve Battery","Electrodynamics"],"relics":["Cracked Core","Girya","Bird Faced Urn"],"acts_visited":["Exordium"],"potions_floor_usage":[7,7,7],"damage_taken":[{"damage":0,"enemies":"Small Slimes","floor":1,"turns":2},{"damage":6,"enemies":"Jaw Worm","floor":2,"turns":3},{"damage":0,"enemies":"2 Louse","floor":5,"turns":1},{"damage":20,"enemies":"Lagavulin","floor":7,"turns":6},{"damage":58,"enemies":"Gremlin Nob","floor":10,"turns":4}],"seed_played":"314805107926830181","potions_obtained":[{"floor":1,"key":"LiquidMemories"},{"floor":2,"key":"LiquidMemories"},{"floor":5,"key":"Weak Potion"}],"is_trial":false,"path_per_floor":["M","M","?","?","M","R","E","R","T","E"],"character_chosen":"DEFECT","items_purchased":[],"campfire_rested":0,"item_purchase_floors":[],"current_hp_per_floor":[75,69,58,75,75,75,55,55,55,0,0],"gold":222,"neow_bonus":"TRANSFORM_TWO_CARDS","is_daily":false,"chose_seed":false,"campfire_upgraded":2,"win_rate":0.0,"timestamp":1612812842,"path_taken":["M","M","?","?","M","R","E","R","T","E"],"items_purchased_type":[],"build_version":"2020-12-18","purchased_purges":0,"victory":false,"max_hp_per_floor":[75,75,75,75,75,75,75,75,75,75,75],"card_choices":[{"not_picked":["Streamline","Scrape"],"picked":"Barrage","floor":1},{"not_picked":["Turbo","Reprogram"],"picked":"Sweeping Beam","floor":2},{"not_picked":["Cold Snap","Beam Cell"],"picked":"Conserve Battery","floor":5},{"not_picked":["Go for the Eyes","Fusion"],"picked":"Electrodynamics","floor":7}],"player_experience":483928,"relics_obtained":[{"floor":7,"key":"Girya"},{"floor":9,"key":"Bird Faced Urn"}],"event_choices":[{"damage_healed":0,"gold_gain":75,"player_choice":"Gather Gold","damage_taken":11,"max_hp_gain":0,"max_hp_loss":0,"event_name":"World of Goop","floor":3,"gold_loss":0},{"damage_healed":18,"gold_gain":0,"player_choice":"Healed","damage_taken":0,"max_hp_gain":0,"max_hp_loss":0,"event_name":"The Cleric","floor":4,"gold_loss":35}],"is_beta":true,"boss_relics":[],"items_purged_floors":[],"is_endless":false,"potions_floor_spawned":[1,2,5],"killed_by":"Gremlin Nob","ascension_level":0}}