{"host":"2c84cb4cp1emursg","time":1612769282,"event":{"mods":["Act Like it!","BaseMod","Better Third Choice","Bossed Relics","Hermit","Mimic Mod","Minty Spire (QoL Compilation)","Permanent Neow","Robot Space Explorer","StSLib"],"gold_per_floor":[117,131,144,158,177,203,203,203,203],"floor_reached":8,"language":"ENG","playtime":331,"items_purged":[],"score":81,"play_id":"7d6b5347-5756-456a-b8c2-039632957581","local_time":"20210208002802","is_ascension_mode":true,"campfire_choices":[],"circlet_count":0,"master_deck":["Strike_R","Strike_R","Strike_R","Strike_R","Strike_R","Defend_R","Defend_R","Defend_R","Defend_R","Bash+1","Cleave","Rupture","Evolve","Twin Strike","Inflame"],"relics":["Burning Blood","Singing Bowl","GremlinMask"],"acts_visited":["Exordium"],"potions_floor_usage":[6,6,8],"damage_taken":[{"damage":14,"enemies":"Small Slimes","floor":1,"turns":5},{"damage":16,"enemies":"Cultist","floor":2,"turns":4},{"damage":8,"enemies":"2 Louse","floor":3,"turns":3},{"damage":8,"enemies":"Exordium Wildlife","floor":4,"turns":5},{"damage":16,"enemies":"Blue Slaver","floor":5,"turns":3},{"damage":16,"enemies":"Gremlin Nob","floor":6,"turns":3},{"damage":33,"enemies":"3 Sentries","floor":8,"turns":4}],"seed_played":"-4122691547923926864","potions_obtained":[{"floor":1,"key":"PowerPotion"},{"floor":3,"key":"Dexterity Potion"},{"floor":4,"key":"Strength Potion"}],"is_trial":false,"path_per_floor":["M","M","M","M","M","E","?","E"],"character_chosen":"IRONCLAD","items_purchased":[],"campfire_rested":0,"item_purchase_floors":[],"current_hp_per_floor":[64,54,52,50,40,32,32,0,0],"gold":203,"neow_bonus":"UPGRADE_CARD","is_daily":false,"chose_seed":false,"campfire_upgraded":0,"win_rate":0.0,"timestamp":1612769282,"path_taken":["M","M","M","M","M","E","?","E"],"items_purchased_type":[],"build_version":"2020-12-22","purchased_purges":0,"victory":false,"max_hp_per_floor":[80,80,80,80,80,82,82,82,82],"card_choices":[{"not_picked":["Infernal Blade","Metallicize"],"picked":"Cleave","floor":1},{"not_picked":["Ghostly Armor","Sword Boomerang"],"picked":"Rupture","floor":2},{"not_picked":["Wild Strike","Heavy Blade"],"picked":"Evolve","floor":3},{"not_picked":["Iron Wave","Dark Embrace"],"picked":"Twin Strike","floor":4},{"not_picked":["Pommel Strike","Warcry"],"picked":"Inflame","floor":5},{"not_picked":["Reckless Charge","Entrench","Intimidate"],"picked":"Singing Bowl","floor":6}],"player_experience":455162,"relics_obtained":[{"floor":6,"key":"Singing Bowl"}],"event_choices":[{"damage_healed":0,"gold_gain":0,"player_choice":"Trade","damage_taken":0,"relics_obtained":["GremlinMask"],"max_hp_gain":0,"max_hp_loss":0,"event_name":"FaceTrader","floor":7,"gold_loss":0}],"is_beta":false,"boss_relics":[],"items_purged_floors":[],"is_endless":false,"potions_floor_spawned":[1,3,4,5],"killed_by":"3 Sentries","ascension_level":7}}