{"host":"2q82lssse0ckn8xu","time":1612774962,"event":{"mods":["AchievementEnabler","BaseMod","Colored Map","Colored Powertips","Minty Spire (QoL Compilation)","Permanent Neow","Quick Restart","StSLib","The Saiyan","Unceasing Turn Reminder"],"gold_per_floor":[88,105,124,138,149,149,166,166,166,178,196,211,211,8,8,103,103,115,115,115,115,132,132,132,132],"floor_reached":24,"language":"ENG","playtime":1085,"items_purged":[],"score":236,"play_id":"93f6ca74-2391-4c82-be32-c530b7fe4f86","local_time":"20210208143242","is_ascension_mode":true,"campfire_choices":[{"data":"Saiyan:PowerStance","floor":6.0,"key":"SMITH"},{"floor":8.0,"key":"REST"},{"data":"Saiyan:KaioKen","floor":13,"key":"SMITH"},{"floor":15,"key":"REST"}],"circlet_count":0,"master_deck":["Saiyan:SAIYA_Strike","Saiyan:SAIYA_Strike","Saiyan:SAIYA_Strike","Saiyan:SAIYA_Strike","Saiyan:SAIYA_Defend","Saiyan:SAIYA_Defend","Saiyan:SAIYA_Defend","Saiyan:SAIYA_Defend","Saiyan:EnergyBlast","Saiyan:KaioKen+1","Saiyan:RuthlessBlow","Saiyan:Flurry","Saiyan:KiExplosion","Saiyan:PowerStance+1","Saiyan:ExpandingShockwave","Saiyan:Fly","Saiyan:DragonRadar","Saiyan:ConcussiveBlow","Saiyan:PowerUp","Saiyan:FingerParry","Saiyan:Flurry","Apotheosis","Saiyan:TurtleShell","Saiyan:PowerUp","Saiyan:SuperSaiyanThree","Saiyan:KiExplosion+1","Shame","Necronomicurse","Saiyan:KameHameHa"],"relics":["SaiyanSoul","SaiyanHeart","Dream Catcher","Meat on the Bone","Fusion Hammer","Ancient Tea Set","Necronomicon"],"acts_visited":["Exordium","TheCity"],"potions_floor_usage":[12],"damage_taken":[{"damage":1.0,"enemies":"2 Louse","floor":1.0,"turns":2.0},{"damage":0.0,"enemies":"Small Slimes","floor":2.0,"turns":2.0},{"damage":2.0,"enemies":"Jaw Worm","floor":3.0,"turns":3.0},{"damage":13.0,"enemies":"Exordium Thugs","floor":4.0,"turns":6.0},{"damage":11.0,"enemies":"Looter","floor":5.0,"turns":3.0},{"damage":6.0,"enemies":"Red Slaver","floor":7.0,"turns":3.0},{"damage":18.0,"enemies":"Large Slime","floor":10.0,"turns":5.0},{"damage":3.0,"enemies":"Exordium Wildlife","floor":11.0,"turns":3.0},{"damage":0,"enemies":"3 Louse","floor":12,"turns":2},{"damage":23,"enemies":"The Guardian","floor":16,"turns":11},{"damage":0,"enemies":"Shell Parasite","floor":18,"turns":4},{"damage":20,"enemies":"3 Byrds","floor":22,"turns":4},{"damage":41,"enemies":"Gremlin Leader","floor":24,"turns":3}],"seed_played":"-1026887074745836752","potions_obtained":[{"floor":2.0,"key":"Energy Potion"},{"floor":3.0,"key":"AttackPotion"},{"floor":4.0,"key":"Explosive Potion"},{"floor":12,"key":"SmokeBomb"}],"is_trial":false,"path_per_floor":["M","M","M","M","M","R","M","R","T","M","M","M","R","$","R","B",null,"M","?","?","?","M","?","E"],"character_chosen":"SAIYAJIN","items_purchased":["Apotheosis","Saiyan:TurtleShell"],"campfire_rested":2,"item_purchase_floors":[14,14],"current_hp_per_floor":[60,62,61,50,39,39,34,54,54,37,48,49,49,49,70,48,72,76,76,62,46,40,40,0,0],"gold":132,"neow_bonus":"RANDOM_COMMON_RELIC","is_daily":false,"chose_seed":false,"campfire_upgraded":2,"win_rate":0.0,"timestamp":1612774962,"path_taken":["M","M","M","M","M","R","M","R","T","M","M","M","R","$","R","BOSS","M","?","?","?","M","?","E"],"items_purchased_type":["Card","Card"],"build_version":"2020-12-22","purchased_purges":0,"victory":false,"max_hp_per_floor":[61,63,64,66,66,66,67,67,67,68,70,71,71,71,71,72,72,76,76,81,81,83,83,84,84],"card_choices":[{"not_picked":["Saiyan:DragonFist","Saiyan:SaiyanHubris"],"picked":"Saiyan:Flurry","floor":1.0},{"not_picked":["Saiyan:DoubleMasenko","Saiyan:RemoveWeights"],"picked":"Saiyan:KiExplosion","floor":2.0},{"not_picked":["Saiyan:Planning","Saiyan:Teleport"],"picked":"Saiyan:PowerStance","floor":3.0},{"not_picked":["Saiyan:Quickening","Saiyan:PlotArmor"],"picked":"Saiyan:ExpandingShockwave","floor":4.0},{"not_picked":["Saiyan:BackAttack","Saiyan:Planning"],"picked":"Saiyan:Fly","floor":5.0},{"not_picked":["Saiyan:DoubleMasenko","Saiyan:Quickening"],"picked":"Saiyan:DragonRadar","floor":7.0},{"not_picked":["Saiyan:SolarFlare","Saiyan:PowerPole"],"picked":"Saiyan:ConcussiveBlow","floor":8.0},{"not_picked":["Saiyan:KiStrike","Saiyan:PlotArmor"],"picked":"Saiyan:PowerUp","floor":10.0},{"not_picked":["Saiyan:Kienzan","Saiyan:MeteorDash"],"picked":"Saiyan:FingerParry","floor":11.0},{"not_picked":["Saiyan:PlotArmor","Saiyan:Planning"],"picked":"Saiyan:Flurry","floor":12},{"not_picked":["Saiyan:Furor","Saiyan:BigBangAttack"],"picked":"Saiyan:PowerUp","floor":15},{"not_picked":["Saiyan:GenkiDama","Saiyan:SolarFlare"],"picked":"Saiyan:SuperSaiyanThree","floor":16},{"not_picked":["Saiyan:MeteorDash+1","Saiyan:Fly"],"picked":"Saiyan:KiExplosion+1","floor":18},{"not_picked":["Saiyan:Flurry","Saiyan:Honing+1"],"picked":"Saiyan:KameHameHa","floor":22}],"player_experience":670965,"relics_obtained":[{"floor":9.0,"key":"Meat on the Bone"},{"floor":21,"key":"Necronomicon"}],"event_choices":[{"damage_healed":0,"gold_gain":0,"player_choice":"Stole Relic","damage_taken":0,"relics_obtained":["Ancient Tea Set"],"max_hp_gain":0,"max_hp_loss":0,"event_name":"Addict","floor":19,"gold_loss":0,"cards_obtained":["Shame"]},{"damage_healed":0,"gold_gain":0,"player_choice":"Shed Blood","damage_taken":19,"max_hp_gain":5,"max_hp_loss":0,"event_name":"Forgotten Altar","floor":20,"gold_loss":0},{"damage_healed":0,"gold_gain":0,"player_choice":"Obtained Book","damage_taken":16,"max_hp_gain":0,"max_hp_loss":0,"event_name":"Cursed Tome","floor":21,"gold_loss":0},{"damage_healed":0,"gold_gain":0,"player_choice":"Ignored","damage_taken":0,"max_hp_gain":0,"max_hp_loss":0,"event_name":"Ghosts","floor":23,"gold_loss":0}],"is_beta":false,"boss_relics":[{"not_picked":["SacredBark","Runic Dome"],"picked":"Fusion Hammer"}],"items_purged_floors":[],"is_endless":false,"potions_floor_spawned":[2,3,4,12],"killed_by":"Gremlin Leader","ascension_level":2}}