{"host":"eaiphzh066bwqdh7","time":1612826740,"event":{"mods":["BaseMod","Better Note","Halation","Hubris","Minty Spire (QoL Compilation)","Reliquary","Replay The Spire","StSLib"],"gold_per_floor":[17,35,35,53,63,63,63,78,102,142,154,154,154,168,168,263,263,281,59,70,70,80,80,93,93,93,108,108,108,121,154,154,255,255,266,266,266,25,44,44,44,44],"floor_reached":41,"language":"ENG","playtime":1215,"items_purged":["Strike_G"],"score":603,"play_id":"b9a9388e-14c9-4d19-9727-3c20fe28397e","local_time":"20210208182540","is_ascension_mode":true,"campfire_choices":[{"floor":6,"key":"REST"},{"floor":13,"key":"REST"},{"floor":15,"key":"REST"},{"floor":23,"key":"REST"},{"floor":25,"key":"REST"},{"floor":28,"key":"REST"},{"floor":32,"key":"REST"},{"floor":40,"key":"REST"}],"circlet_count":0,"master_deck":["Strike_G","Strike_G","Strike_G","Defend_G","Defend_G","Defend_G","Defend_G","Survivor","Neutralize","Blade Dance+1","Deadly Poison","Deadly Poison","Catalyst+1","Backflip","Slice","Burst","Deadly Poison+1","Backstab+1","Backflip","Bullet Time","Envenom+1","Accuracy+1"],"relics":["Ring of the Snake","FaceOfCleric","reliquary:Aerogel","halation:EternalFortune","Strawberry","reliquary:Buckler","Happy Flower","Replay:Baseball","reliquary:NewFriend"],"acts_visited":["Exordium","TheCity","TheBeyond"],"potions_floor_usage":[8,16,22,29,30,31,39,39,41],"damage_taken":[{"damage":2,"enemies":"Cultist","floor":1,"turns":5},{"damage":1,"enemies":"2 Louse","floor":2,"turns":3},{"damage":8,"enemies":"Jaw Worm","floor":4,"turns":3},{"damage":6,"enemies":"Blue Slaver","floor":5,"turns":4},{"damage":11,"enemies":"Lots of Slimes","floor":8,"turns":2},{"damage":6,"enemies":"Exordium Wildlife","floor":11,"turns":3},{"damage":4,"enemies":"Looter","floor":14,"turns":3},{"damage":23,"enemies":"Slime Boss","floor":16,"turns":9},{"damage":0,"enemies":"Chosen","floor":18,"turns":3},{"damage":23,"enemies":"Shell Parasite","floor":20,"turns":5},{"damage":28,"enemies":"Centurion and Healer","floor":22,"turns":5},{"damage":16,"enemies":"Chosen and Byrds","floor":24,"turns":5},{"damage":18,"enemies":"Snecko","floor":27,"turns":3},{"damage":0,"enemies":"Snake Plant","floor":29,"turns":1},{"damage":31,"enemies":"Cultist and Chosen","floor":30,"turns":5},{"damage":22,"enemies":"Book of Stabbing","floor":31,"turns":4},{"damage":8,"enemies":"hubris:MusketHawk","floor":33,"turns":6},{"damage":17,"enemies":"Orb Walker","floor":35,"turns":3},{"damage":40,"enemies":"3 Darklings","floor":39,"turns":6},{"damage":108,"enemies":"Nemesis","floor":41,"turns":6}],"seed_played":"4200709518038043090","potions_obtained":[{"floor":4,"key":"SmokeBomb"},{"floor":5,"key":"Explosive Potion"},{"floor":8,"key":"Venom Potion"},{"floor":10,"key":"PowerPotion"},{"floor":10,"key":"CunningPotion"},{"floor":18,"key":"LiquidMemories"},{"floor":27,"key":"Reflective Coating"},{"floor":30,"key":"PowerPotion"},{"floor":33,"key":"Explosive Potion"},{"floor":35,"key":"FearPotion"}],"is_trial":false,"path_per_floor":["M","M","?","M","M","R","$","M","T","?","M","?","R","M","R","B",null,"M","$","M","?","M","R","M","R","T","M","R","M","M","E","R","B",null,"M","?","?","$","M","R","E"],"character_chosen":"THE_SILENT","items_purchased":["Strawberry","reliquary:NewFriend"],"campfire_rested":8,"item_purchase_floors":[19,38],"current_hp_per_floor":[68,67,67,60,55,72,72,62,62,33,28,31,54,51,74,52,79,80,87,65,65,41,68,53,80,80,66,95,96,66,45,75,68,101,85,85,85,85,46,75,0,0],"gold":44,"neow_bonus":"REMOVE_TWO","is_daily":false,"chose_seed":false,"campfire_upgraded":0,"win_rate":0.0,"timestamp":1612826740,"path_taken":["M","M","?","M","?","R","$","M","T","?","M","?","R","M","R","BOSS","M","$","M","?","M","R","?","R","T","M","R","M","M","E","R","BOSS","M","?","?","$","M","R","E"],"items_purchased_type":["Relic","Relic"],"build_version":"2020-12-22","purchased_purges":1,"victory":false,"max_hp_per_floor":[70,70,70,71,72,72,72,73,73,73,74,77,77,78,78,79,79,80,87,88,88,92,92,93,93,93,97,97,98,99,100,100,101,101,102,97,97,97,98,98,98,98],"card_choices":[{"not_picked":["Dagger Throw","ReplayTheSpireMod:Shiv Toss","hubris:SlightOfHand"],"picked":"SKIP","floor":1},{"not_picked":["Underhanded Strike","Deadly Poison"],"picked":"Blade Dance","floor":2},{"not_picked":["Sneak Up","hubris:SlightOfHand"],"picked":"Deadly Poison","floor":4},{"not_picked":["Quick Slash","Dagger Spray"],"picked":"Deadly Poison","floor":5},{"not_picked":["Reflex","Deadly Poison"],"picked":"Catalyst","floor":8},{"not_picked":["ReplayTheSpireMod:From All Sides","PiercingWail"],"picked":"Backflip","floor":10},{"not_picked":["Acrobatics","Heel Hook","Outmaneuver"],"picked":"SKIP","floor":11},{"not_picked":["Flying Knee","Blur"],"picked":"Slice","floor":14},{"not_picked":["ReplayTheSpireMod:Necrosis","Replay:Bag of Tricks"],"picked":"Burst","floor":16},{"not_picked":["Cloak And Dagger","Bane","hubris:Sniper"],"picked":"SKIP","floor":18},{"not_picked":["Acrobatics","Deflect"],"picked":"Deadly Poison+1","floor":20},{"not_picked":["hubris:Sniper+1","ReplayTheSpireMod:The Works","PiercingWail"],"picked":"SKIP","floor":22},{"not_picked":["Crippling Poison","hubris:SlightOfHand+1"],"picked":"Backstab+1","floor":24},{"not_picked":["ReplayTheSpireMod:Speed Training+1","PiercingWail+1"],"picked":"Backflip","floor":27},{"not_picked":["Poisoned Stab","hubris:TrickCloak"],"picked":"Bullet Time","floor":30},{"not_picked":["Cloak And Dagger+1","Heel Hook","Dash+1"],"picked":"SKIP","floor":31},{"not_picked":["Die Die Die","Glass Knife"],"picked":"Envenom","floor":33},{"not_picked":["Footwork+1","Hidden Blade","Sneak Up+1"],"picked":"SKIP","floor":35},{"not_picked":["Dodge and Roll","Reflex"],"picked":"Accuracy+1","floor":39}],"player_experience":285669,"relics_obtained":[{"floor":9,"key":"reliquary:Aerogel"},{"floor":21,"key":"reliquary:Buckler"},{"floor":22,"key":"halation:EternalFortune"},{"floor":26,"key":"Happy Flower"},{"floor":27,"key":"halation:EternalFortune"},{"floor":31,"key":"Replay:Baseball"}],"event_choices":[{"damage_healed":0,"gold_gain":0,"player_choice":"Trade","damage_taken":0,"relics_obtained":["FaceOfCleric"],"max_hp_gain":0,"max_hp_loss":0,"event_name":"FaceTrader","floor":3,"gold_loss":0},{"damage_healed":0,"gold_gain":0,"player_choice":"Relic","damage_taken":0,"max_hp_gain":0,"max_hp_loss":0,"event_name":"Wheel of Change","floor":21,"gold_loss":0},{"damage_healed":0,"gold_gain":0,"player_choice":"Max HP","damage_taken":0,"max_hp_gain":0,"max_hp_loss":5,"event_name":"Winding Halls","floor":36,"gold_loss":0}],"is_beta":false,"boss_relics":[{"not_picked":["halation:HeavySnake","Snecko Eye","Abe\u0027s Treasure"]},{"not_picked":["halation:Prosthetics","reliquary:Ember","ReplayTheSpireMod:DimensionalGlitch"]}],"items_purged_floors":[19],"is_endless":false,"potions_floor_spawned":[4,5,8,11,18,27,30,33,35],"killed_by":"Nemesis","ascension_level":4}}