{"host":"v3qphhcqhwfpabne","time":1612815004,"event":{"mods":["100% Spire Juice","2.2 Compatiblity","AchievementEnabler","BaseMod","CapriCore","DeckTracker","KinomotoSakuraMod(ÙÊñýÜâ?)","Koishi","Marisa£¨Ùöéë¡¡Øª×âÞÞ£©","Minty Spire (QoL Compilation)","Permanent Neow","Prisma Mod","StSLib","Td1madao Mod","The Bug Knight","The Cursed","The Immortal","The Runesmith","WarShipGirlsR/??á´Ò³R mod"],"gold_per_floor":[117,134,152,164,179,210,210,21,44,73,91,91,6,6,6,108,108,120,43,59,69,89,89,100,100,123,136,152,152,152],"floor_reached":29,"language":"KOR","playtime":1324,"items_purged":["Regret"],"score":265,"play_id":"77a9ea33-9b7e-462b-b08f-9861ded61642","local_time":"20210209051004","is_ascension_mode":true,"campfire_choices":[{"floor":12,"key":"REST"},{"data":"Apotheosis","floor":15,"key":"SMITH"},{"floor":23,"key":"REST"},{"floor":25,"key":"REST"}],"circlet_count":0,"master_deck":["Strike_R","Strike_R","Strike_R","Strike_R","Defend_R","Defend_R","Defend_R","Defend_R","Bash","Apotheosis+1","Shrug It Off","Sentinel","Carnage","Thunderclap","Whirlwind+1","Corruption","Barricade","Body Slam+1","Armaments+1","Impervious+1","Entrench","Warcry","Body Slam+1","Impervious"],"relics":["Burning Blood","HollowMod:StagPassRelic","Bag of Preparation","Membership Card","Potion Belt","Runesmith:AutoHammer","SacredBark","Orrery","Ancient Tea Set"],"acts_visited":["Exordium","TheCity"],"potions_floor_usage":[6,16,20,21,21],"damage_taken":[{"damage":5,"enemies":"2 Louse","floor":1,"turns":3},{"damage":15,"enemies":"Cultist","floor":2,"turns":5},{"damage":4,"enemies":"Jaw Worm","floor":3,"turns":4},{"damage":3,"enemies":"2 Fungi Beasts","floor":4,"turns":5},{"damage":10,"enemies":"Exordium Wildlife","floor":5,"turns":5},{"damage":21,"enemies":"Gremlin Nob","floor":6,"turns":5},{"damage":20,"enemies":"3 Sentries","floor":10,"turns":10},{"damage":19,"enemies":"Exordium Thugs","floor":11,"turns":5},{"damage":33,"enemies":"The Guardian","floor":16,"turns":11},{"damage":38,"enemies":"Spheric Guardian","floor":18,"turns":6},{"damage":9,"enemies":"3 Byrds","floor":20,"turns":8},{"damage":39,"enemies":"Cultist and Chosen","floor":21,"turns":7},{"damage":34,"enemies":"Centurion and Healer","floor":22,"turns":9},{"damage":29,"enemies":"Snake Plant","floor":24,"turns":7},{"damage":20,"enemies":"3 Cultists","floor":27,"turns":5},{"damage":12,"enemies":"Chosen and Byrds","floor":28,"turns":7},{"damage":57,"enemies":"Cultist and Chosen","floor":29,"turns":6}],"seed_played":"-1775756698461002405","potions_obtained":[{"floor":2,"key":"SteroidPotion"},{"floor":4,"key":"Block Potion"},{"floor":6,"key":"SpeedPotion"},{"floor":10,"key":"FearPotion"},{"floor":16,"key":"Regen Potion"},{"floor":18,"key":"PowerPotion"},{"floor":22,"key":"Dexterity Potion"}],"is_trial":false,"path_per_floor":["M","M","M","M","M","E","?","$","T","E","M","R","$","?","R","B",null,"M","$","M","M","M","R","M","R","T","M","M","M"],"character_chosen":"IRONCLAD","items_purchased":["Membership Card","Whirlwind","FairyPotion","Orrery"],"campfire_rested":3,"item_purchase_floors":[8,13,13,19],"current_hp_per_floor":[72,63,65,68,64,49,49,49,49,35,22,43,43,43,43,16,72,40,40,72,39,11,32,9,30,30,16,10,0,0],"gold":152,"neow_bonus":"RANDOM_COLORLESS_2","is_daily":false,"chose_seed":false,"campfire_upgraded":1,"win_rate":0.0,"timestamp":1612815004,"path_taken":["M","M","M","M","M","E","?","$","T","E","M","R","$","?","R","BOSS","M","$","M","M","M","R","M","R","T","M","M","M"],"items_purchased_type":["Relic","Card","Potion","Relic"],"build_version":"2020-12-22","purchased_purges":1,"victory":false,"max_hp_per_floor":[72,72,72,72,72,72,72,72,72,72,72,72,72,72,72,72,72,72,72,72,72,72,72,72,72,72,72,72,72,72],"card_choices":[{"not_picked":["Secret Technique","Sadistic Nature"],"picked":"Apotheosis","floor":0},{"not_picked":["Havoc","Sword Boomerang"],"picked":"Shrug It Off","floor":1},{"not_picked":["Twin Strike","Battle Trance"],"picked":"Sentinel","floor":2},{"not_picked":["Inflame","Thunderclap"],"picked":"Carnage","floor":3},{"not_picked":["Warcry","Sever Soul"],"picked":"Thunderclap","floor":4},{"not_picked":["Sentinel","Sever Soul","Clothesline"],"picked":"SKIP","floor":5},{"not_picked":["Corruption","Sword Boomerang","Perfected Strike"],"picked":"SKIP","floor":6},{"not_picked":["Hemokinesis","Inflame","Thunderclap"],"picked":"SKIP","floor":10},{"not_picked":["Evolve","Anger","Pommel Strike"],"picked":"SKIP","floor":11},{"not_picked":["Juggernaut","Feed"],"picked":"Barricade","floor":16},{"not_picked":["Clash","Perfected Strike","Headbutt"],"picked":"SKIP","floor":18},{"not_picked":["Barricade","Cleave"],"picked":"Body Slam+1","floor":19},{"not_picked":["Rage","Immolate"],"picked":"Armaments+1","floor":19},{"not_picked":["Pommel Strike","Feel No Pain"],"picked":"Impervious","floor":19},{"not_picked":["Blood for Blood","Pommel Strike+1","Clash"],"picked":"SKIP","floor":20},{"not_picked":["Uppercut","Demon Form"],"picked":"Entrench","floor":21},{"not_picked":["Clash","Sever Soul"],"picked":"Warcry","floor":22},{"not_picked":["Wild Strike+1","Havoc+1"],"picked":"Body Slam+1","floor":24},{"not_picked":["Wild Strike+1","Evolve","Perfected Strike+1"],"picked":"SKIP","floor":27},{"not_picked":["Cleave","Headbutt"],"picked":"Impervious","floor":28}],"player_experience":129738,"relics_obtained":[{"floor":6,"key":"HollowMod:StagPassRelic"},{"floor":9,"key":"Potion Belt"},{"floor":10,"key":"Runesmith:AutoHammer"},{"floor":26,"key":"Ancient Tea Set"}],"event_choices":[{"damage_healed":0,"gold_gain":0,"player_choice":"Box","damage_taken":0,"relics_obtained":["Bag of Preparation"],"max_hp_gain":0,"max_hp_loss":0,"event_name":"Big Fish","floor":7,"gold_loss":0,"cards_obtained":["Regret"]},{"damage_healed":0,"gold_gain":0,"cards_transformed":["Strike_R"],"player_choice":"Transformed","damage_taken":0,"max_hp_gain":0,"max_hp_loss":0,"event_name":"Transmorgrifier","floor":14,"gold_loss":0,"cards_obtained":["Corruption"]}],"is_beta":false,"boss_relics":[{"not_picked":["Runic Dome","Fusion Hammer"],"picked":"SacredBark"}],"items_purged_floors":[8],"is_endless":false,"potions_floor_spawned":[2,4,6,10,16,18,22],"killed_by":"Cultist and Chosen","ascension_level":2}}