{"host":"je4rgfex33y123xe","time":1612749397,"event":{"mods":["BaseMod","Minty Spire (QoL Compilation)","StSLib"],"gold_per_floor":[112,212,232,7,23,56,76,109,109,109,109],"floor_reached":10,"language":"ENG","playtime":346,"items_purged":[],"score":95,"play_id":"95ae124c-dc1a-4610-98a5-91603b0daf5d","local_time":"20210207195637","is_ascension_mode":true,"campfire_choices":[],"circlet_count":0,"master_deck":["Strike_B","Strike_B","Strike_B","Strike_B","Defend_B","Defend_B","Defend_B","Defend_B","Zap","Dualcast","Sweeping Beam","Beam Cell","Loop","Loop","Core Surge","Beam Cell","Self Repair"],"relics":["Cracked Core","Juzu Bracelet","StrikeDummy","Odd Mushroom","MealTicket","Mercury Hourglass"],"acts_visited":["Exordium"],"potions_floor_usage":[8,10],"damage_taken":[{"damage":4.0,"enemies":"Jaw Worm","floor":1.0,"turns":3.0},{"damage":1.0,"enemies":"Cultist","floor":3.0,"turns":3.0},{"damage":3.0,"enemies":"2 Louse","floor":5.0,"turns":2.0},{"damage":30.0,"enemies":"3 Sentries","floor":6.0,"turns":5.0},{"damage":28.0,"enemies":"The Mushroom Lair","floor":7.0,"turns":4.0},{"damage":15,"enemies":"Gremlin Nob","floor":8,"turns":3},{"damage":5,"enemies":"3 Sentries","floor":10,"turns":2}],"seed_played":"4804540898640079260","potions_obtained":[{"floor":3.0,"key":"Strength Potion"},{"floor":8,"key":"Explosive Potion"}],"is_trial":false,"path_per_floor":["M","?","M","$","M","E","?","E","T","E"],"character_chosen":"DEFECT","items_purchased":["Juzu Bracelet","Loop"],"campfire_rested":0,"item_purchase_floors":[4,4],"current_hp_per_floor":[78,78,77,77,74,44,16,1,1,0,0],"gold":109,"neow_bonus":"TEN_PERCENT_HP_BONUS","is_daily":false,"chose_seed":false,"campfire_upgraded":0,"win_rate":0.0,"timestamp":1612749397,"path_taken":["M","?","M","?","M","E","?","E","T","E"],"items_purchased_type":["Relic","Card"],"build_version":"2020-12-22","purchased_purges":0,"victory":false,"max_hp_per_floor":[82,82,82,82,82,82,82,82,82,82,82],"card_choices":[{"not_picked":["Barrage","Coolheaded"],"picked":"Sweeping Beam","floor":1.0},{"not_picked":["Melter","Steam"],"picked":"Beam Cell","floor":3.0},{"not_picked":["Conserve Battery","Melter"],"picked":"Loop","floor":5.0},{"not_picked":["Melter","Storm"],"picked":"Core Surge","floor":6.0},{"not_picked":["Cold Snap","Redo"],"picked":"Beam Cell","floor":7.0},{"not_picked":["Steam","Go for the Eyes"],"picked":"Self Repair","floor":8}],"player_experience":391990,"relics_obtained":[{"floor":6.0,"key":"StrikeDummy"},{"floor":7.0,"key":"Odd Mushroom"},{"floor":8,"key":"MealTicket"},{"floor":9,"key":"Mercury Hourglass"}],"event_choices":[{"damage_healed":0.0,"max_hp_gain":0.0,"max_hp_loss":0.0,"gold_gain":100.0,"event_name":"Golden Shrine","player_choice":"Pray","floor":2.0,"gold_loss":0.0,"damage_taken":0.0},{"damage_healed":0.0,"max_hp_gain":0.0,"max_hp_loss":0.0,"gold_gain":0.0,"event_name":"Mushrooms","player_choice":"Fought Mushrooms","floor":7.0,"gold_loss":0.0,"damage_taken":0.0}],"is_beta":false,"boss_relics":[],"items_purged_floors":[],"is_endless":false,"potions_floor_spawned":[3,8],"killed_by":"3 Sentries","ascension_level":5}}