{"host":"j5shy70asow5koz5","time":1612802541,"event":{"mods":["2.2 Compatiblity","Act Like it!","Arknights","BaseMod","Colored Map","Marisa£¨Ùöéë¡¡Øª×âÞÞ£©","Minty Spire (QoL Compilation)","Prisma Mod","StSLib","SuperFastMode","Td1madao Mod","The Disciple","The Gatherer","The Servant 0.9.4","Waifu the Spire"],"gold_per_floor":[216,228,244,244,264,264,294,308,332,305,328,340,352,383,395,506,518,548,574,586,698,723,749,141,173,173,20,40,40,68,68,68,163,163,179,229,239,251,350,350,350,350,350,75,144,194,226,242,242,242],"floor_reached":51,"language":"KOR","playtime":1590,"items_purged":["Strike_B+1","Writhe"],"score":769,"play_id":"9baf4589-d22c-43bc-88e6-29ac12bc3067","local_time":"20210209014221","is_ascension_mode":false,"campfire_choices":[{"data":"Dualcast","floor":6.0,"key":"SMITH"},{"floor":13.0,"key":"REST"},{"floor":15.0,"key":"REST"},{"data":"Electrodynamics","floor":29.0,"key":"SMITH"},{"floor":32.0,"key":"REST"},{"data":"Seek","floor":40.0,"key":"SMITH"},{"data":"Defragment","floor":41.0,"key":"SMITH"},{"data":"Consume","floor":42.0,"key":"SMITH"},{"data":"Redo","floor":49,"key":"SMITH"}],"circlet_count":0,"master_deck":["Defend_B+1","Defend_B+1","Defend_B+1","Defend_B+1","Zap+1","Dualcast+1","Redo+1","Defragment+1","Consume+1","Cold Snap","Conserve Battery","Electrodynamics+1","Redo+1","Capacitor+1","Leap+1","Glacier","Defragment+1","Chill","Seek+1","White Noise+1","Violence"],"relics":["Cracked Core","Centennial Puzzle","MawBank","Empty Cage","WingedGreaves","ClockworkSouvenir","Bag of Marbles","Meat on the Bone","Lee\u0027s Waffle","Strawberry","SsserpentHead","Cursed Key","Calipers","Bottled Flame","FossilizedHelix"],"acts_visited":["Exordium","TheCity","TheBeyond"],"potions_floor_usage":[50,50],"damage_taken":[{"damage":4.0,"enemies":"ats:Genji","floor":1.0,"turns":3.0},{"damage":6.0,"enemies":"Jaw Worm","floor":2.0,"turns":4.0},{"damage":0.0,"enemies":"Small Slimes","floor":3.0,"turns":3.0},{"damage":14.0,"enemies":"Blue Slaver","floor":5.0,"turns":3.0},{"damage":34.0,"enemies":"3 Sentries","floor":7.0,"turns":6.0},{"damage":14.0,"enemies":"Gremlin Gang","floor":8.0,"turns":5.0},{"damage":0.0,"enemies":"Large Slime","floor":11.0,"turns":4.0},{"damage":10.0,"enemies":"Exordium Thugs","floor":14.0,"turns":7.0},{"damage":18.0,"enemies":"The Guardian","floor":16.0,"turns":14.0},{"damage":32.0,"enemies":"2 Thieves","floor":18.0,"turns":4.0},{"damage":12.0,"enemies":"Spheric Guardian","floor":19.0,"turns":4.0},{"damage":3.0,"enemies":"3 Cultists","floor":22.0,"turns":3.0},{"damage":15.0,"enemies":"Snake Plant","floor":23.0,"turns":4.0},{"damage":12.0,"enemies":"Book of Stabbing","floor":25.0,"turns":5.0},{"damage":10.0,"enemies":"Cultist and Chosen","floor":28.0,"turns":5.0},{"damage":30.0,"enemies":"Gremlin Leader","floor":30.0,"turns":8.0},{"damage":46.0,"enemies":"Automaton","floor":33.0,"turns":11.0},{"damage":7.0,"enemies":"Orb Walker","floor":35.0,"turns":4.0},{"damage":18.0,"enemies":"3 Darklings","floor":37.0,"turns":5.0},{"damage":0.0,"enemies":"Jaw Worm Horde","floor":38.0,"turns":5.0},{"damage":34.0,"enemies":"2 Orb Walkers","floor":39.0,"turns":3.0},{"damage":0.0,"enemies":"Maw","floor":45.0,"turns":8.0},{"damage":0.0,"enemies":"Giant Head","floor":47.0,"turns":14.0},{"damage":0.0,"enemies":"3 Darklings","floor":48.0,"turns":2.0},{"damage":14,"enemies":"Time Eater","floor":50,"turns":16}],"seed_played":"4742064044735342349","potions_obtained":[{"floor":5.0,"key":"Dexterity Potion"},{"floor":7.0,"key":"Strength Potion"},{"floor":8.0,"key":"Regen Potion"},{"floor":14.0,"key":"BlessingOfTheForge"},{"floor":19.0,"key":"AttackPotion"},{"floor":23.0,"key":"BlessingOfTheForge"},{"floor":28.0,"key":"Weak Potion"},{"floor":30.0,"key":"Energy Potion"},{"floor":33.0,"key":"SkillPotion"},{"floor":35.0,"key":"PotionOfCapacity"},{"floor":38.0,"key":"SkillPotion"}],"is_trial":false,"path_per_floor":["M","M","M","?","M","R","E","M","T","?","M","?","R","M","R","B",null,"M","M","?","?","M","M","$","E","T","$","M","R","E","?","R","B",null,"M","?","M","M","?","R","R","R","T","$","M","?","E","M","R","B",null],"character_chosen":"DEFECT","items_purchased":["WingedGreaves","ClockworkSouvenir","Block Potion","PowerPotion","Lee\u0027s Waffle","FocusPotion","PowerPotion","GamblersBrew"],"campfire_rested":3,"item_purchase_floors":[24,24,24,24,27,44,44,44],"current_hp_per_floor":[71,65,65,65,51,51,17,3,3,3,15,15,37,27,49,31,75,43,31,31,31,28,13,13,1,1,82,72,72,49,49,75,41,89,82,82,64,64,42,42,42,42,42,42,54,54,54,54,54,52],"gold":242,"neow_bonus":"HUNDRED_GOLD","is_daily":false,"chose_seed":false,"campfire_upgraded":6,"win_rate":0.0,"timestamp":1612802541,"path_taken":["M","M","M","?","M","R","E","?","T","?","M","?","R","M","R","BOSS","M","M","?","?","M","M","$","E","T","$","?","R","E","?","R","BOSS","M","?","M","M","?","R","R","R","T","$","?","?","E","M","R","BOSS"],"items_purchased_type":["Relic","Relic","Potion","Potion","Relic","Potion","Potion","Potion"],"build_version":"2020-12-22","purchased_purges":2,"victory":true,"max_hp_per_floor":[75,75,75,75,75,75,75,75,75,75,75,75,75,75,75,75,75,75,75,75,75,75,75,75,75,75,82,82,82,89,89,89,89,89,89,89,89,89,89,89,89,89,89,89,89,89,89,89,89,89],"card_choices":[{"not_picked":["Leap","Scrape"],"picked":"Redo","floor":1.0},{"not_picked":["Rebound","Leap"],"picked":"Defragment","floor":2.0},{"not_picked":["Rebound","Aggregate"],"picked":"Consume","floor":3.0},{"not_picked":["Stack","Conserve Battery"],"picked":"Cold Snap","floor":5.0},{"not_picked":["Melter","Compile Driver"],"picked":"Conserve Battery","floor":7.0},{"not_picked":["Heatsinks","Hologram","Blizzard"],"picked":"SKIP","floor":8.0},{"not_picked":["Genetic Algorithm","Go for the Eyes","Amplify"],"picked":"SKIP","floor":11.0},{"not_picked":["Streamline","Sweeping Beam","Go for the Eyes"],"picked":"SKIP","floor":14.0},{"not_picked":["Fission","Multi-Cast"],"picked":"Electrodynamics","floor":16.0},{"not_picked":["Barrage+1","Steam Power"],"picked":"Redo+1","floor":18.0},{"not_picked":["Hologram","Coolheaded"],"picked":"Capacitor+1","floor":19.0},{"not_picked":["FTL","Steam","Fusion"],"picked":"SKIP","floor":22.0},{"not_picked":["Steam","Steam Power"],"picked":"Leap+1","floor":23.0},{"not_picked":["Steam","Barrage"],"picked":"Glacier","floor":25.0},{"not_picked":["Skim","Steam Power"],"picked":"Defragment+1","floor":28.0},{"not_picked":["Auto Shields","Leap"],"picked":"Chill","floor":30.0},{"not_picked":["All For One","Reboot"],"picked":"Seek","floor":33.0},{"not_picked":["Redo","Compile Driver","Blizzard"],"picked":"SKIP","floor":35.0},{"not_picked":["Stack+1","Gash+1"],"picked":"White Noise+1","floor":37.0},{"not_picked":["FTL+1","Steam+1","Sweeping Beam+1"],"picked":"SKIP","floor":38.0},{"not_picked":["Doom and Gloom+1","All For One","Self Repair+1"],"picked":"SKIP","floor":45.0},{"not_picked":["Impatience","Good Instincts"],"picked":"Violence","floor":46.0},{"not_picked":["Rebound+1","Self Repair","Steam Power+1"],"picked":"SKIP","floor":47.0},{"not_picked":["Barrage","Darkness","Rebound"],"picked":"SKIP","floor":48.0}],"player_experience":83743,"relics_obtained":[{"floor":7.0,"key":"Centennial Puzzle"},{"floor":9.0,"key":"MawBank"},{"floor":25.0,"key":"Bag of Marbles"},{"floor":26.0,"key":"Meat on the Bone"},{"floor":30.0,"key":"Strawberry"},{"floor":39.0,"key":"Calipers"},{"floor":43.0,"key":"Bottled Flame"},{"floor":47.0,"key":"FossilizedHelix"}],"event_choices":[{"damage_healed":0.0,"max_hp_gain":0.0,"max_hp_loss":0.0,"gold_gain":0.0,"event_name":"Upgrade Shrine","player_choice":"Upgraded","floor":4.0,"gold_loss":0.0,"damage_taken":0.0,"cards_upgraded":["Zap"]},{"damage_healed":0.0,"max_hp_gain":0.0,"max_hp_loss":0.0,"gold_gain":0.0,"event_name":"World of Goop","player_choice":"Left Gold","floor":10.0,"gold_loss":39.0,"damage_taken":0.0},{"damage_healed":0.0,"max_hp_gain":0.0,"max_hp_loss":0.0,"gold_gain":0.0,"event_name":"Shining Light","player_choice":"Ignored","floor":12.0,"gold_loss":0.0,"damage_taken":0.0},{"damage_healed":0.0,"max_hp_gain":0.0,"max_hp_loss":0.0,"gold_gain":0.0,"event_name":"Back to Basics","player_choice":"Simplicity","floor":20.0,"gold_loss":0.0,"damage_taken":0.0,"cards_upgraded":["Strike_B","Strike_B","Defend_B","Defend_B","Defend_B","Defend_B"]},{"damage_healed":0.0,"max_hp_gain":0.0,"max_hp_loss":0.0,"gold_gain":100.0,"event_name":"Golden Shrine","player_choice":"Pray","floor":21.0,"gold_loss":0.0,"damage_taken":0.0},{"damage_healed":0.0,"max_hp_gain":0.0,"max_hp_loss":0.0,"gold_gain":0.0,"event_name":"FaceTrader","player_choice":"Trade","floor":31.0,"gold_loss":0.0,"damage_taken":0.0,"relics_obtained":["SsserpentHead"]},{"cards_removed":["Strike_B"],"damage_healed":0.0,"max_hp_gain":0.0,"max_hp_loss":0.0,"gold_gain":0.0,"event_name":"Falling","player_choice":"Removed Attack","floor":36.0,"gold_loss":0.0,"damage_taken":0.0},{"damage_healed":0.0,"max_hp_gain":0.0,"max_hp_loss":0.0,"gold_gain":0.0,"event_name":"Mysterious Sphere","player_choice":"Fight","floor":39.0,"gold_loss":0.0,"damage_taken":0.0},{"damage_healed":0.0,"max_hp_gain":0.0,"max_hp_loss":0.0,"gold_gain":0.0,"event_name":"SensoryStone","player_choice":"Memory 1","floor":46.0,"gold_loss":0.0,"damage_taken":0.0}],"is_beta":false,"boss_relics":[{"not_picked":["Velvet Choker","Snecko Eye"],"picked":"Empty Cage"},{"not_picked":["Philosopher\u0027s Stone","Runic Pyramid"],"picked":"Cursed Key"}],"items_purged_floors":[24,44],"is_endless":false,"potions_floor_spawned":[5,7,8,14,19,23,28,30,33,35,38],"ascension_level":0}}