{"host":"rq7gz685gkaokql0","time":1612812438,"event":{"mods":["BaseMod","Hubris","Infinite Spire","Minty Spire (QoL Compilation)","Replay The Spire","StSLib"],"gold_per_floor":[117,117,130,169,169,169,169,169,169,194,194,229,242,242,269,281,281,355,355,373,393,393,393],"floor_reached":22,"language":"ENG","playtime":754,"items_purged":[],"score":484,"play_id":"95d3aee0-6f45-42bd-ac27-f4868bf6dc15","local_time":"20210208092718","is_ascension_mode":true,"campfire_choices":[{"floor":6.0,"key":"REST"},{"floor":9.0,"key":"REST"},{"floor":14.0,"key":"REST"},{"floor":17.0,"key":"REST"}],"circlet_count":0,"master_deck":["AscendersBane","Strike_G","Strike_G","Strike_G","Strike_G","Strike_G","Defend_G","Defend_G","Defend_G","Defend_G","Defend_G","Survivor","Neutralize","Fluid Movement","Dagger Spray","Flying Knee","Bouncing Flask","Poisoned Stab","Masterful Stab","Accuracy","Envenom","Hallucinations","Delirium","Amnesia","Dagger Throw+1","PiercingWail"],"relics":["infinitespire:Cupcake","infinitespire:Bottled Soul","Nunchaku","Counterbalance","Potion Belt","Replay:Wax Seal","infinitespire:Golems Mask","hubris:SphereOfDissonance","Replay:Ancient Bell","Boot","Paper Crane","hubris:Potato"],"acts_visited":["Exordium","TheCity"],"potions_floor_usage":[],"damage_taken":[{"damage":11.0,"enemies":"Cultist","floor":1.0,"turns":5.0},{"damage":7.0,"enemies":"Small Slimes","floor":3.0,"turns":5.0},{"damage":20.0,"enemies":"3 Sentries","floor":12.0,"turns":11.0},{"damage":2.0,"enemies":"2 Louse","floor":13.0,"turns":2.0},{"damage":34.0,"enemies":"Gremlin Nob","floor":15.0,"turns":5.0},{"damage":0.0,"enemies":"2 Fungi Beasts","floor":16.0,"turns":2.0},{"damage":0.0,"enemies":"Hexaghost","floor":18.0,"turns":8.0},{"damage":25.0,"enemies":"3 Byrds","floor":20.0,"turns":5.0},{"damage":25.0,"enemies":"Spheric Guardian","floor":21.0,"turns":5.0},{"damage":9,"enemies":"Centurion and Healer","floor":22,"turns":2}],"seed_played":"9076649695557957716","potions_obtained":[{"floor":4.0,"key":"LifebloodPotion"},{"floor":4.0,"key":"AttackPotion"},{"floor":12.0,"key":"Elixir"},{"floor":15.0,"key":"DistilledChaos"},{"floor":16.0,"key":"infinitespire:BlackPotion"},{"floor":20.0,"key":"Doom Potion"},{"floor":21.0,"key":"FearPotion"}],"is_trial":false,"path_per_floor":["M","?","M","?","?","R","PTL","PTL","R","T","T","E","M","R","E","M","R","B",null,"M","M","M"],"character_chosen":"THE_SILENT","items_purchased":[],"campfire_rested":4,"item_purchase_floors":[],"current_hp_per_floor":[48,37,30,4,4,23,23,23,42,42,42,22,20,39,5,5,24,24,56,31,6,0,0],"gold":393,"neow_bonus":"BOSS_RELIC","is_daily":false,"chose_seed":false,"campfire_upgraded":0,"win_rate":0.0,"timestamp":1612812438,"path_taken":["M","?","M","?","?","R","PTL","PTL","R","?","T","E","M","R","E","M","R","BOSS","M","M","M"],"items_purchased_type":[],"build_version":"2020-12-22","purchased_purges":0,"victory":false,"max_hp_per_floor":[66,66,66,66,66,66,66,66,66,66,66,66,66,66,66,66,66,66,66,66,66,66,66],"card_choices":[{"not_picked":["Sucker Punch","Finisher"],"picked":"Fluid Movement","floor":1.0},{"not_picked":["Quick Slash","Bane"],"picked":"Dagger Spray","floor":3.0},{"not_picked":["Acrobatics","Underhanded Strike"],"picked":"Flying Knee","floor":4.0},{"not_picked":["Poisoned Stab","hubris:Counter"],"picked":"Bouncing Flask","floor":12.0},{"not_picked":["Bane","Dagger Throw"],"picked":"Poisoned Stab","floor":13.0},{"not_picked":["ReplayTheSpireMod:Necrosis","ReplayTheSpireMod:Shiv Toss"],"picked":"Masterful Stab","floor":15.0},{"not_picked":["Hidden Blade","Reflex"],"picked":"Accuracy","floor":16.0},{"not_picked":["Replay:Bag of Tricks","Storm of Steel"],"picked":"Envenom","floor":18.0},{"not_picked":["infinitespire:Pacifist","ReplayTheSpireMod:Restless Dread"],"picked":"Hallucinations","floor":19.0},{"not_picked":["Shame","infinitespire:Pacifist"],"picked":"Delirium","floor":19.0},{"not_picked":["hubris:Disease","ReplayTheSpireMod:Splinters"],"picked":"Amnesia","floor":19.0},{"not_picked":["Bane","Tools of the Trade"],"picked":"Dagger Throw+1","floor":20.0},{"not_picked":["Underhanded Strike","Caltrops"],"picked":"PiercingWail","floor":21.0}],"player_experience":1271496,"relics_obtained":[{"floor":4.0,"key":"Nunchaku"},{"floor":5.0,"key":"Counterbalance"},{"floor":10.0,"key":"Potion Belt"},{"floor":11.0,"key":"Replay:Wax Seal"},{"floor":12.0,"key":"infinitespire:Golems Mask"},{"floor":15.0,"key":"hubris:SphereOfDissonance"}],"event_choices":[{"damage_healed":0.0,"max_hp_gain":0.0,"max_hp_loss":0.0,"gold_gain":0.0,"event_name":"Scrap Ooze","player_choice":"Success","floor":2.0,"gold_loss":0.0,"damage_taken":11.0,"relics_obtained":["infinitespire:Bottled Soul"]}],"is_beta":false,"boss_relics":[{"not_picked":["Snecko Scales","hubris:VirtuousBlindfold"],"picked":"Replay:Ancient Bell"},{"not_picked":["Smiling Mask","Omamori"],"picked":"Boot"},{"not_picked":["StrikeDummy","hubris:DuctTape"],"picked":"Paper Crane"},{"not_picked":["hubris:CuriousFeather","Unceasing Top"],"picked":"hubris:Potato"}],"items_purged_floors":[],"is_endless":false,"potions_floor_spawned":[12,15,16,20,21],"killed_by":"Centurion and Healer","ascension_level":20}}