{"host":"2js2pxuugveqjuf7","time":1612813081,"event":{"mods":["BaseMod","Colored Map","Minty Spire (QoL Compilation)","Quick Restart","Random Character Button","Relic Stats","StSLib"],"gold_per_floor":[119,119,135,310,329,382,382,414,414,414,414],"floor_reached":10,"language":"ENG","playtime":645,"items_purged":[],"score":78,"play_id":"6d7f25ac-a2c7-4b0b-af76-6e813bc5be8e","local_time":"20210208133801","is_ascension_mode":true,"campfire_choices":[{"floor":7,"key":"REST"}],"circlet_count":0,"master_deck":["Strike_G","Strike_G","Strike_G","Strike_G","Strike_G","Defend_G","Defend_G","Defend_G","Defend_G","Defend_G","Survivor","Neutralize","Finisher","Dagger Spray","Doubt","PiercingWail","Endless Agony","Acrobatics"],"relics":["Ring of the Snake","Golden Idol","CeramicFish","Question Card"],"acts_visited":["Exordium"],"potions_floor_usage":[6,10],"damage_taken":[{"damage":9,"enemies":"Jaw Worm","floor":1,"turns":3},{"damage":1,"enemies":"Small Slimes","floor":3,"turns":4},{"damage":1,"enemies":"Cultist","floor":5,"turns":3},{"damage":54,"enemies":"Gremlin Nob","floor":6,"turns":5},{"damage":14,"enemies":"Exordium Wildlife","floor":8,"turns":5},{"damage":20,"enemies":"3 Sentries","floor":10,"turns":7}],"seed_played":"7623349164762543627","potions_obtained":[{"floor":1,"key":"GamblersBrew"},{"floor":5,"key":"Dexterity Potion"},{"floor":6,"key":"Poison Potion"}],"is_trial":false,"path_per_floor":["M","?","M","?","M","E","R","M","T","E"],"character_chosen":"THE_SILENT","items_purchased":[],"campfire_rested":1,"item_purchase_floors":[],"current_hp_per_floor":[68,68,67,67,66,12,33,19,19,0,0],"gold":414,"neow_bonus":"TEN_PERCENT_HP_BONUS","is_daily":false,"chose_seed":false,"campfire_upgraded":0,"win_rate":0.0,"timestamp":1612813081,"path_taken":["M","?","M","?","M","E","R","?","T","E"],"items_purchased_type":[],"build_version":"2020-12-22","purchased_purges":0,"victory":false,"max_hp_per_floor":[77,71,71,71,71,71,71,71,71,71,71],"relic_stats":{"counters":[6,27],"Golden Idol":21,"CeramicFish":18,"Question Card":0,"obtain_stats":[{"Golden Idol":2,"CeramicFish":6,"Question Card":9,"Ring of the Snake":0},{"Golden Idol":1,"CeramicFish":4,"Question Card":5,"Ring of the Snake":0},{"Golden Idol":3,"CeramicFish":15,"Question Card":20,"Ring of the Snake":0}],"Ring of the Snake":[12]},"card_choices":[{"not_picked":["Quick Slash","Bane"],"picked":"Finisher","floor":1},{"not_picked":["Catalyst","Crippling Poison"],"picked":"Dagger Spray","floor":3},{"not_picked":["Expertise","Dagger Throw"],"picked":"PiercingWail","floor":5},{"not_picked":["Choke","Deflect"],"picked":"Endless Agony","floor":6},{"not_picked":["Underhanded Strike","Escape Plan"],"picked":"Acrobatics","floor":8}],"player_experience":402841,"relics_obtained":[{"floor":6,"key":"CeramicFish"},{"floor":9,"key":"Question Card"}],"event_choices":[{"damage_healed":0,"gold_gain":0,"player_choice":"Lose Max HP","damage_taken":0,"relics_obtained":["Golden Idol"],"max_hp_gain":0,"max_hp_loss":6,"event_name":"Golden Idol","floor":2,"gold_loss":0},{"damage_healed":0,"gold_gain":175,"player_choice":"AGREE","damage_taken":0,"max_hp_gain":0,"max_hp_loss":0,"event_name":"Liars Game","floor":4,"gold_loss":0,"cards_obtained":["Doubt"]}],"is_beta":false,"boss_relics":[],"items_purged_floors":[],"is_endless":false,"potions_floor_spawned":[1,5,6],"killed_by":"3 Sentries","ascension_level":3}}