{"host":"qhn6g0owdgjb77rz","time":1612771629,"event":{"mods":["BaseMod","BetterRewards","Colored Map","Downfall","Minty Spire (QoL Compilation)","Relic Sorter","Reliquary","Spire Arcade","StSLib"],"gold_per_floor":[109,126,126,201,201,201,231,231,255,273,273,287,287,316,316,316,316],"floor_reached":16,"language":"ENG","playtime":494,"items_purged":[],"score":300,"play_id":"0008a8ec-bf75-4cd5-a9d3-055055d65d97","local_time":"20210208170709","is_ascension_mode":true,"campfire_choices":[{"data":"Neutralize","floor":6,"key":"SMITH"},{"data":"Backflip","floor":8,"key":"SMITH"},{"data":"Blade Dance","floor":11,"key":"SMITH"},{"floor":13,"key":"REST"},{"data":"Panache","floor":15,"key":"SMITH"}],"circlet_count":0,"master_deck":["AscendersBane","Strike_G","Strike_G","Strike_G","Strike_G","Strike_G","Defend_G","Defend_G","Defend_G","Defend_G","Defend_G","Survivor","Neutralize+1","Accuracy","Panache+1","Dagger Spray+1","Terror","Backflip+1","Blade Dance+1","Escape Plan"],"relics":["Ring of the Snake","Calipers","reliquary:RoseTintedGlasses","Akabeko","MealTicket","CeramicFish"],"acts_visited":["Exordium"],"potions_floor_usage":[16],"damage_taken":[{"damage":0,"enemies":"Cultist","floor":1,"turns":4},{"damage":12,"enemies":"Jaw Worm","floor":2,"turns":6},{"damage":29,"enemies":"Lagavulin","floor":7,"turns":7},{"damage":0,"enemies":"Small Slimes","floor":10,"turns":2},{"damage":0,"enemies":"Exordium Wildlife","floor":12,"turns":2},{"damage":12,"enemies":"3 Sentries","floor":14,"turns":5},{"damage":22,"enemies":"Slime Boss","floor":16,"turns":5}],"seed_played":"-2356483903368389272","potions_obtained":[{"floor":10,"key":"EssenceOfSteel"}],"is_trial":false,"path_per_floor":["M","M","?","?","?","R","E","R","T","M","R","M","R","E","R","B"],"character_chosen":"THE_SILENT","items_purchased":["Accuracy","Panache"],"campfire_rested":1,"item_purchase_floors":[0,0],"current_hp_per_floor":[59,47,47,36,36,36,7,7,7,7,7,7,26,14,14,0,0],"gold":316,"neow_bonus":"","is_daily":false,"chose_seed":false,"campfire_upgraded":4,"win_rate":0.0,"timestamp":1612771629,"path_taken":["M","?","?","?","?","R","E","R","T","M","R","M","R","E","R","BOSS"],"items_purchased_type":["Card","Card"],"build_version":"2020-12-22","purchased_purges":0,"victory":false,"max_hp_per_floor":[66,66,66,66,66,66,66,66,66,66,66,66,66,66,66,66,66],"card_choices":[{"not_picked":["Prepared","Sucker Punch"],"picked":"Dagger Spray","floor":1},{"not_picked":["Dodge and Roll","All Out Attack"],"picked":"Terror","floor":2},{"not_picked":["Bouncing Flask","Night Terror"],"picked":"Backflip","floor":7},{"not_picked":["Deadly Poison","Outmaneuver"],"picked":"Blade Dance","floor":10},{"not_picked":["Backflip","Flying Knee"],"picked":"Escape Plan","floor":12},{"not_picked":["Deflect","PiercingWail","Venomology"],"picked":"SKIP","floor":14}],"player_experience":679192,"relics_obtained":[{"floor":7,"key":"Akabeko"},{"floor":9,"key":"MealTicket"},{"floor":14,"key":"CeramicFish"}],"event_choices":[{"damage_healed":0,"gold_gain":0,"player_choice":"Grow","damage_taken":0,"max_hp_gain":0,"max_hp_loss":0,"event_name":"Living Wall","floor":3,"gold_loss":0,"cards_upgraded":["Dagger Spray"]},{"damage_healed":0,"gold_gain":75,"player_choice":"Gather Gold","damage_taken":11,"max_hp_gain":0,"max_hp_loss":0,"event_name":"World of Goop","floor":4,"gold_loss":0}],"is_beta":false,"boss_relics":[],"items_purged_floors":[],"is_endless":false,"potions_floor_spawned":[10],"killed_by":"Slime Boss","ascension_level":18}}