{"host":"q5l3nirlejh5mn15","time":1612761447,"event":{"mods":["100% Spire Juice","BaseMod","Bossed Relics","Downfall","Energized Spire","FoggyMod","Hermit","Koishi","Marisa£¨ìFÓê¡¡Ä§ÀíÉ³£©","Minty Spire (QoL Compilation)","MostiFishMod","Reimu£¨²©ÀöÁéÃÎ£©","Relic Filter Mod","Reliquary","Remilia£¨ÀÙÃ×ÀòÑÇ£©","RumiaBox-Â¶Ã×æ«µÄÉñÃØºÐ×Ó","Spicy Shops","StSLib","TestMod","The Hierophant","The Servant 0.9.4","UnlockEverythingMod","Warlord Emblem","[IsaacMod]ÒÔÈö¼âËþ","¡¾¹¦ÄÜMod¡¿»ìãçÖ®»·ÐÞ¸´²¹¶¡","¡¾ÒÅÎï¿¨ÅÆ¡¿REMEMod"],"gold_per_floor":[115,165,165,125,7,34,34,59,85,101,134,74,149,168,168,273,273,286,310,270,124,171,202,4,16,89,89,122,151,181,381,381,476,476,492,492,510,525,405,405,432,432,455,470,82,117,167,167,167,167,167,167,7,37,65],"floor_reached":56,"language":"ZHS","playtime":1650,"items_purged":["Strike_R","Strike_R","Strike_R","Strike_R","Fiend Fire","Body Slam","Sword Boomerang+1"],"score":2048,"play_id":"923aea42-153f-48c9-b64f-81ececba0046","local_time":"20210208131727","is_ascension_mode":true,"campfire_choices":[{"data":"MostiFishMod:DarkDeal","floor":15,"key":"SMITH"},{"data":"MostiFishMod:RacingGame","floor":27,"key":"SMITH"},{"data":"REME_AllRoundStrike","floor":32,"key":"SMITH"},{"data":"1","floor":40,"key":"LIFT"},{"floor":42,"key":"RECALL"},{"data":"2","floor":49,"key":"LIFT"},{"data":"3","floor":52,"key":"LIFT"}],"circlet_count":0,"master_deck":["EpicFetus+1","WarlordEmblem:DeathGateway+1","Flex","MostiFishMod:DarkDeal+1","Clash","MostiFishMod:RacingGame+1","REME_AllRoundStrike+1","MostiFishMod:ChineseTea","Barricade","MostiFishMod:WingOfPhoenix","Impervious","Berserk","Second Wind","Intimidate","Metallicize","sneckomod:Transmogrify","REME_Scribble+1","Feel No Pain","Purity"],"relics":["Burning Blood","DaveBox","HushsDoor","testmod-TestBox","REME_ComplimentaryCards","Leech","RhineCircuit","SynthV:TestCard","testmod-Antiphasic","PaintedHorse:ReiMu","Civilization","RuthlessExorcism:ReiMu","SecretRecord","RedLine:ReiMu","ZunR:ReiMu","testmod-Nyarlathotep","MoreBug","SumBook","Red Mask","reliquary:SilkGlove","FeatherPendant","GuppysPaw","Incubus","REME_ComplimentaryCards","Girya","Ancient Tea Set","Akabeko","Paper Frog","reliquary:Knoch","The Courier","Damocles","GodSword7","MagicDraw2","Charon\u0027s Ashes","reliquary:TridentHead","Bag of Marbles","reliquary:BoilingFlask","SalivaCoin"],"acts_visited":["Exordium","TheCity","TheBeyond","TheEnding"],"potions_floor_usage":[],"damage_taken":[{"damage":0,"enemies":"Small Slimes","floor":1,"turns":2},{"damage":30,"enemies":"Hiden Room Battle","floor":2,"turns":4},{"damage":21,"enemies":"3 Sentries","floor":6,"turns":4},{"damage":4,"enemies":"Lagavulin","floor":8,"turns":4},{"damage":0,"enemies":"Cultist","floor":10,"turns":1},{"damage":0,"enemies":"Gremlin Nob","floor":11,"turns":2},{"damage":0,"enemies":"2 Louse","floor":14,"turns":1},{"damage":28,"enemies":"Hexaghost","floor":16,"turns":3},{"damage":0,"enemies":"Spheric Guardian","floor":18,"turns":1},{"damage":5,"enemies":"Book of Stabbing","floor":23,"turns":1},{"damage":0,"enemies":"3 Byrds","floor":25,"turns":1},{"damage":0,"enemies":"Slavers","floor":28,"turns":1},{"damage":0,"enemies":"Masked Bandits","floor":29,"turns":1},{"damage":0,"enemies":"Book of Stabbing","floor":30,"turns":1},{"damage":0,"enemies":"Collector","floor":33,"turns":1},{"damage":0,"enemies":"3 Shapes","floor":35,"turns":1},{"damage":0,"enemies":"Orb Walker","floor":37,"turns":1},{"damage":10,"enemies":"Transient","floor":38,"turns":1},{"damage":7,"enemies":"Reptomancer","floor":41,"turns":1},{"damage":0,"enemies":"Spire Growth","floor":44,"turns":1},{"damage":3,"enemies":"Giant Head","floor":46,"turns":1},{"damage":13,"enemies":"2 Orb Walkers","floor":47,"turns":1},{"damage":0,"enemies":"Time Eater","floor":50,"turns":1},{"damage":0,"enemies":"Shield and Spear","floor":54,"turns":1},{"damage":6,"enemies":"The Heart","floor":55,"turns":3}],"seed_played":"-5380516452796246312","potions_obtained":[{"floor":2,"key":"SteroidPotion"},{"floor":10,"key":"SneckoOil"},{"floor":14,"key":"SteroidPotion"},{"floor":16,"key":"BloodPotion"},{"floor":29,"key":"DistilledChaos"},{"floor":41,"key":"FairyPotion"}],"is_trial":false,"path_per_floor":["M","?","?","?","$","E","?","E","T","M","E","$","?","M","R","B",null,"M","T","?","$","T","E","$","M","T","R","E","?","E","?","R","B",null,"M","?","M","M","$","R","E","R","T","M","$","E","?","?","R","B",null,"R","$","E","B",null],"character_chosen":"IRONCLAD","items_purchased":["Civilization","testmod-ConditionedReflex","REME_AllRoundStrike","MoreBug","GuppysPaw","Incubus","Damocles"],"campfire_rested":0,"item_purchase_floors":[5,17,21,24,34,34,45],"current_hp_per_floor":[80,58,58,58,58,50,50,59,59,70,82,82,73,84,84,70,93,104,104,104,104,104,110,110,115,115,115,120,125,130,130,130,135,105,110,110,115,116,116,116,127,127,127,137,137,145,153,153,153,158,158,158,158,163,171],"gold":65,"neow_bonus":"UPGRADE_CARD","is_daily":false,"chose_seed":false,"campfire_upgraded":3,"win_rate":0.0,"timestamp":1612761447,"path_taken":["M","?","?","?","?","E","?","E","T","?","E","?","?","?","R","BOSS","M","?","?","?","?","E","$","?","T","R","E","?","E","?","R","BOSS","M","?","?","?","?","R","E","R","T","?","$","E","?","?","R","BOSS","R","$","E","BOSS"],"items_purchased_type":["Relic","Card","Card","Relic","Relic","Relic","Relic"],"build_version":"2020-12-22","purchased_purges":7,"victory":true,"max_hp_per_floor":[80,80,80,80,80,83,83,87,87,92,97,97,97,102,102,107,100,105,105,105,105,105,110,110,115,115,115,120,125,130,130,130,135,105,110,110,115,120,120,120,132,132,132,137,137,145,153,153,153,158,158,158,158,163,171],"card_choices":[{"not_picked":[],"picked":"EpicFetus","floor":0},{"not_picked":["Burning Pact","Heavy Blade","Shrug It Off"],"picked":"SKIP","floor":1},{"not_picked":["Sword Boomerang","Combust","MostiFishMod:BrandingRite","Bomb","Dropkick"],"picked":"SKIP","floor":6},{"not_picked":["Heavy Blade","Clothesline","Second Wind","True Grit"],"picked":"Flex","floor":8},{"not_picked":["Heavy Blade","Sword Boomerang","Second Wind","Rupture"],"picked":"MostiFishMod:DarkDeal","floor":10},{"not_picked":["Infernal Blade","Feel No Pain","Armaments","Clothesline"],"picked":"Body Slam","floor":11},{"not_picked":["Dual Wield","Body Slam","Headbutt","Thunderclap"],"picked":"Clash","floor":14},{"not_picked":["MostiFishMod:ChineseTea","MostiFishMod:FlyOverUtopia","MostiFishMod:KnuckleDown","Exhume"],"picked":"MostiFishMod:RacingGame","floor":16},{"not_picked":["Flex+1","Evolve+1","Rupture","Intimidate"],"picked":"Sword Boomerang+1","floor":18},{"not_picked":["Dropkick","Sentinel","Heavy Blade","Headbutt","Flex"],"picked":"SKIP","floor":23},{"not_picked":["Clash+1","Power Through","Heavy Blade","Sword Boomerang+1","Thunderclap+1"],"picked":"SKIP","floor":25},{"not_picked":["Burning Pact","Clash","REME_SingleHolding","Impervious"],"picked":"Second Wind","floor":28},{"not_picked":["Body Slam","Uppercut","Cleave+1","Ghostly Armor+1"],"picked":"Intimidate","floor":29},{"not_picked":["Carnage","Flex","Hemokinesis","True Grit"],"picked":"Metallicize","floor":30},{"not_picked":["MostiFishMod:BrandingRite+1","Uppercut+1","Rampage+1","Armaments+1","Sword Boomerang"],"picked":"SKIP","floor":35},{"not_picked":["Clothesline+1","Dark Embrace","Thunderclap","Shrug It Off","Armaments+1"],"picked":"SKIP","floor":37},{"not_picked":["Clothesline+1","Thunderclap","Perfected Strike+1","Body Slam+1"],"picked":"REME_Scribble+1","floor":38},{"not_picked":["Heavy Blade+1","Disarm+1","Sword Boomerang+1","Ghostly Armor+1"],"picked":"Feel No Pain","floor":41},{"not_picked":["Cleave","Headbutt+1","Twin Strike+1","Flex","REME_TheLastStrike"],"picked":"SKIP","floor":44},{"not_picked":["Clothesline+1","Rupture+1","Entrench+1","Rampage","Body Slam+1"],"picked":"SKIP","floor":46},{"not_picked":["Rampage","Shockwave","Evolve","Shrug It Off+1","Twin Strike+1"],"picked":"SKIP","floor":54}],"player_experience":255579,"relics_obtained":[{"floor":1,"key":"SynthV:TestCard"},{"floor":2,"key":"The Courier"},{"floor":2,"key":"testmod-Antiphasic"},{"floor":6,"key":"Bag of Marbles"},{"floor":8,"key":"RuthlessExorcism:ReiMu"},{"floor":11,"key":"SecretRecord"},{"floor":19,"key":"testmod-TurbochargingSystem"},{"floor":22,"key":"Ancient Tea Set"},{"floor":23,"key":"testmod-Nyarlathotep"},{"floor":26,"key":"SumBook"},{"floor":28,"key":"testmod-RainbowHikingShoes"},{"floor":29,"key":"Red Mask"},{"floor":30,"key":"reliquary:SilkGlove"},{"floor":38,"key":"Bag of Marbles"},{"floor":38,"key":"Girya"},{"floor":41,"key":"Ancient Tea Set"},{"floor":41,"key":"Akabeko"},{"floor":41,"key":"Paper Frog"},{"floor":43,"key":"reliquary:Knoch"},{"floor":44,"key":"Bag of Marbles"},{"floor":44,"key":"The Courier"},{"floor":46,"key":"GodSword7"},{"floor":46,"key":"MagicDraw2"},{"floor":47,"key":"Charon\u0027s Ashes"},{"floor":47,"key":"reliquary:TridentHead"},{"floor":47,"key":"Bag of Marbles"},{"floor":54,"key":"reliquary:BoilingFlask"},{"floor":54,"key":"SalivaCoin"}],"event_choices":[{"damage_healed":0,"gold_gain":0,"player_choice":"Fight","damage_taken":0,"max_hp_gain":0,"max_hp_loss":0,"event_name":"HidenRoomEvent","floor":2,"gold_loss":0},{"damage_healed":0,"gold_gain":0,"player_choice":"Grow","damage_taken":0,"max_hp_gain":0,"max_hp_loss":0,"event_name":"Living Wall","floor":3,"gold_loss":0,"cards_upgraded":["EpicFetus"]},{"damage_healed":0,"gold_gain":0,"player_choice":"ÈûÇ®","damage_taken":0,"relics_obtained":["PaintedHorse:ReiMu"],"max_hp_gain":0,"max_hp_loss":0,"event_name":"yidonshenshe","floor":4,"gold_loss":40},{"damage_healed":0,"gold_gain":75,"player_choice":"Touch","damage_taken":9,"max_hp_gain":0,"max_hp_loss":0,"event_name":"FaceTrader","floor":13,"gold_loss":0},{"damage_healed":0,"gold_gain":0,"player_choice":"¹ºÂòÉñ¾Æ","damage_taken":0,"relics_obtained":["ZunR:ReiMu"],"max_hp_gain":0,"max_hp_loss":0,"event_name":"ZunEvent","floor":20,"gold_loss":40},{"damage_healed":0,"gold_gain":0,"player_choice":"Fought Bandits","damage_taken":0,"max_hp_gain":0,"max_hp_loss":0,"event_name":"Masked Bandits","floor":29,"gold_loss":0},{"damage_healed":0,"gold_gain":250,"player_choice":"Bet on Owner","damage_taken":0,"max_hp_gain":0,"max_hp_loss":0,"event_name":"The Joust","floor":31,"gold_loss":50},{"damage_healed":0,"gold_gain":0,"player_choice":"Swap Relic","damage_taken":0,"relics_obtained":["REME_ComplimentaryCards"],"max_hp_gain":0,"max_hp_loss":0,"event_name":"¸ø×Ô¼ºµÄºÐ×Ó","floor":36,"relics_lost":["testmod-Brilliant"],"gold_loss":0},{"damage_healed":0,"gold_gain":0,"player_choice":"Fight","damage_taken":0,"max_hp_gain":0,"max_hp_loss":0,"event_name":"Mysterious Sphere","floor":47,"gold_loss":0},{"damage_healed":0,"gold_gain":0,"cards_transformed":["testmod-ConditionedReflex"],"player_choice":"Transformed","damage_taken":0,"max_hp_gain":0,"max_hp_loss":0,"event_name":"Transmorgrifier","floor":48,"gold_loss":0,"cards_obtained":["Purity"]}],"is_beta":false,"boss_relics":[{"not_picked":["Cursed Key","energizedSpire:OgreHead"],"picked":"RedLine:ReiMu"},{"not_picked":[]},{"not_picked":["energizedSpire:StickyHand","PatriotShield"],"picked":"FeatherPendant"},{"not_picked":[]}],"items_purged_floors":[12,17,24,24,39,45,53],"is_endless":false,"potions_floor_spawned":[2,10,14,16,28,29,30,41,44,46,47],"ascension_level":5}}