{"host":"nsc6ozq3atyrdr3m","time":1612823471,"event":{"mods":["BaseMod","Colored Map","Minty Spire (QoL Compilation)"],"gold_per_floor":[112,73,89,39,55,55,55,55,133,133,133,163,163,163,163,258,258,268,38,51,321,340,340,350,369,421,433,450,301,335,347,347,446,446,458,333,347,367,217,217,246,271,283,295,320,11,27,27,27,27,27,27,27,62,62,62],"floor_reached":55,"language":"FRA","playtime":987,"items_purged":["Shame","Writhe","Bash+1","Thunderclap","Sword Boomerang+1"],"score":780,"play_id":"b7de3e5f-b3ff-48d9-a69d-755950e440b7","local_time":"20210208233111","is_ascension_mode":true,"campfire_choices":[{"data":"Whirlwind","floor":6,"key":"SMITH"},{"data":"Sword Boomerang","floor":8,"key":"SMITH"},{"data":"Seeing Red","floor":10,"key":"SMITH"},{"floor":15,"key":"RECALL"},{"data":"Flex","floor":23,"key":"SMITH"},{"floor":32,"key":"REST"},{"data":"Flex","floor":40,"key":"SMITH"},{"floor":44,"key":"REST"},{"floor":49,"key":"REST"},{"data":"Double Tap","floor":52,"key":"SMITH"}],"circlet_count":0,"master_deck":["Whirlwind+1","Seeing Red+1","Double Tap+1","Flex+1","Flex+1","Battle Trance+1","Demon Form"],"relics":["Cursed Key","Ornamental Fan","Pear","Kunai","Pandora\u0027s Box","Akabeko","Ginger","Velvet Choker","MawBank","Toy Ornithopter"],"acts_visited":["Exordium","TheCity","TheBeyond","TheEnding"],"potions_floor_usage":[16,30,30,33,42,50,55,55,55,55],"damage_taken":[{"damage":0,"enemies":"Cultist","floor":1,"turns":2},{"damage":1,"enemies":"Jaw Worm","floor":3,"turns":3},{"damage":14,"enemies":"2 Louse","floor":5,"turns":3},{"damage":4,"enemies":"Gremlin Nob","floor":12,"turns":3},{"damage":46,"enemies":"Hexaghost","floor":16,"turns":7},{"damage":0,"enemies":"2 Thieves","floor":18,"turns":1},{"damage":0,"enemies":"3 Byrds","floor":20,"turns":1},{"damage":12,"enemies":"Centurion and Healer","floor":22,"turns":2},{"damage":0,"enemies":"3 Cultists","floor":24,"turns":2},{"damage":0,"enemies":"Snecko","floor":25,"turns":1},{"damage":12,"enemies":"Centurion and Healer","floor":27,"turns":3},{"damage":6,"enemies":"Chosen and Byrds","floor":28,"turns":2},{"damage":8,"enemies":"Gremlin Leader","floor":30,"turns":2},{"damage":0,"enemies":"Snake Plant","floor":31,"turns":2},{"damage":34,"enemies":"Automaton","floor":33,"turns":5},{"damage":27,"enemies":"3 Shapes","floor":35,"turns":2},{"damage":0,"enemies":"Orb Walker","floor":37,"turns":1},{"damage":21,"enemies":"Maw","floor":38,"turns":3},{"damage":0,"enemies":"Reptomancer","floor":41,"turns":1},{"damage":0,"enemies":"Writhing Mass","floor":42,"turns":2},{"damage":0,"enemies":"Transient","floor":45,"turns":5},{"damage":35,"enemies":"4 Shapes","floor":47,"turns":2},{"damage":80,"enemies":"Awakened One","floor":50,"turns":5},{"damage":0,"enemies":"Shield and Spear","floor":54,"turns":1},{"damage":99,"enemies":"The Heart","floor":55,"turns":5}],"seed_played":"-1030384733501557066","potions_obtained":[{"floor":5,"key":"Dexterity Potion"},{"floor":16,"key":"PowerPotion"},{"floor":20,"key":"Block Potion"},{"floor":22,"key":"SpeedPotion"},{"floor":30,"key":"SkillPotion"},{"floor":31,"key":"EntropicBrew"},{"floor":38,"key":"EssenceOfSteel"},{"floor":42,"key":"Explosive Potion"}],"is_trial":false,"path_per_floor":["M","$","M","?","M","R","$","R","T","R","T","E","?","?","R","B",null,"M","$","M","?","M","R","M","M","T","M","M","$","E","M","R","B",null,"M","$","M","M","$","R","E","M","T","R","M","$","M","$","R","B",null,"R","$","E","B"],"character_chosen":"IRONCLAD","items_purchased":["Seeing Red","Akabeko","Energy Potion","FairyPotion","SkillPotion"],"campfire_rested":3,"item_purchase_floors":[2,19,29,46,46],"current_hp_per_floor":[80,80,79,79,65,65,65,65,65,65,65,71,71,71,71,25,90,90,90,90,63,51,51,51,51,51,39,33,33,25,25,52,18,90,63,63,63,42,42,42,42,42,42,69,69,69,34,34,61,27,90,90,90,90,0,0],"gold":62,"neow_bonus":"BOSS_RELIC","is_daily":false,"chose_seed":false,"campfire_upgraded":6,"win_rate":0.0,"timestamp":1612823471,"path_taken":["M","$","M","?","M","R","$","R","T","R","?","E","?","?","R","BOSS","M","$","?","?","?","R","M","M","T","M","M","$","E","M","R","BOSS","M","$","M","M","$","R","E","M","T","R","M","$","M","?","R","BOSS","R","$","E","BOSS"],"items_purchased_type":["Card","Relic","Potion","Potion","Potion"],"build_version":"2020-12-22","purchased_purges":5,"victory":false,"max_hp_per_floor":[80,80,80,80,80,80,80,80,80,80,80,90,90,90,90,90,90,90,90,90,90,90,90,90,90,90,90,90,90,90,90,90,90,90,90,90,90,90,90,90,90,90,90,90,90,90,90,90,90,90,90,90,90,90,90,90],"card_choices":[{"not_picked":["Clothesline","Clash"],"picked":"Whirlwind","floor":1},{"not_picked":["Clothesline","Seeing Red","Flame Barrier"],"picked":"SKIP","floor":3},{"not_picked":["Anger","Shrug It Off"],"picked":"Sword Boomerang","floor":5},{"not_picked":["Perfected Strike","Wild Strike","Shrug It Off"],"picked":"SKIP","floor":12},{"not_picked":["Reaper","Berserk"],"picked":"Double Tap","floor":16},{"not_picked":["Cleave","Dropkick"],"picked":"Thunderclap","floor":18},{"not_picked":["Thunderclap","Body Slam","Armaments+1"],"picked":"SKIP","floor":20},{"not_picked":["Clothesline","Anger"],"picked":"Flex","floor":22},{"not_picked":["Warcry+1","True Grit","Twin Strike+1"],"picked":"SKIP","floor":24},{"not_picked":["Thunderclap","Heavy Blade","Body Slam+1"],"picked":"SKIP","floor":25},{"not_picked":["True Grit+1","Exhume","Infernal Blade"],"picked":"SKIP","floor":27},{"not_picked":["Feel No Pain","Headbutt"],"picked":"Flex","floor":28},{"not_picked":["Combust+1","Twin Strike","Clothesline+1"],"picked":"SKIP","floor":30},{"not_picked":["Rage","Havoc","Pommel Strike"],"picked":"SKIP","floor":31},{"not_picked":["Iron Wave+1","Thunderclap","Uppercut"],"picked":"SKIP","floor":35},{"not_picked":["Carnage","Second Wind+1","Sword Boomerang"],"picked":"SKIP","floor":37},{"not_picked":["Perfected Strike","Bloodletting","Rampage"],"picked":"SKIP","floor":38},{"not_picked":["Entrench","Warcry","Infernal Blade"],"picked":"SKIP","floor":41},{"not_picked":["Wild Strike","Headbutt+1","Inflame+1"],"picked":"SKIP","floor":42},{"not_picked":["Flame Barrier+1","Fire Breathing+1"],"picked":"Battle Trance+1","floor":45},{"not_picked":["Havoc","Thunderclap+1","Intimidate"],"picked":"SKIP","floor":47},{"not_picked":["Warcry","Corruption"],"picked":"Demon Form","floor":54}],"player_experience":383484,"relics_obtained":[{"floor":9,"key":"Ornamental Fan"},{"floor":12,"key":"Pear"},{"floor":30,"key":"Ginger"},{"floor":41,"key":"MawBank"},{"floor":54,"key":"Toy Ornithopter"}],"event_choices":[{"cards_removed":["Defend_R"],"damage_healed":0,"gold_gain":0,"player_choice":"Card Removal","damage_taken":0,"max_hp_gain":0,"max_hp_loss":0,"event_name":"The Cleric","floor":4,"gold_loss":50},{"damage_healed":0,"gold_gain":0,"player_choice":"Searched \u00272\u0027 times","damage_taken":0,"relics_obtained":["Kunai"],"max_hp_gain":0,"max_hp_loss":0,"event_name":"Dead Adventurer","floor":13,"gold_loss":0},{"damage_healed":0,"gold_gain":0,"player_choice":"Forge","damage_taken":0,"max_hp_gain":0,"max_hp_loss":0,"event_name":"Accursed Blacksmith","floor":14,"gold_loss":0,"cards_upgraded":["Bash"]},{"damage_healed":0,"gold_gain":270,"player_choice":"GOLD GOLD GOLD ","damage_taken":27,"max_hp_gain":0,"max_hp_loss":0,"event_name":"Knowing Skull","floor":21,"potions_obtained":[],"gold_loss":0,"cards_obtained":[]}],"is_beta":false,"boss_relics":[{"not_picked":["Tiny House","Runic Cube"],"picked":"Pandora\u0027s Box"},{"not_picked":["Calling Bell","Busted Crown"],"picked":"Velvet Choker"}],"items_purged_floors":[19,29,36,39,46],"is_endless":false,"potions_floor_spawned":[5,16,20,22,24,30,31,38,41,42],"killed_by":"The Heart","ascension_level":1}}