{"host":"skr63qsdfgeey3it","time":1612825392,"event":{"mods":["BaseMod","Colored Map","Hubris","Minty Spire (QoL Compilation)","Monster B Gone","Reliquary","Replay The Spire","Spicy Shops","StSLib"],"gold_per_floor":[109,14,53,53,69,101,101,101,154,165,30,30,56,76,76,155,155,173,189,206,206,216,216,216],"floor_reached":23,"language":"ENG","playtime":1117,"items_purged":[],"score":396,"play_id":"6e848c18-6568-4deb-ba3b-bd0c268e7979","local_time":"20210208170312","is_ascension_mode":true,"campfire_choices":[{"floor":7,"key":"REST"},{"data":"Undo","floor":15,"key":"SMITH"}],"circlet_count":0,"master_deck":["AscendersBane","Strike_B","Strike_B","Strike_B","Strike_B","Defend_B","Defend_B","Defend_B","Defend_B","Zap","Dualcast","Storm","hubris:Insight","FTL","Undo+1","Ball Lightning+1","Leap","Static Discharge","Doom and Gloom+1","Streamline","Conserve Battery","Machine Learning","Glacier","Defragment","Darkness+1","BootSequence"],"relics":["hubris:RunicObelisk","Carrot","reliquary:SilkGlove","PreservedInsect","hubris:Backtick","Mummified Hand"],"acts_visited":["Exordium","TheCity"],"potions_floor_usage":[6,13,16,20,22,23,23],"damage_taken":[{"damage":9,"enemies":"2 Louse","floor":1,"turns":3},{"damage":7,"enemies":"Jaw Worm","floor":5,"turns":3},{"damage":12,"enemies":"Gremlin Nob","floor":6,"turns":2},{"damage":0,"enemies":"Small Slimes","floor":10,"turns":2},{"damage":8,"enemies":"Lagavulin","floor":13,"turns":5},{"damage":8,"enemies":"Blue Slaver","floor":14,"turns":2},{"damage":7,"enemies":"Hexaghost","floor":16,"turns":9},{"damage":15,"enemies":"2 Thieves","floor":18,"turns":3},{"damage":16,"enemies":"3 Byrds","floor":19,"turns":5},{"damage":11,"enemies":"Sentry and Sphere","floor":20,"turns":6},{"damage":31,"enemies":"Cultist and Chosen","floor":22,"turns":5},{"damage":9,"enemies":"Snecko","floor":23,"turns":2}],"seed_played":"-6355277662903114985","potions_obtained":[{"floor":3,"key":"Adrenaline Potion"},{"floor":3,"key":"CultistPotion"},{"floor":5,"key":"Death Potion"},{"floor":10,"key":"Milkshake"},{"floor":14,"key":"SteroidPotion"},{"floor":16,"key":"Dexterity Potion"},{"floor":20,"key":"PowerPotion"},{"floor":22,"key":"Elixir"}],"is_trial":false,"path_per_floor":["M","$","?","?","M","E","R","?","T","M","$","$","E","M","R","B",null,"M","M","M","?","M","M"],"character_chosen":"DEFECT","items_purchased":["hubris:Insight","Static Discharge","Doom and Gloom+1"],"campfire_rested":1,"item_purchase_floors":[2,11,11],"current_hp_per_floor":[55,55,27,50,43,31,52,52,52,52,52,52,44,36,36,29,61,46,30,19,33,2,0,0],"gold":216,"neow_bonus":"BOSS_RELIC","is_daily":false,"chose_seed":false,"campfire_upgraded":1,"win_rate":0.0,"timestamp":1612825392,"path_taken":["M","$","?","?","M","E","R","?","T","M","?","$","E","M","R","BOSS","M","M","M","?","M","M"],"items_purchased_type":["Card","Card","Card"],"build_version":"2020-12-22","purchased_purges":0,"victory":false,"max_hp_per_floor":[71,71,71,71,71,71,71,71,71,71,71,71,71,71,71,71,71,71,71,71,71,71,71,71],"card_choices":[{"not_picked":["Go for the Eyes","Chill"],"picked":"Storm","floor":1},{"not_picked":["ReplayTheSpireMod:GoodbyeWorld","BasicCrystalCard"],"picked":"FTL","floor":3},{"not_picked":["Sweeping Beam","Cold Snap"],"picked":"Undo","floor":5},{"not_picked":["Recycle","Double Energy"],"picked":"Doom and Gloom","floor":6},{"not_picked":["Gash","Go for the Eyes"],"picked":"Leap","floor":10},{"not_picked":["All For One","Blizzard"],"picked":"Streamline","floor":13},{"not_picked":["Ball Lightning","BasicCrystalCard"],"picked":"Conserve Battery","floor":14},{"not_picked":["hubris:DoWhile","ReplayRNGCard"],"picked":"Machine Learning","floor":16},{"not_picked":["Cold Snap","Fusion"],"picked":"Glacier","floor":18},{"not_picked":["Cold Snap","Static Discharge"],"picked":"Defragment","floor":19},{"not_picked":["ReplayTheSpireMod:Reroute Power+1","Stack"],"picked":"Darkness+1","floor":20},{"not_picked":["Compile Driver","Panic Button"],"picked":"BootSequence","floor":22}],"player_experience":911207,"relics_obtained":[{"floor":6,"key":"Carrot"},{"floor":9,"key":"reliquary:SilkGlove"},{"floor":13,"key":"PreservedInsect"}],"event_choices":[{"damage_healed":23,"gold_gain":0,"player_choice":"Banana","damage_taken":0,"max_hp_gain":0,"max_hp_loss":0,"event_name":"Big Fish","floor":4,"gold_loss":0},{"damage_healed":14,"gold_gain":0,"player_choice":"Heal","damage_taken":0,"max_hp_gain":0,"max_hp_loss":0,"event_name":"The Library","floor":21,"gold_loss":0}],"is_beta":false,"boss_relics":[{"not_picked":["Nuclear Battery","Tiny House"],"picked":"hubris:Backtick"}],"items_purged_floors":[],"is_endless":false,"potions_floor_spawned":[5,10,14,16,20,22],"killed_by":"Snecko","ascension_level":15}}