{"host":"7iv10lxbxedtd0qh","time":1612819008,"event":{"mods":["100% Spire Juice","Act Like it!","Arknights","BaseMod","Bestiary","Colored Map","Colored Powertips","Minty Spire (QoL Compilation)","Spire Arcade","StSLib","The Alterego","The Marked","TheSurvivalist","????"],"gold_per_floor":[119,119,119,119,194,194,208,208,208,224,224,252,262,278,278,378,378,395,406,419,419,270,270,195,229,256,271,301,301,122,122,122,227,227,243,253,273,148,164,191,209,209,209,239,259,276,125,150,150,150,150,150,0,26,26],"floor_reached":56,"language":"ENG","playtime":4681,"items_purged":["ats:Strike S","ats:Armor Crushing Shot+1","ats:Poison Spread+1","ats:Healing Drone"],"score":1202,"play_id":"fb689f3f-dd84-4085-bb19-1d211f5ae5a7","local_time":"20210208221648","is_ascension_mode":false,"campfire_choices":[{"data":"ats:Emotion Absorption","floor":6,"key":"SMITH"},{"data":"ats:Shell Defense","floor":8,"key":"SMITH"},{"data":"ats:Poison Spread","floor":11,"key":"SMITH"},{"data":"ats:Nebulous Foxfire","floor":15,"key":"SMITH"},{"data":"ats:Composite Medical Shells","floor":23,"key":"SMITH"},{"data":"ats:Nebulous Foxfire","floor":29,"key":"SMITH"},{"data":"ats:Dogmatic Field","floor":32,"key":"SMITH"},{"floor":42,"key":"RECALL"},{"data":"ats:Shell Defense","floor":49,"key":"SMITH"},{"data":"ats:Defend","floor":52,"key":"SMITH"}],"circlet_count":0,"master_deck":["ats:Defend+1","ats:Defend+1","ats:Defend+1","ats:Defend","ats:Emotion Absorption+1","ats:Shell Defense+1","ats:Nebulous Foxfire+1","ats:Shell Defense+1","ats:Explosion Area Strengthen","ats:Nebulous Foxfire+1","ats:Mental Burst+1","ats:Composite Medical Shells+1","ats:Composite Medical Shells","ats:Dogmatic Field+1","ats:Thorns+1","ats:Nebulous Foxfire+1"],"relics":["ats:Sanity","InkBottle","ats:Originium","Pantograph","Coffee Dripper","War Paint","Whetstone","Lantern","Philosopher\u0027s Stone","Akabeko","Omamori","DollysMirror","Oddly Smooth Stone","ats:Military Tradition"],"acts_visited":["Exordium","TheCity","TheBeyond","TheEnding"],"potions_floor_usage":[13,16,20,28,44,50,50],"damage_taken":[{"damage":2,"enemies":"Small Slimes","floor":1,"turns":4},{"damage":0,"enemies":"2 Louse","floor":7,"turns":6},{"damage":2,"enemies":"ats:Genji","floor":10,"turns":6},{"damage":81,"enemies":"Gremlin Nob","floor":12,"turns":6},{"damage":13,"enemies":"Large Slime","floor":13,"turns":16},{"damage":0,"enemies":"Blue Slaver","floor":14,"turns":4},{"damage":63,"enemies":"Hexaghost","floor":16,"turns":14},{"damage":0,"enemies":"3 Byrds","floor":18,"turns":7},{"damage":17,"enemies":"Spheric Guardian","floor":19,"turns":5},{"damage":27,"enemies":"3 Cultists","floor":20,"turns":7},{"damage":39,"enemies":"Book of Stabbing","floor":25,"turns":7},{"damage":12,"enemies":"Centurion and Healer","floor":27,"turns":7},{"damage":15,"enemies":"Gremlin Leader","floor":28,"turns":7},{"damage":90,"enemies":"Champ","floor":33,"turns":14},{"damage":28,"enemies":"3 Darklings","floor":35,"turns":4},{"damage":0,"enemies":"Orb Walker","floor":36,"turns":4},{"damage":38,"enemies":"Jaw Worm Horde","floor":37,"turns":4},{"damage":11,"enemies":"3 Darklings","floor":39,"turns":5},{"damage":134,"enemies":"Giant Head","floor":40,"turns":11},{"damage":23,"enemies":"Sphere and 2 Shapes","floor":41,"turns":5},{"damage":54,"enemies":"Reptomancer","floor":44,"turns":6},{"damage":37,"enemies":"Spire Growth","floor":45,"turns":5},{"damage":65,"enemies":"Maw","floor":46,"turns":8},{"damage":98,"enemies":"Giant Head","floor":48,"turns":10},{"damage":147,"enemies":"Awakened One","floor":50,"turns":13},{"damage":82,"enemies":"Shield and Spear","floor":54,"turns":6},{"damage":333,"enemies":"The Heart","floor":55,"turns":13}],"seed_played":"6309606382341193532","potions_obtained":[{"floor":10,"key":"LiquidBronze"},{"floor":12,"key":"Block Potion"},{"floor":13,"key":"EssenceOfSteel"},{"floor":16,"key":"AttackPotion"},{"floor":20,"key":"BlessingOfTheForge"},{"floor":27,"key":"Fire Potion"},{"floor":37,"key":"FairyPotion"},{"floor":39,"key":"DuplicationPotion"},{"floor":45,"key":"Regen Potion"}],"is_trial":false,"path_per_floor":["M","?","?","?","?","R","M","R","T","M","R","E","M","M","R","B",null,"M","M","M","?","$","R","?","E","T","M","E","R","$","?","R","B",null,"M","M","M","$","M","E","M","R","T","E","M","M","$","E","R","B",null,"R","$","E","B",null],"character_chosen":"DOCTOR_CLASS","items_purchased":["ats:Composite Medical Shells","ats:Composite Medical Shells","DollysMirror"],"campfire_rested":0,"item_purchase_floors":[22,30,47],"current_hp_per_floor":[77,82,82,75,64,64,76,76,76,82,82,7,84,84,84,84,84,84,84,84,84,84,84,84,82,82,84,84,84,84,84,84,84,84,84,84,84,84,84,84,84,84,84,84,84,84,84,84,84,84,84,84,84,84,84],"gold":26,"neow_bonus":"TEN_PERCENT_HP_BONUS","is_daily":false,"chose_seed":false,"campfire_upgraded":9,"win_rate":0.0,"timestamp":1612819008,"path_taken":["M","?","?","?","?","R","M","R","T","M","R","E","M","M","R","BOSS","M","M","M","?","$","R","?","E","T","M","E","R","?","?","R","BOSS","M","M","?","$","M","E","M","R","T","E","M","M","$","E","R","BOSS","R","$","E","BOSS"],"items_purchased_type":["Card","Card","Relic"],"build_version":"2020-12-22","purchased_purges":4,"victory":true,"max_hp_per_floor":[79,84,84,84,84,84,84,84,84,84,84,84,84,84,84,84,84,84,84,84,84,84,84,84,84,84,84,84,84,84,84,84,84,84,84,84,84,84,84,84,84,84,84,84,84,84,84,84,84,84,84,84,84,84,84],"card_choices":[{"not_picked":["ats:Blood Oath","ats:Closed Bolt Burst Fire"],"picked":"ats:Healing Drone","floor":1},{"not_picked":["ats:Encircling Forest","ats:Guard Mode"],"picked":"ats:Shell Defense","floor":7},{"not_picked":["ats:Absolute Focus","ats:Apocalypse"],"picked":"ats:Poison Spread","floor":10},{"not_picked":["ats:Shell Defense","ats:Steam Pump"],"picked":"ats:Nebulous Foxfire","floor":12},{"not_picked":["ats:Curse Doll","ats:Apocalypse"],"picked":"ats:Shell Defense","floor":13},{"not_picked":["ats:Red Shift","ats:Assault Order"],"picked":"ats:Explosion Area Strengthen","floor":14},{"not_picked":["ats:Soul Rend","ats:Shadow Assault"],"picked":"ats:Nebulous Foxfire","floor":16},{"not_picked":["ats:Encircling Forest","ats:Defend Order","ats:Blood Oath"],"picked":"SKIP","floor":18},{"not_picked":["ats:Part Time Job","ats:Hammer On"],"picked":"ats:Mental Burst","floor":19},{"not_picked":["ats:Demon Strength","ats:Powerful Strike","ats:Guard Mode"],"picked":"SKIP","floor":20},{"not_picked":["ats:LN2 Cannon","ats:Flexible Camouflage","ats:Guardian Obelisk"],"picked":"SKIP","floor":25},{"not_picked":["ats:Phantom","ats:Hammer On","ats:Powerful Strike+1"],"picked":"SKIP","floor":27},{"not_picked":["ats:Collapsing Strike","ats:Explosion Area Strengthen","ats:Thermite Blade"],"picked":"SKIP","floor":28},{"not_picked":["ats:Ignite+1","ats:Absolute Focus","ats:Blood Oath"],"picked":"SKIP","floor":35},{"not_picked":["ats:Leaping Hammer+1","ats:Blood Oath+1","ats:Guard Mode"],"picked":"SKIP","floor":36},{"not_picked":["ats:Flame Of Heaven+1","ats:Mental Burst","ats:Blood Oath"],"picked":"SKIP","floor":37},{"not_picked":["ats:Guard Mode+1","ats:Defend Order","ats:Leaping Hammer"],"picked":"SKIP","floor":39},{"not_picked":["ats:Support Order","ats:Powerful Strike+1","ats:Absolute Focus+1"],"picked":"SKIP","floor":40},{"not_picked":["ats:Leaping Hammer","ats:Revitalization","ats:Directed Diagnosis"],"picked":"SKIP","floor":41},{"not_picked":["ats:Chain Hook","ats:True Silver Slash"],"picked":"ats:Thorns+1","floor":44},{"not_picked":["ats:Demon Strength","ats:Hook Shot","ats:Revitalization"],"picked":"SKIP","floor":45},{"not_picked":["ats:Defend Order+1","ats:Absolute Focus+1","ats:Explosion Area Strengthen+1"],"picked":"SKIP","floor":46},{"not_picked":["ats:Healing Drone+1","ats:Demon Strength","ats:Collapsing Strike"],"picked":"SKIP","floor":48},{"not_picked":["ats:Spore Proliferation+1","ats:Mental Burst+1","ats:Curse Doll+1"],"picked":"SKIP","floor":54}],"player_experience":655321,"relics_obtained":[{"floor":9,"key":"InkBottle"},{"floor":12,"key":"ats:Originium"},{"floor":12,"key":"Pantograph"},{"floor":25,"key":"ats:Originium"},{"floor":25,"key":"War Paint"},{"floor":26,"key":"Whetstone"},{"floor":28,"key":"ats:Originium"},{"floor":28,"key":"Lantern"},{"floor":40,"key":"ats:Originium"},{"floor":40,"key":"Akabeko"},{"floor":44,"key":"Omamori"},{"floor":48,"key":"Oddly Smooth Stone"},{"floor":54,"key":"ats:Military Tradition"}],"event_choices":[{"damage_healed":0,"gold_gain":0,"player_choice":"Donut","damage_taken":0,"max_hp_gain":5,"max_hp_loss":0,"event_name":"Big Fish","floor":2,"gold_loss":0},{"cards_removed":["ats:Strike G"],"damage_healed":0,"gold_gain":0,"player_choice":"Card Removal","damage_taken":7,"max_hp_gain":0,"max_hp_loss":0,"event_name":"Golden Wing","floor":4,"gold_loss":0},{"damage_healed":0,"gold_gain":75,"player_choice":"Gather Gold","damage_taken":11,"max_hp_gain":0,"max_hp_loss":0,"event_name":"World of Goop","floor":5,"gold_loss":0},{"cards_removed":["ats:Strike V"],"damage_healed":0,"gold_gain":0,"player_choice":"Elegance","damage_taken":0,"max_hp_gain":0,"max_hp_loss":0,"event_name":"Back to Basics","floor":21,"gold_loss":0},{"cards_removed":["ats:Strike C"],"damage_healed":0,"gold_gain":0,"player_choice":"Gave Gold","damage_taken":0,"max_hp_gain":0,"max_hp_loss":0,"event_name":"Beggar","floor":24,"gold_loss":75},{"damage_healed":0,"gold_gain":0,"player_choice":"1 cards matched","damage_taken":0,"max_hp_gain":0,"max_hp_loss":0,"event_name":"Match and Keep!","floor":31,"gold_loss":0,"cards_obtained":["ats:Dogmatic Field"]}],"is_beta":false,"boss_relics":[{"not_picked":["Fusion Hammer","Pandora\u0027s Box"],"picked":"Coffee Dripper"},{"not_picked":["Busted Crown","Runic Dome"],"picked":"Philosopher\u0027s Stone"}],"items_purged_floors":[22,30,38,53],"is_endless":false,"potions_floor_spawned":[10,12,13,16,20,27,37,39,45,46],"ascension_level":0}}