{"host":"72j3if4hls1tefkc","time":1612753235,"event":{"mods":["AchievementEnabler","Always Whale","Aspiration","BaseMod","Beaked The Cultist","Colored Map","Conspire","FetchMod","Halation","Hermit","Hubris","Infinite Spire","Minty Spire (QoL Compilation)","Reliquary","Replay The Spire","Shop Mod","StSLib","The Construct","The Cursed","The Jungle","The Marked","The Necromancer","The Poker Player"],"gold_per_floor":[109,122,122,132,31,58,58,58,82,82,96,96,96,106,106,208,208,219,238,254,179,179,179,179,179,232,83,100,100,115,115,115,218,218,248,248,248,248],"floor_reached":37,"language":"ENG","playtime":1589,"items_purged":["TheCursedMod:Strike_TheCursed","TheCursedMod:Strike_TheCursed"],"score":517,"play_id":"443c5e51-7a9c-49d0-8a15-4776c6a4883e","local_time":"20210207200035","is_ascension_mode":false,"campfire_choices":[{"data":"TheCursedMod:HellfireBreathing","floor":7,"key":"SMITH"},{"data":"TheCursedMod:CursedShiv","floor":10,"key":"SMITH"},{"floor":15,"key":"REST"},{"floor":23,"key":"REST"},{"floor":25,"key":"REST"},{"data":"TheCursedMod:CursedBoomerang","floor":29,"key":"SMITH"},{"floor":32,"key":"REST"}],"circlet_count":0,"master_deck":["TheCursedMod:Strike_TheCursed","TheCursedMod:Defend_TheCursed","TheCursedMod:Defend_TheCursed","TheCursedMod:Defend_TheCursed+1","TheCursedMod:Defend_TheCursed","TheCursedMod:CursedWand","TheCursedMod:CleanUpWorkshop+1","TheCursedMod:Dregs","TheCursedMod:CursedShiv","TheCursedMod:CursedShiv+1","TheCursedMod:SpreadPlague","TheCursedMod:FleshFromBone","TheCursedMod:CursedMace","TheCursedMod:HellfireBreathing+1","TheCursedMod:ReleasedStrength","TheCursedMod:RapidMovement","TheCursedMod:CircleOfCorruption","TheCursedMod:CursedBoomerang+1","TheCursedMod:VoidForm+1","TheCursedMod:SpitefulStrike+1","TheCursedMod:WearCloak","TheCursedMod:CursedShiv","TheCursedMod:CursedArmor","hubris:NaturalOne","TheCursedMod:DemonSword","TheCursedMod:Obscuration+1"],"relics":["TheCursedMod:BlackMagic101","NeowsBlessing","infinitespire:Satchel","halation:EternalFortune","War Paint","hubris:Towel","construct:ClawGrip","hubris:Icosahedron","aspiration:RitualStick","TheCursedMod:Tack","aspiration:Nostalgia","PureWater","Prayer Wheel","halation:HeavySnake","infinitespire:EvilPickle","Runic Pyramid"],"acts_visited":["Exordium","TheCity","TheBeyond"],"potions_floor_usage":[16,16,33,37],"damage_taken":[{"damage":0,"enemies":"Jaw Worm","floor":1,"turns":1},{"damage":0,"enemies":"Cultist","floor":2,"turns":1},{"damage":0,"enemies":"Small Slimes","floor":4,"turns":1},{"damage":35,"enemies":"3 Sentries","floor":6,"turns":8},{"damage":13,"enemies":"Gremlin Gang","floor":11,"turns":4},{"damage":1,"enemies":"Exordium Wildlife","floor":14,"turns":5},{"damage":11,"enemies":"Hexaghost","floor":16,"turns":6},{"damage":7,"enemies":"Spheric Guardian","floor":18,"turns":4},{"damage":30,"enemies":"Chosen","floor":19,"turns":5},{"damage":19,"enemies":"Sentry and Sphere","floor":20,"turns":5},{"damage":1,"enemies":"Snecko","floor":28,"turns":4},{"damage":34,"enemies":"Shelled Parasite and Fungi","floor":30,"turns":4},{"damage":12,"enemies":"Pondfish","floor":33,"turns":7},{"damage":0,"enemies":"3 Shapes","floor":35,"turns":4},{"damage":23,"enemies":"infinitespire:Three Voidlings","floor":37,"turns":4},{"damage":85,"enemies":"Nightmare_Alpha","floor":37,"turns":6}],"seed_played":"7381401946362781220","potions_obtained":[{"floor":6,"key":"Block Potion"},{"floor":11,"key":"BlessingOfTheForge"},{"floor":16,"key":"Dexterity Potion"},{"floor":28,"key":"Fire Potion"},{"floor":33,"key":"DistilledChaos"}],"is_trial":false,"path_per_floor":["M","M","?","M","$","E","R","?","T","R","M","?","?","M","R","B",null,"M","M","M","$","?","R","?","R","T","$","M","R","M","AVR","R","B",null,"M","?","?"],"character_chosen":"THE_CURSED","items_purchased":["TheCursedMod:CursedMace","TheCursedMod:HellfireBreathing","aspiration:Nostalgia"],"campfire_rested":4,"item_purchase_floors":[5,5,27],"current_hp_per_floor":[75,75,75,75,75,40,40,43,43,43,30,30,30,29,52,41,78,71,41,22,22,22,45,29,52,52,52,51,51,20,20,44,32,81,81,81,0,0],"gold":248,"neow_bonus":"THREE_ENEMY_KILL","is_daily":false,"chose_seed":false,"campfire_upgraded":3,"win_rate":0.0,"timestamp":1612753235,"path_taken":["M","M","?","?","$","E","R","?","T","R","M","?","?","M","R","BOSS","M","M","?","$","?","R","?","R","T","?","M","R","M","AVR","R","BOSS","M","?","?"],"items_purchased_type":["Card","Card","Relic"],"build_version":"2020-12-22","purchased_purges":2,"victory":false,"max_hp_per_floor":[75,75,75,75,75,75,75,78,78,78,78,78,78,78,78,78,78,78,78,78,78,78,78,78,78,78,78,78,78,81,81,81,81,81,81,81,81,81],"card_choices":[{"not_picked":["TheCursedMod:FleshFromBone","TheCursedMod:Torture"],"picked":"TheCursedMod:CursedShiv","floor":1},{"not_picked":["TheCursedMod:Torture","TheCursedMod:BloodBarrier"],"picked":"TheCursedMod:CursedShiv","floor":2},{"not_picked":["TheCursedMod:Evocation","TheCursedMod:SurpriseAttack"],"picked":"TheCursedMod:FleshFromBone","floor":4},{"not_picked":["TheCursedMod:CursedSpellbook","TheCursedMod:CursedMace"],"picked":"TheCursedMod:ReleasedStrength","floor":6},{"not_picked":["TheCursedMod:CursedMace","TheCursedMod:Stretching"],"picked":"TheCursedMod:RapidMovement","floor":11},{"not_picked":["TheCursedMod:Stretching","TheCursedMod:FuryStrike"],"picked":"TheCursedMod:CursedBoomerang","floor":14},{"not_picked":["TheCursedMod:CircleOfAbyss","TheCursedMod:StunningStrike"],"picked":"TheCursedMod:VoidForm","floor":16},{"not_picked":["TheCursedMod:CircleOfWindfury","TheCursedMod:Wield"],"picked":"TheCursedMod:SpitefulStrike+1","floor":18},{"not_picked":["TheCursedMod:StingEye+1","TheCursedMod:VitalStrike"],"picked":"TheCursedMod:WearCloak","floor":19},{"not_picked":["TheCursedMod:VitalStrike","TheCursedMod:BlessingInDisguise"],"picked":"TheCursedMod:CursedShiv","floor":20},{"not_picked":["TheCursedMod:VitalStrike+1","TheCursedMod:Torture+1"],"picked":"TheCursedMod:CursedArmor","floor":28},{"not_picked":["TheCursedMod:ManaCirculation","TheCursedMod:SurpriseAttack+1","TheCursedMod:SoulReap"],"picked":"SKIP","floor":30},{"not_picked":["TheCursedMod:NeowsMight","TheCursedMod:ShockAndAwe"],"picked":"TheCursedMod:DemonSword","floor":33},{"not_picked":["TheCursedMod:TacticalStrike","TheCursedMod:StingEye+1"],"picked":"TheCursedMod:Obscuration+1","floor":35},{"not_picked":["TheCursedMod:CursedMace+1","TheCursedMod:RapidMovement+1","TheCursedMod:CircleOfAmplification"],"picked":"SKIP","floor":35}],"player_experience":400446,"relics_obtained":[{"floor":6,"key":"infinitespire:Satchel"},{"floor":9,"key":"War Paint"},{"floor":26,"key":"TheCursedMod:Tack"},{"floor":30,"key":"halation:EternalFortune"}],"event_choices":[{"damage_healed":0,"gold_gain":0,"cards_transformed":["TheCursedMod:Strike_TheCursed"],"player_choice":"Transformed","damage_taken":0,"max_hp_gain":0,"max_hp_loss":0,"event_name":"Transmorgrifier","floor":3,"gold_loss":0,"cards_obtained":["TheCursedMod:SpreadPlague"]},{"damage_healed":0,"gold_gain":0,"player_choice":"1 cards matched","damage_taken":0,"max_hp_gain":0,"max_hp_loss":0,"event_name":"Match and Keep!","floor":13,"gold_loss":0,"cards_obtained":["TheCursedMod:CircleOfCorruption"]}],"is_beta":false,"boss_relics":[{"not_picked":["halation:Prosthetics","Ring of Chaos"],"picked":"construct:ClawGrip"},{"not_picked":["reliquary:Ember","reliquary:RedPaperclip"],"picked":"Runic Pyramid"}],"items_purged_floors":[21,31],"is_endless":false,"potions_floor_spawned":[6,11,16,28,33],"killed_by":"Nightmare_Alpha","ascension_level":0}}