{"host":"wuernuywc9gl215o","time":1612748956,"event":{"mods":["AchievementEnabler","BaseMod","Block Reminder","Highlight Path","Key Reminder","Minty Spire (QoL Compilation)","Permanent Neow","Potion Indicator Mod","Quick Restart","Relic Stats"],"gold_per_floor":[111,131,56,73,89,124,124,152,152,167,167,187,198,26,26,99,99,113,31,50,50,64,64,92,92,142,142,162,181,196,196,196,272,272,282,307,45,57,76,76,109,109,109,140,140,174,186,0,0,0,0,0,0,0,30,30,30],"floor_reached":56,"language":"ENG","playtime":4387,"items_purged":["Strike_R","Strike_R"],"score":1913,"play_id":"66fef801-defb-4436-8521-d624b15c65c1","local_time":"20210208014916","is_ascension_mode":true,"campfire_choices":[{"data":"Reaper","floor":7.0,"key":"SMITH"},{"data":"Double Tap","floor":15.0,"key":"SMITH"},{"data":"Rage","floor":23.0,"key":"SMITH"},{"data":"Iron Wave","floor":25.0,"key":"SMITH"},{"data":"Demon Form","floor":27.0,"key":"SMITH"},{"data":"Uppercut","floor":32.0,"key":"SMITH"},{"data":"Apotheosis","floor":40.0,"key":"SMITH"},{"data":"1","floor":42.0,"key":"LIFT"},{"floor":49.0,"key":"RECALL"},{"data":"2","floor":53.0,"key":"LIFT"}],"circlet_count":0,"master_deck":["AscendersBane","Strike_R","Strike_R","Defend_R","Defend_R+1","Defend_R","Defend_R+1","Bash","Metallicize","Anger","Hemokinesis","Battle Trance","Reaper+1","Evolve","Clothesline","Uppercut+1","Double Tap+1","Headbutt","Thunderclap","Demon Form+1","Rage+1","Reaper+1","Sword Boomerang","Seeing Red","Iron Wave+1","Disarm","Carnage","Necronomicurse","Feed","Bloodletting","Rupture","Flame Barrier","Apotheosis+1","Madness","Madness","Flash of Steel"],"relics":["Coffee Dripper","Calipers","White Beast Statue","Letter Opener","Membership Card","Runic Pyramid","DollysMirror","Matryoshka","Red Skull","Necronomicon","Busted Crown","Girya","Kunai","Pen Nib","Bottled Tornado","StoneCalendar","PreservedInsect","War Paint","Boot"],"acts_visited":["Exordium","TheCity","TheBeyond","TheEnding"],"potions_floor_usage":[],"damage_taken":[{"damage":0.0,"enemies":"Small Slimes","floor":1.0,"turns":2.0},{"damage":0.0,"enemies":"2 Louse","floor":2.0,"turns":1.0},{"damage":3.0,"enemies":"Cultist","floor":4.0,"turns":4.0},{"damage":9.0,"enemies":"Exordium Thugs","floor":5.0,"turns":5.0},{"damage":24.0,"enemies":"3 Sentries","floor":6.0,"turns":9.0},{"damage":21.0,"enemies":"Lagavulin","floor":8.0,"turns":6.0},{"damage":23.0,"enemies":"Lots of Slimes","floor":10.0,"turns":4.0},{"damage":3.0,"enemies":"Blue Slaver","floor":12.0,"turns":3.0},{"damage":8.0,"enemies":"Looter","floor":13.0,"turns":2.0},{"damage":17.0,"enemies":"Slime Boss","floor":16.0,"turns":6.0},{"damage":26.0,"enemies":"Shell Parasite","floor":18.0,"turns":3.0},{"damage":15.0,"enemies":"Spheric Guardian","floor":20.0,"turns":5.0},{"damage":38.0,"enemies":"Cultist and Chosen","floor":22.0,"turns":7.0},{"damage":55.0,"enemies":"Slavers","floor":24.0,"turns":6.0},{"damage":34.0,"enemies":"Shelled Parasite and Fungi","floor":28.0,"turns":3.0},{"damage":2.0,"enemies":"Snecko","floor":29.0,"turns":5.0},{"damage":24.0,"enemies":"Cultist and Chosen","floor":30.0,"turns":7.0},{"damage":9.0,"enemies":"Collector","floor":33.0,"turns":6.0},{"damage":0.0,"enemies":"Orb Walker","floor":35.0,"turns":2.0},{"damage":3.0,"enemies":"Mind Bloom Boss Battle","floor":36.0,"turns":5.0},{"damage":18.0,"enemies":"3 Darklings","floor":38.0,"turns":5.0},{"damage":44.0,"enemies":"Writhing Mass","floor":39.0,"turns":5.0},{"damage":62.0,"enemies":"Nemesis","floor":41.0,"turns":5.0},{"damage":25.0,"enemies":"Reptomancer","floor":44.0,"turns":4.0},{"damage":22.0,"enemies":"Nemesis","floor":46.0,"turns":5.0},{"damage":70.0,"enemies":"4 Shapes","floor":47.0,"turns":6.0},{"damage":94.0,"enemies":"Awakened One","floor":50.0,"turns":7.0},{"damage":87.0,"enemies":"Time Eater","floor":51.0,"turns":7.0},{"damage":83.0,"enemies":"Shield and Spear","floor":55.0,"turns":5.0},{"damage":78,"enemies":"The Heart","floor":56,"turns":3}],"seed_played":"-1339570031581639240","potions_obtained":[{"floor":1.0,"key":"Fire Potion"},{"floor":2.0,"key":"EssenceOfSteel"},{"floor":5.0,"key":"FearPotion"},{"floor":6.0,"key":"SteroidPotion"},{"floor":10.0,"key":"LiquidBronze"},{"floor":12.0,"key":"LiquidBronze"},{"floor":13.0,"key":"PowerPotion"},{"floor":16.0,"key":"Energy Potion"},{"floor":18.0,"key":"SneckoOil"},{"floor":20.0,"key":"Regen Potion"},{"floor":22.0,"key":"BlessingOfTheForge"},{"floor":24.0,"key":"DistilledChaos"},{"floor":28.0,"key":"HeartOfIron"},{"floor":29.0,"key":"AttackPotion"},{"floor":30.0,"key":"Block Potion"},{"floor":33.0,"key":"AttackPotion"},{"floor":35.0,"key":"Energy Potion"},{"floor":38.0,"key":"LiquidMemories"},{"floor":39.0,"key":"Regen Potion"},{"floor":44.0,"key":"SkillPotion"},{"floor":46.0,"key":"Dexterity Potion"},{"floor":47.0,"key":"FairyPotion"},{"floor":55.0,"key":"Energy Potion"}],"is_trial":false,"path_per_floor":["M","M","?","M","M","E","R","E","T","M","?","M","M","$","R","B",null,"M","$","M","$","M","R","E","R","T","R","M","M","M","?","R","B",null,"M","?","$","M","M","R","E","R","T","E","?","E","M","$","R","B","B",null,"R","$","E","B"],"character_chosen":"IRONCLAD","items_purchased":["Membership Card","DollysMirror","Bloodletting","Rupture","Flame Barrier","Apotheosis","Flash of Steel","War Paint"],"campfire_rested":0,"item_purchase_floors":[14,19,37,37,37,37,48,48],"current_hp_per_floor":[68,68,68,65,56,32,32,26,26,28,28,25,24,24,24,29,64,45,45,39,39,56,56,31,31,31,31,22,45,58,37,37,28,63,66,66,66,81,63,63,29,29,29,87,71,87,77,77,77,86,91,91,91,91,28,0,0],"gold":30,"neow_bonus":"BOSS_RELIC","is_daily":false,"chose_seed":false,"campfire_upgraded":7,"win_rate":0.0,"timestamp":1612748956,"path_taken":["M","M","?","M","M","E","R","E","T","M","?","M","?","?","R","BOSS","M","?","M","$","M","R","E","R","T","R","M","M","M","?","R","BOSS","M","?","$","M","M","R","E","R","T","E","?","E","M","?","R","BOSS","BOSS","R","$","E","BOSS"],"items_purchased_type":["Relic","Relic","Card","Card","Card","Card","Card","Relic"],"build_version":"2020-12-22","purchased_purges":2,"victory":false,"max_hp_per_floor":[75,75,75,75,75,75,75,75,75,75,75,75,75,75,75,75,75,75,75,75,75,75,75,75,75,75,75,75,75,75,75,75,75,75,78,81,81,81,84,84,84,84,84,87,87,87,91,91,91,91,91,91,91,91,91,91,91],"relic_stats":{"Busted Crown":18,"counters":[30,143],"StoneCalendar":[60],"Pen Nib":[9],"PreservedInsect":77,"Necronomicon":[44],"Letter Opener":[115],"Kunai":[21],"War Paint":["Defend_R","Defend_R"],"Boot":[0],"obtain_stats":[{"Girya":36,"Calipers":6,"StoneCalendar":44,"Pen Nib":43,"PreservedInsect":46,"Letter Opener":9,"Bottled Tornado":43,"War Paint":48,"Boot":55,"Burning Blood":0,"White Beast Statue":8,"keyreminder:keyreminder":26,"Matryoshka":24,"Busted Crown":34,"DollysMirror":19,"Coffee Dripper":0,"Necronomicon":31,"Membership Card":14,"Kunai":41,"Red Skull":26,"Runic Pyramid":17},{"Girya":20,"Calipers":5,"StoneCalendar":24,"Pen Nib":23,"PreservedInsect":25,"Letter Opener":6,"Bottled Tornado":23,"War Paint":26,"Boot":29,"Burning Blood":0,"White Beast Statue":6,"keyreminder:keyreminder":14,"Matryoshka":14,"Busted Crown":18,"DollysMirror":11,"Coffee Dripper":0,"Necronomicon":17,"Membership Card":9,"Kunai":23,"Red Skull":14,"Runic Pyramid":10},{"Girya":91,"Calipers":21,"StoneCalendar":110,"Pen Nib":106,"PreservedInsect":115,"Letter Opener":27,"Bottled Tornado":106,"War Paint":121,"Boot":140,"Burning Blood":0,"White Beast Statue":27,"keyreminder:keyreminder":63,"Matryoshka":63,"Busted Crown":84,"DollysMirror":45,"Coffee Dripper":0,"Necronomicon":78,"Membership Card":36,"Kunai":106,"Red Skull":63,"Runic Pyramid":42}]},"card_choices":[{"not_picked":["Armaments","Body Slam"],"picked":"Metallicize","floor":1.0},{"not_picked":["Iron Wave","Limit Break"],"picked":"Anger","floor":2.0},{"not_picked":["Inflame","Cleave"],"picked":"Hemokinesis","floor":4.0},{"not_picked":["Thunderclap","Body Slam"],"picked":"Battle Trance","floor":5.0},{"not_picked":["Perfected Strike","Feel No Pain"],"picked":"Reaper","floor":6.0},{"not_picked":["Armaments","Reckless Charge"],"picked":"Evolve","floor":8.0},{"not_picked":["Sentinel","Combust"],"picked":"Clothesline","floor":10.0},{"not_picked":["Thunderclap","Hemokinesis"],"picked":"Headbutt","floor":12.0},{"not_picked":["Sever Soul","Thunderclap","Infernal Blade"],"picked":"SKIP","floor":13.0},{"not_picked":["Sever Soul","Infernal Blade"],"picked":"Thunderclap","floor":13.0},{"not_picked":["Brutality","Offering"],"picked":"Demon Form","floor":16.0},{"not_picked":["Anger","Wild Strike"],"picked":"Rage","floor":18.0},{"not_picked":["Warcry","Wild Strike"],"picked":"Sword Boomerang","floor":20.0},{"not_picked":["Evolve","Armaments"],"picked":"Seeing Red","floor":22.0},{"not_picked":["Havoc","Wild Strike"],"picked":"Iron Wave","floor":24.0},{"not_picked":["Perfected Strike","True Grit"],"picked":"Disarm","floor":28.0},{"not_picked":["Wild Strike","Body Slam"],"picked":"Carnage","floor":29.0},{"not_picked":["Dual Wield","Iron Wave","Headbutt"],"picked":"SKIP","floor":30.0},{"not_picked":["Brutality","Juggernaut"],"picked":"Feed","floor":33.0},{"not_picked":["Battle Trance"],"picked":"SKIP","floor":35.0},{"not_picked":["Havoc+1"],"picked":"SKIP","floor":38.0},{"not_picked":["Iron Wave"],"picked":"SKIP","floor":39.0},{"not_picked":["Sword Boomerang"],"picked":"SKIP","floor":41.0},{"not_picked":["Headbutt"],"picked":"SKIP","floor":44.0},{"not_picked":["Headbutt"],"picked":"SKIP","floor":46.0},{"not_picked":["Pommel Strike"],"picked":"SKIP","floor":47.0},{"not_picked":["Flex"],"picked":"SKIP","floor":55.0}],"player_experience":868244,"relics_obtained":[{"floor":6.0,"key":"Calipers"},{"floor":8.0,"key":"White Beast Statue"},{"floor":9.0,"key":"Letter Opener"},{"floor":24.0,"key":"Matryoshka"},{"floor":26.0,"key":"Red Skull"},{"floor":31.0,"key":"Necronomicon"},{"floor":36.0,"key":"Girya"},{"floor":41.0,"key":"Kunai"},{"floor":43.0,"key":"Pen Nib"},{"floor":43.0,"key":"Bottled Tornado"},{"floor":44.0,"key":"StoneCalendar"},{"floor":46.0,"key":"PreservedInsect"},{"floor":55.0,"key":"Boot"}],"event_choices":[{"cards_removed":["Strike_R"],"damage_healed":0.0,"max_hp_gain":0.0,"max_hp_loss":0.0,"gold_gain":0.0,"event_name":"The Cleric","player_choice":"Card Removal","floor":3.0,"gold_loss":75.0,"damage_taken":0.0},{"damage_healed":0.0,"max_hp_gain":0.0,"max_hp_loss":0.0,"gold_gain":0.0,"event_name":"Match and Keep!","player_choice":"2 cards matched","floor":11.0,"gold_loss":0.0,"damage_taken":0.0,"cards_obtained":["Uppercut","Double Tap"]},{"damage_healed":0.0,"max_hp_gain":0.0,"max_hp_loss":0.0,"gold_gain":0.0,"event_name":"Cursed Tome","player_choice":"Obtained Book","floor":31.0,"gold_loss":0.0,"damage_taken":21.0},{"damage_healed":0.0,"max_hp_gain":0.0,"max_hp_loss":0.0,"gold_gain":0.0,"event_name":"MindBloom","player_choice":"Fight","floor":36.0,"gold_loss":0.0,"damage_taken":0.0},{"damage_healed":0.0,"max_hp_gain":0.0,"max_hp_loss":0.0,"gold_gain":0.0,"event_name":"Winding Halls","player_choice":"Embrace Madness","floor":45.0,"gold_loss":0.0,"damage_taken":16.0,"cards_obtained":["Madness","Madness"]}],"is_beta":false,"boss_relics":[{"not_picked":["Mark of Pain","Cursed Key"],"picked":"Runic Pyramid"},{"not_picked":["Tiny House","Astrolabe"],"picked":"Busted Crown"}],"items_purged_floors":[37,48],"is_endless":false,"potions_floor_spawned":[1,2,5,6,10,12,13,16,18,20,22,24,28,29,30,33,35,36,38,39,41,44,46,47,55],"killed_by":"The Heart","ascension_level":20}}