{"host":"sgqhwtqjaxn0ibpt","time":1612746383,"event":{"mods":["2.2 Compatiblity","AchievementEnabler","Aspiration","BaseMod","Beaked The Cultist","Better Altar","Better Third Choice","Clockwork Mod","Colored Powertips","Conspire","Disable Question Mark Monsters","Downfall","Energized Spire","Glutton Mod","Gremlin Mod","Gremlin Skip","Hermit","Hubris","Jorbs\u0027s Wanderer Trilogy","Mad Scientist","Minty Spire (QoL Compilation)","Permanent Neow","Quick Restart","Random Character Button","Rare Cards Sparkle","Reworked Bosses","SacredBarkPlus","Shop Mod","StSLib","The Bug Knight","The Construct","The Cursed","The Forsaken","The Hierophant","The Runesmith","TheHeartMod","Trackpad","Wandering Minibosses"],"gold_per_floor":[113,113,142,160,172,201,214,214,214,214,243,46,58,85,85,183,183,202,220,220,230,248,281,301,301,375,402,421,438,438,467,467,566,566,579,593,345,345,392,419,433,447,499,529,529,564,564,604,604,634],"floor_reached":51,"language":"ENG","playtime":1908,"items_purged":["Defend_P"],"score":944,"play_id":"dea80804-aadd-46c9-8d9c-077173d922ab","local_time":"20210207200623","is_ascension_mode":false,"campfire_choices":[{"data":"CrushJoints","floor":15.0,"key":"SMITH"},{"data":"Wallop","floor":25.0,"key":"SMITH"},{"data":"Devotion","floor":32.0,"key":"SMITH"},{"data":"TalkToTheHand","floor":45.0,"key":"SMITH"},{"data":"Wish","floor":47,"key":"SMITH"},{"data":"Tantrum","floor":49,"key":"SMITH"}],"circlet_count":0,"master_deck":["Defend_P","Defend_P+1","Defend_P","Eruption+1","Vigilance","CrushJoints+1","Wallop+1","Protect","Tantrum+1","Scrawl+1","SashWhip","ClearTheMind+1","FlurryOfBlows","EmptyMind","Devotion+1","Crescendo+1","Slimebound:Tackle+1","Slimebound:Tackle+1","Slimebound:Tackle+1","FlurryOfBlows+1","SandsOfTime+1","Omniscience+1","MentalFortress+1","WheelKick+1","LessonLearned+1","CutThroughFate","TalkToTheHand+1","FearNoEvil+1","Wallop+1","Wish+1","Halt+1"],"relics":["PureWater","theForsaken:ScaryMask","CaptainsWheel","aspiration:ArtOfWarUpgrade","trackpad:ByrdBGone","Nunchaku","Orichalcum","Centennial Puzzle","construct:WeddingRing","Omamori","Pantograph","Ancient Tea Set","trackpad:BottledTsunami","hubris:SphereOfDissonance","energizedSpire:NeverEndingSparkler","Turnip","Eternal Feather","Damaru","aspiration:EmptySkull","Dream Catcher"],"acts_visited":["Exordium","TheCity","TheBeyond"],"potions_floor_usage":[46],"damage_taken":[{"damage":0.0,"enemies":"Cultist","floor":1.0,"turns":2.0},{"damage":22.0,"enemies":"conspire:MimicChest","floor":3.0,"turns":5.0},{"damage":0.0,"enemies":"conspire:RoseBush","floor":4.0,"turns":3.0},{"damage":0.0,"enemies":"2 Louse","floor":5.0,"turns":1.0},{"damage":0.0,"enemies":"HollowMod:MossKnight","floor":6.0,"turns":3.0},{"damage":0.0,"enemies":"Exordium Wildlife","floor":7.0,"turns":2.0},{"damage":0.0,"enemies":"Gremlin Nob","floor":11.0,"turns":2.0},{"damage":0.0,"enemies":"3 Louse","floor":13.0,"turns":2.0},{"damage":0.0,"enemies":"Lagavulin","floor":14.0,"turns":2.0},{"damage":5.0,"enemies":"Hexaghost","floor":16.0,"turns":7.0},{"damage":0.0,"enemies":"3 Byrds","floor":18.0,"turns":3.0},{"damage":3.0,"enemies":"2 Thieves","floor":19.0,"turns":4.0},{"damage":6.0,"enemies":"Snake Plant","floor":21.0,"turns":3.0},{"damage":3.0,"enemies":"Snecko","floor":22.0,"turns":4.0},{"damage":3.0,"enemies":"Book of Stabbing","floor":23.0,"turns":2.0},{"damage":0.0,"enemies":"Shelled Parasite and Fungi","floor":24.0,"turns":2.0},{"damage":4.0,"enemies":"Slavers","floor":27.0,"turns":3.0},{"damage":3.0,"enemies":"3 Cultists","floor":28.0,"turns":3.0},{"damage":0.0,"enemies":"Snecko","floor":29.0,"turns":3.0},{"damage":3.0,"enemies":"Gremlin Leader","floor":31.0,"turns":2.0},{"damage":3.0,"enemies":"bossMod:newChamp","floor":33.0,"turns":5.0},{"damage":0.0,"enemies":"3 Shapes","floor":35.0,"turns":3.0},{"damage":0.0,"enemies":"Orb Walker","floor":36.0,"turns":1.0},{"damage":0.0,"enemies":"2 Orb Walkers","floor":39.0,"turns":2.0},{"damage":5.0,"enemies":"Giant Head","floor":40.0,"turns":2.0},{"damage":11.0,"enemies":"Jaw Worm Horde","floor":41.0,"turns":2.0},{"damage":0.0,"enemies":"Spire Growth","floor":42.0,"turns":2.0},{"damage":1.0,"enemies":"HollowMod:StalkingDevout","floor":44.0,"turns":4.0},{"damage":7,"enemies":"Reptomancer","floor":46,"turns":4},{"damage":0,"enemies":"3 Darklings","floor":48,"turns":5},{"damage":6,"enemies":"bossMod:newAwakened","floor":50,"turns":4}],"seed_played":"4362674153662399096","potions_obtained":[{"floor":4.0,"key":"BlessingOfTheForge"},{"floor":5.0,"key":"Strength Potion"},{"floor":6.0,"key":"SmokeBomb"},{"floor":19.0,"key":"Explosive Potion"},{"floor":22.0,"key":"Block Potion"},{"floor":41.0,"key":"bronze:BurnAndBuffPotion"},{"floor":44.0,"key":"DuplicationPotion"},{"floor":46,"key":"Slimebound:ThreeZeroPotion"}],"is_trial":false,"path_per_floor":["M","T","?","M","M","E","M","R","T","R","E","$","M","E","R","B",null,"M","M","?","M","M","E","M","R","T","E","M","M","?","E","R","B",null,"M","M","$","?","?","E","M","M","T","E","R","E","R","M","R","B",null],"character_chosen":"WATCHER","items_purchased":["FlurryOfBlows","Orichalcum","TalkToTheHand","Fruit Juice"],"campfire_rested":0,"item_purchase_floors":[12,12,37,37],"current_hp_per_floor":[72,72,50,50,50,50,50,50,50,50,50,50,50,50,50,45,72,72,69,69,63,60,57,57,57,57,53,50,50,50,47,47,69,72,72,72,72,72,72,67,56,56,56,60,75,68,77,77,77,71],"gold":634,"neow_bonus":"UPGRADE_CARD","is_daily":false,"chose_seed":false,"campfire_upgraded":6,"win_rate":0.0,"timestamp":1612746383,"path_taken":["M","?","?","M","M","E","M","R","T","R","E","?","M","E","R","BOSS","M","M","?","M","M","E","M","R","T","E","M","M","?","E","R","BOSS","M","M","$","?","?","E","M","M","T","E","R","E","R","M","R","BOSS"],"items_purchased_type":["Card","Relic","Card","Potion"],"build_version":"2020-12-22","purchased_purges":1,"victory":true,"max_hp_per_floor":[72,72,72,72,72,72,72,72,72,72,72,72,72,72,72,72,72,72,72,72,72,72,72,72,72,72,72,72,72,72,72,72,72,72,72,72,72,72,72,72,72,72,72,77,77,77,77,77,77,77],"card_choices":[{"not_picked":["ThirdEye","Consecrate"],"picked":"CrushJoints","floor":1.0},{"not_picked":["ClearTheMind","PathToVictory"],"picked":"Wallop","floor":3.0},{"not_picked":["FlyingSleeves","Vengeance"],"picked":"Protect","floor":4.0},{"not_picked":["MentalFortress","Collect"],"picked":"Tantrum","floor":5.0},{"not_picked":["ClearTheMind","Halt"],"picked":"Scrawl","floor":6.0},{"not_picked":["FollowUp","ClearTheMind"],"picked":"SashWhip","floor":7.0},{"not_picked":["Prostrate","PathToVictory"],"picked":"ClearTheMind","floor":11.0},{"not_picked":["Evaluate","FlurryOfBlows"],"picked":"EmptyMind","floor":13.0},{"not_picked":["EmptyFist","Protect","Collect"],"picked":"SKIP","floor":14.0},{"not_picked":["Alpha","Omniscience"],"picked":"Devotion","floor":16.0},{"not_picked":["EmptyMind","Vengeance"],"picked":"Crescendo+1","floor":18.0},{"not_picked":["Protect","Swivel","EmptyFist"],"picked":"SKIP","floor":19.0},{"not_picked":["Protect","CutThroughFate"],"picked":"FlurryOfBlows+1","floor":21.0},{"not_picked":["Wireheading","FollowUp"],"picked":"SandsOfTime+1","floor":22.0},{"not_picked":["ThirdEye","ClearTheMind"],"picked":"Omniscience","floor":23.0},{"not_picked":["BowlingBash+1","SashWhip"],"picked":"MentalFortress+1","floor":24.0},{"not_picked":["FollowUp","PathToVictory","Sanctity"],"picked":"SKIP","floor":27.0},{"not_picked":["EmptyFist","Evaluate","SashWhip"],"picked":"SKIP","floor":28.0},{"not_picked":["FollowUp","ClearTheMind","Evaluate"],"picked":"SKIP","floor":29.0},{"not_picked":["EmptyFist+1","Protect"],"picked":"WheelKick+1","floor":31.0},{"not_picked":["Scrawl","Vault"],"picked":"LessonLearned","floor":33.0},{"not_picked":["JustLucky","LikeWater+1","Swivel"],"picked":"SKIP","floor":35.0},{"not_picked":["Consecrate+1","FlurryOfBlows"],"picked":"CutThroughFate","floor":36.0},{"not_picked":["SandsOfTime","PathToVictory"],"picked":"FearNoEvil+1","floor":39.0},{"not_picked":["Collect","FlyingSleeves+1","Pray"],"picked":"SKIP","floor":40.0},{"not_picked":["WaveOfTheHand+1","Sanctity+1","Indignation+1"],"picked":"SKIP","floor":41.0},{"not_picked":["Weave","FlyingSleeves","Evaluate"],"picked":"SKIP","floor":42.0},{"not_picked":["Meditate+1","FollowUp+1"],"picked":"Wallop","floor":44.0},{"not_picked":["Meditate","Protect"],"picked":"Wish","floor":46},{"not_picked":["Prostrate+1","FlyingSleeves+1"],"picked":"Halt+1","floor":48}],"player_experience":158369,"relics_obtained":[{"floor":2.0,"key":"theForsaken:ScaryMask"},{"floor":3.0,"key":"CaptainsWheel"},{"floor":6.0,"key":"Art of War"},{"floor":9.0,"key":"trackpad:ByrdBGone"},{"floor":11.0,"key":"Nunchaku"},{"floor":14.0,"key":"Centennial Puzzle"},{"floor":23.0,"key":"Omamori"},{"floor":26.0,"key":"Pantograph"},{"floor":27.0,"key":"Ancient Tea Set"},{"floor":31.0,"key":"hubris:SphereOfDissonance"},{"floor":39.0,"key":"Turnip"},{"floor":40.0,"key":"Eternal Feather"},{"floor":43.0,"key":"Damaru"},{"floor":44.0,"key":"aspiration:EmptySkull"},{"floor":46,"key":"Dream Catcher"}],"event_choices":[{"damage_healed":0.0,"max_hp_gain":0.0,"max_hp_loss":0.0,"gold_gain":0.0,"event_name":"Addict","player_choice":"Stole Relic","floor":30.0,"gold_loss":0.0,"damage_taken":0.0,"relics_obtained":["trackpad:BottledTsunami"],"cards_obtained":["Shame"]},{"damage_healed":0.0,"max_hp_gain":0.0,"max_hp_loss":0.0,"gold_gain":0.0,"event_name":"Tomb of Lord Red Mask","player_choice":"Ignored","floor":38.0,"gold_loss":0.0,"damage_taken":0.0},{"damage_healed":0.0,"max_hp_gain":0.0,"max_hp_loss":0.0,"gold_gain":0.0,"event_name":"Mysterious Sphere","player_choice":"Fight","floor":39.0,"gold_loss":0.0,"damage_taken":0.0}],"is_beta":false,"boss_relics":[{"not_picked":["energizedSpire:OgreHead","aspiration:RunicSpoon"],"picked":"construct:WeddingRing"},{"not_picked":["bronze:MakeshiftBattery","SacredBark"],"picked":"energizedSpire:NeverEndingSparkler"}],"items_purged_floors":[37],"is_endless":false,"potions_floor_spawned":[4,5,6,14,16,19,22,28,29,33,40,41,44,46],"ascension_level":0}}