{"host":"8lno9xwgef3sjccz","time":1612807767,"event":{"mods":["AchievementEnabler","BaseMod","Minty Spire (QoL Compilation)","Relic Stats"],"gold_per_floor":[110,110,39,55,73,99,99,130,130,130,140,140,172,188,188,290,290,301,319,329,341,51,83,83,99,99,130,140,55,87,107,107,202,202,215,215,234,134,134,149,174,224,303,335,335,335,335,351,351,351,351,351,10,43,43],"floor_reached":56,"language":"ENG","playtime":3308,"items_purged":["Strike_R","Defend_R","Strike_R"],"score":1388,"play_id":"8a454654-76be-4f84-9f91-5609a1c74a20","local_time":"20210208130927","is_ascension_mode":true,"campfire_choices":[{"data":"Cleave","floor":7,"key":"SMITH"},{"data":"Feed","floor":10,"key":"SMITH"},{"data":"Barricade","floor":15,"key":"SMITH"},{"data":"Inflame","floor":24,"key":"SMITH"},{"data":"Heavy Blade","floor":32,"key":"SMITH"},{"data":"Demon Form","floor":47,"key":"SMITH"},{"floor":49,"key":"RECALL"},{"data":"Sword Boomerang","floor":52,"key":"SMITH"}],"circlet_count":0,"master_deck":["Strike_R","Bash+1","Cleave","Feed+1","Dual Wield","Cleave+1","Dark Embrace","Pommel Strike","Uppercut","Barricade+1","Demon Form+1","Blood for Blood","Uppercut","Rage+1","Inflame+1","Armaments","Carnage","Clothesline+1","Metallicize","Heavy Blade+1","Inflame","Corruption","Pommel Strike+1","Sword Boomerang+1","Rupture+1","Disarm+1","Evolve","Ghostly Armor"],"relics":["Burning Blood","Pen Nib","HornCleat","Bronze Scales","Ancient Tea Set","Snecko Eye","Orichalcum","Incense Burner","White Beast Statue","Juzu Bracelet","Tiny Chest","Empty Cage","Boot","Magic Flower","Lantern","Turnip","Bag of Preparation","Whetstone"],"acts_visited":["Exordium","TheCity","TheBeyond","TheEnding"],"potions_floor_usage":[8,11,16,16,23,23,23,27,31,33,40,40,40,41,42,44,48,50,55,55],"damage_taken":[{"damage":12,"enemies":"2 Louse","floor":1,"turns":3},{"damage":5,"enemies":"Cultist","floor":4,"turns":4},{"damage":3,"enemies":"Small Slimes","floor":5,"turns":3},{"damage":35,"enemies":"3 Sentries","floor":6,"turns":5},{"damage":41,"enemies":"Lagavulin","floor":8,"turns":10},{"damage":10,"enemies":"Looter","floor":11,"turns":4},{"damage":0,"enemies":"Gremlin Nob","floor":13,"turns":3},{"damage":2,"enemies":"Blue Slaver","floor":14,"turns":4},{"damage":46,"enemies":"Hexaghost","floor":16,"turns":12},{"damage":8,"enemies":"Spheric Guardian","floor":18,"turns":4},{"damage":20,"enemies":"2 Thieves","floor":19,"turns":4},{"damage":7,"enemies":"Snecko","floor":20,"turns":5},{"damage":0,"enemies":"Centurion and Healer","floor":21,"turns":4},{"damage":9,"enemies":"Gremlin Leader","floor":23,"turns":5},{"damage":38,"enemies":"Sentry and Sphere","floor":25,"turns":6},{"damage":15,"enemies":"Book of Stabbing","floor":27,"turns":3},{"damage":9,"enemies":"Snake Plant","floor":28,"turns":2},{"damage":18,"enemies":"Gremlin Leader","floor":30,"turns":5},{"damage":2,"enemies":"Centurion and Healer","floor":31,"turns":2},{"damage":3,"enemies":"Automaton","floor":33,"turns":9},{"damage":5,"enemies":"Orb Walker","floor":35,"turns":4},{"damage":23,"enemies":"3 Shapes","floor":37,"turns":3},{"damage":6,"enemies":"Spire Growth","floor":40,"turns":6},{"damage":1,"enemies":"Nemesis","floor":41,"turns":5},{"damage":29,"enemies":"2 Orb Walkers","floor":42,"turns":5},{"damage":42,"enemies":"Reptomancer","floor":44,"turns":6},{"damage":3,"enemies":"3 Darklings","floor":48,"turns":7},{"damage":66,"enemies":"Donu and Deca","floor":50,"turns":8},{"damage":74,"enemies":"Shield and Spear","floor":54,"turns":7},{"damage":101,"enemies":"The Heart","floor":55,"turns":7}],"seed_played":"-2409934112277520287","potions_obtained":[{"floor":4,"key":"SkillPotion"},{"floor":5,"key":"Swift Potion"},{"floor":11,"key":"GamblersBrew"},{"floor":13,"key":"SpeedPotion"},{"floor":19,"key":"Weak Potion"},{"floor":23,"key":"FearPotion"},{"floor":27,"key":"Strength Potion"},{"floor":28,"key":"Ancient Potion"},{"floor":30,"key":"Fire Potion"},{"floor":31,"key":"Dexterity Potion"},{"floor":33,"key":"EssenceOfSteel"},{"floor":40,"key":"SneckoOil"},{"floor":41,"key":"Weak Potion"},{"floor":42,"key":"Energy Potion"},{"floor":44,"key":"SteroidPotion"},{"floor":46,"key":"FairyPotion"},{"floor":46,"key":"DistilledChaos"},{"floor":48,"key":"Dexterity Potion"},{"floor":54,"key":"Dexterity Potion"}],"is_trial":false,"path_per_floor":["M","?","$","M","M","E","R","E","T","R","M","?","E","M","R","B",null,"M","M","M","M","$","E","R","M","T","E","M","?","E","M","R","B",null,"M","?","M","$","?","M","E","?","T","E","T","?","R","M","R","B",null,"R","$","E","B",null],"character_chosen":"IRONCLAD","items_purchased":["Feed","Inflame","Armaments","SkillPotion","Regen Potion","Bag of Preparation","Evolve"],"campfire_rested":0,"item_purchase_floors":[3,22,22,22,22,53,53],"current_hp_per_floor":[82,82,82,86,92,66,66,34,34,34,34,34,44,52,52,16,116,118,108,111,121,121,129,129,97,97,88,89,89,77,85,85,88,140,140,140,123,123,123,127,136,117,117,84,84,84,84,96,96,39,156,156,156,91,68],"gold":43,"neow_bonus":"TEN_PERCENT_HP_BONUS","is_daily":false,"chose_seed":false,"campfire_upgraded":7,"win_rate":0.0,"timestamp":1612807767,"path_taken":["M","?","?","M","M","E","R","E","T","R","M","?","E","?","R","BOSS","M","M","M","M","$","E","R","M","T","E","M","?","E","M","R","BOSS","M","?","M","$","?","M","E","?","T","E","?","?","R","M","R","BOSS","R","$","E","BOSS"],"items_purchased_type":["Card","Card","Card","Potion","Potion","Relic","Card"],"build_version":"2020-12-22","purchased_purges":3,"victory":true,"max_hp_per_floor":[88,88,88,91,94,97,97,100,100,100,104,104,108,112,112,116,116,120,124,128,132,132,132,132,132,132,132,136,136,136,140,140,140,140,140,140,140,140,140,144,148,152,152,152,152,152,152,156,156,156,156,156,156,156,156],"relic_stats":{"counters":[30,155],"Magic Flower":[40],"Pen Nib":[25],"Juzu Bracelet":1,"Bag of Preparation":[4],"Whetstone":["Clothesline","Bash"],"Orichalcum":[144],"Boot":[3],"Burning Blood":194,"Bronze Scales":[413],"Snecko Eye":[201,183,191,202],"Tiny Chest":1,"Turnip":[2],"obtain_stats":[{"Lantern":44,"Magic Flower":42,"Pen Nib":6,"Incense Burner":26,"Juzu Bracelet":29,"Bag of Preparation":53,"Whetstone":54,"Orichalcum":23,"Ancient Tea Set":13,"Empty Cage":34,"Boot":41,"Burning Blood":0,"White Beast Statue":27,"HornCleat":8,"Bronze Scales":9,"Snecko Eye":17,"Tiny Chest":30,"Turnip":45},{"Lantern":26,"Magic Flower":25,"Pen Nib":4,"Incense Burner":15,"Juzu Bracelet":17,"Bag of Preparation":28,"Whetstone":29,"Orichalcum":14,"Ancient Tea Set":7,"Empty Cage":20,"Boot":24,"Burning Blood":0,"White Beast Statue":16,"HornCleat":5,"Bronze Scales":5,"Snecko Eye":9,"Tiny Chest":18,"Turnip":26},{"Lantern":126,"Magic Flower":120,"Pen Nib":15,"Incense Burner":76,"Juzu Bracelet":81,"Bag of Preparation":141,"Whetstone":148,"Orichalcum":70,"Ancient Tea Set":32,"Empty Cage":97,"Boot":115,"Burning Blood":0,"White Beast Statue":79,"HornCleat":25,"Bronze Scales":25,"Snecko Eye":48,"Tiny Chest":86,"Turnip":126}]},"card_choices":[{"not_picked":["Iron Wave","Body Slam"],"picked":"Cleave","floor":1},{"not_picked":["Havoc","True Grit","Limit Break"],"picked":"SKIP","floor":4},{"not_picked":["Twin Strike","Sword Boomerang"],"picked":"Dual Wield","floor":5},{"not_picked":["Iron Wave","Headbutt","Cleave"],"picked":"SKIP","floor":6},{"not_picked":["Iron Wave","Headbutt"],"picked":"Cleave","floor":6},{"not_picked":["Wild Strike","Cleave"],"picked":"Dark Embrace","floor":8},{"not_picked":["Havoc","Rampage"],"picked":"Pommel Strike","floor":11},{"not_picked":["Sword Boomerang","Blood for Blood"],"picked":"Uppercut","floor":13},{"not_picked":["Clash","Bloodletting"],"picked":"Barricade","floor":14},{"not_picked":["Brutality","Immolate"],"picked":"Demon Form","floor":16},{"not_picked":["Sword Boomerang","Rupture"],"picked":"Blood for Blood","floor":18},{"not_picked":["Twin Strike","Flex+1"],"picked":"Uppercut","floor":19},{"not_picked":["Sword Boomerang","True Grit+1"],"picked":"Rage+1","floor":20},{"not_picked":["Bloodletting","Whirlwind","Dropkick"],"picked":"SKIP","floor":21},{"not_picked":["Havoc","Fire Breathing"],"picked":"Carnage","floor":23},{"not_picked":["Warcry","Wild Strike","Headbutt"],"picked":"SKIP","floor":25},{"not_picked":["Sentinel","Cleave+1"],"picked":"Clothesline","floor":27},{"not_picked":["Heavy Blade","Cleave"],"picked":"Metallicize","floor":28},{"not_picked":["Spot Weakness","Wild Strike"],"picked":"Heavy Blade","floor":30},{"not_picked":["Flex","Fire Breathing"],"picked":"Inflame","floor":31},{"not_picked":["Impervious","Brutality"],"picked":"Corruption","floor":33},{"not_picked":["Dropkick+1","Battle Trance+1"],"picked":"Pommel Strike+1","floor":35},{"not_picked":["Body Slam","Thunderclap"],"picked":"Sword Boomerang","floor":37},{"not_picked":["Searing Blow","Warcry","Pommel Strike"],"picked":"SKIP","floor":40},{"not_picked":["Whirlwind","Battle Trance"],"picked":"Rupture+1","floor":41},{"not_picked":["Whirlwind","Clash"],"picked":"Disarm+1","floor":44},{"not_picked":["Thunderclap+1","Clothesline","Sword Boomerang"],"picked":"SKIP","floor":48},{"not_picked":["Offering","Perfected Strike"],"picked":"Ghostly Armor","floor":54}],"player_experience":114492,"relics_obtained":[{"floor":6,"key":"Pen Nib"},{"floor":8,"key":"HornCleat"},{"floor":9,"key":"Bronze Scales"},{"floor":13,"key":"Ancient Tea Set"},{"floor":23,"key":"Orichalcum"},{"floor":26,"key":"Incense Burner"},{"floor":27,"key":"White Beast Statue"},{"floor":30,"key":"Tiny Chest"},{"floor":41,"key":"Boot"},{"floor":42,"key":"Magic Flower"},{"floor":44,"key":"Lantern"},{"floor":45,"key":"Turnip"},{"floor":54,"key":"Whetstone"}],"event_choices":[{"cards_removed":["Strike_R"],"damage_healed":0,"gold_gain":0,"player_choice":"Offered Basic","damage_taken":0,"max_hp_gain":0,"max_hp_loss":0,"event_name":"Bonfire Elementals","floor":2,"gold_loss":0},{"cards_removed":["Strike_R"],"damage_healed":0,"gold_gain":0,"player_choice":"Purged","damage_taken":0,"max_hp_gain":0,"max_hp_loss":0,"event_name":"Purifier","floor":12,"gold_loss":0},{"damage_healed":0,"gold_gain":0,"player_choice":"Obtained Relic","damage_taken":0,"relics_obtained":["Juzu Bracelet"],"max_hp_gain":0,"max_hp_loss":0,"event_name":"Addict","floor":29,"gold_loss":85},{"damage_healed":0,"gold_gain":0,"player_choice":"Ignored","damage_taken":0,"max_hp_gain":0,"max_hp_loss":0,"event_name":"Tomb of Lord Red Mask","floor":36,"gold_loss":0},{"cards_removed":["Defend_R"],"damage_healed":0,"gold_gain":0,"player_choice":"Removed Skill","damage_taken":0,"max_hp_gain":0,"max_hp_loss":0,"event_name":"Falling","floor":39,"gold_loss":0},{"damage_healed":0,"gold_gain":0,"player_choice":"Fight","damage_taken":0,"max_hp_gain":0,"max_hp_loss":0,"event_name":"Mysterious Sphere","floor":42,"gold_loss":0},{"damage_healed":0,"gold_gain":0,"player_choice":"Got Potions","damage_taken":0,"max_hp_gain":0,"max_hp_loss":0,"event_name":"Lab","floor":46,"gold_loss":0}],"is_beta":false,"boss_relics":[{"not_picked":["SlaversCollar","Philosopher\u0027s Stone"],"picked":"Snecko Eye"},{"not_picked":["Black Blood","Mark of Pain"],"picked":"Empty Cage"}],"items_purged_floors":[22,38,53],"is_endless":false,"potions_floor_spawned":[4,5,11,13,19,23,27,28,30,31,33,35,37,40,41,42,44,48,54],"ascension_level":1}}