{"host":"tml1x4ylw9tadh99","time":1612812818,"event":{"mods":["AchievementEnabler","Act Like it!","BaseMod","Bestiary","Colored Map","Colored Powertips","DeckTracker","Friendly Minions","GifTheSpireLib","Minty Spire (QoL Compilation)","Quick Restart","Random Character Button","Random Character Mod","Relic Stats","StSLib","Synergy Search"],"gold_per_floor":[112,112,112,122,122,147,72,72,72,72,82,109,184,149,149,149,149],"floor_reached":16,"language":"ENG","playtime":932,"items_purged":["Defend_G"],"score":131,"play_id":"f096d687-ef16-474b-a6d7-2ddffff5e461","local_time":"20210208203338","is_ascension_mode":false,"campfire_choices":[{"data":"Well Laid Plans","floor":8,"key":"SMITH"},{"data":"Escape Plan","floor":10,"key":"SMITH"},{"floor":15,"key":"REST"}],"circlet_count":0,"master_deck":["Strike_G","Strike_G","Strike_G","Strike_G","Defend_G","Defend_G","Defend_G","Defend_G","Survivor","Neutralize","Flying Knee","Well Laid Plans+1","Escape Plan+1","Finisher"],"relics":["Ring of the Snake","NeowsBlessing","Meat on the Bone","Mummified Hand","Incense Burner"],"acts_visited":["Exordium"],"potions_floor_usage":[12,12],"damage_taken":[{"damage":0,"enemies":"Jaw Worm","floor":1,"turns":1},{"damage":0,"enemies":"Small Slimes","floor":4,"turns":1},{"damage":0,"enemies":"3 Sentries","floor":6,"turns":1},{"damage":2,"enemies":"2 Louse","floor":11,"turns":4},{"damage":34,"enemies":"Gremlin Nob","floor":12,"turns":6},{"damage":56,"enemies":"Slime Boss","floor":16,"turns":13}],"seed_played":"-7916890617393771329","potions_obtained":[{"floor":4,"key":"DuplicationPotion"},{"floor":11,"key":"SkillPotion"},{"floor":12,"key":"FearPotion"}],"is_trial":false,"path_per_floor":["M","?","?","M","?","E","$","R","T","R","M","E","?","?","R","B"],"character_chosen":"THE_SILENT","items_purchased":[],"campfire_rested":1,"item_purchase_floors":[],"current_hp_per_floor":[70,52,45,45,50,50,50,50,50,50,48,26,15,33,55,0,0],"gold":149,"neow_bonus":"THREE_ENEMY_KILL","is_daily":false,"chose_seed":false,"campfire_upgraded":2,"win_rate":0.0,"timestamp":1612812818,"path_taken":["M","?","?","M","?","E","?","R","T","R","?","E","?","?","R","BOSS"],"items_purchased_type":[],"build_version":"2020-12-22","purchased_purges":1,"victory":false,"max_hp_per_floor":[70,70,70,70,75,75,75,75,75,75,75,75,75,75,75,75,75],"relic_stats":{"counters":[6,26],"Mummified Hand":[3],"obtain_stats":[{"NeowsBlessing":0,"Mummified Hand":6,"Incense Burner":12,"Ring of the Snake":0,"Meat on the Bone":2},{"NeowsBlessing":0,"Mummified Hand":3,"Incense Burner":5,"Ring of the Snake":0,"Meat on the Bone":1},{"NeowsBlessing":0,"Mummified Hand":3,"Incense Burner":13,"Ring of the Snake":0,"Meat on the Bone":1}],"Ring of the Snake":[12],"Meat on the Bone":12},"card_choices":[{"not_picked":["Quick Slash","Deflect"],"picked":"Flying Knee","floor":1},{"not_picked":["Acrobatics","Crippling Poison"],"picked":"Well Laid Plans","floor":4},{"not_picked":["Masterful Stab","Blade Dance"],"picked":"Escape Plan","floor":6},{"not_picked":["Dagger Throw","Quick Slash","Dash"],"picked":"SKIP","floor":11},{"not_picked":["Deflect","Slice"],"picked":"Finisher","floor":12}],"player_experience":26371,"relics_obtained":[{"floor":6,"key":"Mummified Hand"},{"floor":12,"key":"Incense Burner"}],"event_choices":[{"damage_healed":0,"gold_gain":0,"player_choice":"Success","damage_taken":18,"relics_obtained":["Meat on the Bone"],"max_hp_gain":0,"max_hp_loss":0,"event_name":"Scrap Ooze","floor":2,"gold_loss":0},{"cards_removed":["Strike_G"],"damage_healed":0,"gold_gain":0,"player_choice":"Card Removal","damage_taken":7,"max_hp_gain":0,"max_hp_loss":0,"event_name":"Golden Wing","floor":3,"gold_loss":0},{"damage_healed":0,"gold_gain":0,"player_choice":"Donut","damage_taken":0,"max_hp_gain":5,"max_hp_loss":0,"event_name":"Big Fish","floor":5,"gold_loss":0},{"damage_healed":0,"gold_gain":75,"player_choice":"Gather Gold","damage_taken":11,"max_hp_gain":0,"max_hp_loss":0,"event_name":"World of Goop","floor":13,"gold_loss":0},{"damage_healed":18,"gold_gain":0,"player_choice":"Healed","damage_taken":0,"max_hp_gain":0,"max_hp_loss":0,"event_name":"The Cleric","floor":14,"gold_loss":35}],"is_beta":false,"boss_relics":[],"items_purged_floors":[7],"is_endless":false,"potions_floor_spawned":[4,11,12],"killed_by":"Slime Boss","ascension_level":0}}