{"host":"5kirneupyg4uzd3w","time":1612782845,"event":{"mods":["BaseMod","Colored Map","Custom Start","Minty Spire (QoL Compilation)","StSLib","SuperFastMode"],"gold_per_floor":[218,218,230,240,74,109,109,109,109,109,109],"floor_reached":10,"language":"KOR","playtime":171,"items_purged":[],"score":132,"play_id":"fa1d0564-9fdf-4735-99e7-1d597e5ba5cf","local_time":"20210208201405","is_ascension_mode":true,"campfire_choices":[{"data":"Pommel Strike","floor":7.0,"key":"SMITH"}],"circlet_count":0,"master_deck":["AscendersBane","Strike_R","Strike_R","Strike_R","Strike_R","Strike_R","Defend_R","Defend_R","Defend_R","Defend_R","Bash","Thunderclap","Pain","Pommel Strike+1","Power Through"],"relics":["Burning Blood","WarpedTongs","Chemical X","Eternal Feather","Gremlin Horn"],"acts_visited":["Exordium"],"potions_floor_usage":[10],"damage_taken":[{"damage":9.0,"enemies":"2 Louse","floor":1.0,"turns":2.0},{"damage":11.0,"enemies":"Cultist","floor":3.0,"turns":3.0},{"damage":10.0,"enemies":"Small Slimes","floor":4.0,"turns":4.0},{"damage":47.0,"enemies":"Lagavulin","floor":6.0,"turns":9.0},{"damage":16,"enemies":"3 Sentries","floor":10,"turns":5}],"seed_played":"5122271023922999055","potions_obtained":[{"floor":3.0,"key":"Weak Potion"},{"floor":4.0,"key":"EssenceOfSteel"},{"floor":6.0,"key":"SpeedPotion"}],"is_trial":false,"path_per_floor":["M","?","M","M","$","E","R","?","T","E"],"character_chosen":"IRONCLAD","items_purchased":["Chemical X"],"campfire_rested":0,"item_purchase_floors":[5],"current_hp_per_floor":[65,65,60,56,56,15,24,24,24,8,8],"gold":109,"neow_bonus":"HUNDRED_GOLD","is_daily":false,"chose_seed":false,"campfire_upgraded":1,"win_rate":0.0,"timestamp":1612782845,"path_taken":["M","?","M","?","$","E","R","?","T","E"],"items_purchased_type":["Relic"],"build_version":"2020-12-22","purchased_purges":0,"victory":false,"max_hp_per_floor":[75,75,75,75,75,75,75,75,75,75,75],"card_choices":[{"not_picked":["Rupture","Heavy Blade"],"picked":"Thunderclap","floor":1.0},{"not_picked":["Infernal Blade","Flex"],"picked":"Pommel Strike","floor":3.0},{"not_picked":["Cleave","Entrench","Sentinel"],"picked":"SKIP","floor":4.0},{"not_picked":["Wild Strike","Havoc"],"picked":"Power Through","floor":6.0}],"player_experience":308538,"relics_obtained":[{"floor":6.0,"key":"Eternal Feather"},{"floor":9.0,"key":"Gremlin Horn"}],"event_choices":[{"damage_healed":0.0,"max_hp_gain":0.0,"max_hp_loss":0.0,"gold_gain":0.0,"event_name":"Accursed Blacksmith","player_choice":"Rummage","floor":2.0,"gold_loss":0.0,"damage_taken":0.0,"relics_obtained":["WarpedTongs"],"cards_obtained":["Pain"]},{"damage_healed":0.0,"max_hp_gain":0.0,"max_hp_loss":0.0,"gold_gain":0.0,"event_name":"Match and Keep!","player_choice":"0 cards matched","floor":8.0,"gold_loss":0.0,"damage_taken":0.0,"cards_obtained":[]}],"is_beta":false,"boss_relics":[],"items_purged_floors":[],"is_endless":false,"potions_floor_spawned":[3,4,6],"killed_by":"3 Sentries","ascension_level":20}}