{"host":"szp1d6dso4pv7ddl","time":1612743122,"event":{"mods":["AchievementEnabler","Alarm Clock","BaseMod","Bestiary","Block Reminder","Colored Map","Colored Powertips","Curses Come First","Dark Map","Displayed Cursed Tome","Highlight Path","Minty Spire (QoL Compilation)","Permanent Neow","Quick Restart","Relic Sorter","Relic Stats","StSLib","Synergy Search"],"gold_per_floor":[118,137,147,157,167,167,196,196,196,209,209,209,222,222,222,294,294,310,322,322,322],"floor_reached":20,"language":"ENG","playtime":1141,"items_purged":[],"score":338,"play_id":"a321980f-3def-4cc1-893d-58717adede3a","local_time":"20210207161202","is_ascension_mode":true,"campfire_choices":[{"floor":6,"key":"REST"},{"floor":8,"key":"REST"},{"data":"Bash","floor":12,"key":"SMITH"},{"data":"Rampage","floor":15,"key":"SMITH"}],"circlet_count":0,"master_deck":["AscendersBane","Strike_R","Strike_R","Strike_R","Defend_R","Defend_R","Defend_R","Bash+1","CurseOfTheBell","Spot Weakness","Pummel","Shrug It Off","Cleave","Rampage+1","Parasite","Juggernaut","Seeing Red+1","Immolate+1","Twin Strike+1","Shrug It Off","Ghostly Armor"],"relics":["Calling Bell","Oddly Smooth Stone","Ornamental Fan","TungstenRod","Strawberry","StoneCalendar","Astrolabe"],"acts_visited":["Exordium","TheCity"],"potions_floor_usage":[7,16,19,20],"damage_taken":[{"damage":15,"enemies":"Cultist","floor":1,"turns":5},{"damage":11,"enemies":"Jaw Worm","floor":2,"turns":3},{"damage":5,"enemies":"2 Louse","floor":3,"turns":2},{"damage":18,"enemies":"Exordium Wildlife","floor":4,"turns":5},{"damage":0,"enemies":"Blue Slaver","floor":5,"turns":8},{"damage":26,"enemies":"Gremlin Nob","floor":7,"turns":4},{"damage":23,"enemies":"Exordium Thugs","floor":10,"turns":5},{"damage":12,"enemies":"Looter","floor":13,"turns":4},{"damage":27,"enemies":"The Guardian","floor":16,"turns":11},{"damage":9,"enemies":"3 Byrds","floor":18,"turns":5},{"damage":38,"enemies":"Chosen","floor":19,"turns":7},{"damage":42,"enemies":"Shelled Parasite and Fungi","floor":20,"turns":3}],"seed_played":"8719837008149737906","potions_obtained":[{"floor":2,"key":"CultistPotion"},{"floor":5,"key":"AttackPotion"},{"floor":13,"key":"SpeedPotion"},{"floor":16,"key":"Swift Potion"},{"floor":19,"key":"EssenceOfSteel"}],"is_trial":false,"path_per_floor":["M","M","M","M","M","R","E","R","T","M","?","R","M","?","R","B",null,"M","M","M"],"character_chosen":"IRONCLAD","items_purchased":[],"campfire_rested":2,"item_purchase_floors":[],"current_hp_per_floor":[53,42,37,19,19,41,22,46,46,23,50,50,38,58,58,31,69,60,22,0,0],"gold":322,"neow_bonus":"BOSS_RELIC","is_daily":false,"chose_seed":false,"campfire_upgraded":2,"win_rate":0.0,"timestamp":1612743122,"path_taken":["M","M","M","M","M","R","E","R","T","?","?","R","M","?","R","BOSS","M","M","M"],"items_purchased_type":[],"build_version":"2020-12-22","purchased_purges":0,"victory":false,"max_hp_per_floor":[75,75,75,75,75,75,82,82,82,82,82,82,82,82,82,82,82,82,82,82,82],"relic_stats":{"counters":[12,62],"Ornamental Fan":[24],"Astrolabe":["Seeing Red","Immolate","Twin Strike"],"StoneCalendar":[52],"obtain_stats":[{"Calling Bell":0,"Ornamental Fan":0,"Strawberry":7,"Astrolabe":17,"Oddly Smooth Stone":0,"StoneCalendar":9,"Burning Blood":0,"TungstenRod":0},{"Calling Bell":0,"Ornamental Fan":0,"Strawberry":6,"Astrolabe":9,"Oddly Smooth Stone":0,"StoneCalendar":6,"Burning Blood":0,"TungstenRod":0},{"Calling Bell":0,"Ornamental Fan":0,"Strawberry":27,"Astrolabe":47,"Oddly Smooth Stone":0,"StoneCalendar":27,"Burning Blood":0,"TungstenRod":0}],"TungstenRod":58},"card_choices":[{"not_picked":["Power Through","Warcry"],"picked":"Spot Weakness","floor":1},{"not_picked":["Havoc","Clothesline"],"picked":"Pummel","floor":2},{"not_picked":["Flex","Body Slam","Anger"],"picked":"SKIP","floor":3},{"not_picked":["Bludgeon","Power Through"],"picked":"Shrug It Off","floor":4},{"not_picked":["Pommel Strike","Intimidate"],"picked":"Cleave","floor":5},{"not_picked":["Hemokinesis","Infernal Blade","Iron Wave"],"picked":"SKIP","floor":7},{"not_picked":["Havoc","Second Wind","Sever Soul"],"picked":"SKIP","floor":10},{"not_picked":["Power Through","Body Slam"],"picked":"Rampage","floor":13},{"not_picked":["Immolate","Feed"],"picked":"Juggernaut","floor":16},{"not_picked":["Entrench","Perfected Strike"],"picked":"Shrug It Off","floor":18},{"not_picked":["Shockwave","Headbutt"],"picked":"Ghostly Armor","floor":19}],"player_experience":1396171,"relics_obtained":[{"floor":0,"key":"Oddly Smooth Stone"},{"floor":0,"key":"Ornamental Fan"},{"floor":0,"key":"TungstenRod"},{"floor":7,"key":"Strawberry"},{"floor":9,"key":"StoneCalendar"}],"event_choices":[{"damage_healed":27,"gold_gain":0,"player_choice":"Banana","damage_taken":0,"max_hp_gain":0,"max_hp_loss":0,"event_name":"Big Fish","floor":11,"gold_loss":0},{"damage_healed":20,"gold_gain":0,"player_choice":"Healed and dodged fight","damage_taken":0,"max_hp_gain":0,"max_hp_loss":0,"event_name":"Mushrooms","floor":14,"gold_loss":0,"cards_obtained":["Parasite"]}],"is_beta":false,"boss_relics":[{"not_picked":["Tiny House","Mark of Pain"],"picked":"Astrolabe"}],"items_purged_floors":[],"is_endless":false,"potions_floor_spawned":[2,5,13,16,19],"killed_by":"Shelled Parasite and Fungi","ascension_level":18}}