{"host":"7jl4uf745pjtflnx","time":1612783018,"event":{"mods":["BaseMod","BetterRewards","Hubris","Minty Spire (QoL Compilation)","Reliquary","Replay The Spire","StSLib","SuperFastMode","The Construct"],"gold_per_floor":[116,132,152,165,183,183,216,216,216,231,231,231,11,25,25,121,121,137,154,78,78,78,78],"floor_reached":22,"language":"ENG","playtime":667,"items_purged":["Strike_G","Strike_G"],"score":418,"play_id":"66f0ba8c-b053-4ab1-a76e-6ca0101a817c","local_time":"20210208061658","is_ascension_mode":true,"campfire_choices":[{"floor":6,"key":"REST"},{"data":"Noxious Fumes","floor":8,"key":"SMITH"},{"data":"Fluid Movement","floor":12,"key":"SMITH"},{"data":"Bouncing Flask","floor":15,"key":"SMITH"}],"circlet_count":0,"master_deck":["Strike_G","Strike_G","Defend_G","Defend_G","Defend_G","Defend_G","Defend_G","Survivor","Neutralize","Dagger Spray","Caltrops+1","Blade Dance","Cloak And Dagger","Deflect","Fluid Movement+1","Deflect","Noxious Fumes+1","Cloak And Dagger","Hidden Blade","PiercingWail","PiercingWail","Bouncing Flask+1","Burst","Bouncing Flask","Footwork","Accuracy"],"relics":["Ring of the Serpent","Mercury Hourglass","reliquary:RadioactivePellet","Replay:Grab Bag","Cursed Key","reliquary:WritOfMandamus","hubris:Icosahedron"],"acts_visited":["Exordium","TheCity"],"potions_floor_usage":[7,7,7,7,7,18],"damage_taken":[{"damage":0,"enemies":"Cultist","floor":1,"turns":3},{"damage":1,"enemies":"Small Slimes","floor":2,"turns":3},{"damage":0,"enemies":"2 Louse","floor":3,"turns":1},{"damage":7,"enemies":"2 Fungi Beasts","floor":4,"turns":4},{"damage":0,"enemies":"3 Louse","floor":5,"turns":3},{"damage":8,"enemies":"Gremlin Nob","floor":7,"turns":4},{"damage":1,"enemies":"Exordium Wildlife","floor":10,"turns":3},{"damage":2,"enemies":"Exordium Thugs","floor":14,"turns":3},{"damage":15,"enemies":"The Guardian","floor":16,"turns":8},{"damage":6,"enemies":"2 Thieves","floor":18,"turns":3},{"damage":24,"enemies":"Shell Parasite","floor":19,"turns":6},{"damage":44,"enemies":"Sentry and Sphere","floor":22,"turns":7}],"seed_played":"-5639732689336948374","potions_obtained":[{"floor":4,"key":"EntropicBrew"},{"floor":5,"key":"Regen Potion"},{"floor":10,"key":"Energy Potion"}],"is_trial":false,"path_per_floor":["M","M","M","M","M","R","E","R","T","M","?","R","$","M","R","B",null,"M","M","$","?","M"],"character_chosen":"THE_SILENT","items_purchased":["Dagger Spray","Caltrops+1","Blade Dance","Cloak And Dagger","Deflect","Fluid Movement","reliquary:RadioactivePellet","Bouncing Flask","Accuracy"],"campfire_rested":1,"item_purchase_floors":[0,0,0,0,0,0,13,13,20],"current_hp_per_floor":[43,42,42,35,35,56,62,62,62,61,61,61,61,59,59,44,64,58,34,34,34,0,0],"gold":78,"neow_bonus":"","is_daily":false,"chose_seed":false,"campfire_upgraded":3,"win_rate":0.0,"timestamp":1612783018,"path_taken":["M","M","M","M","?","R","E","R","T","M","?","R","$","M","R","BOSS","M","M","$","?","M"],"items_purchased_type":["Card","Card","Card","Card","Card","Card","Relic","Card","Card"],"build_version":"2020-12-22","purchased_purges":2,"victory":false,"max_hp_per_floor":[70,70,70,70,70,70,70,70,70,70,70,70,70,70,70,70,70,70,70,70,70,70,70],"card_choices":[{"not_picked":["Acrobatics","ReplayTheSpireMod:Tripwire"],"picked":"Deflect","floor":1},{"not_picked":["Bane","Prepared"],"picked":"Noxious Fumes","floor":2},{"not_picked":["Caltrops","Dagger Throw"],"picked":"Cloak And Dagger","floor":3},{"not_picked":["Quick Slash","Sneak Up"],"picked":"Hidden Blade","floor":4},{"not_picked":["Acrobatics","hubris:TrickCloak"],"picked":"PiercingWail","floor":5},{"not_picked":["Slice","Hidden Blade"],"picked":"PiercingWail","floor":7},{"not_picked":["Calculated Gamble","Acrobatics","Wraith Form v2"],"picked":"SKIP","floor":10},{"not_picked":["ReplayTheSpireMod:Tripwire","Hidden Blade","Sucker Punch"],"picked":"SKIP","floor":14},{"not_picked":["ReplayTheSpireMod:Necrosis","ReplayTheSpireMod:From All Sides"],"picked":"Burst","floor":16},{"not_picked":["Dagger Throw+1","Predator"],"picked":"Bouncing Flask","floor":18},{"not_picked":["Dagger Throw","Dodge and Roll"],"picked":"Footwork","floor":19}],"player_experience":771126,"relics_obtained":[{"floor":7,"key":"Mercury Hourglass"}],"event_choices":[{"cards_removed":["Strike_G"],"damage_healed":0,"gold_gain":0,"player_choice":"Forget","damage_taken":0,"max_hp_gain":0,"max_hp_loss":0,"event_name":"Living Wall","floor":11,"gold_loss":0}],"is_beta":false,"boss_relics":[{"not_picked":["reliquary:Ember","hubris:BlackHole"],"picked":"Replay:Grab Bag"},{"not_picked":["Busted Crown","hubris:VirtuousBlindfold"],"picked":"Cursed Key"},{"not_picked":["Fusion Hammer","ReplayTheSpireMod:DimensionalGlitch"],"picked":"reliquary:WritOfMandamus"},{"not_picked":["hubris:ScarierMask","construct:WeddingRing"],"picked":"Ring of the Serpent"}],"items_purged_floors":[0,0],"is_endless":false,"potions_floor_spawned":[4,5,10],"killed_by":"Sentry and Sphere","ascension_level":9}}