{"host":"bp73yv6vym73vckj","time":1612787956,"event":{"mods":["BaseMod","Colored Powertips","Conspire","Downfall","Highlight Path","Hubris","Infinite Spire","Ironclad Rager","Minty Spire (QoL Compilation)","Quick Restart","Replay The Spire","StSLib","The Necromancer"],"gold_per_floor":[115,115,115,115,146,146,174,174,201,238,261,273,302,314,326,435,447,469,396,408,420,444,456,155,155,179,213,224,224,250,267,267,363,363,382,382,482,493,493,524,534,534,534,560,560,579,579,598,598,598],"floor_reached":51,"language":"ENG","playtime":2883,"items_purged":[],"score":1229,"play_id":"76dfbde4-b1be-4cff-a42a-d4f459f997f9","local_time":"20210208073916","is_ascension_mode":false,"campfire_choices":[{"data":"Bones_to_Steel","floor":6,"key":"SMITH"},{"data":"Vampiric_Strike","floor":8,"key":"SMITH"},{"data":"Summon_Undead","floor":15,"key":"SMITH"},{"floor":23,"key":"REST"},{"data":"Strike_from_Beyond","floor":29,"key":"SMITH"},{"data":"Summon_Undead","floor":32,"key":"SMITH"},{"floor":42,"key":"REST"},{"floor":49,"key":"DIG"}],"circlet_count":0,"master_deck":["conspire:GhostlyStrike","conspire:GhostlyStrike","conspire:GhostlyStrike","conspire:GhostlyStrike","conspire:GhostlyDefend","conspire:GhostlyDefend","conspire:GhostlyDefend","conspire:GhostlyDefend","Negative_Energy_Arrows","Bone_Wall","Bone_Spikes","Bones_to_Steel+1","Vampiric_Strike+1","Shade_Step","Summon_Undead+1","Reap_The_Weak","Bone_Bullets","Finger_Of_Death","Bone_Shift","Strike_from_Beyond+1","Summon_Undead+1","downfall:Bewildered","Consume_Illness","Negative_Energy_Mist+1","Summon_Death_Knight","ReplayTheSpireMod:Faulty Equipment","downfall:Haunted","Voices","Negative_Energy_Burst+1","Negative_Energy_Mist","Corrupt+1","Negative_Energy_Shield+1","Bone_Prison+1","Spectral_Armor+1","Pain","Shackles_Of_Pain"],"relics":["Vampire_Amulet","NeowsBlessing","Anchor","conspire:TopHat","Pet Ghost","MawBank","Bronze Scales","infinitespire:PuzzleCube","Busted Crown","conspire:Boomerang","hubris:Towel","PreservedInsect","sneckomod:BabySnecko","Orichalcum","hubris:GlazedTorus","Red Mask","Replay:Ancient Bell","Replay:Mystery Machine","conspire:BottledYoYo","Durian","Replay:Kaleidoscope","hubris:DeckOfHolding","Smiling Mask","infinitespire:Broken Mirror","hubris:Zylophone","hubris:Icosahedron","WarpedTongs","CaptainsWheel"],"acts_visited":["Exordium","TheCity","TheBeyond"],"potions_floor_usage":[40],"damage_taken":[{"damage":0,"enemies":"Cultist","floor":1,"turns":1},{"damage":0,"enemies":"conspire:MimicChest","floor":5,"turns":1},{"damage":0,"enemies":"Replay:BlueRogue","floor":7,"turns":1},{"damage":18,"enemies":"Gremlin Nob","floor":10,"turns":4},{"damage":0,"enemies":"conspire:RoseBush","floor":11,"turns":3},{"damage":1,"enemies":"2 Louse","floor":13,"turns":2},{"damage":73,"enemies":"Fading Forest","floor":16,"turns":11},{"damage":16,"enemies":"2 Thieves","floor":18,"turns":3},{"damage":20,"enemies":"Spheric Guardian","floor":22,"turns":4},{"damage":0,"enemies":"conspire:Head Lice","floor":27,"turns":6},{"damage":23,"enemies":"Centurion and Healer","floor":28,"turns":4},{"damage":12,"enemies":"Masked Bandits","floor":30,"turns":4},{"damage":0,"enemies":"Snecko","floor":31,"turns":3},{"damage":20,"enemies":"Pondfish","floor":33,"turns":8},{"damage":2,"enemies":"Orb Walker","floor":35,"turns":3},{"damage":21,"enemies":"3 Shapes","floor":38,"turns":4},{"damage":48,"enemies":"Nemesis","floor":40,"turns":5},{"damage":1,"enemies":"Sphere and 2 Shapes","floor":41,"turns":4},{"damage":14,"enemies":"R_Hoarder","floor":44,"turns":5},{"damage":0,"enemies":"3 Darklings","floor":46,"turns":3},{"damage":0,"enemies":"4 Shapes","floor":48,"turns":3},{"damage":92,"enemies":"infinitespire:MassOfShapes","floor":50,"turns":11}],"seed_played":"-3071780041808826396","potions_obtained":[{"floor":5,"key":"Energy Potion"},{"floor":10,"key":"Adrenaline Potion"},{"floor":13,"key":"Swift Potion"},{"floor":22,"key":"Milkshake"},{"floor":41,"key":"Block Potion"},{"floor":48,"key":"Energy Potion"}],"is_trial":false,"path_per_floor":["M","?","?","?","?","R","E","R","T","E","M","T","M","$","R","B",null,"M","?","?","?","M","R","$","?","T","E","M","R","?","M","R","B",null,"M","AVR","?","M","?","E","M","R","T","E","?","M","?","M","R","B",null],"character_chosen":"NECROMANCER","items_purchased":["Strike_from_Beyond","Summon_Undead","PreservedInsect"],"campfire_rested":2,"item_purchase_floors":[24,24,24],"current_hp_per_floor":[75,75,68,68,70,70,72,72,72,59,61,61,64,64,64,34,75,63,63,63,63,45,67,67,67,67,75,54,54,54,59,59,62,80,80,80,80,61,61,39,44,68,68,56,56,64,64,80,80,28],"gold":598,"neow_bonus":"THREE_ENEMY_KILL","is_daily":false,"chose_seed":false,"campfire_upgraded":5,"win_rate":0.0,"timestamp":1612787956,"path_taken":["M","?","?","?","?","R","E","R","T","E","M","?","M","?","R","BOSS","M","?","?","?","M","R","?","?","T","E","?","R","?","M","R","BOSS","M","AVR","?","?","?","E","?","R","T","E","?","M","?","M","R","BOSS"],"items_purchased_type":["Card","Card","Relic"],"build_version":"2020-12-22","purchased_purges":0,"victory":true,"max_hp_per_floor":[75,75,75,75,75,75,75,75,75,75,75,75,75,75,75,75,75,75,75,75,75,75,75,75,75,75,75,75,75,75,75,75,75,80,80,80,80,80,80,80,80,80,80,80,80,80,80,80,80,80],"card_choices":[{"not_picked":["Death_March_Dance","Strike_from_Beyond"],"picked":"Bone_Spikes","floor":1},{"not_picked":["Exploit","Deaths_Shadow"],"picked":"Bones_to_Steel","floor":5},{"not_picked":["Blood_Whip","Blood_Wake"],"picked":"Vampiric_Strike","floor":7},{"not_picked":["Consume_Illness","Death_Coil"],"picked":"Shade_Step","floor":10},{"not_picked":["Bone_Shift","Bones_to_Steel"],"picked":"Summon_Undead","floor":11},{"not_picked":["Acid_Javelin","Whirlwind_of_Bones","Scare"],"picked":"SKIP","floor":13},{"not_picked":["Requiem","Hellfire"],"picked":"Reap_The_Weak","floor":16},{"not_picked":[],"picked":"Bone_Bullets","floor":18},{"not_picked":[],"picked":"Bone_Shift","floor":22},{"not_picked":[],"picked":"Consume_Illness","floor":27},{"not_picked":["Thousand_Bone_Knives"],"picked":"SKIP","floor":28},{"not_picked":[],"picked":"Negative_Energy_Mist+1","floor":30},{"not_picked":["Whirlwind_of_Bones"],"picked":"SKIP","floor":31},{"not_picked":[],"picked":"Summon_Death_Knight","floor":33},{"not_picked":[],"picked":"ReplayTheSpireMod:Faulty Equipment","floor":34},{"not_picked":[],"picked":"downfall:Haunted","floor":34},{"not_picked":[],"picked":"Voices","floor":34},{"not_picked":[],"picked":"Negative_Energy_Burst+1","floor":35},{"not_picked":[],"picked":"Negative_Energy_Mist","floor":38},{"not_picked":[],"picked":"Corrupt+1","floor":40},{"not_picked":[],"picked":"Negative_Energy_Shield+1","floor":41},{"not_picked":[],"picked":"Bone_Prison+1","floor":44},{"not_picked":[],"picked":"Spectral_Armor+1","floor":46},{"not_picked":[],"picked":"Shackles_Of_Pain","floor":48}],"player_experience":860651,"relics_obtained":[{"floor":5,"key":"conspire:TopHat"},{"floor":7,"key":"Pet Ghost"},{"floor":9,"key":"MawBank"},{"floor":10,"key":"Bronze Scales"},{"floor":12,"key":"infinitespire:PuzzleCube"},{"floor":26,"key":"Orichalcum"},{"floor":27,"key":"hubris:GlazedTorus"},{"floor":30,"key":"Red Mask"},{"floor":40,"key":"Smiling Mask"},{"floor":43,"key":"infinitespire:Broken Mirror"},{"floor":44,"key":"hubris:Zylophone"},{"floor":49,"key":"CaptainsWheel"}],"event_choices":[{"damage_healed":0,"gold_gain":0,"player_choice":"Box","damage_taken":0,"relics_obtained":["Anchor"],"max_hp_gain":0,"max_hp_loss":0,"event_name":"Big Fish","floor":2,"gold_loss":0,"cards_obtained":["Regret"]},{"cards_removed":["Regret"],"damage_healed":0,"gold_gain":0,"player_choice":"Card Removal","damage_taken":7,"max_hp_gain":0,"max_hp_loss":0,"event_name":"Golden Wing","floor":3,"gold_loss":0},{"damage_healed":0,"gold_gain":0,"player_choice":"Agree","damage_taken":0,"max_hp_gain":0,"max_hp_loss":0,"event_name":"conspire:LoneGhost","floor":4,"gold_loss":0},{"damage_healed":0,"gold_gain":0,"player_choice":"Obtained Relic","damage_taken":0,"relics_obtained":["conspire:Boomerang"],"max_hp_gain":0,"max_hp_loss":0,"event_name":"Addict","floor":19,"gold_loss":85},{"damage_healed":0,"gold_gain":0,"player_choice":"Fought Bandits","damage_taken":0,"max_hp_gain":0,"max_hp_loss":0,"event_name":"Masked Bandits","floor":30,"gold_loss":0},{"damage_healed":0,"gold_gain":100,"player_choice":"Pray","damage_taken":0,"max_hp_gain":0,"max_hp_loss":0,"event_name":"Golden Shrine","floor":37,"gold_loss":0},{"damage_healed":0,"gold_gain":0,"player_choice":"Gave Potion","damage_taken":0,"relics_obtained":["hubris:DeckOfHolding"],"max_hp_gain":0,"max_hp_loss":0,"event_name":"WeMeetAgain","floor":39,"gold_loss":0},{"damage_healed":0,"gold_gain":0,"player_choice":"Rummage","damage_taken":0,"relics_obtained":["WarpedTongs"],"max_hp_gain":0,"max_hp_loss":0,"event_name":"Accursed Blacksmith","floor":47,"gold_loss":0,"cards_obtained":["Pain"]}],"is_beta":false,"boss_relics":[{"not_picked":["SacredBark","infinitespire:Cupcake"],"picked":"Busted Crown"},{"not_picked":["Snecko Eye","Sozu"],"picked":"Replay:Ancient Bell"},{"not_picked":["War Paint","Replay:Bandana"],"picked":"Replay:Mystery Machine"},{"not_picked":["Ornamental Fan","Mirror"],"picked":"conspire:BottledYoYo"},{"not_picked":["WingedGreaves","Thread and Needle"],"picked":"Durian"}],"items_purged_floors":[],"is_endless":false,"potions_floor_spawned":[5,10,13,22,28,31,41,48],"ascension_level":0}}