{"host":"bid6lzrefpuw0ao6","time":1612748734,"event":{"mods":["ATMod(阿瑾Mod)","AchievementEnabler","Act Like it!","Aspiration","BaseMod","BetterRewards","Chinese 32Bit Patch","Colored Powertips","Energized Spire","Faster Ascension Climbing","Gold Saver","Good Game Mod","HumanHunterMod(怪物杀人mod)","Minty Spire (QoL Compilation)","MostiFishMod","Quick Restart","Relic Stats","Remove Card Discount Mod","RumiaBox-露米娅的神秘盒子","Shop Mod","Slay the Relics Exporter","Spicy Shops","StSLib","SuperFastMode","TestMod","[功能]商店购物价格优惠80%","【功能Mod】混沌之环修复补丁","【功能Mod】精心准备","【遗物Mod】简单游戏","篝火指南"],"gold_per_floor":[5571,5613,5381,5381,5420,5197,5299,5145,5145,5065,4999,5167,5167,5141,5047,5309,5309,5376,5449,5408,5519,5649,5826,4516,4622,4622,4622,4622,2828,2985,3041,2415,2783,2783,2922,2922,2989,4006,4076,4076,4076],"floor_reached":40,"language":"ZHS","playtime":3232,"items_purged":["Defend_R","Strike_R","Defend_R","Strike_R","Strike_R","Regret","Shrug It Off","Shame","Decay","Strike_R","Defend_R","Strike_R","Defend_R","Writhe","Normality","Rampage+1"],"score":1679,"play_id":"c65c6e5c-f988-4af7-a88d-8578b6649138","local_time":"20210208094534","daily_mods":["Flight","DeadlyEvents","Lethality","Midas"],"is_ascension_mode":true,"campfire_choices":[],"circlet_count":0,"master_deck":["AscendersBane","AT_EssenceShift+1","Rampage+1","Whirlwind+1","Entrench","Body Slam+1","MostiFishMod:#F4004+1","AT_ShrugMaster","Second Wind","Shockwave+1","Bloodletting","Armaments+1","MostiFishMod:OrdinaryWorld+1","Apotheosis+1","Normality","Normality"],"relics":["Burning Blood","DaveBox","testmod-TestBox","EasyRelic","AT_ATBox","REME:ComplimentaryCards","BirthdayGift-Tetrahedron","testmod-DragonStarHat","SynthV:TestCard","Ornamental Fan","Dream Catcher","Boot","MerchantsRug","Bag of Preparation","Paper Frog","Brimstone","Ancient Tea Set","AT_ArchangelStaff","PreservedInsect","Membership Card","TheAbacus","AT_RedTearstoneRing","ImprovedEquipment","Darkstone Periapt","DianDianMeat","White Beast Statue","aspiration:ChemicalBlood","aspiration:FetidBarrel","AT_MibuBalloonWealth","testmod-OneHitWonder","TimeFreeze","Technique","Blood Vial","Bag of Marbles","Nunchaku","testmod-EqualTreatment","Champion Belt","HandDrill","MostiFishMod:AdaptiveDefenses","aspiration:FrozenJewel","testmod-Nine","testmod-LifeArmor","DiscerningMonocle","testmod-Acrobat","MostiFishMod:Haymaker","MagicDraw1","The Courier","OrangePellets","Vajra","AT_SilvercatRing","Meat on the Bone","Art of War","MealTicket","Pantograph","Centennial Puzzle","Toy Ornithopter","testmod-InjuryResistance","Shuriken","aspiration:HummingbirdHeart","Lizard Tail","aspiration:Lifesprig","MagicDraw2","AT_ForceNature","testmod-TurbochargingSystem","Frozen Egg 2","AT_BladeRuinedKing","GodSword6","GodSword7","AT_ChloranthyRing","Shovel","AT_BellDemon","Regal Pillow","GodSword5","AT_BellowingDragoncrestRing","HornCleat","Torii","Molten Egg 2","Whetstone","BirthdayGift-Icosahedron","Potion Belt","Orichalcum","testmod-AssaultLearning","Happy Flower","Mummified Hand","ClockworkSouvenir","CeramicFish","GodSword1","AT_SpeedBoots","Blue Candle","testmod-IndustrialRevolution","testmod-FatalChain","AT_ImmortalShieldbow","MagicDraw3","Gremlin Horn","BionicSphere","testmod-ArcanaOfDestiny","Anchor","Eternal Feather","Lantern","Akabeko","GodSword4","Oddly Smooth Stone","Matryoshka","Singing Bowl","SSSystem","Chemical X","Medical Kit","Sundial","GodSword3","Red Skull","Pen Nib","testmod-Antiphasic","testmod-Laevatain","War Paint","testmod-Justice","Kunai","MagicDraw4","testmod-Motorcycle","testmod-Hope","Toxic Egg 2","AT_TheCollector","aspiration:HatOfInfinitePower","SecretRecord","Calipers","Sling","Incense Burner","testmod-CasingShield","SacredBark","Charon\u0027s Ashes","testmod-IntensifyImprint","Pocketwatch","testmod-RainbowHikingShoes","testmod-Alchemist","testmod-BlackFramedGlasses","Mango","TakeMeEscape","Prayer Wheel","AT_RabadonDeathcap"],"acts_visited":["Exordium","TheCity","TheBeyond"],"potions_floor_usage":[16,22,27,30],"damage_taken":[{"damage":9.0,"enemies":"Jaw Worm","floor":1.0,"turns":3.0},{"damage":4.0,"enemies":"Cultist","floor":2.0,"turns":3.0},{"damage":25.0,"enemies":"Small Slimes","floor":5.0,"turns":3.0},{"damage":4.0,"enemies":"Lagavulin","floor":7.0,"turns":3.0},{"damage":0.0,"enemies":"3 Sentries","floor":12.0,"turns":1.0},{"damage":5.0,"enemies":"Gremlin Gang","floor":13.0,"turns":2.0},{"damage":59,"enemies":"Hexaghost","floor":16,"turns":7},{"damage":8,"enemies":"Shell Parasite","floor":18,"turns":4},{"damage":10,"enemies":"Spheric Guardian","floor":19,"turns":6},{"damage":10,"enemies":"Chosen and Byrds","floor":21,"turns":3},{"damage":11,"enemies":"Book of Stabbing","floor":22,"turns":2},{"damage":19,"enemies":"Gremlin Leader","floor":23,"turns":3},{"damage":1,"enemies":"Book of Stabbing","floor":25,"turns":2},{"damage":0,"enemies":"Snake Plant","floor":31,"turns":1},{"damage":0,"enemies":"Automaton","floor":33,"turns":1},{"damage":0,"enemies":"3 Shapes","floor":35,"turns":1},{"damage":0,"enemies":"Orb Walker","floor":37,"turns":1},{"damage":1,"enemies":"Transient","floor":39,"turns":1}],"seed_played":"-4149052198341343722","potions_obtained":[{"floor":16,"key":"DuplicationPotion"},{"floor":22,"key":"testmod-SpacePotion"}],"is_trial":true,"path_per_floor":["M","M","$","?","M","R","E","R","T","R","$","E","M","R","R","B",null,"M","M","$","M","E","E","R","E","T","$","?","R","$","M","R","B",null,"M","$","M","?","M","$"],"character_chosen":"IRONCLAD","items_purchased":["Ornamental Fan","Dream Catcher","Boot","Entrench","Body Slam","MerchantsRug","CultistPotion","Strength Potion","Bag of Preparation","Paper Frog","Brimstone","Ancient Tea Set","AT_ArchangelStaff","MostiFishMod:#F4004","AT_ShrugMaster","AT_Homeward","Membership Card","TheAbacus","AT_RedTearstoneRing","ImprovedEquipment","Darkstone Periapt","DianDianMeat","White Beast Statue","Shockwave","aspiration:ChemicalBlood","aspiration:FetidBarrel","AT_MibuBalloonWealth","testmod-OneHitWonder","TimeFreeze","Technique","Bag of Marbles","Nunchaku","testmod-EqualTreatment","Champion Belt","HandDrill","MostiFishMod:AdaptiveDefenses","aspiration:FrozenJewel","Armaments","testmod-LifeArmor","DiscerningMonocle","testmod-Acrobat","The Courier","OrangePellets","Vajra","AT_SilvercatRing","Meat on the Bone","Art of War","MealTicket","Pantograph","Centennial Puzzle","Toy Ornithopter","testmod-InjuryResistance","Shuriken","aspiration:HummingbirdHeart","Lizard Tail","aspiration:Lifesprig","MagicDraw2","AT_ForceNature","testmod-TurbochargingSystem","Apotheosis","AT_BladeRuinedKing","GodSword6","GodSword7","AT_ChloranthyRing","Shovel","AT_BellDemon","testmod-SpacePotion","Regal Pillow","GodSword5","AT_BellowingDragoncrestRing","HornCleat","Torii","Molten Egg 2","Whetstone","BirthdayGift-Icosahedron","Potion Belt","Strawberry","Orichalcum","Happy Flower","Mummified Hand","ClockworkSouvenir","CeramicFish","GodSword1","MawBank","AT_SpeedBoots","Blue Candle","testmod-IndustrialRevolution","Omamori","testmod-FatalChain","AT_ImmortalShieldbow","MagicDraw3","Gremlin Horn","BionicSphere","Pear","testmod-ArcanaOfDestiny","Anchor","Eternal Feather","Lantern","Akabeko","GodSword4","Oddly Smooth Stone","Matryoshka","Singing Bowl","SSSystem","Chemical X","Medical Kit","Sundial","GodSword3","Red Skull","Pen Nib","testmod-Antiphasic","testmod-Laevatain","War Paint","testmod-Justice","Kunai","MagicDraw4","testmod-Motorcycle","testmod-Hope","Rampage+1","Fruit Juice","GamblersBrew","DistilledChaos","Dexterity Potion","SteroidPotion","BloodPotion","Toxic Egg 2","AT_TheCollector","aspiration:HatOfInfinitePower","SecretRecord","Calipers","Sling","Incense Burner","testmod-IntensifyImprint","Pocketwatch","testmod-RainbowHikingShoes","testmod-Alchemist","testmod-BlackFramedGlasses","Mango","TakeMeEscape"],"campfire_rested":0,"item_purchase_floors":[3,3,3,3,3,3,3,3,6,6,6,6,6,6,6,6,8,8,8,8,8,8,10,10,10,10,11,11,11,11,14,14,15,15,15,15,15,15,20,20,20,24,24,24,24,24,24,24,24,24,24,24,24,24,24,24,24,24,24,24,27,27,27,27,27,27,27,27,27,27,27,27,27,27,27,27,27,27,29,29,29,29,29,29,29,29,29,29,29,29,29,29,29,29,29,29,29,29,29,29,29,29,30,30,30,30,30,30,30,30,30,30,30,30,30,30,30,30,30,30,30,30,30,30,30,32,32,32,32,32,32,32,36,36,36,36,36,36,36],"current_hp_per_floor":[65,67,67,67,48,48,50,50,50,51,51,59,62,71,86,61,96,96,94,94,92,89,78,85,92,92,120,136,146,176,178,178,180,180,182,196,198,233,237,237,237],"gold":4076,"neow_bonus":"","is_daily":false,"chose_seed":false,"campfire_upgraded":0,"win_rate":0.0,"timestamp":1612748734,"path_taken":["M","M","$","?","M","R","E","R","T","R","$","E","M","E","R","BOSS","M","M","$","?","?","E","R","E","T","$","?","R","?","M","R","BOSS","M","$","?","?","?","?"],"items_purchased_type":["Relic","Relic","Relic","Card","Card","Relic","Potion","Potion","Relic","Relic","Relic","Relic","Relic","Card","Card","Card","Relic","Relic","Relic","Relic","Relic","Relic","Relic","Card","Relic","Relic","Relic","Relic","Relic","Relic","Relic","Relic","Relic","Relic","Relic","Relic","Relic","Card","Relic","Relic","Relic","Relic","Relic","Relic","Relic","Relic","Relic","Relic","Relic","Relic","Relic","Relic","Relic","Relic","Relic","Relic","Relic","Relic","Relic","Card","Relic","Relic","Relic","Relic","Relic","Relic","Potion","Relic","Relic","Relic","Relic","Relic","Relic","Relic","Relic","Relic","Relic","Relic","Relic","Relic","Relic","Relic","Relic","Relic","Relic","Relic","Relic","Relic","Relic","Relic","Relic","Relic","Relic","Relic","Relic","Relic","Relic","Relic","Relic","Relic","Relic","Relic","Relic","Relic","Relic","Relic","Relic","Relic","Relic","Relic","Relic","Relic","Relic","Relic","Relic","Relic","Relic","Relic","Card","Potion","Potion","Potion","Potion","Potion","Potion","Relic","Relic","Relic","Relic","Relic","Relic","Relic","Relic","Relic","Relic","Relic","Relic","Relic","Relic"],"build_version":"2020-12-22","purchased_purges":16,"victory":false,"max_hp_per_floor":[75,75,75,75,75,75,75,75,75,76,76,78,78,87,102,108,108,108,108,108,108,108,108,115,115,115,122,136,146,176,178,178,180,180,182,196,198,233,237,237,237],"relic_stats":{"Darkstone Periapt":36,"Regal Pillow":0,"Torii":0,"Gremlin Horn":[0,0],"Singing Bowl":12,"CeramicFish":36,"Bag of Preparation":[29],"Whetstone":["Whirlwind","Rampage"],"Boot":[4],"Burning Blood":79,"Blood Vial":16,"Dream Catcher":0,"Nunchaku":[5],"Centennial Puzzle":[3],"Lizard Tail":0,"TheAbacus":[186],"Shovel":0,"Mummified Hand":[15],"Sundial":[8],"Pantograph":0,"MealTicket":15,"Prayer Wheel":1,"HandDrill":[18],"Chemical X":[5],"Kunai":[2],"Happy Flower":[1],"counters":[18,47],"Blue Candle":[2],"Eternal Feather":0,"PreservedInsect":767,"Pen Nib":[1],"Charon\u0027s Ashes":[521],"Orichalcum":[6],"War Paint":["Shockwave","MostiFishMod:#F4004"],"Medical Kit":[0],"OrangePellets":[2],"Ornamental Fan":[36],"Shuriken":[2],"Art of War":[0],"Champion Belt":[39],"obtain_stats":[{"AT_ATBox":0,"MostiFishMod:AdaptiveDefenses":15,"testmod-LifeArmor":20,"Whetstone":27,"MagicDraw4":30,"Boot":3,"MagicDraw3":29,"Sling":32,"MagicDraw2":24,"testmod-BlackFramedGlasses":36,"MagicDraw1":23,"Blood Vial":12,"Sundial":30,"MealTicket":24,"HandDrill":15,"Kunai":30,"DianDianMeat":8,"MerchantsRug":3,"testmod-IntensifyImprint":36,"AT_RedTearstoneRing":8,"testmod-TestBox":0,"Pear":29,"Blue Candle":29,"Eternal Feather":29,"Pen Nib":30,"AT_SilvercatRing":24,"TimeFreeze":11,"aspiration:FrozenJewel":15,"Akabeko":29,"EasyRelic":0,"AT_SpeedBoots":29,"AT_TheCollector":32,"BionicSphere":29,"Technique":11,"AT_BellDemon":27,"aspiration:Lifesprig":24,"Regal Pillow":27,"Lantern":29,"DaveBox":0,"Torii":27,"Singing Bowl":30,"testmod-EqualTreatment":15,"Bag of Preparation":6,"Ancient Tea Set":6,"Burning Blood":0,"testmod-CasingShield":33,"Shovel":27,"Matryoshka":29,"Chemical X":30,"BirthdayGift-Tetrahedron":0,"Paper Frog":6,"aspiration:ChemicalBlood":10,"AT_ChloranthyRing":27,"Potion Belt":27,"ImprovedEquipment":8,"PreservedInsect":7,"The Courier":24,"Omamori":29,"testmod-TurbochargingSystem":24,"Frozen Egg 2":26,"MawBank":29,"AT_ImmortalShieldbow":29,"AT_BellowingDragoncrestRing":27,"Ornamental Fan":3,"TakeMeEscape":36,"testmod-Hope":30,"Art of War":24,"Champion Belt":15,"Toy Ornithopter":24,"Calipers":32,"Gremlin Horn":29,"AT_MibuBalloonWealth":11,"CeramicFish":29,"Vajra":24,"SSSystem":30,"BirthdayGift-Icosahedron":27,"testmod-RainbowHikingShoes":36,"AT_ArchangelStaff":6,"Centennial Puzzle":24,"Lizard Tail":24,"HornCleat":27,"testmod-Laevatain":30,"Strawberry":27,"Prayer Wheel":37,"testmod-DragonStarHat":0,"Toxic Egg 2":32,"AT_RabadonDeathcap":39,"Happy Flower":29,"testmod-FatalChain":29,"Oddly Smooth Stone":29,"Charon\u0027s Ashes":35,"War Paint":30,"OrangePellets":24,"Brimstone":6,"Shuriken":24,"testmod-Acrobat":20,"Molten Egg 2":27,"GodSword7":27,"GodSword6":27,"GodSword5":27,"GodSword4":29,"GodSword3":30,"aspiration:HatOfInfinitePower":32,"testmod-OneHitWonder":11,"Meat on the Bone":24,"GodSword1":29,"Pocketwatch":36,"Darkstone Periapt":8,"MostiFishMod:Haymaker":22,"DiscerningMonocle":20,"SacredBark":34,"Mango":36,"SecretRecord":32,"Incense Burner":32,"ClockworkSouvenir":29,"Dream Catcher":3,"Nunchaku":14,"TheAbacus":8,"testmod-InjuryResistance":24,"testmod-Alchemist":36,"Mummified Hand":29,"testmod-Motorcycle":30,"Pantograph":24,"testmod-ArcanaOfDestiny":29,"Red Skull":30,"AT_ForceNature":24,"aspiration:FetidBarrel":10,"AT_BladeRuinedKing":27,"aspiration:HummingbirdHeart":24,"Orichalcum":27,"testmod-Justice":30,"testmod-IndustrialRevolution":29,"Medical Kit":30,"White Beast Statue":10,"testmod-Antiphasic":30,"REME:ComplimentaryCards":0,"Anchor":29,"SynthV:TestCard":1,"testmod-AssaultLearning":28,"Bag of Marbles":14,"Membership Card":8,"testmod-Nine":17},{"AT_ATBox":0,"MostiFishMod:AdaptiveDefenses":6,"testmod-LifeArmor":9,"Whetstone":13,"MagicDraw4":13,"Boot":2,"MagicDraw3":13,"Sling":14,"MagicDraw2":12,"testmod-BlackFramedGlasses":16,"MagicDraw1":12,"Blood Vial":5,"Sundial":13,"MealTicket":12,"HandDrill":6,"Kunai":13,"DianDianMeat":4,"MerchantsRug":2,"testmod-IntensifyImprint":16,"AT_RedTearstoneRing":4,"testmod-TestBox":0,"Pear":13,"Blue Candle":13,"Eternal Feather":13,"Pen Nib":13,"AT_SilvercatRing":12,"TimeFreeze":4,"aspiration:FrozenJewel":6,"Akabeko":13,"EasyRelic":0,"AT_SpeedBoots":13,"AT_TheCollector":14,"BionicSphere":13,"Technique":4,"AT_BellDemon":13,"aspiration:Lifesprig":12,"Regal Pillow":13,"Lantern":13,"DaveBox":0,"Torii":13,"Singing Bowl":13,"testmod-EqualTreatment":6,"Bag of Preparation":3,"Ancient Tea Set":3,"Burning Blood":0,"testmod-CasingShield":15,"Shovel":13,"Matryoshka":13,"Chemical X":13,"BirthdayGift-Tetrahedron":0,"Paper Frog":3,"aspiration:ChemicalBlood":4,"AT_ChloranthyRing":13,"Potion Belt":13,"ImprovedEquipment":4,"PreservedInsect":4,"The Courier":12,"Omamori":13,"testmod-TurbochargingSystem":12,"Frozen Egg 2":13,"MawBank":13,"AT_ImmortalShieldbow":13,"AT_BellowingDragoncrestRing":13,"Ornamental Fan":2,"TakeMeEscape":16,"testmod-Hope":13,"Art of War":12,"Champion Belt":6,"Toy Ornithopter":12,"Calipers":14,"Gremlin Horn":13,"AT_MibuBalloonWealth":4,"CeramicFish":13,"Vajra":12,"SSSystem":13,"BirthdayGift-Icosahedron":13,"testmod-RainbowHikingShoes":16,"AT_ArchangelStaff":3,"Centennial Puzzle":12,"Lizard Tail":12,"HornCleat":13,"testmod-Laevatain":13,"Strawberry":13,"Prayer Wheel":17,"testmod-DragonStarHat":0,"Toxic Egg 2":14,"AT_RabadonDeathcap":18,"Happy Flower":13,"testmod-FatalChain":13,"Oddly Smooth Stone":13,"Charon\u0027s Ashes":16,"War Paint":13,"OrangePellets":12,"Brimstone":3,"Shuriken":12,"testmod-Acrobat":9,"Molten Egg 2":13,"GodSword7":13,"GodSword6":13,"GodSword5":13,"GodSword4":13,"GodSword3":13,"aspiration:HatOfInfinitePower":14,"testmod-OneHitWonder":4,"Meat on the Bone":12,"GodSword1":13,"Pocketwatch":16,"Darkstone Periapt":4,"MostiFishMod:Haymaker":11,"DiscerningMonocle":9,"SacredBark":15,"Mango":16,"SecretRecord":14,"Incense Burner":14,"ClockworkSouvenir":13,"Dream Catcher":2,"Nunchaku":6,"TheAbacus":4,"testmod-InjuryResistance":12,"testmod-Alchemist":16,"Mummified Hand":13,"testmod-Motorcycle":13,"Pantograph":12,"testmod-ArcanaOfDestiny":13,"Red Skull":13,"AT_ForceNature":12,"aspiration:FetidBarrel":4,"AT_BladeRuinedKing":13,"aspiration:HummingbirdHeart":12,"Orichalcum":13,"testmod-Justice":13,"testmod-IndustrialRevolution":13,"Medical Kit":13,"White Beast Statue":4,"testmod-Antiphasic":13,"REME:ComplimentaryCards":0,"Anchor":13,"SynthV:TestCard":1,"testmod-AssaultLearning":13,"Bag of Marbles":6,"Membership Card":4,"testmod-Nine":7},{"AT_ATBox":0,"MostiFishMod:AdaptiveDefenses":15,"testmod-LifeArmor":32,"Whetstone":42,"MagicDraw4":42,"Boot":6,"MagicDraw3":42,"Sling":43,"MagicDraw2":40,"testmod-BlackFramedGlasses":45,"MagicDraw1":40,"Blood Vial":13,"Sundial":42,"MealTicket":40,"HandDrill":15,"Kunai":42,"DianDianMeat":12,"MerchantsRug":6,"testmod-IntensifyImprint":45,"AT_RedTearstoneRing":12,"testmod-TestBox":0,"Pear":42,"Blue Candle":42,"Eternal Feather":42,"Pen Nib":42,"AT_SilvercatRing":40,"TimeFreeze":12,"aspiration:FrozenJewel":15,"Akabeko":42,"EasyRelic":0,"AT_SpeedBoots":42,"AT_TheCollector":43,"BionicSphere":42,"Technique":12,"AT_BellDemon":42,"aspiration:Lifesprig":40,"Regal Pillow":42,"Lantern":42,"DaveBox":0,"Torii":42,"Singing Bowl":42,"testmod-EqualTreatment":15,"Bag of Preparation":9,"Ancient Tea Set":9,"Burning Blood":0,"testmod-CasingShield":44,"Shovel":42,"Matryoshka":42,"Chemical X":42,"BirthdayGift-Tetrahedron":0,"Paper Frog":9,"aspiration:ChemicalBlood":12,"AT_ChloranthyRing":42,"Potion Belt":42,"ImprovedEquipment":12,"PreservedInsect":12,"The Courier":40,"Omamori":42,"testmod-TurbochargingSystem":40,"Frozen Egg 2":42,"MawBank":42,"AT_ImmortalShieldbow":42,"AT_BellowingDragoncrestRing":42,"Ornamental Fan":6,"TakeMeEscape":45,"testmod-Hope":42,"Art of War":40,"Champion Belt":15,"Toy Ornithopter":40,"Calipers":43,"Gremlin Horn":42,"AT_MibuBalloonWealth":12,"CeramicFish":42,"Vajra":40,"SSSystem":42,"BirthdayGift-Icosahedron":42,"testmod-RainbowHikingShoes":45,"AT_ArchangelStaff":9,"Centennial Puzzle":40,"Lizard Tail":40,"HornCleat":42,"testmod-Laevatain":42,"Strawberry":42,"Prayer Wheel":46,"testmod-DragonStarHat":0,"Toxic Egg 2":43,"AT_RabadonDeathcap":47,"Happy Flower":42,"testmod-FatalChain":42,"Oddly Smooth Stone":42,"Charon\u0027s Ashes":45,"War Paint":42,"OrangePellets":40,"Brimstone":9,"Shuriken":40,"testmod-Acrobat":32,"Molten Egg 2":42,"GodSword7":42,"GodSword6":42,"GodSword5":42,"GodSword4":42,"GodSword3":42,"aspiration:HatOfInfinitePower":43,"testmod-OneHitWonder":12,"Meat on the Bone":40,"GodSword1":42,"Pocketwatch":45,"Darkstone Periapt":12,"MostiFishMod:Haymaker":37,"DiscerningMonocle":32,"SacredBark":44,"Mango":45,"SecretRecord":43,"Incense Burner":43,"ClockworkSouvenir":42,"Dream Catcher":6,"Nunchaku":15,"TheAbacus":12,"testmod-InjuryResistance":40,"testmod-Alchemist":45,"Mummified Hand":42,"testmod-Motorcycle":42,"Pantograph":40,"testmod-ArcanaOfDestiny":42,"Red Skull":42,"AT_ForceNature":40,"aspiration:FetidBarrel":12,"AT_BladeRuinedKing":42,"aspiration:HummingbirdHeart":40,"Orichalcum":42,"testmod-Justice":42,"testmod-IndustrialRevolution":42,"Medical Kit":42,"White Beast Statue":12,"testmod-Antiphasic":42,"REME:ComplimentaryCards":0,"Anchor":42,"SynthV:TestCard":3,"testmod-AssaultLearning":42,"Bag of Marbles":15,"Membership Card":12,"testmod-Nine":22}],"Toy Ornithopter":5,"Meat on the Bone":0,"Pocketwatch":[0]},"card_choices":[{"not_picked":["Wild Strike","Anger","Clothesline"],"picked":"SKIP","floor":1.0},{"not_picked":["Burning Pact","Havoc","Flex","Shockwave"],"picked":"Whirlwind","floor":2.0},{"not_picked":["Warcry","AT_IchimonjiDouble","Body Slam","Infernal Blade"],"picked":"Shrug It Off","floor":5.0},{"not_picked":["MostiFishMod:NewArrival","Cleave","Clash","Pummel"],"picked":"Second Wind","floor":7.0},{"not_picked":["Carnage","Clash","Shrug It Off","Corruption"],"picked":"Bloodletting","floor":12.0},{"not_picked":["MostiFishMod:Mania","Impervious","Brutality","Feed"],"picked":"MostiFishMod:OrdinaryWorld","floor":16},{"not_picked":["Disarm","AT_DrawKnifeCut","Pommel Strike","AT_ShrugMaster","Dropkick+1"],"picked":"SKIP","floor":18},{"not_picked":["Uppercut","Pommel Strike","Cleave","AT_BodySlamDance","Anger+1"],"picked":"SKIP","floor":19},{"not_picked":["Sword Boomerang","Flex","Twin Strike","Rage+1","Heavy Blade"],"picked":"SKIP","floor":21},{"not_picked":["Ghostly Armor","Dropkick","Cleave","MostiFishMod:BrandingRite","Perfected Strike"],"picked":"SKIP","floor":22},{"not_picked":["Perfected Strike+1","Intimidate+1","AT_BodySlamDance+1","Bludgeon","Carnage"],"picked":"SKIP","floor":23},{"not_picked":["Inflame+1","MostiFishMod:TemporaryOutbreak","Warcry","True Grit","Bloodletting"],"picked":"SKIP","floor":25},{"not_picked":["Anger+1","Inflame+1","Body Slam+1","Armaments+1","Bloodletting"],"picked":"Singing Bowl","floor":31},{"not_picked":["Fiend Fire+1","Berserk+1","Feed+1","MostiFishMod:HellRitual+1","MostiFishMod:WingOfPhoenix+1"],"picked":"Singing Bowl","floor":33},{"not_picked":["Sever Soul+1","Iron Wave+1","Pummel+1","Armaments+1","Heavy Blade+1"],"picked":"Singing Bowl","floor":35},{"not_picked":["Perfected Strike+1","Warcry+1","Evolve+1","Iron Wave+1","Rampage+1"],"picked":"Singing Bowl","floor":37},{"not_picked":["Second Wind+1","Pommel Strike+1","Flame Barrier+1","Sever Soul+1","Battle Trance+1"],"picked":"Singing Bowl","floor":39},{"not_picked":["Havoc+1","Iron Wave+1","Berserk+1","Body Slam+1","Pommel Strike+1"],"picked":"Singing Bowl","floor":39}],"player_experience":273943,"relics_obtained":[{"floor":1.0,"key":"SynthV:TestCard"},{"floor":7.0,"key":"PreservedInsect"},{"floor":12.0,"key":"Blood Vial"},{"floor":22,"key":"MostiFishMod:Haymaker"},{"floor":23,"key":"MagicDraw1"},{"floor":26,"key":"Frozen Egg 2"},{"floor":33,"key":"testmod-CasingShield"},{"floor":35,"key":"Charon\u0027s Ashes"},{"floor":37,"key":"Prayer Wheel"},{"floor":39,"key":"AT_RabadonDeathcap"}],"event_choices":[{"cards_removed":["Bash"],"damage_healed":0.0,"max_hp_gain":0.0,"max_hp_loss":0.0,"gold_gain":0.0,"event_name":"Purifier","player_choice":"Purged","floor":4.0,"gold_loss":0.0,"damage_taken":0.0},{"damage_healed":0,"gold_gain":0,"player_choice":"Opened","damage_taken":0,"relics_obtained":["testmod-AssaultLearning"],"max_hp_gain":0,"max_hp_loss":0,"event_name":"The Mausoleum","floor":28,"gold_loss":0,"cards_obtained":["Writhe"]},{"damage_healed":0,"gold_gain":999,"player_choice":"Gold","damage_taken":0,"max_hp_gain":0,"max_hp_loss":0,"event_name":"MindBloom","floor":38,"gold_loss":0,"cards_obtained":["Normality","Normality"]}],"is_beta":false,"boss_relics":[{"not_picked":["HereWithMe","GuanYuAspect"],"picked":"testmod-Nine"},{"not_picked":["energizedSpire:RedRose","energizedSpire:TabascoSauce"],"picked":"SacredBark"}],"items_purged_floors":[3,3,3,3,3,6,6,14,15,20,20,20,20,29,30,30],"is_endless":true,"potions_floor_spawned":[5,12,13,16,18,19,21,22,23,25,31,33,35,37,39],"ascension_level":20}}