{"host":"pft5kheyb7v7gger","time":1612795021,"event":{"mods":["Act Like it!","BaseMod","Downfall","Energized Spire","LagranYue(拉格朗・月)","Lobotomy","LobotomyExtend","Minty Spire (QoL Compilation)","Replay The Spire","StSLib","【遗物卡牌】REMEMod"],"gold_per_floor":[111,124,124,135,150,150,164,190,190,190,190,190,52,66,66,66,66],"floor_reached":16,"language":"ZHS","playtime":819,"items_purged":[],"score":102,"play_id":"ff7e5654-f315-445a-88ac-e3a8043345a1","local_time":"20210208223701","is_ascension_mode":false,"campfire_choices":[],"circlet_count":0,"master_deck":["SpecialBullet","SpecialBullet","SpecialBullet","SpecialBullet","SpecialBullet","SpecialBullet","SpecialBullet","SpecialBullet","SecurityCode","DisciplinaryCode","InformationCode","CENSORED_ego","Devotion","VoidDream","Soda","RedShoes","Soda","Lantern","HappyTeddy","Soda","CUTE","WristCuter","OSAHOGD","Injury","Ecstasy","BloodyDesire+1","Wellcheers","Horn","TrainingCode"],"relics":["CogitoBucket","RabbitCall","REME_ComplimentaryCards","LagranYue:RandomDrawCardRelic","LetterFromLob","Potion Belt","Akabeko","Bottled Tornado","Golden Idol","AdjustmentMirror"],"acts_visited":["Exordium"],"potions_floor_usage":[8,16],"damage_taken":[{"damage":6,"enemies":"Cultist","floor":1,"turns":3},{"damage":0,"enemies":"Small Slimes","floor":2,"turns":3},{"damage":12,"enemies":"2 Louse","floor":4,"turns":3},{"damage":42,"enemies":"Lots of Slimes","floor":5,"turns":6},{"damage":14,"enemies":"2 Fungi Beasts","floor":7,"turns":3},{"damage":29,"enemies":"Lagavulin","floor":8,"turns":6},{"damage":28,"enemies":"Exordium Thugs","floor":14,"turns":8},{"damage":50,"enemies":"The Guardian","floor":16,"turns":8}],"seed_played":"6520293908992565445","potions_obtained":[{"floor":2,"key":"Elixir"},{"floor":5,"key":"Strength Potion"},{"floor":8,"key":"Energy Potion"},{"floor":14,"key":"FearPotion"}],"is_trial":false,"path_per_floor":["M","M","T","M","M","R","M","E","T","R","?","R","$","M","R","B"],"character_chosen":"Angela","items_purchased":["Ecstasy","BloodyDesire+1"],"campfire_rested":0,"item_purchase_floors":[13,13],"current_hp_per_floor":[70,70,70,70,32,32,30,30,30,30,30,30,30,31,31,0,0],"gold":66,"neow_bonus":"ONE_RANDOM_RARE_CARD","is_daily":false,"chose_seed":false,"campfire_upgraded":0,"win_rate":0.0,"timestamp":1612795021,"path_taken":["M","M","?","M","M","R","M","E","T","R","?","R","$","M","R","BOSS"],"items_purchased_type":["Card","Card"],"build_version":"2020-12-22","purchased_purges":0,"victory":false,"max_hp_per_floor":[70,70,70,70,70,70,70,70,70,70,70,70,70,74,74,74,74],"card_choices":[{"not_picked":["PunishingBird","Scorched"],"picked":"VoidDream","floor":1},{"not_picked":["Tough"],"picked":"Soda","floor":1},{"not_picked":["Bloodbath","CrumblingArmor"],"picked":"RedShoes","floor":2},{"not_picked":["FourthMatchFlame"],"picked":"Soda","floor":2},{"not_picked":["Wingbeat"],"picked":"Lantern","floor":4},{"not_picked":["Funeral","WallGazer"],"picked":"HappyTeddy","floor":5},{"not_picked":["FourthMatchFlame"],"picked":"Soda","floor":5},{"not_picked":["CrimsonScar"],"picked":"CUTE","floor":7},{"not_picked":["Harvest"],"picked":"WristCuter","floor":8},{"not_picked":["PunishingBird","Funeral"],"picked":"OSAHOGD","floor":8},{"not_picked":["MHz","UniverseFragment"],"picked":"Wellcheers","floor":14},{"not_picked":["Soda"],"picked":"Horn","floor":14}],"player_experience":269618,"relics_obtained":[{"floor":1,"key":"LetterFromLob"},{"floor":3,"key":"Potion Belt"},{"floor":8,"key":"Akabeko"},{"floor":9,"key":"Bottled Tornado"}],"event_choices":[{"damage_healed":0,"gold_gain":0,"player_choice":"Take Wound","damage_taken":0,"relics_obtained":["Golden Idol"],"max_hp_gain":0,"max_hp_loss":0,"event_name":"Golden Idol","floor":11,"gold_loss":0,"cards_obtained":["Injury"]}],"is_beta":false,"boss_relics":[],"items_purged_floors":[],"is_endless":false,"potions_floor_spawned":[2,5,8,14],"killed_by":"The Guardian","ascension_level":0}}