{"host":"je4rgfex33y123xe","time":1612813555,"event":{"mods":["BaseMod","Minty Spire (QoL Compilation)","StSLib"],"gold_per_floor":[115,115,126,126,126,162,162,207,207,226,226,203,247,277,277,411,438,461,321,321,321,338,338,363,363,363,401,401,420,429,229,229,327,327,350,365,390,390,390],"floor_reached":38,"language":"ENG","playtime":1975,"items_purged":[],"score":515,"play_id":"32feaa1e-60e9-4a60-9692-7a457ab1ebcc","local_time":"20210208134555","is_ascension_mode":true,"campfire_choices":[{"floor":7,"key":"REST"},{"data":"Wallop","floor":11,"key":"SMITH"},{"floor":15,"key":"REST"},{"floor":23,"key":"REST"},{"floor":25,"key":"REST"},{"floor":28,"key":"REST"},{"data":"Alpha","floor":32,"key":"SMITH"}],"circlet_count":0,"master_deck":["Strike_P","Defend_P","Defend_P","Defend_P","Defend_P","Eruption+1","Vigilance","EmptyBody+1","Wallop+1","Vengeance","TalkToTheHand","Halt","ReachHeaven","Alpha+1","FlurryOfBlows+1","Ragnarok+1","MentalFortress+1","Consecrate","Wallop+1","WreathOfFlame+1","WheelKick","ClearTheMind","Pain","Wallop","TalkToTheHand","Study","Evaluate+1","Worship+1"],"relics":["Sozu","Blue Candle","Bloody Idol","Strawberry","CeramicFish","Kunai","Matryoshka","Astrolabe","DollysMirror","Enchiridion","Regal Pillow","StrikeDummy","Pantograph","WarpedTongs","Cursed Key"],"acts_visited":["TheCity","TheBeyond"],"potions_floor_usage":[],"damage_taken":[{"damage":6,"enemies":"Small Slimes","floor":1,"turns":5},{"damage":0,"enemies":"Jaw Worm","floor":3,"turns":4},{"damage":23,"enemies":"Gremlin Nob","floor":6,"turns":4},{"damage":5,"enemies":"Lagavulin","floor":8,"turns":7},{"damage":0,"enemies":"2 Louse","floor":10,"turns":2},{"damage":7,"enemies":"Gremlin Nob","floor":13,"turns":4},{"damage":0,"enemies":"Gremlin Gang","floor":14,"turns":3},{"damage":30,"enemies":"The Guardian","floor":16,"turns":9},{"damage":37,"enemies":"3 Byrds","floor":18,"turns":6},{"damage":9,"enemies":"2 Thieves","floor":22,"turns":3},{"damage":15,"enemies":"Centurion and Healer","floor":24,"turns":4},{"damage":37,"enemies":"Slavers","floor":27,"turns":6},{"damage":29,"enemies":"Shelled Parasite and Fungi","floor":29,"turns":4},{"damage":49,"enemies":"Champ","floor":33,"turns":9},{"damage":31,"enemies":"3 Darklings","floor":35,"turns":4},{"damage":7,"enemies":"Orb Walker","floor":36,"turns":5},{"damage":16,"enemies":"Sphere and 2 Shapes","floor":37,"turns":4},{"damage":55,"enemies":"Transient","floor":38,"turns":3}],"seed_played":"-4409331879363718426","potions_obtained":[],"is_trial":false,"path_per_floor":["M","?","M","?","?","E","R","E","T","M","R","?","E","M","R","B",null,"M","$","?","?","M","R","M","R","T","E","R","M","?","$","R","B",null,"M","M","M","M"],"character_chosen":"WATCHER","items_purchased":["DollysMirror","Wallop","TalkToTheHand","Study"],"campfire_rested":5,"item_purchase_floors":[19,31,31,31],"current_hp_per_floor":[66,59,59,41,27,11,34,29,29,29,29,29,22,22,45,15,63,26,26,26,10,11,34,29,52,52,25,63,44,49,64,64,35,68,47,45,39,0,0],"gold":390,"neow_bonus":"BOSS_RELIC","is_daily":false,"chose_seed":false,"campfire_upgraded":2,"win_rate":0.0,"timestamp":1612813555,"path_taken":["M","?","M","?","?","E","R","E","T","M","R","?","E","M","R","BOSS","M","$","?","?","M","R","M","R","T","E","R","M","?","$","R","BOSS","M","?","M","M"],"items_purchased_type":["Relic","Card","Card","Card"],"build_version":"2020-12-22","purchased_purges":0,"victory":false,"max_hp_per_floor":[72,72,72,72,72,79,79,79,79,79,79,79,79,79,79,79,79,79,79,79,79,79,79,79,79,79,79,79,79,79,79,79,79,79,79,79,79,79,79],"card_choices":[{"not_picked":["Evaluate","EmptyMind"],"picked":"EmptyBody","floor":1},{"not_picked":["JustLucky","BowlingBash"],"picked":"Wallop","floor":3},{"not_picked":["WreathOfFlame","MentalFortress"],"picked":"Vengeance","floor":6},{"not_picked":["Sanctity","Scrawl"],"picked":"TalkToTheHand","floor":8},{"not_picked":["LikeWater","Evaluate","EmptyBody"],"picked":"SKIP","floor":10},{"not_picked":["Sanctity","FearNoEvil"],"picked":"Halt","floor":13},{"not_picked":["SandsOfTime","CrushJoints"],"picked":"ReachHeaven","floor":14},{"not_picked":["DeusExMachina","Brilliance"],"picked":"Alpha","floor":16},{"not_picked":["Study","Worship"],"picked":"Consecrate","floor":18},{"not_picked":["Wireheading","EmptyFist","SignatureMove+1"],"picked":"SKIP","floor":22},{"not_picked":["LikeWater","CrushJoints+1"],"picked":"WreathOfFlame+1","floor":24},{"not_picked":["Crescendo","EmptyBody+1"],"picked":"WheelKick","floor":27},{"not_picked":["CrushJoints","Prostrate"],"picked":"ClearTheMind","floor":29},{"not_picked":["ReachHeaven+1","FlurryOfBlows+1"],"picked":"Evaluate+1","floor":35},{"not_picked":["Perseverance+1","Vengeance+1","Collect"],"picked":"SKIP","floor":36},{"not_picked":["FlyingSleeves+1","ClearTheMind+1"],"picked":"Worship+1","floor":37}],"player_experience":394593,"relics_obtained":[{"floor":6,"key":"Strawberry"},{"floor":8,"key":"CeramicFish"},{"floor":9,"key":"Kunai"},{"floor":13,"key":"Matryoshka"},{"floor":21,"key":"Enchiridion"},{"floor":26,"key":"Regal Pillow"},{"floor":26,"key":"StrikeDummy"},{"floor":27,"key":"Pantograph"}],"event_choices":[{"damage_healed":0,"gold_gain":0,"player_choice":"Success","damage_taken":7,"relics_obtained":["Blue Candle"],"max_hp_gain":0,"max_hp_loss":0,"event_name":"Scrap Ooze","floor":2,"gold_loss":0},{"damage_healed":0,"gold_gain":0,"player_choice":"Take Damage","damage_taken":18,"relics_obtained":["Golden Idol"],"max_hp_gain":0,"max_hp_loss":0,"event_name":"Golden Idol","floor":4,"gold_loss":0},{"damage_healed":0,"gold_gain":0,"player_choice":"Entered Light","damage_taken":14,"max_hp_gain":0,"max_hp_loss":0,"event_name":"Shining Light","floor":5,"gold_loss":0,"cards_upgraded":["EmptyBody","Eruption"]},{"damage_healed":0,"gold_gain":0,"player_choice":"Left Gold","damage_taken":0,"max_hp_gain":0,"max_hp_loss":0,"event_name":"World of Goop","floor":12,"gold_loss":23},{"damage_healed":0,"gold_gain":0,"player_choice":"Gave Idol","damage_taken":0,"relics_obtained":["Bloody Idol"],"max_hp_gain":0,"max_hp_loss":0,"event_name":"Forgotten Altar","floor":20,"relics_lost":["Golden Idol"],"gold_loss":0},{"damage_healed":0,"gold_gain":0,"player_choice":"Obtained Book","damage_taken":16,"max_hp_gain":0,"max_hp_loss":0,"event_name":"Cursed Tome","floor":21,"gold_loss":0},{"damage_healed":0,"gold_gain":0,"player_choice":"Rummage","damage_taken":0,"relics_obtained":["WarpedTongs"],"max_hp_gain":0,"max_hp_loss":0,"event_name":"Accursed Blacksmith","floor":30,"gold_loss":0,"cards_obtained":["Pain"]}],"is_beta":false,"boss_relics":[{"not_picked":["Busted Crown","Fusion Hammer"],"picked":"Astrolabe"},{"not_picked":["Tiny House","Runic Dome"],"picked":"Cursed Key"}],"items_purged_floors":[],"is_endless":false,"potions_floor_spawned":[10,13,14,22,24,27,29,35],"killed_by":"Transient","ascension_level":5}}