{"host":"d61fcf2p3sjwe6yo","time":1612796590,"event":{"mods":["BaseMod","Colored Map","Koishi","Marisa????????","Minty Spire (QoL Compilation)","Reimu??????","StSLib","SuperFastMode","The Servant 0.9.4"],"gold_per_floor":[114,114,132,147,147,147,147,181,204,204,220,220,220,236,236,236,236],"floor_reached":16,"language":"ENG","playtime":648,"items_purged":[],"score":200,"play_id":"a0ba84e1-e097-4cd1-8227-d690b5f73451","local_time":"20210208180310","is_ascension_mode":true,"campfire_choices":[{"data":"Orbit","floor":6,"key":"SMITH"},{"floor":10,"key":"REST"},{"floor":12,"key":"REST"},{"data":"Contraction","floor":15,"key":"SMITH"}],"circlet_count":0,"master_deck":["AscendersBane","Strike_S","Strike_S","Strike_S","Strike_S","Defend_S","Defend_S","Defend_S","Defend_S","KidneyShot","Exchange","TimeTheft+1","DualDimension","Defy","Orbit+1","FastForward","FastForward","Contraction+1"],"relics":["Uniform","Bag of Preparation","Boot","PaperSwan","Oddly Smooth Stone"],"acts_visited":["Exordium"],"potions_floor_usage":[16],"damage_taken":[{"damage":2,"enemies":"2 Louse","floor":1,"turns":3},{"damage":2,"enemies":"Cultist","floor":3,"turns":4},{"damage":4,"enemies":"Small Slimes","floor":4,"turns":6},{"damage":33,"enemies":"Gremlin Nob","floor":8,"turns":4},{"damage":14,"enemies":"Exordium Thugs","floor":11,"turns":5},{"damage":12,"enemies":"Gremlin Gang","floor":14,"turns":7},{"damage":31,"enemies":"The Guardian","floor":16,"turns":8}],"seed_played":"-1272983074618358877","potions_obtained":[{"floor":1,"key":"FairyPotion"},{"floor":3,"key":"SpeedPotion"}],"is_trial":false,"path_per_floor":["M","?","M","M","?","R","?","E","T","R","M","R","?","M","R","B"],"character_chosen":"THE_SERVANT","items_purchased":[],"campfire_rested":2,"item_purchase_floors":[],"current_hp_per_floor":[52,52,50,46,39,39,4,18,18,36,22,40,40,28,28,0,0],"gold":236,"neow_bonus":"RANDOM_COMMON_RELIC","is_daily":false,"chose_seed":false,"campfire_upgraded":2,"win_rate":0.0,"timestamp":1612796590,"path_taken":["M","?","M","?","?","R","?","E","T","R","M","R","?","?","R","BOSS"],"items_purchased_type":[],"build_version":"2020-12-22","purchased_purges":0,"victory":false,"max_hp_per_floor":[60,60,60,60,60,60,60,60,60,60,60,60,60,60,60,60,60],"card_choices":[{"not_picked":["StarChef","Misdirection"],"picked":"TimeTheft","floor":1},{"not_picked":["Gouge","Sabotage"],"picked":"Defy","floor":3},{"not_picked":["Collapse","Replace"],"picked":"Orbit","floor":4},{"not_picked":["TimeWarp","Moondial"],"picked":"FastForward","floor":8},{"not_picked":["Collapse","Unruled"],"picked":"FastForward","floor":11},{"not_picked":["Revamp","Comet"],"picked":"Contraction","floor":14}],"player_experience":287385,"relics_obtained":[{"floor":8,"key":"PaperSwan"},{"floor":9,"key":"Oddly Smooth Stone"}],"event_choices":[{"damage_healed":0,"gold_gain":0,"player_choice":"2 cards matched","damage_taken":0,"max_hp_gain":0,"max_hp_loss":0,"event_name":"Match and Keep!","floor":2,"gold_loss":0,"cards_obtained":["Injury","DualDimension"]},{"cards_removed":["Injury"],"damage_healed":0,"gold_gain":0,"player_choice":"Card Removal","damage_taken":7,"max_hp_gain":0,"max_hp_loss":0,"event_name":"Golden Wing","floor":5,"gold_loss":0},{"damage_healed":0,"gold_gain":0,"player_choice":"Success","damage_taken":35,"relics_obtained":["Boot"],"max_hp_gain":0,"max_hp_loss":0,"event_name":"Scrap Ooze","floor":7,"gold_loss":0},{"damage_healed":0,"gold_gain":0,"player_choice":"Upgraded","damage_taken":0,"max_hp_gain":0,"max_hp_loss":0,"event_name":"Upgrade Shrine","floor":13,"gold_loss":0,"cards_upgraded":["TimeTheft"]}],"is_beta":false,"boss_relics":[],"items_purged_floors":[],"is_endless":false,"potions_floor_spawned":[1,3],"killed_by":"The Guardian","ascension_level":20}}