{"host":"vyiqbz5w606ur92t","time":1612783671,"event":{"mods":["BaseMod","Downfall","Minty Spire (QoL Compilation)","StSLib"],"gold_per_floor":[99,99,99,99,99,124,124,124,124,137,150,162,62,96,110,206,206,206,224,237,147,147,47,99,126,126,138,170,185,235,245,264,361,361,361,373,390,409,58,110,135,164,177,77,108,108,128,162,181,181,181,208,21,21,21,21],"floor_reached":57,"language":"ENG","playtime":6085,"items_purged":["Slimebound:Strike_Slimebound","Slimebound:RejuvenatingLick+1"],"score":2072,"play_id":"067c476d-999b-456f-99c8-22d7cd805e1d","local_time":"20210208112751","is_ascension_mode":true,"campfire_choices":[{"floor":1,"key":"RECALL"},{"data":"Slimebound:LevelUp","floor":8,"key":"SMITH"},{"data":"Slimebound:Split","floor":13,"key":"SMITH"},{"data":"Slimebound:MassFeed","floor":18,"key":"SMITH"},{"data":"Slimebound:FirmFortitude","floor":23,"key":"SMITH"},{"data":"Slimebound:Recycling","floor":35,"key":"SMITH"},{"floor":44,"key":"DIG"},{"data":"Slimebound:MinionMaster","floor":54,"key":"SMITH"}],"circlet_count":0,"master_deck":["AscendersBane","Slimebound:Strike_Slimebound","Slimebound:Strike_Slimebound","Slimebound:Tackle","Slimebound:Defend_Slimebound","Slimebound:Defend_Slimebound","Slimebound:Defend_Slimebound","Slimebound:Defend_Slimebound","Slimebound:Split+1","Slimebound:CorrosiveSpit","Slimebound:SamplingLick","Slimebound:LevelUp+1","Slimebound:Equalize","Slimebound:Prepare","Slimebound:MegaLick","Slimebound:SplitSpecialist","Slimebound:GoopSpray","Slimebound:Prepare","Slimebound:MassFeed+1","Slimebound:SplitAcid","Slimebound:SlimeBarrage","Slimebound:FirmFortitude+1","Slimebound:Recollect","Slimebound:OneTwoCombo","Slimebound:SplitLeeching+1","Slimebound:Recycling+1","Slimebound:SelfFormingGoo","Slimebound:SplitMire+1","Slimebound:HauntingLick+1","Slimebound:SplitLeeching+1","Slimebound:SplitBruiser+1","Slimebound:LeadByExample","Slimebound:SamplingLick+1","Slimebound:GoopSpray+1","Slimebound:OneTwoCombo","Slimebound:Replication+1","Slimebound:LeadByExample","Slimebound:RainOfGoop+1","Slimebound:LeadByExample+1","Slimebound:MinionMaster+1","Slimebound:SplitLeeching+1"],"relics":["Slimebound:AbsorbEndCombat","downfall:HeartsMalice","Tiny Chest","downfall:HeartBlessingBlue","hexamod:CandleOfCauterizing","Sozu","downfall:HeartBlessingRed","sneckomod:BlankCard","White Beast Statue","Toxic Egg 2","Ancient Tea Set","Happy Flower","sneckomod:SneckoTalon","Medical Kit","hexamod:Sixitude","Bag of Marbles","Shovel","downfall:HeartBlessingGreen","Bottled Lightning","Blood Vial","bronze:DecasWashers","champ:DuelingGlove","Gambling Chip"],"acts_visited":["Exordium","TheCity","TheBeyond","TheEnding"],"potions_floor_usage":[16],"damage_taken":[{"damage":0,"enemies":"Small Slimes","floor":2,"turns":1},{"damage":0,"enemies":"Jaw Worm","floor":3,"turns":1},{"damage":0,"enemies":"Gremlin Nob","floor":6,"turns":1},{"damage":2,"enemies":"2 Louse","floor":10,"turns":3},{"damage":6,"enemies":"Gremlin Gang","floor":11,"turns":6},{"damage":6,"enemies":"2 Fungi Beasts","floor":12,"turns":4},{"damage":23,"enemies":"3 Sentries","floor":14,"turns":5},{"damage":3,"enemies":"Large Slime","floor":15,"turns":4},{"damage":51,"enemies":"WA_ARCHETYPE_RETAIN","floor":16,"turns":9},{"damage":5,"enemies":"Shell Parasite","floor":19,"turns":5},{"damage":31,"enemies":"Spheric Guardian","floor":20,"turns":6},{"damage":10,"enemies":"downfall:FleeingMerchant","floor":21,"turns":4},{"damage":15,"enemies":"Gremlin Leader","floor":25,"turns":6},{"damage":11,"enemies":"Snake Plant","floor":27,"turns":5},{"damage":20,"enemies":"Book of Stabbing","floor":28,"turns":5},{"damage":1,"enemies":"Centurion and Healer","floor":29,"turns":5},{"damage":0,"enemies":"3 Cultists","floor":31,"turns":4},{"damage":11,"enemies":"Snake Plant","floor":32,"turns":4},{"damage":13,"enemies":"DF_ARCHETYPE_CLAW","floor":33,"turns":6},{"damage":0,"enemies":"3 Darklings","floor":36,"turns":3},{"damage":16,"enemies":"Orb Walker","floor":37,"turns":3},{"damage":19,"enemies":"Spire Growth","floor":38,"turns":4},{"damage":0,"enemies":"downfall:FleeingMerchant","floor":39,"turns":4},{"damage":20,"enemies":"2 Orb Walkers","floor":40,"turns":3},{"damage":0,"enemies":"Giant Head","floor":42,"turns":5},{"damage":0,"enemies":"Writhing Mass","floor":43,"turns":5},{"damage":0,"enemies":"Nemesis","floor":45,"turns":5},{"damage":11,"enemies":"4 Shapes","floor":47,"turns":3},{"damage":5,"enemies":"Giant Head","floor":48,"turns":6},{"damage":7,"enemies":"Maw","floor":49,"turns":5},{"damage":4,"enemies":"SI_POISON_ARCHETYPE","floor":50,"turns":6},{"damage":37,"enemies":"downfall:CharBossMerchant","floor":52,"turns":8},{"damage":12,"enemies":"downfall:NeowBoss","floor":55,"turns":12},{"damage":16,"enemies":"downfall:NeowBossFinal","floor":56,"turns":7}],"seed_played":"-9189495054054856624","potions_obtained":[{"floor":9,"key":"LiquidMemories"},{"floor":9,"key":"ColorlessPotion"},{"floor":16,"key":"GamblersBrew"}],"is_trial":false,"path_per_floor":["R","M","M","?","?","E","T","R","?","M","M","M","R","E","M","B",null,"R","M","M","$","?","R","T","E","T","M","E","M","T","M","M","B",null,"R","M","M","M","$","?","T","E","M","R","E","T","M","E","M","B",null,"E","$","R","B","B",null],"character_chosen":"SLIMEBOUND","items_purchased":["Slimebound:LeadByExample","Medical Kit","Slimebound:SamplingLick+1","Slimebound:MinionMaster","Slimebound:SplitLeeching+1"],"campfire_rested":0,"item_purchase_floors":[39,39,39,53,53],"current_hp_per_floor":[59,59,59,64,64,64,64,64,64,70,66,66,76,69,80,43,71,71,84,69,61,61,61,61,62,62,55,55,72,72,84,79,86,100,100,108,94,89,105,93,93,108,112,112,112,112,109,111,110,116,116,94,94,94,100,98],"gold":21,"neow_bonus":"THREE_ENEMY_KILL","is_daily":false,"chose_seed":false,"campfire_upgraded":6,"win_rate":0.0,"timestamp":1612783671,"path_taken":["R","M","M","?","?","E","T","R","?","M","?","M","R","E","M","BOSS","R","M","M","$","?","R","T","E","?","M","E","?","?","M","M","BOSS","R","M","M","M","$","?","T","E","M","R","E","?","M","E","M","BOSS","E","$","R","BOSS","BOSS"],"items_purchased_type":["Card","Relic","Card","Card","Card"],"build_version":"2020-12-22","purchased_purges":2,"victory":true,"max_hp_per_floor":[65,65,65,70,70,70,70,70,70,70,70,70,80,80,80,80,80,80,84,88,88,88,88,88,88,88,88,92,100,100,100,100,104,104,104,108,108,108,108,108,108,108,112,112,112,112,116,116,116,116,116,116,116,116,116,116],"card_choices":[{"not_picked":["Slimebound:GoopTackle","Slimebound:ItLooksTasty"],"picked":"Slimebound:SamplingLick","floor":2},{"not_picked":["Slimebound:ComboTackle","Slimebound:SplitAcid"],"picked":"Slimebound:LevelUp","floor":3},{"not_picked":["Slimebound:SplitAcid","Slimebound:RejuvenatingLick"],"picked":"Slimebound:Equalize","floor":6},{"not_picked":["Slimebound:Grow","Slimebound:SpikyOuterGoop"],"picked":"Slimebound:Prepare","floor":10},{"not_picked":["Slimebound:FormOfPuddle","Slimebound:Schlurp"],"picked":"Slimebound:MegaLick","floor":11},{"not_picked":["Slimebound:GoopSpray","Slimebound:Teamwork"],"picked":"Slimebound:SplitSpecialist","floor":12},{"not_picked":["Slimebound:SplitLeeching","Slimebound:Prepare"],"picked":"Slimebound:GoopSpray","floor":14},{"not_picked":["Slimebound:BestDefense","Slimebound:Schlurp"],"picked":"Slimebound:Prepare","floor":15},{"not_picked":["Slimebound:OozeBath","Slimebound:SlimeSlap"],"picked":"Slimebound:MassFeed","floor":16},{"not_picked":["Slimebound:HauntingLick","Slimebound:Schlurp+1"],"picked":"Slimebound:SplitAcid","floor":19},{"not_picked":["Slimebound:Gluttony+1","Slimebound:DisruptingSlam"],"picked":"Slimebound:SlimeBarrage","floor":20},{"not_picked":["Slimebound:PressTheAttack","Slimebound:GoopTackle"],"picked":"Slimebound:FirmFortitude","floor":21},{"not_picked":["Slimebound:FlameTackle","Slimebound:SplitLeeching"],"picked":"Slimebound:Recollect","floor":25},{"not_picked":["Slimebound:ItLooksTasty","Slimebound:RollThrough","Slimebound:PressTheAttack"],"picked":"SKIP","floor":27},{"not_picked":["Slimebound:Prepare+1","Slimebound:ItLooksTasty"],"picked":"Slimebound:OneTwoCombo","floor":28},{"not_picked":["Slimebound:GrowthPunch","Slimebound:ItLooksTasty+1"],"picked":"Slimebound:RejuvenatingLick+1","floor":29},{"not_picked":["Slimebound:Schlurp+1","Slimebound:LivingWall+1"],"picked":"Slimebound:SplitLeeching+1","floor":31},{"not_picked":["Slimebound:RollThrough","Slimebound:Schlurp+1"],"picked":"Slimebound:Recycling","floor":32},{"not_picked":["Slimebound:DuplicatedForm","Slimebound:LeechLife"],"picked":"Slimebound:SelfFormingGoo","floor":33},{"not_picked":["Slimebound:SamplingLick+1","Slimebound:SplitAcid+1"],"picked":"Slimebound:SplitMire+1","floor":36},{"not_picked":["Slimebound:RollThrough","Slimebound:TongueLash+1"],"picked":"Slimebound:HauntingLick+1","floor":37},{"not_picked":["Slimebound:Gluttony","Slimebound:DisruptingSlam"],"picked":"Slimebound:SplitLeeching+1","floor":38},{"not_picked":["Slimebound:HauntingLick+1","Slimebound:HungryTackle"],"picked":"Slimebound:SplitBruiser+1","floor":39},{"not_picked":["Slimebound:LivingWall+1","Slimebound:SelfFormingGoo"],"picked":"Slimebound:GoopSpray+1","floor":40},{"not_picked":["Slimebound:DivideAndConquer+1","Slimebound:Overexert"],"picked":"Slimebound:OneTwoCombo","floor":42},{"not_picked":["Slimebound:SlimeSpikes+1","Slimebound:LeechingTouch","Slimebound:RejuvenatingLick+1"],"picked":"SKIP","floor":43},{"not_picked":["Slimebound:Overexert","Slimebound:GrowthPunch","Slimebound:GoopTackle"],"picked":"SKIP","floor":45},{"not_picked":["Slimebound:Prepare+1","Slimebound:SplitBruiser+1"],"picked":"Slimebound:Replication+1","floor":47},{"not_picked":["Slimebound:Dissolve+1","Slimebound:SamplingLick+1"],"picked":"Slimebound:LeadByExample","floor":48},{"not_picked":["Slimebound:Gluttony","Slimebound:ViciousTackle"],"picked":"Slimebound:RainOfGoop+1","floor":49},{"not_picked":["Slimebound:Nibble","Slimebound:Prepare+1"],"picked":"Slimebound:LeadByExample+1","floor":52}],"player_experience":1634372,"relics_obtained":[{"floor":6,"key":"Tiny Chest"},{"floor":14,"key":"hexamod:CandleOfCauterizing"},{"floor":24,"key":"sneckomod:BlankCard"},{"floor":25,"key":"White Beast Statue"},{"floor":26,"key":"Toxic Egg 2"},{"floor":28,"key":"Ancient Tea Set"},{"floor":30,"key":"Happy Flower"},{"floor":40,"key":"hexamod:Sixitude"},{"floor":41,"key":"Bag of Marbles"},{"floor":42,"key":"Shovel"},{"floor":44,"key":"Bottled Lightning"},{"floor":45,"key":"Blood Vial"},{"floor":46,"key":"bronze:DecasWashers"},{"floor":48,"key":"champ:DuelingGlove"},{"floor":52,"key":"Gambling Chip"}],"event_choices":[{"damage_healed":0,"gold_gain":0,"player_choice":"Donut","damage_taken":0,"max_hp_gain":5,"max_hp_loss":0,"event_name":"Big Fish","floor":4,"gold_loss":0},{"damage_healed":0,"gold_gain":0,"player_choice":"Got Potions","damage_taken":0,"max_hp_gain":0,"max_hp_loss":0,"event_name":"Lab","floor":9,"gold_loss":0},{"damage_healed":0,"gold_gain":0,"player_choice":"Fight","damage_taken":0,"max_hp_gain":0,"max_hp_loss":0,"event_name":"Mysterious Sphere","floor":40,"gold_loss":0}],"is_beta":false,"boss_relics":[{"not_picked":["Cursed Key","SlaversCollar"],"picked":"Sozu"},{"not_picked":["Calling Bell","Fusion Hammer"],"picked":"sneckomod:SneckoTalon"}],"items_purged_floors":[21,39],"is_endless":false,"potions_floor_spawned":[11,16,20,25,27,28,29,31,32,33,36,37,38,39,40,42,43,45,47,48,49,52],"ascension_level":12}}