{"host":"mll5wdr2ir0q8rma","time":1612824865,"event":{"mods":["AchievementEnabler","BaseMod","Colored Map","DeckTracker","Highlight Path","Minty Spire (QoL Compilation)","Random Character Button","Rare Cards Sparkle","StSLib"],"gold_per_floor":[114,129,129,129,204,204,54,92,92,92,136,83,127,146,146,271,271,315,334,248,292,67,67,105,105,155,155,174,174,174,193,193,318,318,362,362,12,12,12,50,50,69,69,113,132,132,151,189,189,189,189],"floor_reached":50,"language":"POL","playtime":3498,"items_purged":[],"score":722,"play_id":"c9fc9ee7-a949-4c17-9290-d67b00b30327","local_time":"20210208235425","daily_mods":["Shiny","Green Cards","Terminal"],"is_ascension_mode":false,"campfire_choices":[{"floor":6,"key":"REST"},{"floor":15,"key":"REST"},{"floor":23,"key":"REST"},{"data":"Adrenaline","floor":25,"key":"SMITH"},{"data":"Alpha","floor":27,"key":"SMITH"},{"floor":32,"key":"REST"},{"data":"DevaForm","floor":41,"key":"SMITH"},{"data":"Burst","floor":49,"key":"SMITH"}],"circlet_count":0,"master_deck":["Venomology","Corpse Explosion","Malaise","Phantasmal Killer","Die Die Die","Adrenaline+1","Doppelganger","Burst+1","Wraith Form v2","Tools of the Trade","Night Terror","Unload","After Image","Bullet Time+1","Storm of Steel","Glass Knife","A Thousand Cuts","Grand Finale","Judgement+1","ConjureBlade","MasterReality","Brilliance","Devotion","Ragnarok","LessonLearned","Scrawl","Vault+1","Alpha+1","Wish","Omniscience","Establishment","SpiritShield","DevaForm+1","DeusExMachina","Endless Agony","Injury","FollowUp","Regret","Deflect","Slice","Outmaneuver","Prepared","Dramatic Entrance","WreathOfFlame","Shame","Shame","Protect+1","Forethought","Choke","Clumsy","DevaForm","Vengeance+1"],"relics":["PureWater","Darkstone Periapt","Golden Idol","PreservedInsect","Ancient Tea Set","Pen Nib","Calipers","Cursed Key","Blood Vial","Oddly Smooth Stone","Bag of Marbles","MealTicket","Snecko Eye","ClockworkSouvenir","Orichalcum","Pantograph","Vajra","War Paint"],"acts_visited":["Exordium","TheCity","TheBeyond"],"potions_floor_usage":[2,8,8,11,16,16,16,18,21,21,24,24,33,33,35,39,40,40,42,48,50],"damage_taken":[{"damage":0,"enemies":"Small Slimes","floor":1,"turns":1},{"damage":2,"enemies":"2 Louse","floor":2,"turns":4},{"damage":0,"enemies":"3 Sentries","floor":8,"turns":5},{"damage":9,"enemies":"Jaw Worm","floor":11,"turns":4},{"damage":8,"enemies":"Gremlin Gang","floor":13,"turns":5},{"damage":0,"enemies":"Large Slime","floor":14,"turns":2},{"damage":41,"enemies":"Hexaghost","floor":16,"turns":7},{"damage":7,"enemies":"Chosen","floor":18,"turns":5},{"damage":13,"enemies":"3 Byrds","floor":19,"turns":3},{"damage":0,"enemies":"Centurion and Healer","floor":21,"turns":3},{"damage":21,"enemies":"Slavers","floor":24,"turns":5},{"damage":12,"enemies":"Snake Plant","floor":28,"turns":5},{"damage":17,"enemies":"Snecko","floor":31,"turns":6},{"damage":23,"enemies":"Champ","floor":33,"turns":11},{"damage":17,"enemies":"3 Darklings","floor":35,"turns":4},{"damage":0,"enemies":"3 Shapes","floor":39,"turns":1},{"damage":0,"enemies":"Nemesis","floor":40,"turns":5},{"damage":2,"enemies":"Spire Growth","floor":42,"turns":4},{"damage":0,"enemies":"4 Shapes","floor":44,"turns":5},{"damage":0,"enemies":"Jaw Worm Horde","floor":45,"turns":2},{"damage":3,"enemies":"Sphere and 2 Shapes","floor":47,"turns":1},{"damage":4,"enemies":"Giant Head","floor":48,"turns":3},{"damage":58,"enemies":"Time Eater","floor":50,"turns":4}],"seed_played":"-2425098010432476902","potions_obtained":[{"floor":1,"key":"ColorlessPotion"},{"floor":8,"key":"Dexterity Potion"},{"floor":14,"key":"SmokeBomb"},{"floor":19,"key":"PowerPotion"},{"floor":21,"key":"Ancient Potion"},{"floor":31,"key":"Ancient Potion"},{"floor":33,"key":"SneckoOil"},{"floor":42,"key":"BottledMiracle"},{"floor":48,"key":"GamblersBrew"}],"is_trial":false,"path_per_floor":["M","M","?","?","?","R","$","E","T","?","M","$","M","M","R","B",null,"M","M","$","M","$","R","E","R","T","R","M","?","?","M","R","B",null,"M","?","$","?","M","E","R","M","T","M","M","?","M","E","R","B"],"character_chosen":"WATCHER","items_purchased":["PreservedInsect","Deflect","Dramatic Entrance","Blood Vial","Regen Potion","ClockworkSouvenir","Orichalcum","Energy Potion"],"campfire_rested":4,"item_purchase_floors":[7,12,20,22,22,37,37,37],"current_hp_per_floor":[70,68,61,67,56,71,70,69,68,73,64,64,56,56,68,27,66,59,46,46,46,46,60,48,48,54,54,44,34,40,25,45,24,66,49,49,63,62,61,60,59,57,63,62,61,60,57,55,55,0,0],"gold":189,"neow_bonus":"","is_daily":true,"chose_seed":false,"campfire_upgraded":4,"win_rate":0.0,"timestamp":1612824865,"path_taken":["M","M","?","?","?","R","$","E","T","?","M","$","?","M","R","BOSS","M","M","$","M","$","R","E","R","T","R","?","?","?","M","R","BOSS","M","?","$","?","M","E","R","M","T","M","M","?","?","E","R","BOSS"],"items_purchased_type":["Relic","Card","Card","Relic","Potion","Relic","Relic","Potion"],"build_version":"2020-12-22","purchased_purges":0,"victory":false,"max_hp_per_floor":[70,69,68,73,72,71,70,69,68,73,72,71,70,69,68,67,66,65,64,63,62,61,60,59,58,63,62,61,65,70,69,68,67,66,65,64,63,62,61,60,59,58,63,62,61,60,59,58,57,57,57],"card_choices":[{"not_picked":["Caltrops","FlyingSleeves"],"picked":"Endless Agony","floor":1},{"not_picked":["Cloak And Dagger","LikeWater","PathToVictory"],"picked":"SKIP","floor":2},{"not_picked":["Cloak And Dagger","LikeWater","PathToVictory"],"picked":"SKIP","floor":2},{"not_picked":["Distraction","ReachHeaven"],"picked":"FollowUp","floor":8},{"not_picked":["Reflex","Halt","Prepared"],"picked":"SKIP","floor":11},{"not_picked":["CutThroughFate","WreathOfFlame","Tactician"],"picked":"SKIP","floor":13},{"not_picked":["Cloak And Dagger","Choke"],"picked":"Slice","floor":14},{"not_picked":["Crippling Poison","Collect"],"picked":"Outmaneuver","floor":18},{"not_picked":["Protect","FollowUp+1"],"picked":"Prepared","floor":19},{"not_picked":["Burst","FlurryOfBlows","Prostrate"],"picked":"SKIP","floor":21},{"not_picked":["Prepared+1","PathToVictory+1"],"picked":"WreathOfFlame","floor":24},{"not_picked":["Evaluate","Dagger Throw","EmptyFist"],"picked":"SKIP","floor":28},{"not_picked":["Acrobatics","CarveReality"],"picked":"Protect+1","floor":31},{"not_picked":["Halt+1","Backflip+1","FlurryOfBlows"],"picked":"SKIP","floor":35},{"not_picked":["Mayhem","Secret Technique"],"picked":"Forethought","floor":36},{"not_picked":["Bane","Leg Sweep","Fasting2"],"picked":"SKIP","floor":40},{"not_picked":["Caltrops","Blade Dance+1"],"picked":"Choke","floor":42},{"not_picked":["Slice","Dagger Throw+1","WaveOfTheHand+1"],"picked":"SKIP","floor":44},{"not_picked":["FlurryOfBlows+1","ThirdEye+1","Eviscerate"],"picked":"SKIP","floor":45},{"not_picked":["LikeWater+1","Protect+1","PiercingWail"],"picked":"SKIP","floor":47},{"not_picked":["LikeWater","Bane+1"],"picked":"Vengeance+1","floor":48}],"player_experience":284622,"relics_obtained":[{"floor":8,"key":"Ancient Tea Set"},{"floor":9,"key":"Pen Nib"},{"floor":24,"key":"Oddly Smooth Stone"},{"floor":26,"key":"Bag of Marbles"},{"floor":40,"key":"Pantograph"},{"floor":43,"key":"Vajra"},{"floor":48,"key":"War Paint"}],"event_choices":[{"damage_healed":0,"gold_gain":0,"player_choice":"Success","damage_taken":7,"relics_obtained":["Darkstone Periapt"],"max_hp_gain":0,"max_hp_loss":0,"event_name":"Scrap Ooze","floor":3,"gold_loss":0},{"damage_healed":0,"gold_gain":0,"player_choice":"Take Wound","damage_taken":0,"relics_obtained":["Golden Idol"],"max_hp_gain":0,"max_hp_loss":0,"event_name":"Golden Idol","floor":4,"gold_loss":0,"cards_obtained":["Injury"]},{"damage_healed":0,"gold_gain":75,"player_choice":"Gather Gold","damage_taken":11,"max_hp_gain":0,"max_hp_loss":0,"event_name":"World of Goop","floor":5,"gold_loss":0},{"damage_healed":0,"gold_gain":0,"player_choice":"Box","damage_taken":0,"relics_obtained":["Calipers"],"max_hp_gain":0,"max_hp_loss":0,"event_name":"Big Fish","floor":10,"gold_loss":0,"cards_obtained":["Regret"]},{"damage_healed":0,"gold_gain":0,"player_choice":"Shed Blood","damage_taken":15,"max_hp_gain":5,"max_hp_loss":0,"event_name":"Forgotten Altar","floor":29,"gold_loss":0},{"damage_healed":0,"gold_gain":0,"player_choice":"Stole Relic","damage_taken":0,"relics_obtained":["MealTicket"],"max_hp_gain":0,"max_hp_loss":0,"event_name":"Addict","floor":30,"gold_loss":0,"cards_obtained":["Shame"]},{"damage_healed":0,"gold_gain":0,"player_choice":"Memory 1","damage_taken":0,"max_hp_gain":0,"max_hp_loss":0,"event_name":"SensoryStone","floor":36,"gold_loss":0},{"cards_removed":["Envenom"],"damage_healed":0,"gold_gain":0,"player_choice":"Removed Power","damage_taken":0,"max_hp_gain":0,"max_hp_loss":0,"event_name":"Falling","floor":38,"gold_loss":0},{"damage_healed":0,"gold_gain":0,"cards_transformed":["Blasphemy"],"player_choice":"Transformed","damage_taken":0,"max_hp_gain":0,"max_hp_loss":0,"event_name":"Transmorgrifier","floor":46,"gold_loss":0,"cards_obtained":["DevaForm"]}],"is_beta":false,"boss_relics":[{"not_picked":["Ectoplasm","Black Star"],"picked":"Cursed Key"},{"not_picked":["Tiny House","Fusion Hammer"],"picked":"Snecko Eye"}],"items_purged_floors":[],"is_endless":false,"potions_floor_spawned":[1,8,14,19,21,31,33,39,42,48],"killed_by":"Time Eater","ascension_level":0}}