{"host":"rm0ctv8qd8mnbkg1","time":1612797559,"event":{"mods":["BaseMod","BetterRewards","Bossed Relics","Colored Map","DNKmod","Dark Map","Defuse TimeMaze Blight","Downfall","Friendly Minions","Hubris","Marisa????????","Minty Spire (QoL Compilation)","MostiFishMod","Permanent Neow","Quarter Circle Forward PUNCH!","RRrroohrrRGHHhhh!!","Rare Cards Sparkle","Relic Sorter","Reliquary","Replay The Spire","RumiaBox-????????","Shade Mod","Shop Mod","Spicy Shops","Spire Arcade","StS++","StSLib","The Poker Player","The Servant 0.9.4","Wandering Minibosses","[IsaacMod]????","??????REMEMod"],"gold_per_floor":[10000,10012,9950,9960,9960,9860,9860,9878,9964,9983,9883,9073,9073,9087,9099,9203,9203,9203,9223,9236,9250,9250,9269,9293,8645,8645,8679,8579,8579,8234,8248,8267,8372,8372,8372,8391,8391,8391,8093,8108,8108,8125,8140,8140,8150,8163,8263,7878,7893,7893,7893,8001,7779,7779,7779,7779,7779],"floor_reached":55,"language":"ENG","playtime":4157,"items_purged":[],"score":1058,"play_id":"de2191f3-4557-4557-96e7-a0ca49c6bf48","local_time":"20210208151919","is_ascension_mode":false,"campfire_choices":[{"floor":1,"key":"RECALL"},{"data":"champ:SetATrap","floor":6,"key":"SMITH"},{"data":"champ:Taunt","floor":11,"key":"SMITH"},{"data":"champ:UltimateStance","floor":18,"key":"SMITH"},{"data":"champ:TripleStrike","floor":26,"key":"SMITH"},{"data":"champ:IronFortress","floor":28,"key":"SMITH"},{"data":"champ:Lariat","floor":35,"key":"SMITH"},{"data":"champ:MurderStrike","floor":44,"key":"SMITH"},{"data":"champ:RecklessLeap","floor":54,"key":"SMITH"}],"circlet_count":0,"master_deck":["champ:Strike","champ:Strike","champ:Strike","champ:Defend","champ:Defend","champ:Defend","champ:Defend","champ:Execute","champ:Taunt+1","SuicideKing","rorgmod:Wraith Form 2","champ:PerfectedStrike+1","champ:Lariat+1","champ:IronFortress","champ:UltimateStance+1","champ:PreciseThrust","champ:Duel","REME_MagicPocketWatch","champ:SetATrap+1","champ:BringItOn","champ:ShieldWall","champ:HoldFirm","champ:Encircle","champ:Circumvent","champ:IronFortress+1","champ:Circumvent","champ:Haymaker","champ:Haymaker","champ:RecklessLeap+1","expansioncontent:DashGenerateEvil","champ:AdrenalArmor","champ:SkillfulDodge","champ:TripleStrike+1","champ:RisingSlash+1","champ:CrownThrow+1","champ:FlashCut","champ:RecklessLeap","champ:StanceDance","champ:BladeFlurry","champ:AdrenalArmor","champ:FocusedBerserking","champ:Lariat","REME_PuzzleBox","champ:ShieldSlam+1","champ:TripleStrike","champ:BerserkersShout","champ:CalledShot","champ:MurderStrike+1","champ:AdrenalArmor","champ:Duel+1","champ:RecklessLeap+1","champ:Encircle+1","champ:RapidStrikes","champ:ShieldWall+1","champ:FanOfKnives","champ:Taunt","champ:FanOfKnives","champ:Endure","champ:SwordThrow","StSpp:MindBarrier","downfall:Malfunctioning","champ:EnragedBash+1","champ:IgnorePain","champ:EndlessRage","champ:CrookedStrike"],"relics":["champ:ChampionCrown","BelialBook","REME_ComplimentaryCards","HushsDoor","DaveBox","Medical Kit","NineVolt","BargainBundle","TheBean","Happy Flower","hubris:PeanutButter","downfall:HeartBlessingRed","reliquary:TuningFork","wanderingMiniBosses:ThiefScarf","downfall:HeartBlessingBlue","PreservedInsect","SSSystem","qcfpunch:Black_Training_Shirt","Ginger","Oddly Smooth Stone","DollysMirror","Replay:Bottled Snecko","downfall:HeartBlessingGreen","champ:GladiatorsBookOfMartialProwess","rorgmod:Ceramic Fish","Astrolabe","Mirror","reliquary:Stiletto","Frozen Eye","Whetstone","Orrery","reliquary:Sideboard","downfall:GremlinSack","SteamSale","GodSword1","Replay:Baseball","Strange Spoon","ReplayTheSpireMod:TigerMarble","Strawberry","BionicSphere","Anchor"],"acts_visited":["Exordium","TheCity","TheBeyond","TheEnding"],"potions_floor_usage":[16,16,52,55,55],"damage_taken":[{"damage":0,"enemies":"Small Slimes","floor":2,"turns":3},{"damage":15,"enemies":"downfall:FleeingMerchant","floor":3,"turns":4},{"damage":0,"enemies":"Jaw Worm","floor":4,"turns":2},{"damage":2,"enemies":"Cultist","floor":8,"turns":2},{"damage":12,"enemies":"Exordium Wildlife","floor":10,"turns":14},{"damage":0,"enemies":"downfall:FleeingMerchant","floor":12,"turns":4},{"damage":12,"enemies":"Gremlin Gang","floor":14,"turns":3},{"damage":0,"enemies":"Large Slime","floor":15,"turns":5},{"damage":27,"enemies":"DF_ARCHETYPE_STREAMLINE","floor":16,"turns":2},{"damage":22,"enemies":"Chosen","floor":19,"turns":3},{"damage":7,"enemies":"Shell Parasite","floor":20,"turns":2},{"damage":0,"enemies":"Snake Plant","floor":21,"turns":5},{"damage":2,"enemies":"3 Cultists","floor":23,"turns":4},{"damage":2,"enemies":"downfall:FleeingMerchant","floor":25,"turns":4},{"damage":7,"enemies":"Replay:Snechameleon","floor":27,"turns":3},{"damage":0,"enemies":"downfall:FleeingMerchant","floor":30,"turns":4},{"damage":15,"enemies":"Chosen and Byrds","floor":31,"turns":2},{"damage":0,"enemies":"Snake Plant","floor":32,"turns":2},{"damage":23,"enemies":"WA_ARCHETYPE_CALM","floor":33,"turns":7},{"damage":47,"enemies":"Orb Walker","floor":36,"turns":3},{"damage":22,"enemies":"downfall:FleeingMerchant","floor":39,"turns":2},{"damage":14,"enemies":"3 Darklings","floor":40,"turns":3},{"damage":53,"enemies":"Jaw Worm Horde","floor":42,"turns":3},{"damage":67,"enemies":"Sphere and 2 Shapes","floor":43,"turns":2},{"damage":112,"enemies":"Transient","floor":45,"turns":5},{"damage":82,"enemies":"Maw","floor":46,"turns":4},{"damage":27,"enemies":"Maw","floor":47,"turns":2},{"damage":3,"enemies":"4 Shapes","floor":49,"turns":2},{"damage":42,"enemies":"SI_POISON_ARCHETYPE","floor":50,"turns":5},{"damage":59,"enemies":"downfall:CharBossMerchant","floor":52,"turns":7},{"damage":1222,"enemies":"Delirium","floor":55,"turns":33}],"seed_played":"-2443056580389632940","potions_obtained":[{"floor":10,"key":"Adrenaline Potion"},{"floor":14,"key":"BlessingOfTheForge"},{"floor":16,"key":"FearPotion"},{"floor":20,"key":"Explosive Potion"},{"floor":45,"key":"champ:OpenerPotion"}],"is_trial":false,"path_per_floor":["R","M","$","M","?","R","T","M","?","M","R","$","?","M","M","B",null,"R","M","M","M","?","M","T","$","R","E","R","?","$","M","M","B",null,"R","M","?","T","$","M","T","M","M","R","M","M","?","$","M","B",null,"E","$","R","B"],"character_chosen":"THE_CHAMP","items_purchased":["BargainBundle","TheBean","Happy Flower","hubris:PeanutButter","champ:IronFortress","champ:UltimateStance","champ:PreciseThrust","champ:Duel","REME_MagicPocketWatch","PreservedInsect","champ:IronFortress","champ:Circumvent","SSSystem","champ:Haymaker","champ:RecklessLeap","expansioncontent:DashGenerateEvil","Ginger","Oddly Smooth Stone","champ:BladeFlurry","DollysMirror","rorgmod:Ceramic Fish","REME_PuzzleBox","BelialBook","reliquary:Stiletto","Frozen Eye","champ:CalledShot","Whetstone","Orrery","SteamSale","champ:EndlessRage","GodSword1","Strange Spoon","ReplayTheSpireMod:TigerMarble","Strawberry"],"campfire_rested":0,"item_purchase_floors":[3,3,3,3,3,3,3,3,3,12,12,12,12,12,12,12,25,25,25,25,30,30,34,39,39,39,39,39,48,48,48,53,53,53],"current_hp_per_floor":[1100,1100,1095,1095,1095,1095,1095,1100,825,833,843,843,843,851,851,859,1110,1110,1110,1110,1110,1110,1110,1110,1110,1110,1110,1110,1110,1110,1110,1110,1110,1100,1100,1100,1100,1100,1100,1100,1100,1100,1100,1100,1100,1100,1100,1100,1097,1100,1100,1056,1063,1063,0,0,0],"gold":7779,"neow_bonus":"TEN_PERCENT_HP_BONUS","is_daily":false,"chose_seed":false,"campfire_upgraded":8,"win_rate":0.0,"timestamp":1612797559,"path_taken":["R","M","$","M","?","R","T","M","?","?","R","$","?","M","M","BOSS","R","M","M","M","?","M","T","$","R","E","R","?","$","M","M","BOSS","R","M","?","?","$","M","T","M","M","R","M","M","?","$","M","BOSS","E","$","R","BOSS"],"items_purchased_type":["Relic","Relic","Relic","Relic","Card","Card","Card","Card","Card","Relic","Card","Card","Relic","Card","Card","Card","Relic","Relic","Card","Relic","Relic","Card","Relic","Relic","Relic","Card","Relic","Relic","Relic","Card","Relic","Relic","Relic","Relic"],"build_version":"2020-12-22","purchased_purges":0,"victory":false,"max_hp_per_floor":[1100,1100,1100,1100,1100,1100,1100,1100,1100,1100,1110,1110,1110,1110,1110,1110,1110,1110,1110,1110,1110,1110,1110,1110,1110,1110,1110,1110,1110,1110,1110,1110,1110,1100,1100,1100,1100,1100,1100,1100,1100,1100,1100,1100,1100,1100,1100,1100,1100,1100,1100,1100,1107,1107,1107,1107,1107],"card_choices":[{"not_picked":[],"picked":"SuicideKing","floor":0},{"not_picked":["champ:GutPunch","champ:Duel"],"picked":"champ:PerfectedStrike","floor":2},{"not_picked":["champ:FanOfKnives","champ:Backstep"],"picked":"champ:Lariat","floor":3},{"not_picked":["champ:FlashCut","champ:DefensiveShout"],"picked":"champ:SetATrap","floor":4},{"not_picked":["champ:DefensiveShout","champ:FalseCounter"],"picked":"champ:BringItOn","floor":8},{"not_picked":["champ:BerserkersShout","champ:FlashCut"],"picked":"champ:ShieldWall","floor":9},{"not_picked":["champ:ArenaPreparation","champ:EnGarde"],"picked":"champ:HoldFirm","floor":9},{"not_picked":["champ:BerserkersShout","champ:FlashCut"],"picked":"champ:Encircle","floor":10},{"not_picked":["champ:PerfectedStrike","champ:IgnorePain"],"picked":"champ:Circumvent","floor":12},{"not_picked":["champ:BringItOn","champ:EnGarde"],"picked":"champ:AdrenalArmor","floor":14},{"not_picked":["champ:BringItOn","champ:PreciseThrust"],"picked":"champ:SkillfulDodge","floor":15},{"not_picked":["champ:DancingMaster","champ:VampiricStrike"],"picked":"champ:TripleStrike","floor":16},{"not_picked":["champ:Shatter","champ:Encircle"],"picked":"champ:RisingSlash","floor":19},{"not_picked":["champ:EnGarde","champ:DefensiveShout"],"picked":"champ:CrownThrow+1","floor":20},{"not_picked":["champ:Shatter","champ:LastStand"],"picked":"champ:FlashCut","floor":21},{"not_picked":["champ:PreciseThrust+1","champ:Parry+1"],"picked":"champ:RecklessLeap","floor":23},{"not_picked":["champ:Parry","champ:Haymaker+1"],"picked":"champ:StanceDance","floor":25},{"not_picked":["champ:AdrenalArmor","champ:SkillfulDodge+1"],"picked":"champ:FocusedBerserking","floor":27},{"not_picked":["champ:Shatter+1","champ:RisingSlash+1"],"picked":"champ:Lariat","floor":30},{"not_picked":["champ:CrownThrow","champ:DefensiveShout+1","champ:SetATrap"],"picked":"SKIP","floor":31},{"not_picked":["champ:FancyFootwork+1","champ:BringItOn"],"picked":"champ:ShieldSlam+1","floor":32},{"not_picked":["champ:Improvising","champ:DancingMaster"],"picked":"champ:TripleStrike","floor":33},{"not_picked":["champ:BladeFlurry","champ:Shatter","champ:Duel+1"],"picked":"SKIP","floor":36},{"not_picked":["champ:Circumvent+1","champ:Backstep"],"picked":"champ:BerserkersShout","floor":39},{"not_picked":["champ:BerserkersShout+1","champ:Parry+1"],"picked":"champ:MurderStrike","floor":39},{"not_picked":["champ:FlashCut","champ:DefensiveShout+1"],"picked":"champ:AdrenalArmor","floor":39},{"not_picked":["champ:BringItOn","champ:TornadoPunch"],"picked":"champ:Duel+1","floor":39},{"not_picked":["champ:EnragedBash+1","champ:Shatter+1"],"picked":"champ:RecklessLeap+1","floor":39},{"not_picked":["champ:RisingSlash","champ:SetATrap+1"],"picked":"champ:Encircle+1","floor":39},{"not_picked":["champ:StanceDance","champ:TornadoPunch+1","champ:PreciseThrust+1"],"picked":"SKIP","floor":40},{"not_picked":["champ:AdrenalArmor","champ:Backstep+1"],"picked":"champ:RapidStrikes","floor":42},{"not_picked":["champ:Parry","champ:Backstep"],"picked":"champ:ShieldWall+1","floor":43},{"not_picked":["champ:Duel+1","champ:Encircle"],"picked":"champ:FanOfKnives","floor":45},{"not_picked":["champ:Backstep","champ:CalledShot+1"],"picked":"champ:IgnorePain","floor":46},{"not_picked":["champ:FlashCut","champ:CrownThrow"],"picked":"champ:EnragedBash+1","floor":47},{"not_picked":["champ:PerfectedStrike+1","champ:BladeFlurry+1","champ:FalseCounter+1"],"picked":"SKIP","floor":49},{"not_picked":["champ:Circumvent+1","champ:Parry"],"picked":"champ:CrookedStrike","floor":52}],"player_experience":293263,"relics_obtained":[{"floor":9,"key":"reliquary:TuningFork"},{"floor":10,"key":"wanderingMiniBosses:ThiefScarf"},{"floor":24,"key":"qcfpunch:Black_Training_Shirt"},{"floor":27,"key":"Replay:Bottled Snecko"},{"floor":38,"key":"Mirror"},{"floor":41,"key":"reliquary:Sideboard"},{"floor":47,"key":"downfall:GremlinSack"},{"floor":52,"key":"Replay:Baseball"}],"event_choices":[],"is_beta":false,"boss_relics":[{"not_picked":["StSpp:CrystalBall","OneHitWonderSystem","reliquary:KinkedSpring"]},{"not_picked":["EE1DDrone","Runic Pyramid"],"picked":"Astrolabe"},{"not_picked":[]}],"items_purged_floors":[],"is_endless":false,"potions_floor_spawned":[10,14,16,20,23,31,32,42,43,45,46,49],"killed_by":"Delirium","ascension_level":0}}