{"host":"9bcvatsnbq1a3xq4","time":1612818188,"event":{"mods":["BaseMod","Bestiary","Block Reminder","Highlight Path","Minty Spire (QoL Compilation)","Relic Stats"],"gold_per_floor":[212,212,2,18,18,47,47,80,80,110,110,128,128,142,142,142,142],"floor_reached":16,"language":"ENG","playtime":964,"items_purged":[],"score":236,"play_id":"a36cd73b-f9c0-4025-a2db-7acf48a35b86","local_time":"20210208220308","is_ascension_mode":true,"campfire_choices":[{"floor":7,"key":"REST"},{"data":"Fission","floor":11,"key":"SMITH"},{"data":"Doom and Gloom","floor":15,"key":"SMITH"}],"circlet_count":0,"master_deck":["AscendersBane","Strike_B","Strike_B","Defend_B","Defend_B","Defend_B","Defend_B","Zap","Dualcast+1","Ball Lightning+1","Glacier","Ball Lightning","Rip and Tear","Multi-Cast","Cold Snap","Fission+1","Genetic Algorithm","Doom and Gloom+1","Double Energy"],"relics":["Cracked Core","Sundial","Blood Vial","StrikeDummy","StoneCalendar"],"acts_visited":["Exordium"],"potions_floor_usage":[8,10,16],"damage_taken":[{"damage":3,"enemies":"2 Louse","floor":1,"turns":3},{"damage":1,"enemies":"Jaw Worm","floor":4,"turns":3},{"damage":9,"enemies":"Lagavulin","floor":6,"turns":6},{"damage":9,"enemies":"Gremlin Nob","floor":8,"turns":3},{"damage":14,"enemies":"3 Sentries","floor":10,"turns":6},{"damage":0,"enemies":"Small Slimes","floor":12,"turns":1},{"damage":5,"enemies":"Gremlin Gang","floor":14,"turns":4},{"damage":33,"enemies":"Slime Boss","floor":16,"turns":6}],"seed_played":"7992881492818844707","potions_obtained":[{"floor":14,"key":"Fire Potion"}],"is_trial":false,"path_per_floor":["M","?","$","M","?","E","R","E","T","E","R","M","?","M","R","B"],"character_chosen":"DEFECT","items_purchased":["Glacier","Ball Lightning","AttackPotion","Dexterity Potion"],"campfire_rested":1,"item_purchase_floors":[3,3,3,3],"current_hp_per_floor":[61,40,40,39,39,30,51,42,42,30,30,32,32,29,29,0,0],"gold":142,"neow_bonus":"HUNDRED_GOLD","is_daily":false,"chose_seed":false,"campfire_upgraded":2,"win_rate":0.0,"timestamp":1612818188,"path_taken":["M","?","$","M","?","E","R","E","T","E","R","M","?","M","R","BOSS"],"items_purchased_type":["Card","Card","Potion","Potion"],"build_version":"2020-12-22","purchased_purges":0,"victory":false,"max_hp_per_floor":[71,71,71,71,71,71,71,71,71,71,71,71,71,71,71,71,71],"relic_stats":{"Blood Vial":8,"counters":[8,32],"Sundial":[2],"StoneCalendar":[0],"obtain_stats":[{"Blood Vial":8,"Sundial":6,"StoneCalendar":10,"Cracked Core":0,"StrikeDummy":9},{"Blood Vial":4,"Sundial":3,"StoneCalendar":5,"Cracked Core":0,"StrikeDummy":4},{"Blood Vial":15,"Sundial":12,"StoneCalendar":21,"Cracked Core":0,"StrikeDummy":15}]},"card_choices":[{"not_picked":["Barrage","Gash"],"picked":"Ball Lightning","floor":1},{"not_picked":["Compile Driver","Leap"],"picked":"Rip and Tear","floor":4},{"not_picked":["Ball Lightning","Stack"],"picked":"Cold Snap","floor":6},{"not_picked":["Conserve Battery","Amplify"],"picked":"Fission","floor":8},{"not_picked":["Fusion","Creative AI"],"picked":"Genetic Algorithm","floor":10},{"not_picked":["Coolheaded","Go for the Eyes"],"picked":"Doom and Gloom","floor":12},{"not_picked":["Rebound","Barrage"],"picked":"Double Energy","floor":14}],"player_experience":818642,"relics_obtained":[{"floor":6,"key":"Sundial"},{"floor":8,"key":"Blood Vial"},{"floor":9,"key":"StrikeDummy"},{"floor":10,"key":"StoneCalendar"}],"event_choices":[{"damage_healed":0,"gold_gain":0,"player_choice":"Entered Light","damage_taken":21,"max_hp_gain":0,"max_hp_loss":0,"event_name":"Shining Light","floor":2,"gold_loss":0,"cards_upgraded":["Ball Lightning","Dualcast"]},{"damage_healed":0,"gold_gain":0,"cards_transformed":["Strike_B"],"player_choice":"Change","damage_taken":0,"max_hp_gain":0,"max_hp_loss":0,"event_name":"Living Wall","floor":5,"gold_loss":0,"cards_obtained":["Multi-Cast"]},{"cards_removed":["Strike_B"],"damage_healed":0,"gold_gain":0,"player_choice":"Purged","damage_taken":0,"max_hp_gain":0,"max_hp_loss":0,"event_name":"Purifier","floor":13,"gold_loss":0}],"is_beta":false,"boss_relics":[],"items_purged_floors":[],"is_endless":false,"potions_floor_spawned":[6,14],"killed_by":"Slime Boss","ascension_level":20}}