{"host":"2qyxu97h6u4ukicb","time":1612827997,"event":{"mods":["AchievementEnabler","BaseMod","BetterRewards","Colored Map","Colored Powertips","Minty Spire (QoL Compilation)","Replay The Spire","Shop Mod","StSLib"],"gold_per_floor":[118,293,293,309,309,309,309,337,337,383,383,414,414,428,442,466,466,466,466],"floor_reached":18,"language":"ENG","playtime":734,"items_purged":[],"score":143,"play_id":"3354bf46-ef9e-4af9-a109-6bbb9e4fe469","local_time":"20210208174637","is_ascension_mode":false,"campfire_choices":[{"data":"Poisoned Stab","floor":9,"key":"SMITH"},{"floor":13,"key":"REST"},{"data":"Cloak And Dagger","floor":17,"key":"SMITH"}],"circlet_count":0,"master_deck":["Strike_G","Strike_G","Strike_G","Strike_G","Strike_G","Defend_G","Defend_G","Defend_G","Defend_G+1","Defend_G","Survivor","Neutralize","Doubt","Poisoned Stab+1","Cloak And Dagger+1"],"relics":["Ring of the Snake","NeowsBlessing","Blood Vial","Pear","Ancient Tea Set","Vajra"],"acts_visited":["Exordium"],"potions_floor_usage":[15],"damage_taken":[{"damage":0,"enemies":"Jaw Worm","floor":1,"turns":1},{"damage":0,"enemies":"Small Slimes","floor":4,"turns":1},{"damage":0,"enemies":"3 Sentries","floor":8,"turns":1},{"damage":53,"enemies":"Lagavulin","floor":12,"turns":11},{"damage":0,"enemies":"2 Louse","floor":14,"turns":2},{"damage":0,"enemies":"Looter","floor":15,"turns":3},{"damage":58,"enemies":"The Guardian","floor":18,"turns":11}],"seed_played":"-4061492491021368629","potions_obtained":[{"floor":14,"key":"Adrenaline Potion"}],"is_trial":false,"path_per_floor":["M","?","?","M","PTL","PTL","?","E","R","T","T","E","R","M","M","T","R","B"],"character_chosen":"THE_SILENT","items_purchased":[],"campfire_rested":1,"item_purchase_floors":[],"current_hp_per_floor":[70,70,70,70,70,70,70,70,70,70,80,27,51,53,55,55,55,0,0],"gold":466,"neow_bonus":"THREE_ENEMY_KILL","is_daily":false,"chose_seed":false,"campfire_upgraded":2,"win_rate":0.0,"timestamp":1612827997,"path_taken":["M","?","?","M","PTL","PTL","?","E","R","?","T","E","R","M","M","?","R","BOSS"],"items_purchased_type":[],"build_version":"2020-12-22","purchased_purges":0,"victory":false,"max_hp_per_floor":[70,70,70,70,70,70,70,70,70,70,80,80,80,80,80,80,80,80,80],"card_choices":[{"not_picked":["Deflect","Hidden Blade","Calculated Gamble"],"picked":"SKIP","floor":1},{"not_picked":["ReplayTheSpireMod:Scrap Shanks","Deflect","PiercingWail"],"picked":"SKIP","floor":4},{"not_picked":["PiercingWail","Acrobatics"],"picked":"Poisoned Stab","floor":8},{"not_picked":["Outmaneuver","Concentrate"],"picked":"Cloak And Dagger","floor":12},{"not_picked":["Doppelganger","ReplayTheSpireMod:The Works","Outmaneuver"],"picked":"SKIP","floor":14},{"not_picked":["Setup","Hidden Blade","Calculated Gamble"],"picked":"SKIP","floor":15}],"player_experience":798427,"relics_obtained":[{"floor":8,"key":"Blood Vial"},{"floor":11,"key":"Pear"},{"floor":12,"key":"Ancient Tea Set"},{"floor":16,"key":"Vajra"}],"event_choices":[{"damage_healed":0,"gold_gain":175,"player_choice":"AGREE","damage_taken":0,"max_hp_gain":0,"max_hp_loss":0,"event_name":"Liars Game","floor":2,"gold_loss":0,"cards_obtained":["Doubt"]},{"damage_healed":0,"gold_gain":0,"player_choice":"Ignored","damage_taken":0,"max_hp_gain":0,"max_hp_loss":0,"event_name":"Golden Wing","floor":3,"gold_loss":0}],"is_beta":false,"boss_relics":[],"items_purged_floors":[],"is_endless":false,"potions_floor_spawned":[14],"killed_by":"The Guardian","ascension_level":0}}