{"host":"zjpztl3gv3azspk5","time":1612813359,"event":{"mods":["Act Like it!","BaseMod","Better Note","Better Skull","BetterRewards","Card Forge","Colored Powertips","Conspire","Downfall","Hermit","Highlight Path","Infinite Spire","Minty Spire (QoL Compilation)","Quick Restart","Rare Cards Sparkle","Replay The Spire","StSLib","The Exalted","everything is the same but u backflip on backflip"],"gold_per_floor":[115,125,145,165,165,16,61,61,74,174,190,209,209,223,223,319,319,319,319,319],"floor_reached":18,"language":"ENG","playtime":764,"items_purged":[],"score":156,"play_id":"f653ff12-78c2-4b78-8d3a-32f3d6872c91","local_time":"20210208114239","is_ascension_mode":false,"campfire_choices":[{"floor":15,"key":"REST"}],"circlet_count":0,"master_deck":["bronze:Strike","bronze:Strike","bronze:Strike","bronze:Strike","bronze:Defend","bronze:Defend","bronze:Defend","bronze:Defend","bronze:Replicate","bronze:Iterate","bronze:Separator","bronze:ChosenStrike","bronze:DelayedSlice","bronze:ClassDefault","bronze:Iterate+1","ReplayTheSpireMod:Private Reserves","bronze:AlphaBuild","bronze:ItsAFeature","bronze:OilSpill","bronze:OilSpill","bronze:Assembly"],"relics":["bronze:BronzeCore","Hammer of Thor","Seething Fire","Anvil of the Gods","Pantograph","Oddly Smooth Stone","Replay:Bronze Core"],"acts_visited":["Exordium","TheCity"],"potions_floor_usage":[16],"damage_taken":[{"damage":4.0,"enemies":"Cultist","floor":1.0,"turns":4.0},{"damage":0.0,"enemies":"2 Louse","floor":2.0,"turns":3.0},{"damage":0,"enemies":"Jaw Worm","floor":3,"turns":1},{"damage":11,"enemies":"3 Louse","floor":4,"turns":3},{"damage":5,"enemies":"downfall:FleeingMerchant","floor":6,"turns":4},{"damage":1,"enemies":"Red Slaver","floor":9,"turns":2},{"damage":0,"enemies":"Exordium Wildlife","floor":11,"turns":2},{"damage":18,"enemies":"Gremlin Gang","floor":12,"turns":3},{"damage":13,"enemies":"Blue Slaver","floor":14,"turns":3},{"damage":18,"enemies":"SI_SHIV_ARCHETYPE","floor":16,"turns":6},{"damage":14,"enemies":"Shell Parasite","floor":18,"turns":4}],"seed_played":"2967428875695549895","potions_obtained":[{"floor":1.0,"key":"BlessingOfTheForge"},{"floor":3,"key":"Dexterity Potion"},{"floor":14,"key":"Toxic Potion"}],"is_trial":false,"path_per_floor":["M","M","M","M","T","$","T","?","M","?","M","M","?","M","R","B",null,"M"],"character_chosen":"THE_AUTOMATON","items_purchased":["bronze:Iterate+1","ReplayTheSpireMod:Private Reserves"],"campfire_rested":1,"item_purchase_floors":[6,6],"current_hp_per_floor":[73,73,73,62,62,57,57,57,56,56,56,38,38,25,48,55,77,63,63,63],"gold":319,"neow_bonus":"TEN_PERCENT_HP_BONUS","is_daily":false,"chose_seed":false,"campfire_upgraded":0,"win_rate":0.0,"timestamp":1612813359,"path_taken":["M","M","M","?","?","$","T","?","M","?","?","M","?","?","R","BOSS","M"],"items_purchased_type":["Card","Card"],"build_version":"2020-12-13","purchased_purges":0,"victory":false,"max_hp_per_floor":[77,77,77,77,77,77,77,77,77,77,77,77,77,77,77,77,77,77,77,77],"card_choices":[{"not_picked":["bronze:Branch","bronze:Terminator"],"picked":"bronze:Iterate","floor":1.0},{"not_picked":["bronze:InfiniteBeams","bronze:Repulsor"],"picked":"bronze:Separator","floor":2.0},{"not_picked":["bronze:Separator","bronze:Invalidate"],"picked":"bronze:ChosenStrike","floor":3},{"not_picked":["bronze:Invalidate","bronze:Separator"],"picked":"bronze:DelayedSlice","floor":4},{"not_picked":["bronze:Iterate","bronze:MaxOutput"],"picked":"bronze:ClassDefault","floor":6},{"not_picked":["bronze:Frontload","bronze:FineTuning"],"picked":"bronze:ItsAFeature","floor":9},{"not_picked":["bronze:Repulsor","bronze:Branch"],"picked":"bronze:OilSpill","floor":11},{"not_picked":["bronze:DelayedGuard","bronze:Turbo"],"picked":"bronze:OilSpill","floor":12},{"not_picked":["bronze:Turbo","bronze:BugBarrage","bronze:DelayedGuard"],"picked":"SKIP","floor":14},{"not_picked":["bronze:SpaghettiCode","bronze:ThunderWave"],"picked":"bronze:Assembly","floor":16}],"player_experience":209344,"relics_obtained":[{"floor":5,"key":"Pantograph"},{"floor":7,"key":"Oddly Smooth Stone"}],"event_choices":[],"is_beta":false,"boss_relics":[{"not_picked":["Runic Dome","conspire:SlowCooker"],"picked":"Replay:Bronze Core"}],"items_purged_floors":[],"is_endless":false,"potions_floor_spawned":[1,3,14],"killed_by":"Shell Parasite","ascension_level":0}}