{"host":"fzjk61lpi4bwj033","time":1612758608,"event":{"mods":["BaseMod","Downfall","Hermit","Jorbs\u0027s Wanderer Trilogy","Minty Spire (QoL Compilation)","Rare Cards Sparkle","Relic Stats","StSLib"],"gold_per_floor":[99,109,119,119,119,119,119,35,52,87,87,121,136,147,161,258,258,158,158,158,158],"floor_reached":19,"language":"ENG","playtime":1124,"items_purged":[],"score":202,"play_id":"91d2e066-ebc0-491c-b943-bc2875b437ae","local_time":"20210207223008","is_ascension_mode":false,"campfire_choices":[{"data":"bronze:Replicate","floor":1,"key":"SMITH"},{"data":"bronze:Branch","floor":6,"key":"SMITH"},{"floor":18,"key":"RECALL"}],"circlet_count":0,"master_deck":["bronze:Strike","bronze:Strike","bronze:Strike","bronze:Defend","bronze:Defend","bronze:Defend","bronze:Defend","bronze:Replicate+1","bronze:Goto","bronze:Overheat","bronze:CutThrough","bronze:Branch+1","bronze:Frontload","bronze:Philosophize","bronze:Turbo","bronze:ChosenStrike","bronze:Break","bronze:Shell","bronze:WhirlingStrike","bronze:DarkDash","bronze:Assembly"],"relics":["bronze:BronzeCore","White Beast Statue","Ancient Tea Set","HornCleat","Fusion Hammer","downfall:HeartBlessingGreen"],"acts_visited":["Exordium","TheCity"],"potions_floor_usage":[9,14,16,16,16],"damage_taken":[{"damage":0,"enemies":"2 Louse","floor":2,"turns":3},{"damage":6,"enemies":"Small Slimes","floor":3,"turns":3},{"damage":0,"enemies":"Cultist","floor":5,"turns":1},{"damage":0,"enemies":"downfall:FleeingMerchant","floor":8,"turns":4},{"damage":5,"enemies":"3 Louse","floor":9,"turns":2},{"damage":4,"enemies":"3 Sentries","floor":10,"turns":7},{"damage":16,"enemies":"Lagavulin","floor":12,"turns":5},{"damage":16,"enemies":"Gremlin Gang","floor":13,"turns":5},{"damage":5,"enemies":"Lots of Slimes","floor":14,"turns":3},{"damage":0,"enemies":"2 Fungi Beasts","floor":15,"turns":3},{"damage":31,"enemies":"DF_ARCHETYPE_STREAMLINE","floor":16,"turns":9},{"damage":0,"enemies":"Shell Parasite","floor":19,"turns":1}],"seed_played":"1588722940912096843","potions_obtained":[{"floor":3,"key":"SteroidPotion"},{"floor":8,"key":"bronze:BuildAFunctionPotion"},{"floor":9,"key":"Fruit Juice"},{"floor":10,"key":"PowerPotion"},{"floor":14,"key":"Fruit Juice"},{"floor":15,"key":"AttackPotion"},{"floor":16,"key":"Slimebound:ThreeZeroPotion"}],"is_trial":false,"path_per_floor":["R","M","M","?","M","R","T","$","M","E","?","E","M","M","M","B",null,"R","M"],"character_chosen":"THE_AUTOMATON","items_purchased":["bronze:Philosophize"],"campfire_rested":0,"item_purchase_floors":[8],"current_hp_per_floor":[77,77,71,71,71,71,71,71,71,67,67,51,35,35,35,4,87,87,87,87,87],"gold":158,"neow_bonus":"TEN_PERCENT_HP_BONUS","is_daily":false,"chose_seed":false,"campfire_upgraded":2,"win_rate":0.0,"timestamp":1612758608,"path_taken":["R","M","M","?","M","R","T","$","M","E","?","E","M","?","M","BOSS","R","M"],"items_purchased_type":["Card"],"build_version":"2020-12-22","purchased_purges":0,"victory":false,"max_hp_per_floor":[77,77,77,77,77,77,77,77,82,82,82,82,82,87,87,87,87,87,87,87,87],"relic_stats":{"counters":[12,46],"obtain_stats":[{"bronze:BronzeCore":0,"downfall:BrokenWingStatue":4,"HornCleat":12,"downfall:HeartBlessingGreen":18,"Fusion Hammer":17,"Ancient Tea Set":10,"White Beast Statue":7},{"bronze:BronzeCore":0,"downfall:BrokenWingStatue":2,"HornCleat":7,"downfall:HeartBlessingGreen":11,"Fusion Hammer":11,"Ancient Tea Set":6,"White Beast Statue":3},{"bronze:BronzeCore":0,"downfall:BrokenWingStatue":6,"HornCleat":25,"downfall:HeartBlessingGreen":45,"Fusion Hammer":45,"Ancient Tea Set":20,"White Beast Statue":7}]},"card_choices":[{"not_picked":["bronze:Repair","bronze:Safeguard"],"picked":"bronze:Overheat","floor":2},{"not_picked":["bronze:Turbo","bronze:Separator"],"picked":"bronze:CutThrough","floor":3},{"not_picked":["bronze:InfiniteBeams","bronze:ForLoop"],"picked":"bronze:Branch","floor":5},{"not_picked":["bronze:Deprecate","bronze:CutThrough"],"picked":"bronze:Frontload","floor":8},{"not_picked":["bronze:WildBeam","bronze:Repulsor"],"picked":"bronze:Turbo","floor":9},{"not_picked":["bronze:Allocate","bronze:Overheat"],"picked":"bronze:ChosenStrike","floor":10},{"not_picked":["bronze:Virus","bronze:FollowUp","bronze:WildBeam"],"picked":"SKIP","floor":12},{"not_picked":["bronze:Shield","bronze:BitShift"],"picked":"bronze:Shell","floor":13},{"not_picked":["bronze:Separator","bronze:ChosenStrike"],"picked":"bronze:WhirlingStrike","floor":14},{"not_picked":["bronze:FollowUp","bronze:Return"],"picked":"bronze:DarkDash","floor":15},{"not_picked":["bronze:AlphaBuild","bronze:BurnOut"],"picked":"bronze:Assembly","floor":16}],"player_experience":842685,"relics_obtained":[{"floor":7,"key":"White Beast Statue"},{"floor":10,"key":"Ancient Tea Set"},{"floor":12,"key":"HornCleat"}],"event_choices":[],"is_beta":false,"boss_relics":[{"not_picked":["Philosopher\u0027s Stone","Runic Pyramid"],"picked":"Fusion Hammer"}],"items_purged_floors":[],"is_endless":false,"potions_floor_spawned":[3,8,9,10,12,13,14,15,16],"killed_by":"Shell Parasite","ascension_level":0}}