{"host":"bxn2em57qlx5u4i0","time":1612820016,"event":{"mods":["BaseMod","Colored Map","Colored Powertips","Highlight Path","Minty Spire (QoL Compilation)","Random Character Button","Relic Sorter","Relic Stats","StSLib","SuperFastMode"],"gold_per_floor":[113,125,8,19,19,45,45,70,97,97,108,127,137,172,172,249,249,265,190,22,22,22,22,54,54,54,82,82,98,109,109,109,109,109],"floor_reached":33,"language":"ENG","playtime":866,"items_purged":["Strike_G"],"score":606,"play_id":"23556c20-4f99-47a6-8826-fae5251deaae","local_time":"20210208163336","is_ascension_mode":true,"campfire_choices":[{"data":"Noxious Fumes","floor":7.0,"key":"SMITH"},{"data":"Leg Sweep","floor":10.0,"key":"SMITH"},{"data":"Bouncing Flask","floor":15.0,"key":"SMITH"},{"data":"Dagger Spray","floor":23.0,"key":"SMITH"},{"data":"Malaise","floor":28.0,"key":"SMITH"},{"data":"Survivor","floor":32.0,"key":"SMITH"}],"circlet_count":0,"master_deck":["AscendersBane","Strike_G","Strike_G","Defend_G","Defend_G","Defend_G","Defend_G","Survivor+1","Neutralize","Dagger Spray+1","Dash","Noxious Fumes+1","Deadly Poison","Venomology","Leg Sweep+1","Bouncing Flask+1","Malaise+1","Blur"],"relics":["Ring of the Snake","Bag of Preparation","MealTicket","Centennial Puzzle","Ancient Tea Set","Runic Pyramid","Bronze Scales","Ornamental Fan","Art of War"],"acts_visited":["Exordium","TheCity"],"potions_floor_usage":[],"damage_taken":[{"damage":1.0,"enemies":"Small Slimes","floor":1.0,"turns":6.0},{"damage":0.0,"enemies":"2 Louse","floor":2.0,"turns":3.0},{"damage":7.0,"enemies":"Jaw Worm","floor":4.0,"turns":4.0},{"damage":15.0,"enemies":"Lagavulin","floor":6.0,"turns":6.0},{"damage":13.0,"enemies":"3 Sentries","floor":8.0,"turns":8.0},{"damage":0.0,"enemies":"Looter","floor":11.0,"turns":4.0},{"damage":0.0,"enemies":"Red Slaver","floor":12.0,"turns":3.0},{"damage":0.0,"enemies":"3 Louse","floor":13.0,"turns":3.0},{"damage":11.0,"enemies":"Gremlin Nob","floor":14.0,"turns":3.0},{"damage":2.0,"enemies":"The Guardian","floor":16.0,"turns":8.0},{"damage":49.0,"enemies":"2 Thieves","floor":18.0,"turns":5.0},{"damage":12.0,"enemies":"Book of Stabbing","floor":24.0,"turns":6.0},{"damage":16.0,"enemies":"Slavers","floor":27.0,"turns":5.0},{"damage":0.0,"enemies":"Spheric Guardian","floor":29.0,"turns":3.0},{"damage":0.0,"enemies":"Snake Plant","floor":30.0,"turns":5.0},{"damage":22,"enemies":"Automaton","floor":33,"turns":6}],"seed_played":"5286835806956388962","potions_obtained":[{"floor":2.0,"key":"EssenceOfSteel"},{"floor":4.0,"key":"Explosive Potion"},{"floor":12.0,"key":"BlessingOfTheForge"},{"floor":14.0,"key":"Ancient Potion"},{"floor":27.0,"key":"SpeedPotion"}],"is_trial":false,"path_per_floor":["M","M","$","M","?","E","R","E","T","R","M","M","M","E","R","B",null,"M","?","$","?","$","R","E","$","T","E","R","M","M","?","R","B"],"character_chosen":"THE_SILENT","items_purchased":["Noxious Fumes","Bronze Scales"],"campfire_rested":0,"item_purchase_floors":[3,20],"current_hp_per_floor":[58,58,58,51,44,29,29,16,16,16,16,16,16,5,5,3,50,1,1,16,16,31,31,19,34,34,18,18,18,18,18,18,0,0],"gold":109,"neow_bonus":"REMOVE_CARD","is_daily":false,"chose_seed":false,"campfire_upgraded":6,"win_rate":0.0,"timestamp":1612820016,"path_taken":["M","M","$","M","?","E","R","E","T","R","M","M","M","E","R","BOSS","M","?","$","?","$","R","E","?","T","E","R","M","M","?","R","BOSS"],"items_purchased_type":["Card","Relic"],"build_version":"2020-12-22","purchased_purges":1,"victory":false,"max_hp_per_floor":[66,66,66,66,66,66,66,66,66,66,66,66,66,66,66,66,66,66,66,66,66,66,66,66,66,66,66,66,66,66,66,66,66,66],"relic_stats":{"Centennial Puzzle":[15],"counters":[16,78],"Ornamental Fan":[0],"Bronze Scales":[110],"MealTicket":45,"Bag of Preparation":[24],"Art of War":[6],"obtain_stats":[{"Centennial Puzzle":9,"Ornamental Fan":24,"Bronze Scales":20,"MealTicket":8,"Bag of Preparation":6,"Art of War":27,"Ancient Tea Set":14,"Ring of the Snake":0,"Runic Pyramid":17},{"Centennial Puzzle":5,"Ornamental Fan":12,"Bronze Scales":11,"MealTicket":5,"Bag of Preparation":4,"Art of War":13,"Ancient Tea Set":9,"Ring of the Snake":0,"Runic Pyramid":10},{"Centennial Puzzle":27,"Ornamental Fan":59,"Bronze Scales":53,"MealTicket":27,"Bag of Preparation":19,"Art of War":64,"Ancient Tea Set":40,"Ring of the Snake":0,"Runic Pyramid":48}],"Ring of the Snake":[32]},"card_choices":[{"not_picked":["Slice","Acrobatics"],"picked":"Dagger Spray","floor":1.0},{"not_picked":["Caltrops","Sucker Punch"],"picked":"Dash","floor":2.0},{"not_picked":["Acrobatics","Dagger Spray"],"picked":"Deadly Poison","floor":4.0},{"not_picked":["Slice","Noxious Fumes"],"picked":"Venomology","floor":6.0},{"not_picked":["Riddle With Holes","Poisoned Stab"],"picked":"Leg Sweep","floor":8.0},{"not_picked":["Dagger Throw","Outmaneuver","Prepared"],"picked":"SKIP","floor":11.0},{"not_picked":["Acrobatics","Setup","Choke"],"picked":"SKIP","floor":12.0},{"not_picked":["All Out Attack","Finisher"],"picked":"Bouncing Flask","floor":13.0},{"not_picked":["Bane","Distraction","Concentrate"],"picked":"SKIP","floor":14.0},{"not_picked":["Envenom","Phantasmal Killer"],"picked":"Malaise","floor":16.0},{"not_picked":["Blade Dance","Outmaneuver","Acrobatics"],"picked":"SKIP","floor":18.0},{"not_picked":["Terror","Dagger Spray","Accuracy+1"],"picked":"SKIP","floor":24.0},{"not_picked":["Heel Hook","Distraction"],"picked":"Blur","floor":27.0},{"not_picked":["All Out Attack","Prepared","Dash"],"picked":"SKIP","floor":29.0},{"not_picked":["Reflex+1","Outmaneuver","Quick Slash"],"picked":"SKIP","floor":30.0}],"player_experience":3018416,"relics_obtained":[{"floor":6.0,"key":"Bag of Preparation"},{"floor":8.0,"key":"MealTicket"},{"floor":9.0,"key":"Centennial Puzzle"},{"floor":14.0,"key":"Ancient Tea Set"},{"floor":24.0,"key":"Ornamental Fan"},{"floor":27.0,"key":"Art of War"}],"event_choices":[{"cards_removed":["Strike_G"],"damage_healed":0.0,"max_hp_gain":0.0,"max_hp_loss":0.0,"gold_gain":0.0,"event_name":"Golden Wing","player_choice":"Card Removal","floor":5.0,"gold_loss":0.0,"damage_taken":7.0},{"cards_removed":["Strike_G"],"damage_healed":0.0,"max_hp_gain":0.0,"max_hp_loss":0.0,"gold_gain":0.0,"event_name":"Beggar","player_choice":"Gave Gold","floor":19.0,"gold_loss":75.0,"damage_taken":0.0},{"damage_healed":0.0,"max_hp_gain":0.0,"max_hp_loss":0.0,"gold_gain":0.0,"event_name":"The Mausoleum","player_choice":"Ignored","floor":31.0,"gold_loss":0.0,"damage_taken":0.0}],"is_beta":false,"boss_relics":[{"not_picked":["SacredBark","Black Star"],"picked":"Runic Pyramid"}],"items_purged_floors":[3],"is_endless":false,"potions_floor_spawned":[2,4,12,13,14,27,30],"killed_by":"Automaton","ascension_level":20}}