{"host":"0awa854l6bexpjrv","time":1612765489,"event":{"mods":["BaseMod","Block Reminder","Colored Map","Colored Powertips","Downfall","Highlight Path","Minty Spire (QoL Compilation)","Quick Restart","Rare Cards Sparkle","StSLib","SuperFastMode"],"gold_per_floor":[119,18,18,33,47,47,47,47,47,67,32,32,52,52,52,151,151,163,177,28,44,63,63,95,95,164,164,234,267,278,328,328,328,328],"floor_reached":33,"language":"ENG","playtime":1905,"items_purged":["Strike_B"],"score":319,"play_id":"af09eac9-0290-4f21-b97b-56fbcefb7d03","local_time":"20210207222449","is_ascension_mode":true,"campfire_choices":[{"data":"Rip and Tear","floor":6.0,"key":"SMITH"},{"data":"Zap","floor":8.0,"key":"SMITH"},{"data":"Sunder","floor":12.0,"key":"SMITH"},{"data":"Reboot","floor":15.0,"key":"SMITH"},{"floor":23,"key":"REST"},{"floor":27,"key":"REST"},{"floor":32,"key":"REST"}],"circlet_count":0,"master_deck":["Strike_B","Defend_B","Defend_B","Defend_B","Defend_B","Zap+1","Dualcast","Rip and Tear+1","Sunder+1","Cold Snap","Undo","Streamline","Glacier","Melter","Reboot+1","Electrodynamics","Melter","Glacier","Conserve Battery","Undo","Tempest+1","Beam Cell+1","Reinforced Body+1","Stack+1","Melter","Leap+1"],"relics":["FrozenCore","Incense Burner","PreservedInsect","Runic Capacitor","Toxic Egg 2","SsserpentHead","Bottled Flame","Anchor"],"acts_visited":["Exordium","TheCity"],"potions_floor_usage":[29,33],"damage_taken":[{"damage":1.0,"enemies":"2 Louse","floor":1.0,"turns":2.0},{"damage":0.0,"enemies":"Cultist","floor":4.0,"turns":2.0},{"damage":5.0,"enemies":"Jaw Worm","floor":5.0,"turns":3.0},{"damage":0.0,"enemies":"2 Fungi Beasts","floor":10.0,"turns":2.0},{"damage":0.0,"enemies":"Large Slime","floor":13.0,"turns":3.0},{"damage":25.0,"enemies":"Hexaghost","floor":16.0,"turns":8.0},{"damage":2.0,"enemies":"Chosen","floor":18.0,"turns":6.0},{"damage":0.0,"enemies":"Spheric Guardian","floor":19.0,"turns":1.0},{"damage":19.0,"enemies":"Snake Plant","floor":21.0,"turns":5.0},{"damage":6,"enemies":"Chosen and Byrds","floor":22,"turns":7},{"damage":54,"enemies":"Book of Stabbing","floor":24,"turns":9},{"damage":6,"enemies":"Centurion and Healer","floor":28,"turns":5},{"damage":19,"enemies":"Gremlin Leader","floor":29,"turns":5},{"damage":1,"enemies":"Snake Plant","floor":30,"turns":4},{"damage":48,"enemies":"Automaton","floor":33,"turns":10}],"seed_played":"-7734765144096971194","potions_obtained":[{"floor":1.0,"key":"Explosive Potion"},{"floor":4.0,"key":"SteroidPotion"},{"floor":13.0,"key":"SteroidPotion"},{"floor":18.0,"key":"Swift Potion"},{"floor":28,"key":"BlessingOfTheForge"},{"floor":30,"key":"Block Potion"}],"is_trial":false,"path_per_floor":["M","$","?","M","M","R","?","R","T","M","$","R","M","?","R","B",null,"M","M","$","M","M","R","E","?","T","R","M","E","M","?","R","B"],"character_chosen":"DEFECT","items_purchased":["Cold Snap","Melter","Runic Capacitor"],"campfire_rested":3,"item_purchase_floors":[2,11,20],"current_hp_per_floor":[74,74,79,79,74,74,74,74,74,74,74,74,74,71,71,46,80,78,78,78,59,53,77,23,23,23,47,41,22,21,21,45,0,0],"gold":328,"neow_bonus":"THREE_CARDS","is_daily":false,"chose_seed":false,"campfire_upgraded":4,"win_rate":0.0,"timestamp":1612765489,"path_taken":["M","$","?","M","M","R","?","R","T","M","$","R","M","?","R","BOSS","M","M","$","M","M","R","E","?","T","R","?","E","M","?","R","BOSS"],"items_purchased_type":["Card","Card","Relic"],"build_version":"2020-12-22","purchased_purges":1,"victory":false,"max_hp_per_floor":[75,75,80,80,80,80,80,80,80,80,80,80,80,80,80,80,80,80,80,80,80,80,80,80,80,80,80,80,80,80,80,80,80,80],"card_choices":[{"not_picked":["Turbo","Go for the Eyes"],"picked":"Rip and Tear","floor":0.0},{"not_picked":["Go for the Eyes","Compile Driver"],"picked":"Sunder","floor":1.0},{"not_picked":["Turbo","Beam Cell"],"picked":"Undo","floor":4.0},{"not_picked":["Conserve Battery","Redo"],"picked":"Streamline","floor":5.0},{"not_picked":["Blizzard","Lockon"],"picked":"Glacier","floor":10.0},{"not_picked":["Sweeping Beam","FTL"],"picked":"Reboot","floor":13.0},{"not_picked":["Fission","Biased Cognition"],"picked":"Electrodynamics","floor":16.0},{"not_picked":["Hologram","Streamline"],"picked":"Melter","floor":18.0},{"not_picked":["Hologram","Barrage"],"picked":"Glacier","floor":19.0},{"not_picked":["Chill","Double Energy"],"picked":"Conserve Battery","floor":21.0},{"not_picked":["Rebound","Coolheaded"],"picked":"Undo","floor":22},{"not_picked":["Hello World","Steam+1"],"picked":"Tempest+1","floor":24},{"not_picked":["Compile Driver","Recycle+1"],"picked":"Beam Cell+1","floor":28},{"not_picked":["Gash","Reprogram+1"],"picked":"Reinforced Body+1","floor":29},{"not_picked":["Reprogram+1","Beam Cell"],"picked":"Stack+1","floor":30}],"player_experience":746025,"relics_obtained":[{"floor":9.0,"key":"Incense Burner"},{"floor":24,"key":"Toxic Egg 2"},{"floor":26,"key":"Bottled Flame"},{"floor":29,"key":"Anchor"}],"event_choices":[{"damage_healed":0.0,"max_hp_gain":5.0,"max_hp_loss":0.0,"gold_gain":0.0,"event_name":"Big Fish","player_choice":"Donut","floor":3.0,"gold_loss":0.0,"damage_taken":0.0},{"damage_healed":0.0,"max_hp_gain":0.0,"max_hp_loss":0.0,"gold_gain":0.0,"event_name":"The Cleric","player_choice":"Leave","floor":7.0,"gold_loss":0.0,"damage_taken":0.0},{"damage_healed":0.0,"max_hp_gain":0.0,"max_hp_loss":0.0,"gold_gain":0.0,"event_name":"Scrap Ooze","player_choice":"Success","floor":14.0,"gold_loss":0.0,"damage_taken":3.0,"relics_obtained":["PreservedInsect"]},{"damage_healed":0,"gold_gain":0,"player_choice":"Trade","damage_taken":0,"relics_obtained":["SsserpentHead"],"max_hp_gain":0,"max_hp_loss":0,"event_name":"FaceTrader","floor":25,"gold_loss":0},{"damage_healed":0,"gold_gain":0,"cards_transformed":["Strike_B","Strike_B"],"player_choice":"Became Test Subject","damage_taken":0,"max_hp_gain":0,"max_hp_loss":0,"event_name":"Drug Dealer","floor":31,"gold_loss":0,"cards_obtained":["Melter","Leap"]}],"is_beta":false,"boss_relics":[{"not_picked":["Snecko Eye","Velvet Choker"],"picked":"FrozenCore"}],"items_purged_floors":[2],"is_endless":false,"potions_floor_spawned":[1,4,13,18,28,30],"killed_by":"Automaton","ascension_level":3}}