{"host":"mqhvlr3kpxebko0t","time":1612795760,"event":{"mods":["AchievementEnabler","BaseMod","Colored Map","Colored Powertips","KOR Keyword Fix","Keyboard Shortcuts","Minty Spire (QoL Compilation)","StSLib","SuperFastMode"],"gold_per_floor":[115,128,142,153,203,203,128,128,128,140,65,78,93,93,93,93,93],"floor_reached":16,"language":"KOR","playtime":150,"items_purged":["Strike_R"],"score":188,"play_id":"67f8a37e-14a6-4a39-8255-46c381f2474a","local_time":"20210208234920","is_ascension_mode":true,"campfire_choices":[{"data":"Bash","floor":6.0,"key":"SMITH"},{"data":"Wild Strike","floor":8.0,"key":"SMITH"},{"data":"Intimidate","floor":15,"key":"SMITH"}],"circlet_count":0,"master_deck":["AscendersBane","Strike_R","Strike_R","Defend_R","Defend_R","Defend_R","Defend_R","Bash+1","Wild Strike+1","Shrug It Off","Intimidate+1"],"relics":["Burning Blood","Tiny Chest","Ice Cream"],"acts_visited":["Exordium"],"potions_floor_usage":[],"damage_taken":[{"damage":17.0,"enemies":"Cultist","floor":1.0,"turns":4.0},{"damage":7.0,"enemies":"2 Louse","floor":2.0,"turns":3.0},{"damage":21.0,"enemies":"Jaw Worm","floor":3.0,"turns":4.0},{"damage":16.0,"enemies":"2 Fungi Beasts","floor":4.0,"turns":3.0},{"damage":8.0,"enemies":"Blue Slaver","floor":10.0,"turns":4.0},{"damage":11.0,"enemies":"Looter","floor":12.0,"turns":2.0},{"damage":30.0,"enemies":"Lots of Slimes","floor":13.0,"turns":5.0},{"damage":19,"enemies":"The Guardian","floor":16,"turns":2}],"seed_played":"-8140284762191314942","potions_obtained":[{"floor":4.0,"key":"DuplicationPotion"},{"floor":10.0,"key":"FearPotion"}],"is_trial":false,"path_per_floor":["M","M","M","M","T","R","?","R","T","M","$","M","M","?","R","B"],"character_chosen":"IRONCLAD","items_purchased":[],"campfire_rested":0,"item_purchase_floors":[],"current_hp_per_floor":[64,63,48,38,38,38,38,38,38,36,36,31,7,7,7,0,0],"gold":93,"neow_bonus":"TEN_PERCENT_HP_BONUS","is_daily":false,"chose_seed":false,"campfire_upgraded":3,"win_rate":0.0,"timestamp":1612795760,"path_taken":["M","M","M","M","?","R","?","R","T","M","$","M","M","?","R","BOSS"],"items_purchased_type":[],"build_version":"2020-12-22","purchased_purges":1,"victory":false,"max_hp_per_floor":[82,82,82,82,82,82,82,82,82,82,82,82,82,82,82,82,82],"card_choices":[{"not_picked":["Sword Boomerang","Body Slam"],"picked":"Wild Strike","floor":1.0},{"not_picked":["Perfected Strike","Headbutt","Sentinel"],"picked":"SKIP","floor":2.0},{"not_picked":["Sword Boomerang","Warcry"],"picked":"Shrug It Off","floor":3.0},{"not_picked":["Thunderclap","Twin Strike","Warcry"],"picked":"SKIP","floor":4.0},{"not_picked":["Anger","Rage","Shrug It Off"],"picked":"SKIP","floor":10.0},{"not_picked":["Infernal Blade","Bloodletting","Corruption"],"picked":"SKIP","floor":12.0},{"not_picked":["Spot Weakness","Iron Wave","Headbutt"],"picked":"SKIP","floor":13.0}],"player_experience":699522,"relics_obtained":[{"floor":5.0,"key":"Tiny Chest"},{"floor":9.0,"key":"Ice Cream"}],"event_choices":[{"cards_removed":["Strike_R"],"damage_healed":0.0,"max_hp_gain":0.0,"max_hp_loss":0.0,"gold_gain":0.0,"event_name":"The Cleric","player_choice":"Card Removal","floor":7.0,"gold_loss":75.0,"damage_taken":0.0},{"damage_healed":0,"gold_gain":0,"cards_transformed":["Strike_R"],"player_choice":"Change","damage_taken":0,"max_hp_gain":0,"max_hp_loss":0,"event_name":"Living Wall","floor":14,"gold_loss":0,"cards_obtained":["Intimidate"]}],"is_beta":false,"boss_relics":[],"items_purged_floors":[11],"is_endless":false,"potions_floor_spawned":[4,10],"killed_by":"The Guardian","ascension_level":20}}