{"host":"j8nxcx4fasn5531j","time":1612794230,"event":{"mods":["Act Like it!","Arknights","BaseMod","Conspire","Energized Spire","Minty Spire (QoL Compilation)","Pale of the Ancients","Replay The Spire","StSLib","Waifu the Spire","¡¾ÒÅÎï¿¨ÅÆ¡¿REMEMod"],"gold_per_floor":[119,119,133,58,88,118,118,141,168,201,220,220,220],"floor_reached":12,"language":"ZHS","playtime":605,"items_purged":["ats:Strike V"],"score":86,"play_id":"da0777f2-2a91-4eb3-85c2-d1bdb3d08973","local_time":"20210208222350","is_ascension_mode":false,"campfire_choices":[],"circlet_count":0,"master_deck":["ats:Strike C","ats:Strike G","ats:Strike S","ats:Armor Crushing Shot","ats:Defend","ats:Defend","ats:Defend","ats:Emotion Absorption","ats:Hammer On+1","ats:Poison Spread","ats:Very Hot Blade","ats:Wolf Pack","ats:Soul Absorption","ats:Leaping Hammer","ats:Assault Order"],"relics":["ats:Sanity","REME_ComplimentaryCards","NeowsBlessing","Meat on the Bone","ats:Originium","Smiling Mask","Replay:Mystery Machine","Nunchaku","Juzu Bracelet"],"acts_visited":["Exordium"],"potions_floor_usage":[10],"damage_taken":[{"damage":0,"enemies":"2 Louse","floor":1,"turns":1},{"damage":0,"enemies":"ats:Genji","floor":3,"turns":1},{"damage":0,"enemies":"conspire:MimicChest","floor":5,"turns":1},{"damage":39,"enemies":"Replay:BlueRogue","floor":6,"turns":6},{"damage":8,"enemies":"Gremlin Nob","floor":10,"turns":5},{"damage":2,"enemies":"conspire:RoseBush","floor":11,"turns":2},{"damage":47,"enemies":"3 Sentries","floor":12,"turns":8}],"seed_played":"-9198727175826466935","potions_obtained":[{"floor":3,"key":"ats:Top Emergency Sanity Potion"},{"floor":5,"key":"Block Potion"},{"floor":6,"key":"Strength Potion"}],"is_trial":false,"path_per_floor":["M","?","M","$","?","E","?","T","T","E","M","E"],"character_chosen":"DOCTOR_CLASS","items_purchased":[],"campfire_rested":0,"item_purchase_floors":[],"current_hp_per_floor":[72,72,72,72,72,45,45,45,45,37,47,0,0],"gold":220,"neow_bonus":"THREE_ENEMY_KILL","is_daily":false,"chose_seed":false,"campfire_upgraded":0,"win_rate":0.0,"timestamp":1612794230,"path_taken":["M","?","M","$","?","E","?","?","T","E","M","E"],"items_purchased_type":[],"build_version":"2020-12-22","purchased_purges":1,"victory":false,"max_hp_per_floor":[72,72,72,72,72,72,72,72,72,72,72,72,72],"card_choices":[{"not_picked":["ats:Apocalypse","ats:Leaping Hammer"],"picked":"ats:Hammer On","floor":1},{"not_picked":["ats:Consecutive Shot Auto","ats:Apocalypse"],"picked":"ats:Poison Spread","floor":3},{"not_picked":["ats:Assault Order","ats:Curse Doll"],"picked":"ats:Very Hot Blade","floor":5},{"not_picked":["ats:LN2 Cannon","ats:Steam Pump"],"picked":"ats:Wolf Pack","floor":6},{"not_picked":["ats:Absolute Focus","ats:Leaping Hammer","ats:Explosion Area Strengthen"],"picked":"SKIP","floor":10},{"not_picked":["ats:Absolute Focus","ats:Explosion Area Strengthen"],"picked":"ats:Leaping Hammer","floor":10},{"not_picked":["ats:Guard Mode","ats:Hammer On"],"picked":"ats:Assault Order","floor":11}],"player_experience":425040,"relics_obtained":[{"floor":5,"key":"Meat on the Bone"},{"floor":6,"key":"ats:Originium"},{"floor":6,"key":"Smiling Mask"},{"floor":8,"key":"Replay:Mystery Machine"},{"floor":9,"key":"Nunchaku"},{"floor":10,"key":"ats:Originium"},{"floor":10,"key":"Juzu Bracelet"}],"event_choices":[{"damage_healed":0,"gold_gain":0,"cards_transformed":["ats:Defend"],"player_choice":"Change","damage_taken":0,"max_hp_gain":0,"max_hp_loss":0,"event_name":"Living Wall","floor":7,"gold_loss":0,"cards_obtained":["ats:Soul Absorption"]}],"is_beta":false,"boss_relics":[],"items_purged_floors":[4],"is_endless":false,"potions_floor_spawned":[3,5,6],"killed_by":"3 Sentries","ascension_level":0}}