{"host":"y3h3n3f7seyagppx","time":1612760135,"event":{"mods":["AlwaysNeverKeys","BaseMod","Better Vampires","Colored Powertips","DeckTracker","Emptier Cage","Minty Spire (QoL Compilation)","Permanent Neow","Quick Restart","Rare Cards Sparkle","Relic Sorter","Relic Stats","StSLib","Transform Curses"],"gold_per_floor":[363,363,375,300,319,319,319,345,420,420,432,37,48,75,75,148,148,164,175,4,4,4,39,39,73,124,124,144,176,176,191,191,265,265,279,279,299,66,84,119,119,147,147,159,204,229,258,276,276,276,276,276,276,5,35,35],"floor_reached":57,"language":"ENG","playtime":13806,"items_purged":["Strike_G"],"score":3441,"play_id":"22cb55c9-dfa8-4bf7-abae-fcd4cbe22a58","local_time":"20210207235535","is_ascension_mode":true,"campfire_choices":[{"data":"Eviscerate","floor":6.0,"key":"SMITH"},{"data":"Envenom","floor":10.0,"key":"SMITH"},{"data":"Accuracy","floor":15.0,"key":"SMITH"},{"floor":24.0,"key":"REST"},{"data":"Well Laid Plans","floor":32.0,"key":"SMITH"},{"data":"Strike_G","floor":41.0,"key":"PURGE"},{"floor":49.0,"key":"DIG"},{"floor":53.0,"key":"DIG"}],"circlet_count":0,"master_deck":["AscendersBane","Strike_G","Defend_G","Defend_G","Defend_G","Defend_G","Defend_G","Survivor","Neutralize","Leg Sweep","Eviscerate+1","Envenom+1","Blade Dance+1","Accuracy+1","Blade Dance+1","Acrobatics+1","Dodge and Roll+1","Adrenaline+1","Well Laid Plans+1","Reflex+1","Blade Dance+1","Blur+1","Blur+1","Sucker Punch","Leg Sweep+1","Phantasmal Killer+1","Dodge and Roll+1"],"relics":["Ring of the Snake","InkBottle","Bag of Marbles","Peace Pipe","Toxic Egg 2","Toy Ornithopter","DollysMirror","Kunai","WristBlade","Snake Skull","StrikeDummy","Enchiridion","Centennial Puzzle","Oddly Smooth Stone","Strawberry","Akabeko","Busted Crown","Bag of Preparation","Mummified Hand","HornCleat","Regal Pillow","Shovel","FossilizedHelix","Art of War","Lantern","Bottled Tornado","Paper Crane"],"acts_visited":["Exordium","TheCity","TheBeyond","TheEnding"],"potions_floor_usage":[56],"damage_taken":[{"damage":2.0,"enemies":"2 Louse","floor":1.0,"turns":4.0},{"damage":3.0,"enemies":"Small Slimes","floor":3.0,"turns":4.0},{"damage":1.0,"enemies":"Cultist","floor":5.0,"turns":3.0},{"damage":28.0,"enemies":"3 Sentries","floor":8.0,"turns":10.0},{"damage":4.0,"enemies":"Lots of Slimes","floor":11.0,"turns":7.0},{"damage":0.0,"enemies":"Large Slime","floor":13.0,"turns":4.0},{"damage":12.0,"enemies":"Lagavulin","floor":14.0,"turns":7.0},{"damage":0.0,"enemies":"Hexaghost","floor":16.0,"turns":7.0},{"damage":0.0,"enemies":"2 Thieves","floor":18.0,"turns":2.0},{"damage":9.0,"enemies":"Shell Parasite","floor":19.0,"turns":4.0},{"damage":3.0,"enemies":"Book of Stabbing","floor":23.0,"turns":4.0},{"damage":2.0,"enemies":"Slavers","floor":25.0,"turns":3.0},{"damage":0.0,"enemies":"Snake Plant","floor":28.0,"turns":3.0},{"damage":0.0,"enemies":"Book of Stabbing","floor":29.0,"turns":3.0},{"damage":0.0,"enemies":"3 Cultists","floor":31.0,"turns":4.0},{"damage":0.0,"enemies":"Champ","floor":33.0,"turns":10.0},{"damage":0.0,"enemies":"3 Shapes","floor":35.0,"turns":4.0},{"damage":0.0,"enemies":"Orb Walker","floor":37.0,"turns":2.0},{"damage":0.0,"enemies":"Transient","floor":39.0,"turns":6.0},{"damage":0.0,"enemies":"Giant Head","floor":40.0,"turns":4.0},{"damage":0.0,"enemies":"Reptomancer","floor":42.0,"turns":4.0},{"damage":0.0,"enemies":"4 Shapes","floor":44.0,"turns":3.0},{"damage":0.0,"enemies":"2 Orb Walkers","floor":45.0,"turns":3.0},{"damage":0.0,"enemies":"Mind Bloom Boss Battle","floor":46.0,"turns":3.0},{"damage":0.0,"enemies":"Nemesis","floor":47.0,"turns":3.0},{"damage":0.0,"enemies":"3 Darklings","floor":48.0,"turns":4.0},{"damage":0.0,"enemies":"Donu and Deca","floor":50.0,"turns":5.0},{"damage":0.0,"enemies":"Time Eater","floor":51.0,"turns":8.0},{"damage":0,"enemies":"Shield and Spear","floor":55,"turns":5},{"damage":53,"enemies":"The Heart","floor":56,"turns":9}],"seed_played":"1418163650392068798","potions_obtained":[{"floor":5.0,"key":"SpeedPotion"},{"floor":11.0,"key":"Explosive Potion"},{"floor":13.0,"key":"LiquidMemories"},{"floor":16.0,"key":"PowerPotion"},{"floor":23.0,"key":"DistilledChaos"},{"floor":25.0,"key":"Energy Potion"},{"floor":35.0,"key":"Energy Potion"},{"floor":39.0,"key":"ColorlessPotion"},{"floor":48.0,"key":"Swift Potion"}],"is_trial":false,"path_per_floor":["M","?","M","?","M","R","?","E","T","R","M","$","M","E","R","B",null,"M","M","$","T","?","E","R","E","T","?","M","E","?","M","R","B",null,"M","?","M","$","M","E","R","E","T","M","?","?","E","M","R","B","B",null,"R","$","E","B",null],"character_chosen":"THE_SILENT","items_purchased":["Accuracy","Toy Ornithopter","DollysMirror","Snake Skull","Bag of Preparation","InkBottle"],"campfire_rested":1,"item_purchase_floors":[12,12,12,20,38,54],"current_hp_per_floor":[57,57,54,54,53,53,53,25,25,25,21,21,21,14,14,14,49,49,45,45,45,24,21,39,42,49,49,49,54,54,54,54,54,64,64,64,64,64,67,67,67,67,67,67,67,67,67,67,67,67,67,67,67,67,67,14],"gold":35,"neow_bonus":"TWO_FIFTY_GOLD","is_daily":false,"chose_seed":false,"campfire_upgraded":4,"win_rate":0.0,"timestamp":1612760135,"path_taken":["M","?","M","?","M","R","?","E","T","R","M","$","?","E","R","BOSS","M","M","$","?","?","E","R","E","T","?","M","E","?","M","R","BOSS","M","?","M","$","M","E","R","E","T","M","?","?","E","?","R","BOSS","BOSS","R","$","E","BOSS"],"items_purchased_type":["Card","Relic","Relic","Relic","Relic","Relic"],"build_version":"2020-12-22","purchased_purges":1,"victory":true,"max_hp_per_floor":[60,60,60,60,60,60,60,60,60,60,60,60,60,60,60,60,60,60,60,60,60,60,60,60,60,67,67,67,67,67,67,67,67,67,67,67,67,67,67,67,67,67,67,67,67,67,67,67,67,67,67,67,67,67,67,67],"relic_stats":{"Regal Pillow":0,"counters":[30,142],"Snake Skull":[195],"Bag of Preparation":[24],"Peace Pipe":1,"Centennial Puzzle":[6],"Busted Crown":22,"Shovel":2,"Mummified Hand":[38],"Art of War":[4],"Kunai":[94],"obtain_stats":[{"Regal Pillow":43,"Lantern":49,"Enchiridion":22,"Snake Skull":20,"Bag of Preparation":38,"Bottled Tornado":53,"Centennial Puzzle":23,"HornCleat":42,"Shovel":45,"WristBlade":17,"DollysMirror":12,"Mummified Hand":40,"Strawberry":26,"Kunai":14,"Toxic Egg 2":9,"InkBottle":54,"Ring of the Snake":0,"Oddly Smooth Stone":25,"Paper Crane":55,"Akabeko":29,"Peace Pipe":8,"Busted Crown":34,"Bag of Marbles":2,"Art of War":47,"StrikeDummy":21,"Toy Ornithopter":12,"FossilizedHelix":46},{"Regal Pillow":21,"Lantern":26,"Enchiridion":10,"Snake Skull":10,"Bag of Preparation":18,"Bottled Tornado":28,"Centennial Puzzle":11,"HornCleat":21,"Shovel":23,"WristBlade":8,"DollysMirror":5,"Mummified Hand":20,"Strawberry":12,"Kunai":7,"Toxic Egg 2":4,"InkBottle":28,"Ring of the Snake":0,"Oddly Smooth Stone":12,"Paper Crane":29,"Akabeko":14,"Peace Pipe":4,"Busted Crown":16,"Bag of Marbles":1,"Art of War":25,"StrikeDummy":10,"Toy Ornithopter":5,"FossilizedHelix":24},{"Regal Pillow":99,"Lantern":115,"Enchiridion":52,"Snake Skull":52,"Bag of Preparation":85,"Bottled Tornado":128,"Centennial Puzzle":56,"HornCleat":99,"Shovel":105,"WristBlade":46,"DollysMirror":28,"Mummified Hand":95,"Strawberry":59,"Kunai":39,"Toxic Egg 2":21,"InkBottle":128,"Ring of the Snake":0,"Oddly Smooth Stone":59,"Paper Crane":133,"Akabeko":65,"Peace Pipe":21,"Busted Crown":79,"Bag of Marbles":4,"Art of War":111,"StrikeDummy":52,"Toy Ornithopter":28,"FossilizedHelix":108}],"InkBottle":[10],"Toy Ornithopter":23,"Ring of the Snake":[60]},"card_choices":[{"not_picked":["Sucker Punch","Dagger Throw"],"picked":"Leg Sweep","floor":1.0},{"not_picked":["Caltrops","Deflect"],"picked":"Dagger Throw","floor":3.0},{"not_picked":["Underhanded Strike","Riddle With Holes"],"picked":"Eviscerate","floor":5.0},{"not_picked":["Underhanded Strike","Flying Knee"],"picked":"Envenom","floor":8.0},{"not_picked":["Quick Slash","Heel Hook"],"picked":"Blade Dance+1","floor":11.0},{"not_picked":["Calculated Gamble+1","Dash"],"picked":"Acrobatics+1","floor":13.0},{"not_picked":["Dagger Spray","Crippling Poison+1"],"picked":"Dodge and Roll+1","floor":14.0},{"not_picked":["Unload","Glass Knife"],"picked":"Adrenaline+1","floor":16.0},{"not_picked":["Accuracy","Poisoned Stab"],"picked":"Well Laid Plans","floor":18.0},{"not_picked":["Deflect+1","Bouncing Flask+1"],"picked":"Reflex+1","floor":19.0},{"not_picked":["Sucker Punch","Caltrops"],"picked":"Blade Dance+1","floor":23.0},{"not_picked":["Slice","Accuracy","Underhanded Strike"],"picked":"SKIP","floor":25.0},{"not_picked":["Riddle With Holes+1","Prepared+1"],"picked":"Blur+1","floor":28.0},{"not_picked":["Caltrops","Masterful Stab+1"],"picked":"Blur+1","floor":29.0},{"not_picked":["Sucker Punch+1","Quick Slash"],"picked":"Leg Sweep+1","floor":31.0},{"not_picked":["Envenom","Doppelganger+1"],"picked":"Phantasmal Killer+1","floor":33.0},{"not_picked":["Quick Slash"],"picked":"SKIP","floor":35.0},{"not_picked":["Predator"],"picked":"SKIP","floor":37.0},{"not_picked":["Skewer"],"picked":"SKIP","floor":39.0},{"not_picked":["Unload"],"picked":"SKIP","floor":40.0},{"not_picked":["Crippling Poison+1"],"picked":"SKIP","floor":42.0},{"not_picked":[],"picked":"Dodge and Roll+1","floor":44.0},{"not_picked":["Riddle With Holes"],"picked":"SKIP","floor":47.0},{"not_picked":["Flechettes"],"picked":"SKIP","floor":48.0},{"not_picked":["Slice"],"picked":"SKIP","floor":55},{"not_picked":["Slice"],"picked":"SKIP","floor":55},{"not_picked":["Slice"],"picked":"SKIP","floor":55}],"player_experience":21961345,"relics_obtained":[{"floor":8.0,"key":"Peace Pipe"},{"floor":9.0,"key":"Toxic Egg 2"},{"floor":14.0,"key":"Kunai"},{"floor":21.0,"key":"StrikeDummy"},{"floor":22.0,"key":"Enchiridion"},{"floor":23.0,"key":"Centennial Puzzle"},{"floor":25.0,"key":"Oddly Smooth Stone"},{"floor":26.0,"key":"Strawberry"},{"floor":29.0,"key":"Akabeko"},{"floor":40.0,"key":"Mummified Hand"},{"floor":42.0,"key":"HornCleat"},{"floor":43.0,"key":"Regal Pillow"},{"floor":45.0,"key":"Shovel"},{"floor":46.0,"key":"FossilizedHelix"},{"floor":47.0,"key":"Art of War"},{"floor":49.0,"key":"Lantern"},{"floor":53.0,"key":"Bottled Tornado"},{"floor":55,"key":"Paper Crane"}],"event_choices":[{"damage_healed":0.0,"max_hp_gain":0.0,"max_hp_loss":0.0,"gold_gain":0.0,"event_name":"Big Fish","player_choice":"Box","floor":2.0,"gold_loss":0.0,"damage_taken":0.0,"relics_obtained":["Bag of Marbles"],"cards_obtained":["Regret"]},{"cards_removed":["Regret"],"damage_healed":0.0,"max_hp_gain":0.0,"max_hp_loss":0.0,"gold_gain":0.0,"event_name":"The Cleric","player_choice":"Card Removal","floor":4.0,"gold_loss":75.0,"damage_taken":0.0},{"cards_removed":["Strike_G"],"damage_healed":0.0,"max_hp_gain":0.0,"max_hp_loss":0.0,"gold_gain":0.0,"event_name":"Bonfire Elementals","player_choice":"Offered Basic","floor":7.0,"gold_loss":0.0,"damage_taken":0.0},{"damage_healed":0.0,"max_hp_gain":0.0,"max_hp_loss":0.0,"gold_gain":0.0,"event_name":"Cursed Tome","player_choice":"Obtained Book","floor":22.0,"gold_loss":0.0,"damage_taken":21.0},{"damage_healed":0.0,"max_hp_gain":0.0,"max_hp_loss":0.0,"gold_gain":0.0,"event_name":"Vampires","player_choice":"Ignored","floor":27.0,"gold_loss":0.0,"damage_taken":0.0},{"damage_healed":0.0,"max_hp_gain":0.0,"max_hp_loss":0.0,"gold_gain":0.0,"cards_transformed":["Strike_G"],"event_name":"Transmorgrifier","player_choice":"Transformed","floor":30.0,"gold_loss":0.0,"damage_taken":0.0,"cards_obtained":["Sucker Punch"]},{"cards_removed":["Dagger Throw"],"damage_healed":0.0,"max_hp_gain":0.0,"max_hp_loss":0.0,"gold_gain":0.0,"event_name":"Falling","player_choice":"Removed Attack","floor":36.0,"gold_loss":0.0,"damage_taken":0.0},{"damage_healed":0.0,"max_hp_gain":0.0,"max_hp_loss":0.0,"gold_gain":0.0,"event_name":"Mysterious Sphere","player_choice":"Fight","floor":45.0,"gold_loss":0.0,"damage_taken":0.0},{"damage_healed":0.0,"max_hp_gain":0.0,"max_hp_loss":0.0,"gold_gain":0.0,"event_name":"MindBloom","player_choice":"Fight","floor":46.0,"gold_loss":0.0,"damage_taken":0.0}],"is_beta":false,"boss_relics":[{"not_picked":["Tiny House","Runic Dome"],"picked":"WristBlade"},{"not_picked":["Calling Bell","Snecko Eye"],"picked":"Busted Crown"}],"items_purged_floors":[38],"is_endless":false,"potions_floor_spawned":[5,11,13,16,18,23,25,35,39,40,44,48],"ascension_level":20}}