{"host":"z16h96csw6gsetxl","time":1612756133,"event":{"mods":["BaseMod","BetterRewards","Minty Spire (QoL Compilation)","Quick Restart"],"gold_per_floor":[131,169,208,208,246,297,297,341,341,421,89,125,164,232,232,360,360,402,382,425,468,481,481,516,560,560,595,655,172,185,60,60,182,182,202,52,90,106,119,152,195,195,263,263,263,263,300,55,55,80],"floor_reached":51,"language":"ZHS","playtime":3287,"items_purged":["Defend_G","Defend_G","Strike_G","Strike_G"],"score":1054,"play_id":"0f29e6ae-90c4-42f1-9ae6-0cb2f72e6b89","local_time":"20210208114853","is_ascension_mode":true,"campfire_choices":[{"data":"HandOfGreed","floor":7,"key":"SMITH"},{"data":"Infinite Blades","floor":15,"key":"SMITH"},{"data":"Accuracy","floor":23,"key":"SMITH"},{"data":"Tools of the Trade","floor":32,"key":"SMITH"},{"data":"Accuracy","floor":42,"key":"SMITH"},{"data":"Expertise","floor":46,"key":"SMITH"},{"data":"Accuracy","floor":49,"key":"SMITH"}],"circlet_count":0,"master_deck":["Strike_G","Strike_G","Defend_G","Defend_G","Defend_G","Survivor","Neutralize","Accuracy+1","HandOfGreed+1","Cloak And Dagger","Backflip","Die Die Die","Infinite Blades+1","Acrobatics","Accuracy+1","Tactician","Expertise+1","Tools of the Trade+1","Cloak And Dagger+1","Deflect+1","Blade Dance+1","Infinite Blades","Blade Dance+1","Tactician+1","Parasite","Prepared+1","After Image","Terror+1","Accuracy+1"],"relics":["Ring of the Snake","FossilizedHelix","Bird Faced Urn","Ninja Scroll","Gremlin Horn","Art of War","Bottled Flame","Blue Candle","Runic Dome","Potion Belt","Boot","Anchor","Girya","HoveringKite","Mummified Hand","Shuriken","Ornamental Fan"],"acts_visited":["Exordium","TheCity","TheBeyond"],"potions_floor_usage":[6,16,18,21,28,33,33,50,50],"damage_taken":[{"damage":0.0,"enemies":"Cultist","floor":1.0,"turns":4.0},{"damage":0.0,"enemies":"Jaw Worm","floor":2.0,"turns":6.0},{"damage":0.0,"enemies":"Small Slimes","floor":3.0,"turns":5.0},{"damage":0.0,"enemies":"2 Fungi Beasts","floor":5.0,"turns":3.0},{"damage":0,"enemies":"Gremlin Nob","floor":6,"turns":5},{"damage":0,"enemies":"Looter","floor":8,"turns":2},{"damage":0,"enemies":"3 Sentries","floor":10,"turns":5},{"damage":0,"enemies":"Lots of Slimes","floor":12,"turns":1},{"damage":0,"enemies":"2 Fungi Beasts","floor":13,"turns":2},{"damage":1,"enemies":"Large Slime","floor":14,"turns":8},{"damage":0,"enemies":"Slime Boss","floor":16,"turns":5},{"damage":0,"enemies":"2 Thieves","floor":18,"turns":3},{"damage":0,"enemies":"3 Byrds","floor":20,"turns":4},{"damage":1,"enemies":"Cultist and Chosen","floor":21,"turns":4},{"damage":8,"enemies":"Snecko","floor":22,"turns":5},{"damage":39,"enemies":"Gremlin Leader","floor":24,"turns":6},{"damage":0,"enemies":"Chosen and Byrds","floor":25,"turns":3},{"damage":0,"enemies":"Centurion and Healer","floor":27,"turns":3},{"damage":14,"enemies":"Book of Stabbing","floor":28,"turns":4},{"damage":8,"enemies":"Snake Plant","floor":30,"turns":2},{"damage":35,"enemies":"Champ","floor":33,"turns":7},{"damage":9,"enemies":"Orb Walker","floor":35,"turns":3},{"damage":12,"enemies":"3 Shapes","floor":37,"turns":3},{"damage":9,"enemies":"Writhing Mass","floor":38,"turns":4},{"damage":56,"enemies":"Transient","floor":39,"turns":5},{"damage":0,"enemies":"Giant Head","floor":40,"turns":4},{"damage":0,"enemies":"Spire Growth","floor":41,"turns":4},{"damage":0,"enemies":"Jaw Worm Horde","floor":47,"turns":2},{"damage":9,"enemies":"Time Eater","floor":50,"turns":4}],"seed_played":"-1713795503365985890","potions_obtained":[{"floor":1.0,"key":"GamblersBrew"},{"floor":6,"key":"Block Potion"},{"floor":8,"key":"FairyPotion"},{"floor":10,"key":"DuplicationPotion"},{"floor":19,"key":"Weak Potion"},{"floor":21,"key":"Fruit Juice"},{"floor":22,"key":"Energy Potion"},{"floor":25,"key":"SpeedPotion"},{"floor":30,"key":"DistilledChaos"},{"floor":37,"key":"Explosive Potion"},{"floor":39,"key":"CultistPotion"},{"floor":41,"key":"ColorlessPotion"}],"is_trial":false,"path_per_floor":["M","M","M","T","M","E","R","M","T","E","$","M","M","M","R","B",null,"M","?","M","M","M","R","E","M","T","M","E","$","M","$","R","B",null,"M","$","M","M","M","E","M","R","T","?","?","R","M","$","R","B",null],"character_chosen":"THE_SILENT","items_purchased":["Accuracy","HandOfGreed","Blue Candle","Infinite Blades","Girya","Ornamental Fan"],"campfire_rested":0,"item_purchase_floors":[0,0,11,29,29,48],"current_hp_per_floor":[40,42,44,44,46,48,48,48,48,50,50,54,56,61,61,69,70,70,70,70,74,67,67,36,44,44,48,40,40,38,38,38,13,75,66,66,62,63,13,23,35,35,35,35,35,35,43,43,43,48],"gold":80,"neow_bonus":"","is_daily":false,"chose_seed":false,"campfire_upgraded":7,"win_rate":0.0,"timestamp":1612756133,"path_taken":["M","M","M","?","M","E","R","?","T","E","?","M","M","M","R","BOSS","M","?","?","?","M","R","E","M","T","M","E","$","M","$","R","BOSS","M","$","M","M","M","E","M","R","T","?","?","R","M","$","R","BOSS"],"items_purchased_type":["Card","Card","Relic","Card","Relic","Relic"],"build_version":"2020-12-22","purchased_purges":4,"victory":true,"max_hp_per_floor":[70,70,70,70,70,70,70,70,70,70,70,70,70,70,70,70,70,70,70,70,75,75,75,75,75,75,75,75,75,75,75,75,75,75,75,75,75,75,75,75,75,75,75,75,75,75,75,75,75,75],"card_choices":[{"not_picked":["Underhanded Strike","Acrobatics","Setup"],"picked":"SKIP","floor":1.0},{"not_picked":["Sucker Punch","Deflect"],"picked":"Cloak And Dagger","floor":2.0},{"not_picked":["Heel Hook","Eviscerate"],"picked":"Backflip","floor":3.0},{"not_picked":["Poisoned Stab","Deflect"],"picked":"Die Die Die","floor":5.0},{"not_picked":["Sucker Punch","Setup"],"picked":"Infinite Blades","floor":6},{"not_picked":["Finisher","Caltrops"],"picked":"Acrobatics","floor":8},{"not_picked":["Dodge and Roll","Cloak And Dagger"],"picked":"Accuracy","floor":10},{"not_picked":["Acrobatics","Deflect"],"picked":"Tactician","floor":12},{"not_picked":["Outmaneuver","Underhanded Strike","Glass Knife"],"picked":"SKIP","floor":13},{"not_picked":["Quick Slash","Prepared"],"picked":"Expertise","floor":14},{"not_picked":["Venomology","Storm of Steel"],"picked":"Tools of the Trade","floor":16},{"not_picked":["Tactician+1","Backflip"],"picked":"Cloak And Dagger+1","floor":18},{"not_picked":["Dodge and Roll","Poisoned Stab"],"picked":"Deflect+1","floor":20},{"not_picked":["Deflect","Sucker Punch","PiercingWail"],"picked":"SKIP","floor":21},{"not_picked":["Catalyst+1","Predator","Masterful Stab"],"picked":"SKIP","floor":22},{"not_picked":["Crippling Poison+1","Storm of Steel","Flechettes"],"picked":"SKIP","floor":24},{"not_picked":["Underhanded Strike","Acrobatics"],"picked":"Blade Dance+1","floor":25},{"not_picked":["Outmaneuver+1","Flying Knee","Poisoned Stab"],"picked":"SKIP","floor":27},{"not_picked":["Outmaneuver","Slice","Sucker Punch"],"picked":"SKIP","floor":28},{"not_picked":["Dagger Throw","PiercingWail","Flechettes"],"picked":"SKIP","floor":30},{"not_picked":["Cloak And Dagger","Flying Knee"],"picked":"Blade Dance+1","floor":35},{"not_picked":["Sucker Punch+1","Reflex"],"picked":"Tactician+1","floor":37},{"not_picked":["Sucker Punch+1","Caltrops"],"picked":"Prepared+1","floor":38},{"not_picked":["Concentrate+1","Dodge and Roll","Bouncing Flask+1"],"picked":"SKIP","floor":39},{"not_picked":["Slice+1","PiercingWail+1"],"picked":"After Image","floor":40},{"not_picked":["Heel Hook","Sucker Punch+1"],"picked":"Terror+1","floor":41},{"not_picked":["Deflect+1","Bane"],"picked":"Accuracy","floor":47}],"player_experience":92377,"relics_obtained":[{"floor":4.0,"key":"Ninja Scroll"},{"floor":6,"key":"Gremlin Horn"},{"floor":9,"key":"Art of War"},{"floor":10,"key":"Bottled Flame"},{"floor":24,"key":"Potion Belt"},{"floor":26,"key":"Boot"},{"floor":28,"key":"Anchor"},{"floor":40,"key":"Mummified Hand"},{"floor":43,"key":"Shuriken"}],"event_choices":[{"damage_healed":0,"gold_gain":0,"player_choice":"Bought 1 Potion","damage_taken":0,"max_hp_gain":0,"max_hp_loss":0,"event_name":"The Woman in Blue","floor":19,"gold_loss":0},{"damage_healed":0,"gold_gain":0,"player_choice":"Ignored","damage_taken":0,"max_hp_gain":0,"max_hp_loss":0,"event_name":"Tomb of Lord Red Mask","floor":44,"gold_loss":0},{"cards_removed":["Strike_G"],"damage_healed":0,"gold_gain":0,"player_choice":"Removed Attack","damage_taken":0,"max_hp_gain":0,"max_hp_loss":0,"event_name":"Falling","floor":45,"gold_loss":0}],"is_beta":false,"boss_relics":[{"not_picked":["Runic Pyramid","SacredBark"],"picked":"Runic Dome"},{"not_picked":["Snecko Eye","Cursed Key"],"picked":"HoveringKite"}],"items_purged_floors":[11,29,31,36],"is_endless":false,"potions_floor_spawned":[1,6,8,10,12,13,21,22,25,30,37,39,41,47],"ascension_level":4}}