{"host":"8i4doyxqctgl5qb0","time":1612818488,"event":{"mods":["AchievementEnabler","BaseMod","Block Reminder","Colored Powertips","Downfall","Minty Spire (QoL Compilation)","Permanent Neow","Potion Indicator Mod","Rare Cards Sparkle","StSLib","SuperFastMode","The Jungle"],"gold_per_floor":[116,116,134,149,149,149,163,176,176,176,176,202,235,248,248,248,248],"floor_reached":16,"language":"ZHS","playtime":585,"items_purged":[],"score":163,"play_id":"4f067e2e-5368-46bb-aa40-2f655f5b4275","local_time":"20210209050808","is_ascension_mode":true,"campfire_choices":[{"data":"Zap","floor":6.0,"key":"SMITH"},{"data":"Skim","floor":11,"key":"SMITH"},{"floor":15,"key":"REST"}],"circlet_count":0,"master_deck":["AscendersBane","Strike_B","Strike_B","Strike_B","Strike_B","Defend_B+1","Defend_B","Defend_B","Defend_B","Zap+1","Dualcast+1","Coolheaded","Blizzard","Skim+1","Leap","White Noise","Amplify"],"relics":["Cracked Core","Meat on the Bone","Odd Mushroom","Akabeko"],"acts_visited":["Exordium"],"potions_floor_usage":[16],"damage_taken":[{"damage":2.0,"enemies":"Jaw Worm","floor":1.0,"turns":3.0},{"damage":0.0,"enemies":"Cultist","floor":3.0,"turns":4.0},{"damage":0.0,"enemies":"Small Slimes","floor":4.0,"turns":4.0},{"damage":3.0,"enemies":"Blue Slaver","floor":7.0,"turns":6.0},{"damage":16.0,"enemies":"Large Slime","floor":8.0,"turns":8.0},{"damage":17,"enemies":"The Mushroom Lair","floor":12,"turns":5},{"damage":35,"enemies":"3 Sentries","floor":13,"turns":11},{"damage":7,"enemies":"2 Fungi Beasts","floor":14,"turns":3},{"damage":61,"enemies":"Hexaghost","floor":16,"turns":16}],"seed_played":"2376650209789948464","potions_obtained":[{"floor":12,"key":"SmokeBomb"},{"floor":14,"key":"SkillPotion"}],"is_trial":false,"path_per_floor":["M","?","M","M","?","R","M","M","T","?","R","?","E","M","R","B"],"character_chosen":"DEFECT","items_purchased":[],"campfire_rested":1,"item_purchase_floors":[],"current_hp_per_floor":[73,57,57,57,82,82,79,63,63,68,68,51,28,33,59,0,0],"gold":248,"neow_bonus":"TEN_PERCENT_HP_BONUS","is_daily":false,"chose_seed":false,"campfire_upgraded":2,"win_rate":0.0,"timestamp":1612818488,"path_taken":["M","?","M","M","?","R","?","M","T","?","R","?","E","M","R","BOSS"],"items_purchased_type":[],"build_version":"2020-12-22","purchased_purges":0,"victory":false,"max_hp_per_floor":[82,82,82,82,82,82,82,82,82,87,87,87,87,87,87,87,87],"card_choices":[{"not_picked":["Gash","Rebound"],"picked":"Coolheaded","floor":1.0},{"not_picked":["Ball Lightning","Fusion"],"picked":"Blizzard","floor":3.0},{"not_picked":["Rebound","Conserve Battery"],"picked":"Heatsinks","floor":4.0},{"not_picked":["Redo","Rip and Tear","Sweeping Beam"],"picked":"SKIP","floor":7.0},{"not_picked":["Redo","Rip and Tear","Sweeping Beam"],"picked":"SKIP","floor":7.0},{"not_picked":["Static Discharge","Ball Lightning"],"picked":"Skim","floor":8.0},{"not_picked":["Aggregate","Streamline"],"picked":"Leap","floor":12},{"not_picked":["Redo","Auto Shields"],"picked":"White Noise","floor":13},{"not_picked":["Cold Snap","Genetic Algorithm"],"picked":"Amplify","floor":14}],"player_experience":280206,"relics_obtained":[{"floor":9.0,"key":"Meat on the Bone"},{"floor":12,"key":"Odd Mushroom"},{"floor":13,"key":"Akabeko"}],"event_choices":[{"damage_healed":0.0,"max_hp_gain":0.0,"max_hp_loss":0.0,"gold_gain":0.0,"event_name":"Shining Light","player_choice":"Entered Light","floor":2.0,"gold_loss":0.0,"damage_taken":16.0,"cards_upgraded":["Dualcast","Defend_B"]},{"cards_removed":["Heatsinks"],"damage_healed":25.0,"max_hp_gain":0.0,"max_hp_loss":0.0,"gold_gain":0.0,"event_name":"Bonfire Elementals","player_choice":"Offered Uncommon","floor":5.0,"gold_loss":0.0,"damage_taken":0.0},{"damage_healed":0,"gold_gain":0,"player_choice":"Donut","damage_taken":0,"max_hp_gain":5,"max_hp_loss":0,"event_name":"Big Fish","floor":10,"gold_loss":0},{"damage_healed":0,"gold_gain":0,"player_choice":"Fought Mushrooms","damage_taken":0,"max_hp_gain":0,"max_hp_loss":0,"event_name":"Mushrooms","floor":12,"gold_loss":0}],"is_beta":false,"boss_relics":[],"items_purged_floors":[],"is_endless":false,"potions_floor_spawned":[12,14],"killed_by":"Hexaghost","ascension_level":12}}