{"host":"neeznpvpgo0qgfkd","time":1612764402,"event":{"mods":["AchievementEnabler","BaseMod","BetterRewards","Colored Map","Colored Powertips","Exacting","Minty Spire (QoL Compilation)","Permanent Neow","Quick Restart","Shop Mod"],"gold_per_floor":[133,133,144,144,175,206,206,216,239,270,287,315,315,350,350,447,447,465,203,203,214,214,214,243,243,243,273,283,300,315,368,368,368,368],"floor_reached":33,"language":"ENG","playtime":1322,"items_purged":[],"score":458,"play_id":"12919c6e-3971-4969-9611-809ecb9e7024","local_time":"20210208010642","is_ascension_mode":true,"campfire_choices":[{"data":"Flex","floor":7.0,"key":"SMITH"},{"data":"Inflame","floor":13.0,"key":"SMITH"},{"floor":15.0,"key":"RECALL"},{"data":"Armaments","floor":23.0,"key":"SMITH"},{"floor":25.0,"key":"REST"},{"floor":32.0,"key":"REST"}],"circlet_count":0,"master_deck":["Strike_R","Strike_R","Strike_R","Strike_R","Strike_R","Defend_R","Defend_R","Defend_R","Defend_R","Bash","Swift Strike","Cleave+1","Thunderclap","Flex+1","Flame Barrier","Inflame+1","Heavy Blade","Twin Strike","Armaments+1","CurseOfTheBell","Spot Weakness","Twin Strike+1","Clash+1","Demon Form","Iron Wave+1","Seeing Red+1"],"relics":["Burning Blood","Magic Flower","HandDrill","Vajra","Akabeko","PreservedInsect","Orichalcum","Calling Bell","Dream Catcher","Question Card","Ginger","Matryoshka","Omamori","Molten Egg 2","Bag of Preparation","Bottled Lightning","Bronze Scales","The Courier"],"acts_visited":["Exordium","TheCity"],"potions_floor_usage":[33],"damage_taken":[{"damage":0.0,"enemies":"Small Slimes","floor":1.0,"turns":3.0},{"damage":0.0,"enemies":"Cultist","floor":3.0,"turns":2.0},{"damage":3.0,"enemies":"2 Louse","floor":5.0,"turns":2.0},{"damage":15.0,"enemies":"Lagavulin","floor":6.0,"turns":3.0},{"damage":0.0,"enemies":"Exordium Thugs","floor":8.0,"turns":1.0},{"damage":0.0,"enemies":"3 Sentries","floor":10.0,"turns":3.0},{"damage":6.0,"enemies":"Large Slime","floor":11.0,"turns":4.0},{"damage":12.0,"enemies":"Lots of Slimes","floor":12.0,"turns":3.0},{"damage":20.0,"enemies":"Lagavulin","floor":14.0,"turns":3.0},{"damage":39.0,"enemies":"Hexaghost","floor":16.0,"turns":6.0},{"damage":1.0,"enemies":"Spheric Guardian","floor":18.0,"turns":3.0},{"damage":23.0,"enemies":"2 Thieves","floor":21.0,"turns":3.0},{"damage":25.0,"enemies":"Gremlin Leader","floor":24.0,"turns":3.0},{"damage":35.0,"enemies":"Book of Stabbing","floor":27.0,"turns":4.0},{"damage":24.0,"enemies":"Sentry and Sphere","floor":28.0,"turns":4.0},{"damage":26.0,"enemies":"Centurion and Healer","floor":29.0,"turns":5.0},{"damage":15.0,"enemies":"Snake Plant","floor":30.0,"turns":2.0},{"damage":10.0,"enemies":"Gremlin Leader","floor":31.0,"turns":4.0},{"damage":51,"enemies":"Collector","floor":33,"turns":5}],"seed_played":"-6854604301184190684","potions_obtained":[{"floor":3.0,"key":"DuplicationPotion"},{"floor":5.0,"key":"Regen Potion"},{"floor":6.0,"key":"SteroidPotion"},{"floor":12.0,"key":"SteroidPotion"},{"floor":14.0,"key":"Fire Potion"},{"floor":24.0,"key":"Strength Potion"},{"floor":27.0,"key":"Swift Potion"},{"floor":28.0,"key":"EssenceOfSteel"},{"floor":29.0,"key":"LiquidBronze"}],"is_trial":false,"path_per_floor":["M","?","M","$","M","E","R","M","T","E","M","M","R","E","R","B",null,"M","$","?","M","?","R","E","R","T","E","M","M","M","E","R","B"],"character_chosen":"IRONCLAD","items_purchased":["HandDrill","Fruit Juice","Vajra","Swift Strike","DistilledChaos","Matryoshka"],"campfire_rested":2,"item_purchase_floors":[0,0,0,0,0,19],"current_hp_per_floor":[80,80,85,85,85,79,79,85,85,85,85,82,82,71,71,63,80,85,85,85,71,71,71,55,80,80,54,39,22,16,15,40,0,0],"gold":368,"neow_bonus":"","is_daily":false,"chose_seed":false,"campfire_upgraded":3,"win_rate":0.0,"timestamp":1612764402,"path_taken":["M","?","M","?","M","E","R","M","T","E","?","M","R","E","R","BOSS","M","$","?","M","?","R","E","R","T","E","M","M","?","E","R","BOSS"],"items_purchased_type":["Relic","Potion","Relic","Card","Potion","Relic"],"build_version":"2020-12-22","purchased_purges":0,"victory":false,"max_hp_per_floor":[80,80,85,85,85,85,85,85,85,85,85,85,85,85,85,85,85,85,85,85,85,85,85,85,85,85,85,85,85,85,85,85,85,85],"card_choices":[{"not_picked":["Combust","Shrug It Off"],"picked":"Cleave","floor":1.0},{"not_picked":["Pommel Strike","Havoc"],"picked":"Thunderclap","floor":3.0},{"not_picked":["Anger","Intimidate"],"picked":"Flex","floor":5.0},{"not_picked":["Burning Pact","Second Wind"],"picked":"Flame Barrier","floor":6.0},{"not_picked":["Havoc","Pommel Strike","Searing Blow"],"picked":"SKIP","floor":6.0},{"not_picked":["Dark Embrace","Armaments"],"picked":"Inflame","floor":8.0},{"not_picked":["Barricade","Headbutt"],"picked":"Heavy Blade","floor":10.0},{"not_picked":["Carnage","Headbutt","Feel No Pain"],"picked":"SKIP","floor":10.0},{"not_picked":["Disarm","Blood for Blood","Sentinel"],"picked":"SKIP","floor":11.0},{"not_picked":["Warcry","Iron Wave"],"picked":"Twin Strike","floor":12.0},{"not_picked":["Pommel Strike","Iron Wave"],"picked":"Armaments","floor":14.0},{"not_picked":["Intimidate","Flex","Seeing Red"],"picked":"Spot Weakness","floor":18.0},{"not_picked":["Combust","Pommel Strike","Warcry"],"picked":"Twin Strike+1","floor":21.0},{"not_picked":["True Grit+1","Heavy Blade+1","Uppercut+1","Rampage+1"],"picked":"SKIP","floor":24.0},{"not_picked":["Flame Barrier","Clothesline+1","Shrug It Off+1"],"picked":"Clash+1","floor":25.0},{"not_picked":["Spot Weakness+1","Thunderclap+1","Blood for Blood+1"],"picked":"Demon Form","floor":27.0},{"not_picked":["Warcry","Wild Strike+1","Shrug It Off","Seeing Red"],"picked":"SKIP","floor":28.0},{"not_picked":["Searing Blow+1","Heavy Blade+1","Twin Strike+1"],"picked":"Iron Wave+1","floor":29.0},{"not_picked":["Cleave+1","Rupture+1","Warcry","True Grit"],"picked":"SKIP","floor":30.0},{"not_picked":["Burning Pact+1","Battle Trance","Uppercut+1","Second Wind"],"picked":"SKIP","floor":31.0},{"not_picked":["Shrug It Off","Uppercut+1","Entrench"],"picked":"Seeing Red+1","floor":32.0}],"player_experience":1332906,"relics_obtained":[{"floor":6.0,"key":"Akabeko"},{"floor":10.0,"key":"PreservedInsect"},{"floor":14.0,"key":"Orichalcum"},{"floor":17.0,"key":"Dream Catcher"},{"floor":17.0,"key":"Question Card"},{"floor":17.0,"key":"Ginger"},{"floor":24.0,"key":"Molten Egg 2"},{"floor":26.0,"key":"Bag of Preparation"},{"floor":26.0,"key":"Bottled Lightning"},{"floor":27.0,"key":"Bronze Scales"},{"floor":31.0,"key":"The Courier"}],"event_choices":[{"damage_healed":0.0,"max_hp_gain":0.0,"max_hp_loss":0.0,"gold_gain":0.0,"event_name":"Upgrade Shrine","player_choice":"Upgraded","floor":2.0,"gold_loss":0.0,"damage_taken":0.0,"cards_upgraded":["Cleave"]},{"damage_healed":0.0,"max_hp_gain":0.0,"max_hp_loss":0.0,"gold_gain":0.0,"event_name":"Vampires","player_choice":"Ignored","floor":20.0,"gold_loss":0.0,"damage_taken":0.0},{"damage_healed":0.0,"max_hp_gain":0.0,"max_hp_loss":0.0,"gold_gain":0.0,"event_name":"WeMeetAgain","player_choice":"Gave Potion","floor":22.0,"gold_loss":0.0,"damage_taken":0.0,"relics_obtained":["Omamori"]}],"is_beta":false,"boss_relics":[{"not_picked":["Cursed Key","Coffee Dripper"],"picked":"Calling Bell"}],"items_purged_floors":[],"is_endless":false,"potions_floor_spawned":[3,5,6,14,24,27,28,29],"killed_by":"Collector","ascension_level":6}}