{"host":"rmt60uil2jppa14k","time":1612799121,"event":{"mods":["AchievementEnabler","BaseMod","Better Third Choice","Colored Powertips","Highlight Path","Minty Spire (QoL Compilation)","Quick Restart","Rare Cards Sparkle","Shop Mod","StSLib"],"gold_per_floor":[119,46,57,57,69,95,12,12,82,95,15,15,80,100,100,224,224,238,255,255,255],"floor_reached":20,"language":"ENG","playtime":601,"items_purged":[],"score":174,"play_id":"6472a1ec-6ce1-466f-9ee1-f72da50e0e7e","local_time":"20210208154521","is_ascension_mode":false,"campfire_choices":[{"floor":8.0,"key":"REST"},{"floor":12.0,"key":"REST"},{"floor":15.0,"key":"REST"}],"circlet_count":0,"master_deck":["Strike_B","Strike_B","Strike_B","Strike_B","Defend_B","Defend_B","Defend_B","Defend_B","Zap","Dualcast","Redo","Redo","Barrage","Ball Lightning","Stack","Go for the Eyes","Self Repair","Leap","Hello World","Capacitor","Double Energy","Loop","Core Surge","Heatsinks","Tempest"],"relics":["Cracked Core","Centennial Puzzle","Kunai","Vajra"],"acts_visited":["Exordium","TheCity"],"potions_floor_usage":[],"damage_taken":[{"damage":1.0,"enemies":"Cultist","floor":1.0,"turns":3.0},{"damage":7.0,"enemies":"2 Louse","floor":3.0,"turns":2.0},{"damage":6.0,"enemies":"Jaw Worm","floor":5.0,"turns":2.0},{"damage":24.0,"enemies":"Lagavulin","floor":6.0,"turns":5.0},{"damage":7.0,"enemies":"Gremlin Gang","floor":10.0,"turns":4.0},{"damage":26.0,"enemies":"Gremlin Nob","floor":13.0,"turns":4.0},{"damage":17.0,"enemies":"Blue Slaver","floor":14.0,"turns":4.0},{"damage":19.0,"enemies":"The Guardian","floor":16.0,"turns":9.0},{"damage":32,"enemies":"2 Thieves","floor":18,"turns":4},{"damage":10,"enemies":"Chosen","floor":19,"turns":5},{"damage":43,"enemies":"3 Cultists","floor":20,"turns":4}],"seed_played":"-264731614475841716","potions_obtained":[{"floor":0.0,"key":"EntropicBrew"},{"floor":0.0,"key":"PotionOfCapacity"},{"floor":0.0,"key":"DuplicationPotion"},{"floor":10.0,"key":"Explosive Potion"},{"floor":13.0,"key":"Strength Potion"},{"floor":14.0,"key":"PotionOfCapacity"}],"is_trial":false,"path_per_floor":["M","$","M","?","M","E","$","R","T","M","$","R","?","M","R","B",null,"M","M","M"],"character_chosen":"DEFECT","items_purchased":["Redo","Barrage","Self Repair","Leap","Capacitor"],"campfire_rested":3,"item_purchase_floors":[2,2,7,7,11],"current_hp_per_floor":[74,74,67,67,61,37,37,59,59,52,52,74,48,31,53,34,75,43,40,0,0],"gold":255,"neow_bonus":"THREE_SMALL_POTIONS","is_daily":false,"chose_seed":false,"campfire_upgraded":0,"win_rate":0.0,"timestamp":1612799121,"path_taken":["M","$","M","?","M","E","$","R","T","M","$","R","?","M","R","BOSS","M","M","M"],"items_purchased_type":["Card","Card","Card","Card","Card"],"build_version":"2020-12-22","purchased_purges":0,"victory":false,"max_hp_per_floor":[75,75,75,75,75,75,75,75,75,75,75,75,75,75,75,75,75,75,75,75,75],"card_choices":[{"not_picked":["Conserve Battery","Steam"],"picked":"Redo","floor":1.0},{"not_picked":["Sunder","Conserve Battery"],"picked":"Ball Lightning","floor":3.0},{"not_picked":["Cold Snap","Hologram"],"picked":"Stack","floor":5.0},{"not_picked":["Lockon","Chill"],"picked":"Go for the Eyes","floor":6.0},{"not_picked":["Sweeping Beam","Redo"],"picked":"Hello World","floor":10.0},{"not_picked":["White Noise","Rebound"],"picked":"Double Energy","floor":13.0},{"not_picked":["Hologram","Steam"],"picked":"Loop","floor":14.0},{"not_picked":["Meteor Strike","Multi-Cast"],"picked":"Core Surge","floor":16.0},{"not_picked":["Compile Driver+1","Redo"],"picked":"Heatsinks","floor":18},{"not_picked":["Ball Lightning","Cold Snap"],"picked":"Tempest","floor":19}],"player_experience":146251,"relics_obtained":[{"floor":6.0,"key":"Centennial Puzzle"},{"floor":9.0,"key":"Kunai"},{"floor":13.0,"key":"Vajra"}],"event_choices":[{"damage_healed":0.0,"max_hp_gain":0.0,"max_hp_loss":0.0,"gold_gain":0.0,"event_name":"Golden Wing","player_choice":"Ignored","floor":4.0,"gold_loss":0.0,"damage_taken":0.0},{"damage_healed":0.0,"max_hp_gain":0.0,"max_hp_loss":0.0,"gold_gain":0.0,"event_name":"Dead Adventurer","player_choice":"Searched \u00271\u0027 times","floor":13.0,"gold_loss":0.0,"damage_taken":0.0}],"is_beta":false,"boss_relics":[{"not_picked":["Empty Cage","Philosopher\u0027s Stone","FrozenCore"]}],"items_purged_floors":[],"is_endless":false,"potions_floor_spawned":[10,13,14],"killed_by":"3 Cultists","ascension_level":0}}