{"host":"z439itq93uucuvou","time":1612787485,"event":{"mods":["BaseMod","Colored Powertips","Jorbs\u0027s Wanderer Trilogy","Minty Spire (QoL Compilation)","StSLib"],"gold_per_floor":[115,141,156,167,179,179,214,214,214,246,315,280,294,294,306,390,402,437,217,217,257,271,271,271,271],"floor_reached":24,"language":"ENG","playtime":1315,"items_purged":["stsjorbsmod:Strike_Wanderer"],"score":416,"play_id":"511f35ce-55da-4389-805f-076b01fe2771","local_time":"20210208043125","is_ascension_mode":true,"campfire_choices":[{"data":"stsjorbsmod:TollTheDead","floor":6,"key":"SMITH"},{"data":"stsjorbsmod:Prestidigitation","floor":8,"key":"SMITH"},{"data":"stsjorbsmod:EyeOfTheStorm","floor":15,"key":"SMITH"},{"data":"stsjorbsmod:TrueStrike","floor":23,"key":"SMITH"}],"circlet_count":0,"master_deck":["AscendersBane","stsjorbsmod:ForbiddenGrimoire+1","stsjorbsmod:Strike_Wanderer","stsjorbsmod:Strike_Wanderer+1","stsjorbsmod:Strike_Wanderer+1","stsjorbsmod:Defend_Wanderer","stsjorbsmod:Defend_Wanderer","stsjorbsmod:Defend_Wanderer","stsjorbsmod:Defend_Wanderer","stsjorbsmod:FreshAdventure","stsjorbsmod:EyeOfTheStorm+1","stsjorbsmod:SchoolsOfMagic","stsjorbsmod:TollTheDead+1","stsjorbsmod:ColorSpray+1","stsjorbsmod:Prestidigitation+1","stsjorbsmod:MirrorImage","stsjorbsmod:WanderingMind","stsjorbsmod:FranticSearch","stsjorbsmod:FlameWard","stsjorbsmod:IvoryTower","stsjorbsmod:TrueStrike+1","stsjorbsmod:Message+1","stsjorbsmod:Withdraw"],"relics":["SacredBark","Regal Pillow","Whetstone","stsjorbsmod:AlchemistsFireRelic","Ice Cream","Cursed Key","ClockworkSouvenir","Nloth\u0027s Gift"],"acts_visited":["Exordium","TheCity"],"potions_floor_usage":[7,16,16],"damage_taken":[{"damage":1,"enemies":"Cultist","floor":1,"turns":4},{"damage":0,"enemies":"2 Louse","floor":3,"turns":4},{"damage":10,"enemies":"Small Slimes","floor":4,"turns":4},{"damage":7,"enemies":"Exordium Wildlife","floor":5,"turns":4},{"damage":15,"enemies":"3 Sentries","floor":7,"turns":7},{"damage":5,"enemies":"Gremlin Nob","floor":10,"turns":3},{"damage":0,"enemies":"Lots of Slimes","floor":11,"turns":1},{"damage":0,"enemies":"3 Louse","floor":13,"turns":1},{"damage":21,"enemies":"The Guardian","floor":16,"turns":8},{"damage":11,"enemies":"Chosen","floor":18,"turns":4},{"damage":14,"enemies":"2 Thieves","floor":21,"turns":4},{"damage":0,"enemies":"3 Cultists","floor":22,"turns":4},{"damage":29,"enemies":"Snake Plant","floor":24,"turns":2}],"seed_played":"-4325628073346035450","potions_obtained":[{"floor":3,"key":"SteroidPotion"},{"floor":11,"key":"Strength Potion"},{"floor":13,"key":"AttackPotion"},{"floor":16,"key":"LiquidMemories"},{"floor":18,"key":"EssenceOfSteel"},{"floor":22,"key":"Strength Potion"}],"is_trial":false,"path_per_floor":["M","T","M","M","M","R","E","R","T","E","M","?","M","?","R","B",null,"M","$","?","M","M","R","M"],"character_chosen":"WANDERER","items_purchased":["ClockworkSouvenir"],"campfire_rested":0,"item_purchase_floors":[19],"current_hp_per_floor":[57,57,57,47,40,40,25,25,25,20,20,36,36,36,36,15,52,41,41,41,27,27,27,0,0],"gold":271,"neow_bonus":"BOSS_RELIC","is_daily":false,"chose_seed":false,"campfire_upgraded":4,"win_rate":0.0,"timestamp":1612787485,"path_taken":["M","?","M","?","?","R","E","R","T","E","M","?","M","?","R","BOSS","M","$","?","M","M","R","?"],"items_purchased_type":["Relic"],"build_version":"2020-12-22","purchased_purges":1,"victory":false,"max_hp_per_floor":[64,64,64,64,64,64,64,64,64,64,64,64,64,64,64,64,64,64,64,64,64,64,64,64,64],"card_choices":[{"not_picked":["stsjorbsmod:FracturedMind","stsjorbsmod:MistyStep"],"picked":"stsjorbsmod:SchoolsOfMagic","floor":1},{"not_picked":["stsjorbsmod:Prestidigitation","stsjorbsmod:ChatteringStrike"],"picked":"stsjorbsmod:TollTheDead","floor":3},{"not_picked":["stsjorbsmod:LoseGrip","stsjorbsmod:Materialize"],"picked":"stsjorbsmod:ColorSpray","floor":4},{"not_picked":["stsjorbsmod:BurningFlask","stsjorbsmod:Materialize"],"picked":"stsjorbsmod:Prestidigitation","floor":5},{"not_picked":["stsjorbsmod:Aid","stsjorbsmod:BurningFlask"],"picked":"stsjorbsmod:MirrorImage","floor":7},{"not_picked":["stsjorbsmod:WeightOfMemory","stsjorbsmod:Will"],"picked":"stsjorbsmod:WanderingMind","floor":10},{"not_picked":["stsjorbsmod:LoseGrip","stsjorbsmod:Hibernate"],"picked":"stsjorbsmod:FranticSearch","floor":11},{"not_picked":["stsjorbsmod:FindFamiliar","stsjorbsmod:Counterspell"],"picked":"stsjorbsmod:FlameWard","floor":13},{"not_picked":["stsjorbsmod:PurgeMind","stsjorbsmod:Feast"],"picked":"stsjorbsmod:IvoryTower","floor":16},{"not_picked":["stsjorbsmod:ChatteringStrike","stsjorbsmod:Index+1"],"picked":"stsjorbsmod:TrueStrike","floor":18},{"not_picked":["stsjorbsmod:DoubleCheck","stsjorbsmod:MistyStep+1"],"picked":"stsjorbsmod:Message+1","floor":21},{"not_picked":["stsjorbsmod:SiphonEnergy","stsjorbsmod:DoubleCheck"],"picked":"stsjorbsmod:Withdraw","floor":22}],"player_experience":1484695,"relics_obtained":[{"floor":2,"key":"Regal Pillow"},{"floor":7,"key":"Whetstone"},{"floor":9,"key":"stsjorbsmod:AlchemistsFireRelic"},{"floor":10,"key":"Ice Cream"}],"event_choices":[{"damage_healed":16,"gold_gain":0,"player_choice":"Healed","damage_taken":0,"max_hp_gain":0,"max_hp_loss":0,"event_name":"The Cleric","floor":12,"gold_loss":35},{"damage_healed":0,"gold_gain":0,"player_choice":"Searched \u00272\u0027 times","damage_taken":0,"relics_obtained":["MawBank"],"max_hp_gain":0,"max_hp_loss":0,"event_name":"Dead Adventurer","floor":14,"gold_loss":0},{"damage_healed":0,"gold_gain":0,"player_choice":"Traded Relic","damage_taken":0,"relics_obtained":["Nloth\u0027s Gift"],"max_hp_gain":0,"max_hp_loss":0,"event_name":"N\u0027loth","floor":20,"relics_lost":["MawBank"],"gold_loss":0}],"is_beta":false,"boss_relics":[{"not_picked":["Sozu","Runic Dome"],"picked":"Cursed Key"}],"items_purged_floors":[19],"is_endless":false,"potions_floor_spawned":[3,11,13,16,18,22],"killed_by":"Snake Plant","ascension_level":20}}