{"host":"aelxjre69umlx7r4","time":1612824756,"event":{"mods":["AchievementEnabler","BaseMod","Colored Map","DeckTracker","Highlight Path","Keyboard Shortcuts","Minty Spire (QoL Compilation)","Permanent Neow","SuperFastMode"],"gold_per_floor":[17,17,42,42,42,82,96,114,114,145,161,180,214,233,233,353,353,373,99,120,120,70,105,105,121,147,170,195,219,232,266,266,392,392,415,430,449,399,412,412,430,430,481,237,251,251,289,634,646,658,670,682,97,127,127],"floor_reached":56,"language":"KOR","playtime":5180,"items_purged":["Strike_G","Shame","Defend_G","Defend_G","Defend_G"],"score":1283,"play_id":"cb27067b-1860-4c9b-bb1e-bec0c909a073","local_time":"20210209075236","is_ascension_mode":true,"campfire_choices":[{"data":"Apotheosis","floor":15.0,"key":"SMITH"},{"data":"Phantasmal Killer","floor":24.0,"key":"SMITH"},{"floor":32.0,"key":"REST"},{"floor":40.0,"key":"RECALL"},{"data":"Acrobatics","floor":42.0,"key":"SMITH"},{"data":"Adrenaline","floor":46.0,"key":"SMITH"},{"floor":49.0,"key":"REST"},{"data":"Reflex","floor":52.0,"key":"SMITH"}],"circlet_count":0,"master_deck":["Defend_G","Defend_G","Survivor","Neutralize","Apotheosis+1","Choke","Concentrate","Adrenaline+1","Cloak And Dagger","Finisher","Cloak And Dagger","Noxious Fumes","Reflex+1","Phantasmal Killer+1","Catalyst+1","Concentrate+1","Acrobatics+1","PiercingWail+1","Caltrops","Backflip","Escape Plan+1","Footwork+1","Backflip","Eviscerate+1","Envenom","Prepared+1","Acrobatics+1","Backflip","Expertise+1","Terror","Sadistic Nature"],"relics":["Ring of the Snake","Shuriken","Vajra","Meat on the Bone","Odd Mushroom","Smiling Mask","Astrolabe","Sling","MealTicket","Ornamental Fan","Kunai","WristBlade","Strawberry","Bronze Scales","MawBank","Pen Nib","Bottled Flame"],"acts_visited":["Exordium","TheCity","TheBeyond","TheEnding"],"potions_floor_usage":[55,55],"damage_taken":[{"damage":0.0,"enemies":"Jaw Worm","floor":1.0,"turns":4.0},{"damage":0.0,"enemies":"Small Slimes","floor":3.0,"turns":4.0},{"damage":8.0,"enemies":"3 Sentries","floor":6.0,"turns":12.0},{"damage":0.0,"enemies":"2 Louse","floor":7.0,"turns":2.0},{"damage":2.0,"enemies":"Looter","floor":8.0,"turns":3.0},{"damage":2.0,"enemies":"The Mushroom Lair","floor":10.0,"turns":3.0},{"damage":2.0,"enemies":"Large Slime","floor":11.0,"turns":4.0},{"damage":0.0,"enemies":"Blue Slaver","floor":12.0,"turns":3.0},{"damage":10.0,"enemies":"Lagavulin","floor":13.0,"turns":4.0},{"damage":0.0,"enemies":"Exordium Thugs","floor":14.0,"turns":4.0},{"damage":16.0,"enemies":"Hexaghost","floor":16.0,"turns":8.0},{"damage":10.0,"enemies":"2 Thieves","floor":18.0,"turns":3.0},{"damage":0.0,"enemies":"Shell Parasite","floor":20.0,"turns":5.0},{"damage":29.0,"enemies":"Gremlin Leader","floor":23.0,"turns":4.0},{"damage":6.0,"enemies":"Shelled Parasite and Fungi","floor":25.0,"turns":4.0},{"damage":4.0,"enemies":"Centurion and Healer","floor":27.0,"turns":3.0},{"damage":0.0,"enemies":"3 Cultists","floor":28.0,"turns":5.0},{"damage":2.0,"enemies":"Sentry and Sphere","floor":29.0,"turns":4.0},{"damage":4.0,"enemies":"Snake Plant","floor":30.0,"turns":3.0},{"damage":20.0,"enemies":"Slavers","floor":31.0,"turns":5.0},{"damage":15.0,"enemies":"Champ","floor":33.0,"turns":13.0},{"damage":22.0,"enemies":"3 Darklings","floor":35.0,"turns":5.0},{"damage":6.0,"enemies":"Orb Walker","floor":36.0,"turns":5.0},{"damage":11.0,"enemies":"Jaw Worm Horde","floor":37.0,"turns":3.0},{"damage":0.0,"enemies":"Transient","floor":39.0,"turns":5.0},{"damage":16.0,"enemies":"Spire Growth","floor":41.0,"turns":4.0},{"damage":4.0,"enemies":"Sphere and 2 Shapes","floor":45.0,"turns":3.0},{"damage":43.0,"enemies":"Nemesis","floor":47.0,"turns":4.0},{"damage":39.0,"enemies":"Awakened One","floor":50.0,"turns":6.0},{"damage":0.0,"enemies":"Shield and Spear","floor":54.0,"turns":3.0},{"damage":36,"enemies":"The Heart","floor":55,"turns":6}],"seed_played":"9120724802099888607","potions_obtained":[{"floor":1.0,"key":"EntropicBrew"},{"floor":3.0,"key":"SteroidPotion"},{"floor":7.0,"key":"LiquidMemories"},{"floor":10.0,"key":"Swift Potion"},{"floor":16.0,"key":"Explosive Potion"},{"floor":25.0,"key":"CultistPotion"},{"floor":31.0,"key":"BlessingOfTheForge"},{"floor":37.0,"key":"Fire Potion"},{"floor":45.0,"key":"Strength Potion"}],"is_trial":false,"path_per_floor":["M","?","M","?","?","E","M","M","T","?","M","M","E","M","R","B",null,"M","$","M","?","$","E","R","M","T","M","M","M","M","E","R","B",null,"M","M","M","$","M","R","M","R","T","$","M","R","E","?","R","B",null,"R","$","E","B",null],"character_chosen":"THE_SILENT","items_purchased":["Sling","Caltrops","Bronze Scales","Backflip","Fruit Juice","Energy Potion","Terror","Sadistic Nature","Dexterity Potion","Pen Nib"],"campfire_rested":2,"item_purchase_floors":[19,19,44,44,53,53,53,53,53,53],"current_hp_per_floor":[70,53,53,28,28,20,20,18,18,28,38,38,40,40,40,36,70,60,60,60,60,70,41,41,47,47,43,43,41,37,29,50,47,70,48,42,43,58,58,58,42,42,49,64,60,60,29,29,52,25,77,77,82,82,46],"gold":127,"neow_bonus":"RANDOM_COLORLESS_2","is_daily":false,"chose_seed":false,"campfire_upgraded":5,"win_rate":0.0,"timestamp":1612824756,"path_taken":["M","?","M","?","?","E","M","M","T","?","?","M","E","M","R","BOSS","M","$","M","?","$","E","R","M","T","M","M","M","M","E","R","BOSS","M","M","M","$","M","R","M","R","T","$","M","R","E","?","R","BOSS","R","$","E","BOSS"],"items_purchased_type":["Relic","Card","Relic","Card","Potion","Potion","Card","Card","Potion","Relic"],"build_version":"2020-12-22","purchased_purges":5,"victory":true,"max_hp_per_floor":[70,70,70,70,70,70,70,70,70,70,70,70,70,70,70,70,70,70,70,70,70,70,70,70,70,70,70,70,70,70,70,70,70,70,70,70,70,70,70,70,70,70,77,77,77,77,77,77,77,77,77,77,82,82,82],"card_choices":[{"not_picked":["Panache","Magnetism"],"picked":"Apotheosis","floor":0.0},{"not_picked":["Blade Dance","Quick Slash"],"picked":"Choke","floor":1.0},{"not_picked":["Deflect","Predator"],"picked":"Concentrate","floor":3.0},{"not_picked":["Deadly Poison","Sucker Punch"],"picked":"Adrenaline","floor":6.0},{"not_picked":["Choke","Dagger Spray"],"picked":"Cloak And Dagger","floor":7.0},{"not_picked":["Catalyst","Dodge and Roll"],"picked":"Finisher","floor":8.0},{"not_picked":["Eviscerate","Poisoned Stab"],"picked":"Cloak And Dagger","floor":10.0},{"not_picked":["Dodge and Roll","All Out Attack"],"picked":"Noxious Fumes","floor":11.0},{"not_picked":["Deadly Poison","Dagger Spray","Noxious Fumes"],"picked":"SKIP","floor":12.0},{"not_picked":["Prepared","Flying Knee"],"picked":"Reflex","floor":13.0},{"not_picked":["Quick Slash","Slice","Poisoned Stab"],"picked":"SKIP","floor":14.0},{"not_picked":["Burst","Night Terror"],"picked":"Phantasmal Killer","floor":16.0},{"not_picked":["Dagger Spray","Outmaneuver"],"picked":"PiercingWail+1","floor":18.0},{"not_picked":["Slice","Cloak And Dagger","Underhanded Strike"],"picked":"SKIP","floor":20.0},{"not_picked":["Acrobatics","Bane"],"picked":"Backflip","floor":23.0},{"not_picked":["Flying Knee","Slice"],"picked":"Escape Plan+1","floor":25.0},{"not_picked":["Masterful Stab+1","Reflex+1"],"picked":"Footwork+1","floor":27.0},{"not_picked":["Quick Slash","Sucker Punch","Outmaneuver+1"],"picked":"SKIP","floor":28.0},{"not_picked":["Deadly Poison","Flying Knee"],"picked":"Backflip","floor":29.0},{"not_picked":["Predator","Noxious Fumes","Outmaneuver+1"],"picked":"SKIP","floor":30.0},{"not_picked":["Corpse Explosion","Dodge and Roll+1"],"picked":"Eviscerate+1","floor":31.0},{"not_picked":["Bullet Time","Night Terror"],"picked":"Envenom","floor":33.0},{"not_picked":["Masterful Stab","Deflect+1","Slice"],"picked":"SKIP","floor":35.0},{"not_picked":["Poisoned Stab+1","Leg Sweep","Finisher"],"picked":"SKIP","floor":36.0},{"not_picked":["Dagger Throw","Endless Agony"],"picked":"Prepared+1","floor":37.0},{"not_picked":["Dagger Throw","Deadly Poison+1","Flying Knee+1"],"picked":"SKIP","floor":39.0},{"not_picked":["Deflect","Leg Sweep"],"picked":"Acrobatics","floor":41.0},{"not_picked":["Bouncing Flask","Backflip","Unload"],"picked":"SKIP","floor":45.0},{"not_picked":["Outmaneuver","Footwork"],"picked":"Expertise+1","floor":47.0},{"not_picked":["Outmaneuver","Setup+1","Backflip+1"],"picked":"SKIP","floor":54.0}],"player_experience":416934,"relics_obtained":[{"floor":6.0,"key":"Vajra"},{"floor":9.0,"key":"Meat on the Bone"},{"floor":10.0,"key":"Odd Mushroom"},{"floor":13.0,"key":"Smiling Mask"},{"floor":23.0,"key":"Ornamental Fan"},{"floor":31.0,"key":"Kunai"},{"floor":43.0,"key":"Strawberry"},{"floor":47.0,"key":"MawBank"},{"floor":54.0,"key":"Bottled Flame"}],"event_choices":[{"damage_healed":0.0,"max_hp_gain":0.0,"max_hp_loss":0.0,"gold_gain":0.0,"event_name":"Golden Idol","player_choice":"Take Damage","floor":2.0,"gold_loss":0.0,"damage_taken":17.0,"relics_obtained":["Golden Idol"]},{"damage_healed":0.0,"max_hp_gain":0.0,"max_hp_loss":0.0,"gold_gain":0.0,"event_name":"Scrap Ooze","player_choice":"Success","floor":4.0,"gold_loss":0.0,"damage_taken":25.0,"relics_obtained":["Shuriken"]},{"cards_removed":["Strike_G"],"damage_healed":0.0,"max_hp_gain":0.0,"max_hp_loss":0.0,"gold_gain":0.0,"event_name":"Living Wall","player_choice":"Forget","floor":5.0,"gold_loss":0.0,"damage_taken":0.0},{"damage_healed":0.0,"max_hp_gain":0.0,"max_hp_loss":0.0,"gold_gain":0.0,"event_name":"Mushrooms","player_choice":"Fought Mushrooms","floor":10.0,"gold_loss":0.0,"damage_taken":0.0},{"damage_healed":0.0,"max_hp_gain":0.0,"max_hp_loss":0.0,"gold_gain":0.0,"event_name":"Addict","player_choice":"Stole Relic","floor":21.0,"gold_loss":0.0,"damage_taken":0.0,"relics_obtained":["MealTicket"],"cards_obtained":["Shame"]},{"damage_healed":0.0,"max_hp_gain":0.0,"max_hp_loss":0.0,"gold_gain":333.0,"event_name":"The Moai Head","player_choice":"Gave Idol","floor":48.0,"relics_lost":["Golden Idol"],"gold_loss":0.0,"damage_taken":0.0}],"is_beta":false,"boss_relics":[{"not_picked":["Runic Dome","Cursed Key"],"picked":"Astrolabe"},{"not_picked":["Runic Pyramid","HoveringKite"],"picked":"WristBlade"}],"items_purged_floors":[19,22,38,44,53],"is_endless":false,"potions_floor_spawned":[1,3,7,10,16,18,20,25,31,37,45],"ascension_level":1}}