{"host":"o3b7ow6d1xe49css","time":1612775117,"event":{"mods":["Act Like it!","Aspiration","BaseMod","Bestiary","Better Altar","Better Match","Better Note","Better Sensory Stone","Better Skull","Better Third Choice","Colored Powertips","Conspire","Energized Spire","Force Act Four","GifTheSpireLib","Halation","Hermit","Hubris","Infinite Spire","Lobotomy","Minty Spire (QoL Compilation)","Quick Restart","Rare Cards Sparkle","Relic Filter Mod","Reliquary","Replay The Spire","Spicy Shops","Spikes Relics","Spire Arcade","StSLib","Stuff the Spire","The Blue Laboratory","Wandering Minibosses"],"gold_per_floor":[110,129,146,146,161,161,161,194,219,232,232,266,28,53,53,155,155,172,182,182,182,78,78,113,125,151,184,184,184,184,184,184,280,280,298,298,50,50,97,130,130,106,130,130,5,5,5,22,22,127,127,127,25,51,153],"floor_reached":56,"language":"ENG","playtime":2240,"items_purged":["hubris:Greed","Strike_B","Strike_B","Strike_B","Defend_B"],"score":1663,"play_id":"b0fca7d3-13e3-40f0-b30d-8012dfd1cc8e","local_time":"20210208000517","daily_mods":["Heirloom","Flight"],"is_ascension_mode":true,"campfire_choices":[{"data":"Gash","floor":6,"key":"SMITH"},{"data":"Zap","floor":7,"key":"SMITH"},{"data":"hubris:PowerSurge","floor":11,"key":"SMITH"},{"data":"Loop","floor":15,"key":"SMITH"},{"floor":23,"key":"REST"},{"floor":28,"key":"REST"},{"floor":30,"key":"RECALL"},{"data":"FIFO Queue","floor":32,"key":"SMITH"},{"floor":41,"key":"REST"},{"floor":44,"key":"REST"},{"data":"infinitespire:NeuralNetwork","floor":47,"key":"SMITH"},{"data":"Coolheaded","floor":49,"key":"SMITH"},{"data":"StuffTheSpire:BrainWave","floor":52,"key":"SMITH"}],"circlet_count":0,"master_deck":["Defend_B","Defend_B","Defend_B","Zap+1","Dualcast","Leap","Gash+1","UniverseFragment","Sweeping Beam","hubris:PowerSurge+1","Echo Form","Loop+1","Hologram","Biased Cognition+1","Cold Snap","Coolheaded","FIFO Queue+1","infinitespire:NeuralNetwork+1","StuffTheSpire:BrainWave+1","Skim+1","Coolheaded+1","Core Surge"],"relics":["Cracked Core","Ring of Chaos","StuffTheSpire:DarkSteelAnvil","CogitoBucket","reliquary:WeakTea","AspirationHeart","conspire:Boomerang","ReplayTheSpireMod:CursedCoin","StuffTheSpire:NeowsTribute","hubris:Backtick","ClockworkSouvenir","Girya","MiniBlackHole","infinitespire:WardingShard","FossilizedHelix","hubris:Icosahedron","conspire:RoyalGoblet","halation:Gekota","StuffTheSpire:CocoNut","reliquary:OuijaBoard","conspire:DeflatedDodgeball","Replay:Towering Pillar of Hats","Pet Ghost","energizedSpire:StickyHand","Ring of Chaos","hubris:Reverence"],"acts_visited":["Exordium","TheCity","TheBeyond","Exordium","TheEnding"],"potions_floor_usage":[5,8,16,25,40,55,55,55],"damage_taken":[{"damage":7,"enemies":"Small Slimes","floor":1,"turns":3},{"damage":1,"enemies":"Cultist","floor":2,"turns":3},{"damage":2,"enemies":"2 Louse","floor":3,"turns":4},{"damage":3,"enemies":"Exordium Thugs","floor":5,"turns":6},{"damage":8,"enemies":"Lagavulin","floor":8,"turns":7},{"damage":23,"enemies":"Blue Slaver","floor":10,"turns":3},{"damage":15,"enemies":"3 Sentries","floor":12,"turns":6},{"damage":5,"enemies":"Lagavulin","floor":14,"turns":6},{"damage":20,"enemies":"Fading Forest","floor":16,"turns":11},{"damage":14,"enemies":"3 Byrds","floor":18,"turns":4},{"damage":39,"enemies":"Chosen","floor":19,"turns":4},{"damage":19,"enemies":"Book of Stabbing","floor":24,"turns":4},{"damage":0,"enemies":"Snecko","floor":25,"turns":2},{"damage":0,"enemies":"Nightmare","floor":27,"turns":4},{"damage":7,"enemies":"Collector","floor":33,"turns":8},{"damage":0,"enemies":"3 Darklings","floor":35,"turns":4},{"damage":0,"enemies":"2 Orb Walkers","floor":39,"turns":3},{"damage":34,"enemies":"Nemesis","floor":40,"turns":5},{"damage":22,"enemies":"Nightmare","floor":42,"turns":9},{"damage":0,"enemies":"Orb Walker","floor":48,"turns":3},{"damage":0,"enemies":"Donu and Deca","floor":50,"turns":7},{"damage":0,"enemies":"Shield and Spear","floor":54,"turns":5},{"damage":29,"enemies":"The Heart","floor":55,"turns":9}],"seed_played":"3956787759438287402","potions_obtained":[{"floor":1,"key":"blueLaboratory:TeslaPotion"},{"floor":5,"key":"Dexterity Potion"},{"floor":12,"key":"conspire:TimeTravelPotion"},{"floor":19,"key":"Energy Potion"},{"floor":25,"key":"Elixir"},{"floor":35,"key":"Weak Potion"},{"floor":40,"key":"blueLaboratory:RelayPotion"}],"is_trial":true,"path_per_floor":["M","M","M","?","M","R","R","E","T","M","R","E","$","E","R","B",null,"M","M","?","?","$","R","E","M","T","NM","R","AVR","R","?","R","B",null,"M","AVR","$","?","?","E","R","NM","T","R","$","?","R","M","R","B",null,"R","$","E","B",null],"character_chosen":"DEFECT","items_purchased":["Loop","ReplayTheSpireMod:CursedCoin","blueLaboratory:HeartbeatPotion","StuffTheSpire:CocoNut","FocusPotion"],"campfire_rested":4,"item_purchase_floors":[13,13,22,37,53],"current_hp_per_floor":[68,67,65,65,62,62,62,54,54,41,41,26,26,21,21,49,76,62,23,23,23,23,48,29,29,29,29,54,54,54,54,54,47,76,76,76,83,83,83,49,73,51,51,75,75,75,75,75,75,75,83,83,83,83,54],"gold":153,"neow_bonus":"","is_daily":false,"chose_seed":false,"campfire_upgraded":8,"win_rate":0.0,"timestamp":1612775117,"path_taken":["M","M","M","?","M","R","R","E","T","M","R","E","$","E","R","BOSS","M","M","?","?","$","R","E","?","T","NM","R","AVR","R","?","R","BOSS","M","AVR","$","?","?","E","R","NM","T","R","?","?","R","M","R","BOSS","R","$","E","BOSS"],"items_purchased_type":["Card","Relic","Potion","Relic","Potion"],"build_version":"2020-12-22","purchased_purges":5,"victory":true,"max_hp_per_floor":[75,75,75,75,75,75,75,75,75,85,85,85,85,85,85,85,85,85,85,85,85,85,85,85,85,85,85,85,85,85,85,85,85,85,85,85,92,83,83,83,83,83,83,83,83,83,83,83,83,83,83,83,83,83,83],"card_choices":[{"not_picked":["ReplaySort","Steam"],"picked":"Leap","floor":1},{"not_picked":["ShyLook","Bloodbath","VoidDream"],"picked":"Singing Bowl","floor":1},{"not_picked":["Go for the Eyes","Capacitor"],"picked":"Gash","floor":2},{"not_picked":["BlackSwan","VoidDream","SpiderBud"],"picked":"Singing Bowl","floor":2},{"not_picked":["BlackSwan","OSAHOGD","Laetitia"],"picked":"Singing Bowl","floor":3},{"not_picked":["CrumblingArmor","Bloodbath"],"picked":"UniverseFragment","floor":3},{"not_picked":["StuffTheSpire:GlassShard","Redo","StuffTheSpire:CleanHardDrive"],"picked":"SKIP","floor":3},{"not_picked":["Rebound","Auto Shields"],"picked":"Sweeping Beam","floor":5},{"not_picked":["CherryBlossoms","Porccubus","HeroicMonk"],"picked":"Singing Bowl","floor":5},{"not_picked":["Melter","Doom and Gloom"],"picked":"hubris:PowerSurge","floor":8},{"not_picked":["PunishingBird","Wellcheers","MeatLantern"],"picked":"Singing Bowl","floor":10},{"not_picked":["BootSequence","Stack","Redo"],"picked":"SKIP","floor":10},{"not_picked":["Hologram","Leap"],"picked":"Echo Form","floor":12},{"not_picked":["Crystallizer","Panic Button"],"picked":"Hologram","floor":14},{"not_picked":["ReplayRNGCard","ReplayTheSpireMod:Fabricate Wheel"],"picked":"Biased Cognition","floor":16},{"not_picked":["MHz","WhiteNight","LittleHelper"],"picked":"Singing Bowl","floor":16},{"not_picked":["Go for the Eyes+1","Barrage","Compile Driver"],"picked":"SKIP","floor":18},{"not_picked":["Steam+1","ReplayTheSpireMod:GoodbyeWorld"],"picked":"Cold Snap","floor":19},{"not_picked":["WallGazer","PunishingBird","QueenOfHatred"],"picked":"Singing Bowl","floor":19},{"not_picked":["Stack","Cold Snap+1"],"picked":"Coolheaded","floor":24},{"not_picked":["Cold Snap","Beam Cell","Steam Power"],"picked":"SKIP","floor":25},{"not_picked":["Fusion","Aggregate+1"],"picked":"FIFO Queue","floor":27},{"not_picked":["Conserve Battery+1","Gash","Streamline+1"],"picked":"SKIP","floor":35},{"not_picked":["Conserve Battery+1","Gash","Streamline+1"],"picked":"SKIP","floor":35},{"not_picked":["Compile Driver","Meteor Strike","Sweeping Beam+1"],"picked":"SKIP","floor":40},{"not_picked":["hubris:Ukulele+1","Reprogram+1"],"picked":"Skim+1","floor":42},{"not_picked":["Cold Snap","Go for the Eyes+1"],"picked":"Coolheaded","floor":48},{"not_picked":["Reboot","Creative AI"],"picked":"Core Surge","floor":50},{"not_picked":["Sweeping Beam+1","StuffTheSpire:Synthwave","Compile Driver"],"picked":"SKIP","floor":54}],"player_experience":1329571,"relics_obtained":[{"floor":8,"key":"reliquary:WeakTea"},{"floor":12,"key":"conspire:Boomerang"},{"floor":14,"key":"StuffTheSpire:NeowsTribute"},{"floor":24,"key":"Girya"},{"floor":26,"key":"MiniBlackHole"},{"floor":27,"key":"infinitespire:WardingShard"},{"floor":39,"key":"reliquary:OuijaBoard"},{"floor":40,"key":"conspire:DeflatedDodgeball"},{"floor":42,"key":"Replay:Towering Pillar of Hats"},{"floor":43,"key":"Pet Ghost"},{"floor":54,"key":"hubris:Reverence"}],"event_choices":[{"damage_healed":0,"gold_gain":0,"player_choice":"Leave","damage_taken":0,"max_hp_gain":0,"max_hp_loss":0,"event_name":"The Cleric","floor":4,"gold_loss":0},{"damage_healed":0,"gold_gain":0,"player_choice":"Ignored","damage_taken":0,"max_hp_gain":0,"max_hp_loss":0,"event_name":"betterNote:BetterNote","floor":20,"gold_loss":0,"cards_obtained":["Strike_R"]},{"damage_healed":0,"gold_gain":0,"player_choice":"Forge","damage_taken":0,"max_hp_gain":0,"max_hp_loss":0,"event_name":"Accursed Blacksmith","floor":21,"gold_loss":0,"cards_upgraded":["Biased Cognition"]},{"damage_healed":0,"gold_gain":0,"player_choice":"Fight","damage_taken":0,"max_hp_gain":0,"max_hp_loss":0,"event_name":"Mysterious Sphere","floor":39,"gold_loss":0},{"damage_healed":0,"gold_gain":3,"player_choice":"1","damage_taken":0,"max_hp_gain":0,"max_hp_loss":0,"event_name":"betterStone:BetterStone","floor":46,"gold_loss":0}],"is_beta":false,"boss_relics":[{"not_picked":["reliquary:Ember","SlaversCollar"],"picked":"hubris:Backtick"},{"not_picked":["Abe\u0027s Treasure","halation:SmartPhone"],"picked":"conspire:RoyalGoblet"},{"not_picked":["aspiration:RitualDagger","energizedSpire:DeadBattery"],"picked":"energizedSpire:StickyHand"}],"items_purged_floors":[13,13,29,36,45],"is_endless":true,"potions_floor_spawned":[1,5,12,19,25,35,40,54],"ascension_level":5}}