{"host":"d4hjo1dp8g06u19c","time":1612781569,"event":{"mods":["Act Like it!","Arknights","BaseMod","Colored Map","Colored Powertips","Downfall","Marisa£®ÏF”Í°°ƒß¿Ì…≥£©","Minty Spire (QoL Compilation)","Quick Restart","Shop Mod","Spicy Shops","StSLib","The Animator","UnlockEverythingMod","Youmu£®ªÍ∆«—˝√Œ£©"],"gold_per_floor":[116,116,191,85,85,85,110,110,137,150,183,193,207,229,229,229,229],"floor_reached":16,"language":"ZHS","playtime":631,"items_purged":[],"score":133,"play_id":"ffd1a2ee-6043-4f04-b0f3-e6a9c283c89a","local_time":"20210208185249","is_ascension_mode":false,"campfire_choices":[{"data":"ats:Revitalization","floor":6,"key":"SMITH"},{"data":"ats:Part Time Job","floor":8,"key":"SMITH"},{"data":"ats:Armor Crushing Shot","floor":15,"key":"SMITH"}],"circlet_count":0,"master_deck":["ats:Strike C","ats:Strike G","ats:Strike V","ats:Armor Crushing Shot+1","ats:Defend","ats:Defend","ats:Defend","ats:Emotion Absorption","ats:Defend Order","ats:Revitalization+1","ats:Part Time Job+1","ats:Healing Drone","ats:Hook Shot","ats:Hook Shot","ats:Very Hot Blade"],"relics":["ats:Sanity","NeowsBlessing","Shovel","ats:Originium","Singing Bowl","ats:Berate","Strawberry","Odd Mushroom"],"acts_visited":["Exordium"],"potions_floor_usage":[11],"damage_taken":[{"damage":0,"enemies":"Jaw Worm","floor":1,"turns":1},{"damage":0,"enemies":"Lagavulin","floor":7,"turns":1},{"damage":0,"enemies":"Small Slimes","floor":10,"turns":1},{"damage":81,"enemies":"3 Sentries","floor":11,"turns":16},{"damage":24,"enemies":"2 Louse","floor":12,"turns":7},{"damage":60,"enemies":"Exordium Wildlife","floor":13,"turns":8},{"damage":78,"enemies":"The Mushroom Lair","floor":14,"turns":10},{"damage":25,"enemies":"The Guardian","floor":16,"turns":3}],"seed_played":"4377298910916356286","potions_obtained":[{"floor":1,"key":"ats:Burn Small Potion"},{"floor":11,"key":"DuplicationPotion"},{"floor":13,"key":"Fire Potion"}],"is_trial":false,"path_per_floor":["M","?","?","$","?","R","E","R","T","M","E","M","M","?","R","B"],"character_chosen":"DOCTOR_CLASS","items_purchased":["ats:Revitalization","Shovel"],"campfire_rested":0,"item_purchase_floors":[4,4],"current_hp_per_floor":[72,65,54,54,54,54,54,54,54,54,79,81,67,56,56,38,38],"gold":229,"neow_bonus":"THREE_ENEMY_KILL","is_daily":false,"chose_seed":false,"campfire_upgraded":3,"win_rate":0.0,"timestamp":1612781569,"path_taken":["M","?","?","$","?","R","E","R","T","M","E","M","?","?","R","BOSS"],"items_purchased_type":["Card","Relic"],"build_version":"2020-12-22","purchased_purges":0,"victory":false,"max_hp_per_floor":[72,72,72,72,72,72,72,72,72,72,79,81,81,81,81,81,81],"card_choices":[{"not_picked":["ats:Leaping Hammer","ats:Blood Oath"],"picked":"ats:Defend Order","floor":1},{"not_picked":["ats:Thorns","ats:Consecutive Shot Auto"],"picked":"ats:Part Time Job","floor":7},{"not_picked":["ats:Hammer On","ats:Encircling Forest"],"picked":"ats:Healing Drone","floor":10},{"not_picked":["ats:Thermite Blade","ats:Blood Oath"],"picked":"ats:Hook Shot","floor":11},{"not_picked":["ats:Rapid Magazine","ats:Hammer On","ats:Guard Mode"],"picked":"Singing Bowl","floor":12},{"not_picked":["ats:Hammer On","ats:Guard Mode"],"picked":"ats:Hook Shot","floor":13},{"not_picked":["ats:Defend Order","ats:Flexible Camouflage"],"picked":"ats:Very Hot Blade","floor":14}],"player_experience":135295,"relics_obtained":[{"floor":7,"key":"ats:Originium"},{"floor":7,"key":"Singing Bowl"},{"floor":9,"key":"ats:Berate"},{"floor":11,"key":"ats:Originium"},{"floor":11,"key":"Strawberry"},{"floor":14,"key":"Odd Mushroom"}],"event_choices":[{"cards_removed":["ats:Defend"],"damage_healed":0,"gold_gain":0,"player_choice":"Card Removal","damage_taken":7,"max_hp_gain":0,"max_hp_loss":0,"event_name":"Golden Wing","floor":2,"gold_loss":0},{"damage_healed":0,"gold_gain":75,"player_choice":"Gather Gold","damage_taken":11,"max_hp_gain":0,"max_hp_loss":0,"event_name":"World of Goop","floor":3,"gold_loss":0},{"cards_removed":["ats:Strike S"],"damage_healed":0,"gold_gain":0,"player_choice":"Forget","damage_taken":0,"max_hp_gain":0,"max_hp_loss":0,"event_name":"Living Wall","floor":5,"gold_loss":0},{"damage_healed":0,"gold_gain":0,"player_choice":"Fought Mushrooms","damage_taken":0,"max_hp_gain":0,"max_hp_loss":0,"event_name":"Mushrooms","floor":14,"gold_loss":0}],"is_beta":false,"boss_relics":[],"items_purged_floors":[],"is_endless":false,"potions_floor_spawned":[1,11,13],"killed_by":"The Guardian","ascension_level":0}}