{"host":"pi8b3ffzwvxqztac","time":1612798601,"event":{"mods":["BaseMod","Colored Map","Custom Start","Downfall","Minty Spire (QoL Compilation)","StSLib"],"gold_per_floor":[112,64,64,88,102,102,118,118,118,162,162,176,176,191,191,315,315,310,324,18,36,60,81,81,112,161,260,260,260,273,293,293,423,423,448,374,394,394,412,412,456,456,480,496,496,511,161,195,195,195,195],"floor_reached":50,"language":"ENG","playtime":2835,"items_purged":["Strike_B","Strike_B"],"score":684,"play_id":"834ba031-3b1a-4873-bb95-9d0cf25cd012","local_time":"20210209043641","is_ascension_mode":true,"campfire_choices":[{"data":"Fission","floor":6,"key":"SMITH"},{"data":"Zap","floor":8,"key":"SMITH"},{"data":"Darkness","floor":13,"key":"SMITH"},{"floor":15,"key":"REST"},{"floor":24,"key":"REST"},{"floor":29,"key":"REST"},{"data":"Redo","floor":32,"key":"SMITH"},{"data":"Dualcast","floor":40,"key":"SMITH"},{"data":"Darkness","floor":42,"key":"SMITH"},{"data":"Multi-Cast","floor":45,"key":"SMITH"},{"floor":49,"key":"REST"}],"circlet_count":0,"master_deck":["Strike_B","Defend_B","Defend_B","Defend_B","Defend_B","Zap+1","Dualcast+1","Darkness+1","Conserve Battery","Fission+1","Redo+1","Go for the Eyes","Chill","Leap","Self Repair","Auto Shields","Beam Cell+1","Leap+1","Multi-Cast+1","CurseOfTheBell","Chaos+1","Darkness+1","Darkness+1","Parasite","Defragment"],"relics":["Cracked Core","Centennial Puzzle","Golden Idol","champ:DuelingGlove","Incense Burner","expansioncontent:StudyCardRelic","Membership Card","Mango","hexamod:BolsterEngine","Bag of Preparation","Calling Bell","DataDisk","Meat on the Bone","Emotion Chip","Orichalcum","Happy Flower","Guardian:GemstoneGun","Torii","Sundial"],"acts_visited":["Exordium","TheCity","TheBeyond"],"potions_floor_usage":[14,16,22,25,25,48,48],"damage_taken":[{"damage":1,"enemies":"2 Louse","floor":1,"turns":3},{"damage":9,"enemies":"Small Slimes","floor":4,"turns":3},{"damage":1,"enemies":"Cultist","floor":5,"turns":3},{"damage":10,"enemies":"Exordium Wildlife","floor":7,"turns":3},{"damage":30,"enemies":"Gremlin Nob","floor":10,"turns":5},{"damage":3,"enemies":"Blue Slaver","floor":12,"turns":3},{"damage":0,"enemies":"Exordium Thugs","floor":14,"turns":4},{"damage":14,"enemies":"Slime Boss","floor":16,"turns":11},{"damage":10,"enemies":"2 Thieves","floor":18,"turns":4},{"damage":7,"enemies":"3 Byrds","floor":19,"turns":6},{"damage":42,"enemies":"3 Cultists","floor":21,"turns":7},{"damage":16,"enemies":"Sentry and Sphere","floor":22,"turns":4},{"damage":0,"enemies":"Centurion and Healer","floor":23,"turns":5},{"damage":25,"enemies":"Slavers","floor":25,"turns":8},{"damage":4,"enemies":"Shelled Parasite and Fungi","floor":30,"turns":4},{"damage":0,"enemies":"3 Cultists","floor":31,"turns":4},{"damage":48,"enemies":"Automaton","floor":33,"turns":13},{"damage":4,"enemies":"3 Shapes","floor":35,"turns":5},{"damage":0,"enemies":"Orb Walker","floor":37,"turns":3},{"damage":3,"enemies":"4 Shapes","floor":39,"turns":3},{"damage":10,"enemies":"Nemesis","floor":41,"turns":3},{"damage":10,"enemies":"Writhing Mass","floor":44,"turns":5},{"damage":35,"enemies":"Maw","floor":46,"turns":7},{"damage":41,"enemies":"Reptomancer","floor":48,"turns":9},{"damage":96,"enemies":"Awakened One","floor":50,"turns":10}],"seed_played":"-1332902546242343105","potions_obtained":[{"floor":1,"key":"PowerPotion"},{"floor":5,"key":"Strength Potion"},{"floor":10,"key":"PotionOfCapacity"},{"floor":12,"key":"EssenceOfSteel"},{"floor":21,"key":"EssenceOfDarkness"},{"floor":22,"key":"SteroidPotion"},{"floor":35,"key":"Regen Potion"},{"floor":44,"key":"PotionOfCapacity"}],"is_trial":false,"path_per_floor":["M","$","?","M","M","R","M","R","T","E","?","M","R","M","R","B",null,"M","M","$","M","M","M","R","E","T","?","?","R","M","M","R","B",null,"M","$","M","?","M","R","E","R","T","M","R","M","$","E","R","B"],"character_chosen":"DEFECT","items_purchased":["Conserve Battery","Membership Card","Mango","Darkness","Guardian:GemstoneGun","Torii"],"campfire_rested":4,"item_purchase_floors":[2,20,20,36,47,47],"current_hp_per_floor":[67,67,67,58,57,57,47,47,47,17,17,14,14,14,34,20,57,47,40,54,19,10,17,41,23,23,23,23,47,50,57,57,16,66,69,69,76,76,73,73,70,70,70,67,67,51,51,44,68,0,0],"gold":195,"neow_bonus":"RANDOM_COMMON_RELIC","is_daily":false,"chose_seed":false,"campfire_upgraded":7,"win_rate":0.0,"timestamp":1612798601,"path_taken":["M","$","?","M","M","R","M","R","T","E","?","M","R","M","R","BOSS","M","M","$","?","M","M","R","E","T","?","?","R","?","M","R","BOSS","M","$","M","?","M","R","E","R","T","M","R","M","$","E","R","BOSS"],"items_purchased_type":["Card","Relic","Relic","Card","Relic","Relic"],"build_version":"2020-12-22","purchased_purges":2,"victory":false,"max_hp_per_floor":[75,75,69,69,69,69,69,69,69,69,69,69,69,69,69,69,69,69,69,83,83,83,83,83,83,83,83,83,83,83,83,83,83,83,83,83,83,83,83,83,83,83,83,83,83,83,83,83,83,83,83],"card_choices":[{"not_picked":["Coolheaded","Redo"],"picked":"Darkness","floor":1},{"not_picked":["Steam","Sweeping Beam"],"picked":"Fission","floor":4},{"not_picked":["Steam","Streamline"],"picked":"Redo","floor":5},{"not_picked":["Fission","Double Energy"],"picked":"Go for the Eyes","floor":7},{"not_picked":["Hello World","Sweeping Beam","Streamline"],"picked":"SKIP","floor":10},{"not_picked":["Stack","Lockon"],"picked":"Leap","floor":12},{"not_picked":["Stack","Coolheaded","Rebound"],"picked":"SKIP","floor":14},{"not_picked":["Redo","Sweeping Beam","Hologram"],"picked":"SKIP","floor":18},{"not_picked":["Hologram","White Noise"],"picked":"Self Repair","floor":19},{"not_picked":["Beam Cell","Doom and Gloom"],"picked":"Auto Shields","floor":21},{"not_picked":["Meteor Strike","Streamline+1"],"picked":"Beam Cell+1","floor":22},{"not_picked":["Barrage+1","Blizzard+1"],"picked":"Leap+1","floor":23},{"not_picked":["Fission","Steam Power+1","Turbo"],"picked":"SKIP","floor":25},{"not_picked":["Coolheaded","Steam","Barrage"],"picked":"SKIP","floor":30},{"not_picked":["Coolheaded","Barrage+1","Stack"],"picked":"SKIP","floor":31},{"not_picked":["Hyperbeam","Rainbow"],"picked":"Multi-Cast","floor":33},{"not_picked":["Ball Lightning","Turbo+1"],"picked":"Chaos+1","floor":35},{"not_picked":["White Noise+1","Stack+1","Ball Lightning+1"],"picked":"SKIP","floor":37},{"not_picked":["Turbo","Gash+1","Rainbow"],"picked":"SKIP","floor":39},{"not_picked":["Steam Power+1","Consume"],"picked":"Darkness+1","floor":41},{"not_picked":["Fusion","BootSequence","Compile Driver"],"picked":"SKIP","floor":44},{"not_picked":["Ball Lightning+1","Genetic Algorithm+1","Cold Snap"],"picked":"SKIP","floor":46},{"not_picked":["Hello World","Undo"],"picked":"Defragment","floor":48}],"player_experience":723062,"relics_obtained":[{"floor":9,"key":"champ:DuelingGlove"},{"floor":10,"key":"Incense Burner"},{"floor":25,"key":"hexamod:BolsterEngine"},{"floor":26,"key":"Bag of Preparation"},{"floor":34,"key":"DataDisk"},{"floor":34,"key":"Meat on the Bone"},{"floor":34,"key":"Emotion Chip"},{"floor":41,"key":"Orichalcum"},{"floor":43,"key":"Happy Flower"},{"floor":48,"key":"Sundial"}],"event_choices":[{"damage_healed":0,"gold_gain":0,"player_choice":"Lose Max HP","damage_taken":0,"relics_obtained":["Golden Idol"],"max_hp_gain":0,"max_hp_loss":6,"event_name":"Golden Idol","floor":3,"gold_loss":0},{"damage_healed":0,"gold_gain":0,"cards_transformed":["Strike_B"],"player_choice":"Transformed","damage_taken":0,"max_hp_gain":0,"max_hp_loss":0,"event_name":"Transmorgrifier","floor":11,"gold_loss":0,"cards_obtained":["Chill"]},{"damage_healed":0,"gold_gain":99,"player_choice":"Stole From Cult","damage_taken":0,"max_hp_gain":0,"max_hp_loss":0,"event_name":"Nest","floor":27,"gold_loss":0},{"damage_healed":0,"gold_gain":0,"player_choice":"Ignored","damage_taken":0,"max_hp_gain":0,"max_hp_loss":0,"event_name":"Tomb of Lord Red Mask","floor":38,"gold_loss":0}],"is_beta":false,"boss_relics":[{"not_picked":["Sozu","Empty Cage"],"picked":"expansioncontent:StudyCardRelic"},{"not_picked":["Runic Dome","Black Star"],"picked":"Calling Bell"}],"items_purged_floors":[36,47],"is_endless":false,"potions_floor_spawned":[1,5,10,12,21,22,35,44],"killed_by":"Awakened One","ascension_level":6}}