{"host":"pm6tps78s2qrawcb","time":1612810995,"event":{"mods":["BaseMod","BetterRewards","Colored Map","DeckTracker","Downfall","Hubris","Infinite Spire","Mimic Mod","Minty Spire (QoL Compilation)","Reliquary","Shop Mod","StSLib"],"gold_per_floor":[99,199,210,230,244,21,21,14,56,56,90,112,112,134,156,268,268,268,268,295,295,317,217,288,288,88,13,54,72,100,100,114,114,114,114],"floor_reached":33,"language":"ENG","playtime":2149,"items_purged":[],"score":327,"play_id":"051b53cb-35b0-456a-b6e4-8c3878983a01","local_time":"20210208190315","is_ascension_mode":false,"campfire_choices":[{"data":"hexamod:Sear","floor":1,"key":"SMITH"},{"floor":13,"key":"REST"},{"floor":18,"key":"RECALL"},{"floor":23,"key":"REST"},{"floor":26,"key":"REST"}],"circlet_count":0,"master_deck":["hexamod:Strike","hexamod:Strike","hexamod:Strike","hexamod:Defend","hexamod:Defend","hexamod:Defend","hexamod:Defend","hexamod:Sear+1","hexamod:Float+1","hexamod:RainOfEmbers","hexamod:BurningTouch","hexamod:GhostShield","hexamod:Rewind+1","hexamod:SecondSeal","hexamod:TimeWarp","hexamod:HeatShield","hexamod:TurnItUp","hexamod:HauntingEcho","hexamod:GhostLash","hexamod:FastForward","hexamod:GhostShield","hexamod:FifthSeal","hexamod:GhostflameBarrier","infinitespire:UltimateForm","hexamod:ThermalTransfer","infinitespire:FutureSight","hexamod:ThirdSeal","hexamod:TimeWarp","hexamod:TimeOfNeed","hexamod:FirstSeal","hexamod:GhostLash","hexamod:FourthSeal","hexamod:SecondSeal","hexamod:GhostShield+1","hexamod:HexaLevel","hexamod:GhostOfSpirePast+1","hexamod:UnlimitedPower","hexamod:FirstSeal","hexamod:GhostOfSpireFuture+1"],"relics":["hexamod:SpiritBrand","Bag of Marbles","reliquary:RosewoodLute","reliquary:Buckler","Potion Belt","Fusion Hammer","downfall:HeartBlessingGreen","hubris:CrystalStatue","downfall:HeartBlessingRed","downfall:HeartBlessingBlue","reliquary:OuijaBoard"],"acts_visited":["Exordium","TheCity"],"potions_floor_usage":[16,16,32,33,33,33],"damage_taken":[{"damage":1,"enemies":"Jaw Worm","floor":3,"turns":4},{"damage":0,"enemies":"Cultist","floor":4,"turns":3},{"damage":7,"enemies":"Small Slimes","floor":5,"turns":4},{"damage":4,"enemies":"downfall:FleeingMerchant","floor":6,"turns":4},{"damage":0,"enemies":"downfall:FleeingMerchant","floor":8,"turns":4},{"damage":20,"enemies":"3 Sentries","floor":9,"turns":9},{"damage":11,"enemies":"Gremlin Nob","floor":11,"turns":3},{"damage":0,"enemies":"2 Fungi Beasts","floor":12,"turns":3},{"damage":0,"enemies":"Large Slime","floor":14,"turns":3},{"damage":0,"enemies":"Exordium Wildlife","floor":15,"turns":4},{"damage":26,"enemies":"WA_ARCHETYPE_RETAIN","floor":16,"turns":6},{"damage":1,"enemies":"Shell Parasite","floor":20,"turns":4},{"damage":0,"enemies":"Spheric Guardian","floor":22,"turns":3},{"damage":8,"enemies":"downfall:FleeingMerchant","floor":27,"turns":4},{"damage":21,"enemies":"Slavers","floor":28,"turns":7},{"damage":7,"enemies":"Snecko","floor":29,"turns":5},{"damage":1,"enemies":"Centurion and Healer","floor":30,"turns":8},{"damage":12,"enemies":"Sentry and Sphere","floor":32,"turns":5},{"damage":45,"enemies":"IC_MUSHROOM_ARCHETYPE","floor":33,"turns":7}],"seed_played":"8218240604805721862","potions_obtained":[{"floor":3,"key":"EssenceOfSteel"},{"floor":11,"key":"Ancient Potion"},{"floor":12,"key":"Strength Potion"},{"floor":14,"key":"FearPotion"},{"floor":15,"key":"PowerPotion"},{"floor":19,"key":"CultistPotion"},{"floor":22,"key":"SteroidPotion"},{"floor":30,"key":"hexamod:EctoCoolerPotion"},{"floor":32,"key":"PowerPotion"}],"is_trial":false,"path_per_floor":["R","?","M","M","M","$","T","$","E","?","E","M","R","M","M","B",null,"R","?","M","?","M","R","T","AVR","R","$","E","M","M","?","M","B"],"character_chosen":"THE_SPIRIT","items_purchased":["hexamod:SecondSeal","hexamod:TimeWarp","hexamod:TimeWarp"],"campfire_rested":3,"item_purchase_floors":[6,6,27],"current_hp_per_floor":[77,77,76,76,69,65,65,65,45,33,22,22,45,45,45,19,77,77,77,76,56,56,77,77,77,87,79,58,51,57,57,45,0,0,0],"gold":114,"neow_bonus":"TEN_PERCENT_HP_BONUS","is_daily":false,"chose_seed":false,"campfire_upgraded":1,"win_rate":0.0,"timestamp":1612810995,"path_taken":["R","?","M","M","?","$","T","$","E","?","E","M","R","M","M","BOSS","R","?","M","?","M","R","T","AVR","R","?","E","M","M","?","M","BOSS"],"items_purchased_type":["Card","Card","Card"],"build_version":"2020-12-22","purchased_purges":0,"victory":false,"max_hp_per_floor":[77,77,77,77,77,77,77,77,77,77,77,77,77,77,77,77,77,77,77,77,77,77,77,77,77,87,87,87,87,87,87,87,87,87,87],"card_choices":[{"not_picked":["hexamod:BacktrackSmack","hexamod:DynamicBlow"],"picked":"hexamod:RainOfEmbers","floor":3},{"not_picked":["hexamod:FastForward","hexamod:HauntingEcho"],"picked":"hexamod:BurningTouch","floor":4},{"not_picked":["hexamod:ShieldOfDarkness","hexamod:FastForward"],"picked":"hexamod:GhostShield","floor":5},{"not_picked":["hexamod:AdvancingGuard","hexamod:BurningTouch"],"picked":"hexamod:Rewind","floor":6},{"not_picked":["hexamod:SkipABeat","hexamod:HeatCrush"],"picked":"hexamod:HeatShield","floor":8},{"not_picked":["hexamod:BurningTouch","hexamod:Again"],"picked":"hexamod:TurnItUp","floor":9},{"not_picked":["hexamod:AdvancingGuard","hexamod:BacktrackSmack"],"picked":"hexamod:HauntingEcho","floor":11},{"not_picked":["hexamod:Again","hexamod:InspiringFlames"],"picked":"hexamod:GhostLash","floor":12},{"not_picked":["hexamod:HeatMetal","hexamod:BacktrackSmack"],"picked":"hexamod:FastForward","floor":14},{"not_picked":["hexamod:ThermalTransfer","hexamod:BacktrackSmack"],"picked":"hexamod:GhostShield","floor":15},{"not_picked":["hexamod:SearingWound","hexamod:GhostOfSpirePresent"],"picked":"hexamod:FifthSeal","floor":16},{"not_picked":["hexamod:BacktrackSmack","hexamod:SwordOfDarkness"],"picked":"hexamod:GhostflameBarrier","floor":20},{"not_picked":["infinitespire:Starlight","infinitespire:Gouge"],"picked":"infinitespire:UltimateForm","floor":21},{"not_picked":["hexamod:Rewind","hexamod:HauntingEcho"],"picked":"hexamod:ThermalTransfer","floor":22},{"not_picked":["hexamod:PhantomCloak","hexamod:Firestarter"],"picked":"hexamod:ThirdSeal","floor":27},{"not_picked":["hexamod:NightmareStrike+1","hexamod:GhostOfSpirePast"],"picked":"hexamod:TimeOfNeed","floor":28},{"not_picked":["hexamod:ThirdSeal","hexamod:SixthSeal"],"picked":"hexamod:FirstSeal","floor":28},{"not_picked":["hexamod:SwordOfDarkness","hexamod:ThermalTransfer"],"picked":"hexamod:GhostLash","floor":28},{"not_picked":["hexamod:GhostflameBarrier","hexamod:StepThrough"],"picked":"hexamod:FourthSeal","floor":29},{"not_picked":["hexamod:ThirdSeal","hexamod:SixthSeal"],"picked":"hexamod:SecondSeal","floor":29},{"not_picked":["hexamod:ThermalTransfer","hexamod:BacktrackSmack"],"picked":"hexamod:GhostShield+1","floor":29},{"not_picked":["hexamod:GhostOfSpireFuture","hexamod:BacktrackSmack"],"picked":"hexamod:HexaLevel","floor":30},{"not_picked":["hexamod:GhostShield","hexamod:GhostLash"],"picked":"hexamod:GhostOfSpirePast+1","floor":30},{"not_picked":["hexamod:ThirdSeal","hexamod:SixthSeal"],"picked":"hexamod:FirstSeal","floor":32},{"not_picked":["hexamod:NightmareGuise+1","hexamod:FourthSeal"],"picked":"hexamod:GhostOfSpireFuture+1","floor":32},{"not_picked":["hexamod:HauntingEcho","hexamod:Firestarter","hexamod:Again"],"picked":"SKIP","floor":32}],"player_experience":277503,"relics_obtained":[{"floor":7,"key":"Bag of Marbles"},{"floor":9,"key":"reliquary:RosewoodLute"},{"floor":11,"key":"Potion Belt"},{"floor":28,"key":"reliquary:OuijaBoard"}],"event_choices":[{"damage_healed":0,"gold_gain":0,"player_choice":"Success","damage_taken":12,"relics_obtained":["reliquary:Buckler"],"max_hp_gain":0,"max_hp_loss":0,"event_name":"Scrap Ooze","floor":10,"gold_loss":0}],"is_beta":false,"boss_relics":[{"not_picked":["hexamod:IceCube","Astrolabe"],"picked":"Fusion Hammer"}],"items_purged_floors":[],"is_endless":false,"potions_floor_spawned":[3,11,12,14,15,22,29,30],"killed_by":"IC_MUSHROOM_ARCHETYPE","ascension_level":0}}