{"host":"j9610sde00vfp93k","time":1612796618,"event":{"mods":["AchievementEnabler","BaseMod","Dio Mod","Minty Spire (QoL Compilation)","Permanent Neow","Rare Cards Sparkle","Spire Arcade","StSLib","SuperFastMode"],"gold_per_floor":[362,63,77,96,42,67,81,81,81,81,81,408,105,105,105,204,204,214,232,81,98,109,109,109],"floor_reached":23,"language":"ENG","playtime":1395,"items_purged":["Regret"],"score":201,"play_id":"e78c2b18-3c87-485b-ae90-e362511ac736","local_time":"20210208230338","is_ascension_mode":false,"campfire_choices":[{"data":"dioMod:DaggerSpree","floor":8,"key":"SMITH"},{"data":"dioMod:PathToHeaven","floor":15,"key":"SMITH"}],"circlet_count":0,"master_deck":["dioMod:Strike","dioMod:Strike","dioMod:Strike","Bite","dioMod:Defend","dioMod:Defend","dioMod:Defend","dioMod:Defend","dioMod:TripleThreat","dioMod:Muda","dioMod:DaggerSpree+1","dioMod:LaserVision","dioMod:Hiss","dioMod:Muda","dioMod:Donut","Mayhem","dioMod:StreetSign","dioMod:PathToHeaven+1","dioMod:GoldVial","dioMod:Muda","dioMod:SecretPlan","dioMod:ZaWarudo","dioMod:Minions","dioMod:BloodTransfusion+1"],"relics":["dioMod:VampireBlood","Turnip","Toy Ornithopter","CaptainsWheel","Old Coin","Black Star"],"acts_visited":["Exordium","TheCity"],"potions_floor_usage":[16,16,16,21,22],"damage_taken":[{"damage":3,"enemies":"Jaw Worm","floor":1,"turns":5},{"damage":7,"enemies":"2 Louse","floor":3,"turns":3},{"damage":0,"enemies":"Small Slimes","floor":4,"turns":4},{"damage":24,"enemies":"Gremlin Nob","floor":6,"turns":5},{"damage":10,"enemies":"Looter","floor":7,"turns":2},{"damage":11,"enemies":"3 Sentries","floor":12,"turns":5},{"damage":60,"enemies":"The Guardian","floor":16,"turns":9},{"damage":21,"enemies":"Chosen","floor":18,"turns":5},{"damage":20,"enemies":"2 Thieves","floor":19,"turns":2},{"damage":31,"enemies":"3 Cultists","floor":21,"turns":5},{"damage":29,"enemies":"Cultist and Chosen","floor":22,"turns":7},{"damage":73,"enemies":"Gremlin Leader","floor":23,"turns":6}],"seed_played":"-7246144441789701925","potions_obtained":[{"floor":4,"key":"AttackPotion"},{"floor":6,"key":"PowerPotion"},{"floor":12,"key":"CultistPotion"},{"floor":18,"key":"Explosive Potion"},{"floor":19,"key":"DistilledChaos"}],"is_trial":false,"path_per_floor":["M","$","M","M","$","E","M","R","T","?","?","E","$","?","R","B",null,"M","M","$","M","M","E"],"character_chosen":"THE_DEFAULT","items_purchased":["Turnip","dioMod:LaserVision","Mayhem","dioMod:StreetSign","dioMod:ZaWarudo"],"campfire_rested":0,"item_purchase_floors":[2,5,13,13,20],"current_hp_per_floor":[60,60,61,71,71,52,45,45,45,45,45,45,45,45,45,7,75,69,57,57,56,55,0,0],"gold":109,"neow_bonus":"TWO_FIFTY_GOLD","is_daily":false,"chose_seed":false,"campfire_upgraded":2,"win_rate":0.0,"timestamp":1612796618,"path_taken":["M","$","M","M","$","E","M","R","T","?","?","E","$","?","R","BOSS","M","M","?","M","M","E"],"items_purchased_type":["Relic","Card","Card","Card","Card"],"build_version":"2020-12-22","purchased_purges":1,"victory":false,"max_hp_per_floor":[75,75,75,75,75,75,75,75,75,75,75,75,75,75,75,75,75,75,75,75,75,75,75,75],"card_choices":[{"not_picked":["dioMod:Hiss","dioMod:SadisticLaugh"],"picked":"dioMod:TripleThreat","floor":1},{"not_picked":["dioMod:StreetSign","dioMod:SecretPlan"],"picked":"dioMod:Muda","floor":3},{"not_picked":["dioMod:BloodSuck","dioMod:WRYYY"],"picked":"dioMod:DaggerSpree","floor":4},{"not_picked":["dioMod:FlyAway","dioMod:BloodSuck"],"picked":"dioMod:Hiss","floor":6},{"not_picked":["dioMod:WRYYY","dioMod:StreetSign"],"picked":"dioMod:Muda","floor":7},{"not_picked":["dioMod:Regeneration","dioMod:BlendIn"],"picked":"dioMod:Donut","floor":12},{"not_picked":["dioMod:SevenPageMuda","dioMod:KonoDioDa"],"picked":"dioMod:GoldVial","floor":16},{"not_picked":["dioMod:SlashThroughTime","dioMod:ComposedMuda"],"picked":"dioMod:Muda","floor":18},{"not_picked":["dioMod:BloodShield","dioMod:WRYYY"],"picked":"dioMod:SecretPlan","floor":19},{"not_picked":["dioMod:Hiss","dioMod:WRYYY"],"picked":"dioMod:Minions","floor":21},{"not_picked":["dioMod:BloodSplash","dioMod:DaggerToss"],"picked":"dioMod:BloodTransfusion+1","floor":22}],"player_experience":213242,"relics_obtained":[{"floor":6,"key":"Toy Ornithopter"},{"floor":12,"key":"Old Coin"}],"event_choices":[{"damage_healed":0,"gold_gain":0,"player_choice":"Box","damage_taken":0,"relics_obtained":["CaptainsWheel"],"max_hp_gain":0,"max_hp_loss":0,"event_name":"Big Fish","floor":11,"gold_loss":0,"cards_obtained":["Regret"]},{"damage_healed":0,"gold_gain":0,"cards_transformed":["dioMod:Strike"],"player_choice":"Transformed","damage_taken":0,"max_hp_gain":0,"max_hp_loss":0,"event_name":"Transmorgrifier","floor":14,"gold_loss":0,"cards_obtained":["dioMod:PathToHeaven"]}],"is_beta":false,"boss_relics":[{"not_picked":["Astrolabe","Fusion Hammer"],"picked":"Black Star"}],"items_purged_floors":[13],"is_endless":false,"potions_floor_spawned":[4,6,12,18,19],"killed_by":"Gremlin Leader","ascension_level":0}}