{"host":"r53pw7z744tg3fxg","time":1612791907,"event":{"mods":["AchievementEnabler","BaseMod","Colored Map","Colored Powertips","Highlight Path","Minty Spire (QoL Compilation)","Quick Restart","Transform Curses"],"gold_per_floor":[4120,4034,4034,4050,4070,4070,4103,4103,4103,4103,4122,4137,4157,4157,4157,4254,4254,4268,4075,3812,3832,3844,3844,3870,3870,3870,3902,3918,3918,3936,3952,3952,4051,4051,4061,4061,4061,4071,4071,4071,4101,4101,4101,4136,4136,4165,4177,4196,4196,4196,4196,4196,4148,4179,4179],"floor_reached":56,"language":"ENG","playtime":3049,"items_purged":[],"score":2308,"play_id":"7734e70a-f598-49ef-9773-72b17ca458f8","local_time":"20210208064507","is_ascension_mode":true,"campfire_choices":[{"floor":6.0,"key":"RECALL"},{"data":"Quick Slash","floor":10,"key":"SMITH"},{"data":"Backstab","floor":15,"key":"SMITH"},{"data":"Panacea","floor":23,"key":"SMITH"},{"data":"Dramatic Entrance","floor":25,"key":"SMITH"},{"data":"Sadistic Nature","floor":32,"key":"SMITH"},{"data":"Swift Strike","floor":40,"key":"SMITH"},{"floor":49,"key":"REST"},{"floor":52,"key":"REST"}],"circlet_count":0,"master_deck":["Footwork+1","Caltrops+1","Bane+1","Envenom+1","Noxious Fumes+1","Good Instincts+1","Good Instincts+1","Good Instincts+1","Good Instincts+1","Bite+1","Bite+1","Bite+1","Bite+1","Poisoned Stab+1","Flying Knee+1","Dagger Spray+1","Deadly Poison+1","Bouncing Flask+1","Catalyst+1","Crippling Poison+1","Corpse Explosion+1","Panacea+1","Quick Slash+1","Backstab+1","Swift Strike+1","Dramatic Entrance+1","Sadistic Nature+1","Catalyst+1"],"relics":["Unceasing Top"],"acts_visited":["Exordium","TheCity","TheBeyond","TheEnding"],"potions_floor_usage":[38,44,54,54],"damage_taken":[{"damage":0.0,"enemies":"Jaw Worm","floor":1.0,"turns":2.0},{"damage":0.0,"enemies":"Cultist","floor":4.0,"turns":1.0},{"damage":0.0,"enemies":"2 Louse","floor":5.0,"turns":1.0},{"damage":2.0,"enemies":"3 Sentries","floor":7.0,"turns":3.0},{"damage":0,"enemies":"2 Fungi Beasts","floor":11,"turns":1},{"damage":0,"enemies":"Large Slime","floor":12,"turns":2},{"damage":0,"enemies":"Exordium Wildlife","floor":13,"turns":2},{"damage":0,"enemies":"Slime Boss","floor":16,"turns":4},{"damage":0,"enemies":"Spheric Guardian","floor":18,"turns":2},{"damage":0,"enemies":"Shell Parasite","floor":21,"turns":1},{"damage":0,"enemies":"Snake Plant","floor":22,"turns":2},{"damage":0,"enemies":"Book of Stabbing","floor":24,"turns":1},{"damage":0,"enemies":"Gremlin Leader","floor":27,"turns":1},{"damage":0,"enemies":"Chosen and Byrds","floor":28,"turns":1},{"damage":0,"enemies":"Snecko","floor":30,"turns":1},{"damage":0,"enemies":"Snake Plant","floor":31,"turns":1},{"damage":0,"enemies":"Champ","floor":33,"turns":2},{"damage":0,"enemies":"Orb Walker","floor":35,"turns":1},{"damage":0,"enemies":"3 Darklings","floor":38,"turns":1},{"damage":0,"enemies":"Giant Head","floor":41,"turns":2},{"damage":0,"enemies":"Reptomancer","floor":44,"turns":1},{"damage":12,"enemies":"Nemesis","floor":46,"turns":3},{"damage":12,"enemies":"4 Shapes","floor":47,"turns":1},{"damage":0,"enemies":"Jaw Worm Horde","floor":48,"turns":1},{"damage":0,"enemies":"Donu and Deca","floor":50,"turns":1},{"damage":0,"enemies":"Shield and Spear","floor":54,"turns":2},{"damage":32,"enemies":"The Heart","floor":55,"turns":3}],"seed_played":"1312456907989915897","potions_obtained":[{"floor":4.0,"key":"GhostInAJar"},{"floor":5.0,"key":"DuplicationPotion"},{"floor":7,"key":"ColorlessPotion"},{"floor":18,"key":"EntropicBrew"},{"floor":38,"key":"Fruit Juice"},{"floor":41,"key":"Poison Potion"},{"floor":54,"key":"Fruit Juice"}],"is_trial":false,"path_per_floor":["M","$","?","M","M","R","E","$","T","R","M","M","M","?","R","B",null,"M","$","$","M","M","R","E","R","T","E","M","$","M","M","R","B",null,"M","?","?","M","$","R","E","$","T","E","$","E","M","M","R","B",null,"R","$","E","B",null],"character_chosen":"THE_SILENT","items_purchased":["Panacea","FairyPotion","Swift Strike","Dramatic Entrance","Sadistic Nature","SteroidPotion"],"campfire_rested":2,"item_purchase_floors":[2,19,19,20,20,53],"current_hp_per_floor":[493,493,493,500,500,500,499,499,499,499,500,500,500,500,500,500,500,500,500,500,500,500,500,500,500,500,500,500,500,500,500,500,500,500,500,475,475,480,480,480,480,480,480,480,480,474,462,471,480,480,480,480,480,485,468],"gold":4179,"neow_bonus":"TEN_PERCENT_HP_BONUS","is_daily":false,"chose_seed":false,"campfire_upgraded":6,"win_rate":0.0,"timestamp":1612791907,"path_taken":["M","$","?","M","?","R","E","?","T","R","M","M","M","?","R","BOSS","M","?","$","M","M","R","E","R","T","E","M","$","M","M","R","BOSS","M","?","?","M","$","R","E","?","T","E","$","E","M","?","R","BOSS","R","$","E","BOSS"],"items_purchased_type":["Card","Potion","Card","Card","Card","Potion"],"build_version":"2020-12-22","purchased_purges":0,"victory":true,"max_hp_per_floor":[500,500,500,500,500,500,500,500,500,500,500,500,500,500,500,500,500,500,500,500,500,500,500,500,500,500,500,500,500,500,500,500,500,500,500,475,475,480,480,480,480,480,480,480,480,480,480,480,480,480,480,480,480,485,485],"card_choices":[{"not_picked":["Poisoned Stab","Prepared","Cloak And Dagger"],"picked":"SKIP","floor":1.0},{"not_picked":["Bane","Cloak And Dagger","Catalyst"],"picked":"SKIP","floor":4.0},{"not_picked":["Accuracy","Quick Slash","Distraction"],"picked":"SKIP","floor":5.0},{"not_picked":["Catalyst","Blade Dance"],"picked":"Quick Slash","floor":7},{"not_picked":["Quick Slash","Deflect"],"picked":"Backstab","floor":11},{"not_picked":["Acrobatics","Dagger Throw","Prepared"],"picked":"SKIP","floor":12},{"not_picked":["Backflip","Prepared","Distraction"],"picked":"SKIP","floor":13},{"not_picked":["Deadly Poison","Caltrops","Choke+1"],"picked":"SKIP","floor":18},{"not_picked":["Bane+1","Sucker Punch","Blade Dance"],"picked":"SKIP","floor":21},{"not_picked":["Flying Knee","Terror","Outmaneuver"],"picked":"SKIP","floor":22},{"not_picked":["Blur","Blade Dance","Poisoned Stab"],"picked":"SKIP","floor":24},{"not_picked":["Backflip","Blade Dance","Terror"],"picked":"SKIP","floor":27},{"not_picked":["Riddle With Holes+1","Caltrops","Bane"],"picked":"SKIP","floor":28},{"not_picked":["Deadly Poison","Crippling Poison","Deflect"],"picked":"SKIP","floor":30},{"not_picked":["Calculated Gamble+1","Underhanded Strike+1","Dash"],"picked":"SKIP","floor":31},{"not_picked":["Acrobatics","Cloak And Dagger+1","Quick Slash+1"],"picked":"SKIP","floor":35},{"not_picked":["Riddle With Holes+1","Deadly Poison+1","Reflex+1"],"picked":"SKIP","floor":38},{"not_picked":["Cloak And Dagger+1","Sucker Punch","Prepared"],"picked":"SKIP","floor":41},{"not_picked":["Cloak And Dagger+1","Quick Slash+1","Backstab"],"picked":"SKIP","floor":44},{"not_picked":["Deadly Poison+1","Endless Agony","PiercingWail+1"],"picked":"SKIP","floor":46},{"not_picked":["Dagger Spray","Footwork+1","A Thousand Cuts"],"picked":"SKIP","floor":47},{"not_picked":["Flying Knee+1","Bane+1","Deflect"],"picked":"SKIP","floor":48},{"not_picked":["PiercingWail+1","Slice+1","Backflip"],"picked":"SKIP","floor":54}],"player_experience":1458887,"relics_obtained":[],"event_choices":[{"damage_healed":0.0,"max_hp_gain":0.0,"max_hp_loss":0.0,"gold_gain":0.0,"event_name":"Transmorgrifier","player_choice":"Ignored","floor":3.0,"gold_loss":0.0,"damage_taken":0.0},{"damage_healed":0,"gold_gain":0,"player_choice":"Bought 0 Potions","damage_taken":0,"max_hp_gain":0,"max_hp_loss":0,"event_name":"The Woman in Blue","floor":14,"gold_loss":0},{"damage_healed":0,"gold_gain":0,"player_choice":"Max HP","damage_taken":0,"max_hp_gain":0,"max_hp_loss":25,"event_name":"Winding Halls","floor":36,"gold_loss":0},{"damage_healed":0,"gold_gain":0,"player_choice":"Ignored","damage_taken":0,"max_hp_gain":0,"max_hp_loss":0,"event_name":"Tomb of Lord Red Mask","floor":37,"gold_loss":0}],"is_beta":false,"boss_relics":[{"not_picked":["Empty Cage","Cursed Key","Calling Bell"]},{"not_picked":["Tiny House","SlaversCollar","Coffee Dripper"]}],"items_purged_floors":[],"is_endless":false,"potions_floor_spawned":[4,5,7,13,18,27,28,33,38,41,44,46,54],"ascension_level":8}}