{"host":"k1hhfsso5sz592ni","time":1612766622,"event":{"mods":["BaseMod","Colored Map","Minty Spire (QoL Compilation)","Quick Restart","Replay The Spire","StSLib","TestMod","everything is the same but u backflip on backflip"],"gold_per_floor":[116,116,191,591,691,691,705,725,777,395,414,424,439,502,502,598,598,610,620,545,555,555,584,584,484,562,562,437,457,470,470,470,565,565,582,384,484,309,309,334,334,334,408,421,455,474,474,474],"floor_reached":47,"language":"ZHS","playtime":1048,"items_purged":["Defend_R","Clash+1","Defend_R","Strike_R","Defend_R"],"score":643,"play_id":"1dc3acac-d6a9-48ca-adb9-546485bdbe1a","local_time":"20210208144342","is_ascension_mode":false,"campfire_choices":[{"data":"Clash","floor":6.0,"key":"SMITH"},{"floor":15.0,"key":"REST"},{"data":"Pommel Strike","floor":32,"key":"SMITH"},{"data":"Pommel Strike","floor":41,"key":"SMITH"}],"circlet_count":0,"master_deck":["Strike_R","Strike_R","Strike_R","Pommel Strike+1","Pommel Strike+1","Pommel Strike+1"],"relics":["Burning Blood","NeowsBlessing","testmod-ObsoleteBoomerang","Red Skull","Juzu Bracelet","Centennial Puzzle","Boot","testmod-BatchProcessingSystem","King of Hearts","testmod-ArcanaOfDestiny","Meat on the Bone","testmod-StringDisintegrator","PreservedInsect","Iron Hammer"],"acts_visited":["Exordium","TheCity","TheBeyond"],"potions_floor_usage":[33],"damage_taken":[{"damage":0.0,"enemies":"Jaw Worm","floor":1.0,"turns":1.0},{"damage":0.0,"enemies":"2 Louse","floor":7.0,"turns":1.0},{"damage":0.0,"enemies":"Small Slimes","floor":8.0,"turns":1.0},{"damage":0.0,"enemies":"Red Slaver","floor":11.0,"turns":1.0},{"damage":2.0,"enemies":"Large Slime","floor":12.0,"turns":3.0},{"damage":2.0,"enemies":"3 Louse","floor":13.0,"turns":2.0},{"damage":30.0,"enemies":"Fading Forest","floor":16.0,"turns":11.0},{"damage":10.0,"enemies":"Chosen","floor":18.0,"turns":2.0},{"damage":10.0,"enemies":"3 Byrds","floor":19.0,"turns":3.0},{"damage":15.0,"enemies":"Snake Plant","floor":21.0,"turns":3.0},{"damage":14.0,"enemies":"Slavers","floor":23.0,"turns":3.0},{"damage":0,"enemies":"3 Cultists","floor":29,"turns":2},{"damage":2,"enemies":"Shelled Parasite and Fungi","floor":30,"turns":2},{"damage":0,"enemies":"Champ","floor":33,"turns":2},{"damage":0,"enemies":"3 Darklings","floor":35,"turns":2},{"damage":0,"enemies":"R_Hoarder","floor":40,"turns":1},{"damage":0,"enemies":"3 Shapes","floor":44,"turns":1},{"damage":0,"enemies":"Nemesis","floor":45,"turns":1},{"damage":0,"enemies":"Spire Growth","floor":46,"turns":1}],"seed_played":"6783919102566791679","potions_obtained":[{"floor":1.0,"key":"FearPotion"},{"floor":8.0,"key":"Swift Potion"},{"floor":12.0,"key":"Cursed Concoction"},{"floor":18.0,"key":"Dexterity Potion"},{"floor":30,"key":"Fire Potion"},{"floor":33,"key":"DistilledChaos"},{"floor":46,"key":"Elixir"}],"is_trial":false,"path_per_floor":["M","?","?","?","?","R","M","M","T","$","M","M","M","?","R","B",null,"M","M","?","M","?","E","?","$","T","?","$","M","M","?","R","B",null,"M","$","?","$","?","E","R","?","T","M","E","M","?"],"character_chosen":"IRONCLAD","items_purchased":["Juzu Bracelet","Centennial Puzzle","Pommel Strike"],"campfire_rested":1,"item_purchase_floors":[10,10,36],"current_hp_per_floor":[80,73,62,62,62,62,68,74,74,74,80,80,80,60,80,66,80,76,72,72,63,63,55,55,55,55,55,55,61,65,65,65,71,80,80,80,80,80,80,80,80,80,80,80,80,80,80,80],"gold":474,"neow_bonus":"THREE_ENEMY_KILL","is_daily":false,"chose_seed":false,"campfire_upgraded":3,"win_rate":0.0,"timestamp":1612766622,"path_taken":["M","?","?","?","?","R","?","M","T","$","M","M","M","?","R","BOSS","M","M","?","M","?","E","?","$","T","?","$","M","M","?","R","BOSS","M","$","?","?","?","E","R","?","T","M","E","M","?"],"items_purchased_type":["Relic","Relic","Card"],"build_version":"2020-12-22","purchased_purges":5,"victory":false,"max_hp_per_floor":[80,80,80,80,80,80,80,80,80,80,80,80,80,80,80,80,80,80,80,80,80,80,80,80,80,80,80,80,80,80,80,80,80,80,80,80,80,80,80,80,80,80,80,80,80,80,80,80],"card_choices":[{"not_picked":["Spot Weakness","Intimidate"],"picked":"Clash","floor":1.0},{"not_picked":["Blood for Blood","Whirlwind"],"picked":"Clash","floor":7.0},{"not_picked":["Rampage","Intimidate","Feel No Pain"],"picked":"SKIP","floor":8.0},{"not_picked":["Pommel Strike","Armaments","Body Slam"],"picked":"SKIP","floor":11.0},{"not_picked":["Reckless Charge","Exhume","Pommel Strike"],"picked":"SKIP","floor":12.0},{"not_picked":["Metallicize","Inflame","Iron Wave"],"picked":"SKIP","floor":13.0},{"not_picked":["Spot Weakness+1","Hemokinesis","Metallicize"],"picked":"SKIP","floor":18.0},{"not_picked":["Shockwave","True Grit"],"picked":"Pommel Strike","floor":19.0},{"not_picked":["Anger+1","Searing Blow"],"picked":"Shrug It Off","floor":21.0},{"not_picked":["Pummel","Reaper","ReplayReversal"],"picked":"SKIP","floor":23.0},{"not_picked":["Battle Trance","Whirlwind","Body Slam+1"],"picked":"SKIP","floor":29},{"not_picked":["Cleave","Clothesline","Anger"],"picked":"SKIP","floor":30},{"not_picked":["Headbutt","ReplayTheSpireMod:Stacked","Wild Strike+1"],"picked":"SKIP","floor":35},{"not_picked":["Thunderclap","Iron Wave","Demon Form"],"picked":"SKIP","floor":40},{"not_picked":["Armaments+1","Body Slam+1","Heavy Blade"],"picked":"SKIP","floor":44},{"not_picked":["Sword Boomerang+1","Bludgeon","Life Link"],"picked":"SKIP","floor":45},{"not_picked":["Shrug It Off","Wild Strike","Defy Death"],"picked":"SKIP","floor":46}],"player_experience":576830,"relics_obtained":[{"floor":9.0,"key":"Red Skull"},{"floor":14.0,"key":"Boot"},{"floor":23.0,"key":"testmod-ArcanaOfDestiny"},{"floor":26,"key":"Meat on the Bone"},{"floor":40,"key":"PreservedInsect"},{"floor":43,"key":"Iron Hammer"}],"event_choices":[{"cards_removed":["Defend_R"],"damage_healed":0.0,"max_hp_gain":0.0,"max_hp_loss":0.0,"gold_gain":0.0,"event_name":"Golden Wing","player_choice":"Card Removal","floor":2.0,"gold_loss":0.0,"damage_taken":7.0},{"damage_healed":0.0,"max_hp_gain":0.0,"max_hp_loss":0.0,"gold_gain":75.0,"event_name":"World of Goop","player_choice":"Gather Gold","floor":3.0,"gold_loss":0.0,"damage_taken":11.0},{"damage_healed":0.0,"max_hp_gain":0.0,"max_hp_loss":0.0,"gold_gain":400.0,"event_name":"恩洛斯的盘子","player_choice":"Sell","floor":4.0,"relics_lost":["testmod-TestBox"],"gold_loss":0.0,"damage_taken":0.0},{"damage_healed":0.0,"max_hp_gain":0.0,"max_hp_loss":0.0,"gold_gain":100.0,"event_name":"Wheel of Change","player_choice":"Gold","floor":5.0,"gold_loss":0.0,"damage_taken":0.0},{"cards_removed":["Bash"],"damage_healed":0.0,"max_hp_gain":0.0,"max_hp_loss":0.0,"gold_gain":0.0,"event_name":"Beggar","player_choice":"Gave Gold","floor":20.0,"gold_loss":75.0,"damage_taken":0.0},{"cards_removed":["Clash"],"damage_healed":0.0,"max_hp_gain":0.0,"max_hp_loss":0.0,"gold_gain":0.0,"event_name":"WeMeetAgain","player_choice":"Gave Card","floor":22.0,"gold_loss":0.0,"damage_taken":0.0,"relics_obtained":["King of Hearts"]},{"damage_healed":0,"gold_gain":0,"player_choice":"Ignored","damage_taken":0,"max_hp_gain":0,"max_hp_loss":0,"event_name":"Vampires","floor":24,"gold_loss":0},{"damage_healed":0,"gold_gain":0,"player_choice":"Read","damage_taken":0,"max_hp_gain":0,"max_hp_loss":0,"event_name":"The Library","floor":27,"gold_loss":0,"cards_obtained":["Pommel Strike"]},{"cards_removed":["Strike_R"],"damage_healed":0,"gold_gain":0,"player_choice":"Elegance","damage_taken":0,"max_hp_gain":0,"max_hp_loss":0,"event_name":"Back to Basics","floor":31,"gold_loss":0},{"damage_healed":0,"gold_gain":100,"player_choice":"Pray","damage_taken":0,"max_hp_gain":0,"max_hp_loss":0,"event_name":"Golden Shrine","floor":37,"gold_loss":0},{"damage_healed":0,"gold_gain":0,"player_choice":"Ignored","damage_taken":0,"max_hp_gain":0,"max_hp_loss":0,"event_name":"Tomb of Lord Red Mask","floor":39,"gold_loss":0},{"damage_healed":0,"gold_gain":0,"player_choice":"Swap Relic","damage_taken":0,"relics_obtained":["Guide Book"],"max_hp_gain":0,"max_hp_loss":0,"event_name":"给自己的盒子","floor":42,"relics_lost":["Guide Book"],"gold_loss":0},{"cards_removed":["Shrug It Off"],"damage_healed":0,"gold_gain":0,"player_choice":"Removed Skill","damage_taken":0,"max_hp_gain":0,"max_hp_loss":0,"event_name":"Falling","floor":47,"gold_loss":0}],"is_beta":false,"boss_relics":[{"not_picked":["Pandora\u0027s Box","testmod-Temperance"],"picked":"testmod-BatchProcessingSystem"},{"not_picked":["Runic Dome","testmod-KeyOfTheVoid"],"picked":"testmod-StringDisintegrator"}],"items_purged_floors":[10,25,28,36,38],"is_endless":false,"potions_floor_spawned":[1,8,12,18,23,29,30,33,45,46],"ascension_level":0}}