{"host":"spoxbmo2txwgdxt2","time":1612742535,"event":{"mods":["AchievementEnabler","Act Like it!","BaseMod","Colored Powertips","Gensokyo","Highlight Path","Minty Spire (QoL Compilation)","Quick Restart","Reimu£®≤©¿ˆ¡È√Œ£©","Shop Mod","StSLib"],"gold_per_floor":[112,112,19,37,37,37,367,367,390,408,634,644,654,654,654,749,749,761,777,123,135,135,161,161,186,186,186,215,235,244,270,270,380,380,405,414,14,14,26,26,66,87,87,87,128,455,464,486,486,486],"floor_reached":51,"language":"ZHS","playtime":5597,"items_purged":["Strike_Lin:ReiMu"],"score":807,"play_id":"88bb4e45-3d58-41fc-bfff-ee1adbc53fb0","local_time":"20210208080215","is_ascension_mode":false,"campfire_choices":[{"data":"NB:ReiMu","floor":6.0,"key":"SMITH"},{"data":"Gathering:ReiMu","floor":8.0,"key":"SMITH"},{"floor":15.0,"key":"REST"},{"data":"KamiRite:ReiMu","floor":24.0,"key":"SMITH"},{"floor":32.0,"key":"REST"},{"data":"RainPray2:ReiMu","floor":40.0,"key":"SMITH"},{"data":"ShadowOfCrow2:ReiMu","floor":49.0,"key":"SMITH"}],"circlet_count":0,"master_deck":["Strike_Lin:ReiMu+1","Strike_Lin:ReiMu","Strike_Lin:ReiMu+1","Defend_Lin:ReiMu","Defend_Lin:ReiMu","Defend_Lin:ReiMu","Defend_Lin:ReiMu+1","NB:ReiMu+1","Stagnation:ReiMu","PassingAway:ReiMu+1","Gathering:ReiMu+1","RainPray2:ReiMu+1","KamiRite:ReiMu+1","PassingAway:ReiMu","ShadowOfCrow2:ReiMu+1","LovePray:ReiMu","Revelation:ReiMu","CardOfSanctity:ReiMu","SafetyPray:ReiMu","CareerPray:ReiMu+1","FantasyBorder:ReiMu+1","AirManeuver:ReiMu+1","FantasyMoon:ReiMu+1","WonderfulDomain:ReiMu+1","CareerPray:ReiMu+1","Night Terror+1","AlertArray:ReiMu+1","YinYang:ReiMu+1","FineLineFantasy:ReiMu+1","Gensokyo:MorningStar+1","KamiRite:ReiMu+1","HakureiPhantom:ReiMu+1","WonderfulDomain:ReiMu+1","EmergencyTakeOff:ReiMu+1","Dreaming:ReiMu+1","Gensokyo:RPG","LovePray:ReiMu+1"],"relics":["FlyPower:ReiMu","NeowsBlessing","Ornamental Fan","Boot","War Paint","CrownOfHeavens:ReiMu","Toxic Egg 2","Molten Egg 2","Gensokyo:ConquerorOfFear","Mango","CeramicFish","InkBottle","DonationBox:ReiMu","DollysMirror","Strange Spoon","MealTicket","Strawberry","Gensokyo:EmptyGrave","Whetstone","Old Coin"],"acts_visited":["Gensokyo:Gensokyo","Gensokyo:Gensokyoer","Gensokyo:Gensokyoest"],"potions_floor_usage":[50],"damage_taken":[{"damage":0.0,"enemies":"Gensokyo:Gryphon","floor":1.0,"turns":1.0},{"damage":7.0,"enemies":"Gensokyo:Python","floor":4.0,"turns":4.0},{"damage":0.0,"enemies":"Gensokyo:Mamizou","floor":7.0,"turns":7.0},{"damage":1.0,"enemies":"Gensokyo:2_Kodama","floor":10.0,"turns":5.0},{"damage":29.0,"enemies":"Gensokyo:Aya","floor":11.0,"turns":11.0},{"damage":7.0,"enemies":"Gensokyo:Kitsune","floor":12.0,"turns":6.0},{"damage":3.0,"enemies":"Gensokyo:Python_and_Kodama","floor":13.0,"turns":4.0},{"damage":11.0,"enemies":"Gensokyo:Yukari","floor":16.0,"turns":10.0},{"damage":15.0,"enemies":"Gensokyo:3_Dogs","floor":18.0,"turns":3.0},{"damage":0.0,"enemies":"Gensokyo:Chomper","floor":19.0,"turns":5.0},{"damage":0.0,"enemies":"Gensokyo:3_Gloops","floor":21.0,"turns":4.0},{"damage":28.0,"enemies":"Gensokyo:Koishi","floor":23.0,"turns":6.0},{"damage":9.0,"enemies":"Gensokyo:Reisen","floor":25.0,"turns":6.0},{"damage":0.0,"enemies":"Gensokyo:Mirror_and_Dog","floor":28.0,"turns":4.0},{"damage":0.0,"enemies":"Gensokyo:Swordslinger","floor":29.0,"turns":5.0},{"damage":0.0,"enemies":"Gensokyo:Wraith","floor":31.0,"turns":5.0},{"damage":32.0,"enemies":"Gensokyo:Eiki","floor":33.0,"turns":9.0},{"damage":0.0,"enemies":"Gensokyo:3_Boulders","floor":35.0,"turns":3.0},{"damage":6.0,"enemies":"Gensokyo:3_Boulders","floor":36.0,"turns":10.0},{"damage":0.0,"enemies":"Gensokyo:AncientGuardian","floor":39.0,"turns":8.0},{"damage":10.0,"enemies":"Gensokyo:Marisa","floor":41.0,"turns":7.0},{"damage":10.0,"enemies":"Gensokyo:4_Bats","floor":42.0,"turns":4.0},{"damage":4.0,"enemies":"Gensokyo:Kasen","floor":45.0,"turns":5.0},{"damage":0.0,"enemies":"Gensokyo:SeedOfUnknown","floor":46.0,"turns":6.0},{"damage":0.0,"enemies":"Gensokyo:AtlasGolem","floor":48.0,"turns":4.0},{"damage":31,"enemies":"Gensokyo:Shinki","floor":50,"turns":9}],"seed_played":"-1896749433020152866","potions_obtained":[{"floor":1.0,"key":"BlessingOfTheForge"},{"floor":4.0,"key":"GamblersBrew"},{"floor":12.0,"key":"AttackPotion"},{"floor":16.0,"key":"BottledKami:ReiMu"},{"floor":19.0,"key":"PinkPotion:ReiMu"},{"floor":23.0,"key":"HakureiPotion:ReiMu"},{"floor":28.0,"key":"FearPotion"},{"floor":35.0,"key":"ZuzhouPotion:ReiMu"},{"floor":45.0,"key":"SteroidPotion"},{"floor":46.0,"key":"Strength Potion"}],"is_trial":false,"path_per_floor":["M","?","COS","M","$","R","E","R","T","M","E","M","M","?","R","B",null,"M","M","$","M","?","E","R","E","T","?","M","M","?","M","R","B",null,"M","?","COS","?","M","R","E","M","T","?","E","M","?","M","R","B",null],"character_chosen":"REIMU","items_purchased":["Toxic Egg 2","Molten Egg 2","FantasyBorder:ReiMu+1"],"campfire_rested":2,"item_purchase_floors":[20,20,20],"current_hp_per_floor":[65,59,59,52,52,52,52,52,52,51,22,15,12,12,31,20,65,50,50,50,50,50,36,36,27,27,27,27,27,20,20,43,11,79,79,79,79,68,68,68,65,55,55,55,51,51,80,80,80,49],"gold":486,"neow_bonus":"THREE_ENEMY_KILL","is_daily":false,"chose_seed":false,"campfire_upgraded":5,"win_rate":0.0,"timestamp":1612742535,"path_taken":["M","?","COS","M","$","R","E","R","T","M","E","M","?","?","R","BOSS","M","M","$","M","?","E","R","E","T","?","M","?","?","M","R","BOSS","M","?","COS","?","?","R","E","?","T","?","E","M","?","M","R","BOSS"],"items_purchased_type":["Relic","Relic","Card"],"build_version":"2020-12-22","purchased_purges":1,"victory":true,"max_hp_per_floor":[65,65,65,65,65,65,65,65,65,65,65,65,65,65,65,65,65,65,65,65,65,65,79,79,79,79,79,79,79,79,79,79,79,79,79,79,79,79,79,79,86,86,86,80,80,80,80,80,80,80],"card_choices":[{"not_picked":["MountainWay:ReiMu","Meditation:ReiMu"],"picked":"PassingAway:ReiMu","floor":1.0},{"not_picked":["Enchanting:ReiMu","KamiSacrifice:ReiMu"],"picked":"Gathering:ReiMu","floor":4.0},{"not_picked":["Amulet:ReiMu","CareerPray:ReiMu"],"picked":"RainPray2:ReiMu","floor":7.0},{"not_picked":["Meditation:ReiMu","SubcavityInstant:ReiMu","SpringWay:ReiMu"],"picked":"SKIP","floor":10.0},{"not_picked":["SpreadBorder2:ReiMu","PayForSelf:ReiMu","SubAcupoint:ReiMu"],"picked":"SKIP","floor":11.0},{"not_picked":["OctopathSalyBorderN:ReiMu","Shading:ReiMu"],"picked":"KamiRite:ReiMu","floor":12.0},{"not_picked":["ShadowOfCrow2:ReiMu","UniversalSpiritual:ReiMu"],"picked":"PassingAway:ReiMu","floor":12.0},{"not_picked":["OrbThrow:ReiMu","AirStrike:ReiMu"],"picked":"ShadowOfCrow2:ReiMu","floor":13.0},{"not_picked":["Crusade:ReiMu","SubAcupoint:ReiMu"],"picked":"LovePray:ReiMu","floor":14.0},{"not_picked":["SubAcupoint:ReiMu","NineCharacters:ReiMu"],"picked":"Revelation:ReiMu","floor":14.0},{"not_picked":["DependentForm:ReiMu","KyokaiOfKami:ReiMu"],"picked":"CardOfSanctity:ReiMu","floor":16.0},{"not_picked":["SpreadBorder2:ReiMu","CollectionFlower2:ReiMu"],"picked":"SafetyPray:ReiMu","floor":18.0},{"not_picked":["KamiSacrifice:ReiMu","SpiritualOutbreak2:ReiMu"],"picked":"CareerPray:ReiMu+1","floor":19.0},{"not_picked":["Intuition:ReiMu+1","Revelation:ReiMu+1"],"picked":"AirManeuver:ReiMu+1","floor":21.0},{"not_picked":["SafetyPray:ReiMu+1","WonderfulDomain:ReiMu+1"],"picked":"FantasyMoon:ReiMu+1","floor":23.0},{"not_picked":["SpringWay:ReiMu+1","SubAcupoint:ReiMu+1","Conquer:ReiMu+1"],"picked":"SKIP","floor":25.0},{"not_picked":["Meditation:ReiMu+1","RainPray2:ReiMu+1"],"picked":"WonderfulDomain:ReiMu+1","floor":28.0},{"not_picked":["SubAcupoint:ReiMu+1","SpreadBorder2:ReiMu+1"],"picked":"CareerPray:ReiMu+1","floor":29.0},{"not_picked":["Enchanting:ReiMu+1","CollectionFlower2:ReiMu+1"],"picked":"AlertArray:ReiMu+1","floor":31.0},{"not_picked":["BlastKick2:ReiMu+1","DependentForm:ReiMu"],"picked":"YinYang:ReiMu+1","floor":33.0},{"not_picked":["EmergencyTakeOff:ReiMu+1","SubAcupoint:ReiMu+1"],"picked":"FineLineFantasy:ReiMu+1","floor":35.0},{"not_picked":["Gensokyo:RainbowDanmaku+1","Gensokyo:DreamlikeParadise+1"],"picked":"Gensokyo:MorningStar+1","floor":36.0},{"not_picked":["Gathering:ReiMu+1","InherentArray:ReiMu","SubAcupoint:ReiMu+1"],"picked":"SKIP","floor":39.0},{"not_picked":["Free:ReiMu+1","Revelation:ReiMu+1"],"picked":"HakureiPhantom:ReiMu+1","floor":41.0},{"not_picked":["Intuition:ReiMu+1","Meditation:ReiMu+1"],"picked":"WonderfulDomain:ReiMu+1","floor":42.0},{"not_picked":["SpringWay:ReiMu+1","KamiSacrifice:ReiMu+1"],"picked":"EmergencyTakeOff:ReiMu+1","floor":45.0},{"not_picked":["Enchanting:ReiMu+1","SpreadBorder2:ReiMu+1"],"picked":"Dreaming:ReiMu+1","floor":46.0},{"not_picked":["YinYangSign:ReiMu+1","SpiritualOutbreak2:ReiMu+1"],"picked":"LovePray:ReiMu+1","floor":48.0}],"player_experience":316605,"relics_obtained":[{"floor":7.0,"key":"Ornamental Fan"},{"floor":9.0,"key":"Boot"},{"floor":11.0,"key":"War Paint"},{"floor":23.0,"key":"Gensokyo:ConquerorOfFear"},{"floor":23.0,"key":"Mango"},{"floor":25.0,"key":"CeramicFish"},{"floor":26.0,"key":"InkBottle"},{"floor":41.0,"key":"Strawberry"},{"floor":45.0,"key":"Whetstone"}],"event_choices":[],"is_beta":false,"boss_relics":[{"not_picked":["SlaversCollar","Philosopher\u0027s Stone"],"picked":"CrownOfHeavens:ReiMu"},{"not_picked":["Snecko Eye","Runic Pyramid"],"picked":"DonationBox:ReiMu"}],"items_purged_floors":[20],"is_endless":false,"potions_floor_spawned":[1,4,12,16,19,23,28,35,45,46],"ascension_level":0}}