{"host":"9b7hrp48q3pna783","time":1612824246,"event":{"mods":["BaseMod","Colored Map","Colored Powertips","Highlight Path","Minty Spire (QoL Compilation)","Relic Stats"],"gold_per_floor":[114,114,133,153,153,184,201,201,201,201,217,235,235,266,266,371,371,384,396,414,429,441,441,475,475,551,551,476,490,522,537,537,640,640,651,651,651,551,551,576,576,587,587,607,230,247,262,279,279,279,279,279,86,86,86],"floor_reached":54,"language":"ENG","playtime":5520,"items_purged":["Strike_R","Strike_R","Strike_R"],"score":759,"play_id":"b719b574-43c3-4636-a600-10c1bc1bd1d9","local_time":"20210208174406","is_ascension_mode":true,"campfire_choices":[{"data":"Hemokinesis","floor":8,"key":"SMITH"},{"data":"Body Slam","floor":10,"key":"SMITH"},{"data":"Uppercut","floor":13,"key":"SMITH"},{"data":"Double Tap","floor":15,"key":"SMITH"},{"data":"True Grit","floor":23,"key":"SMITH"},{"floor":25,"key":"RECALL"},{"data":"Warcry","floor":32,"key":"SMITH"},{"data":"Impervious","floor":41,"key":"SMITH"},{"data":"Shrug It Off","floor":49,"key":"SMITH"},{"data":"Reaper","floor":52,"key":"SMITH"}],"circlet_count":0,"master_deck":["Strike_R","Strike_R","Defend_R+1","Defend_R","Defend_R","Defend_R","Bash+1","Body Slam+1","Warcry+1","Hemokinesis+1","Uppercut+1","Double Tap+1","Impervious+1","Iron Wave+1","True Grit+1","Rampage+1","Demon Form+1","Metallicize+1","Reaper+1","Dark Shackles+1","Berserk+1","Metallicize+1","Shrug It Off+1","Parasite","Demon Form+1","Cleave"],"relics":["Burning Blood","NeowsBlessing","Mercury Hourglass","HornCleat","Self Forming Clay","Black Star","Shuriken","Darkstone Periapt","Frozen Egg 2","Pear","Sundial","Vajra","Coffee Dripper","Paper Frog","Kunai","Mummified Hand","DollysMirror"],"acts_visited":["Exordium","TheCity","TheBeyond","TheEnding"],"potions_floor_usage":[6,14,16,24,30,33,48,48,50],"damage_taken":[{"damage":0,"enemies":"2 Louse","floor":1,"turns":1},{"damage":0,"enemies":"Cultist","floor":3,"turns":1},{"damage":0,"enemies":"Jaw Worm","floor":4,"turns":1},{"damage":25,"enemies":"3 Sentries","floor":6,"turns":8},{"damage":15,"enemies":"Red Slaver","floor":7,"turns":2},{"damage":2,"enemies":"Large Slime","floor":11,"turns":3},{"damage":2,"enemies":"Exordium Wildlife","floor":12,"turns":3},{"damage":4,"enemies":"Gremlin Nob","floor":14,"turns":2},{"damage":9,"enemies":"Hexaghost","floor":16,"turns":6},{"damage":2,"enemies":"Chosen","floor":18,"turns":4},{"damage":8,"enemies":"Shell Parasite","floor":19,"turns":5},{"damage":17,"enemies":"Centurion and Healer","floor":20,"turns":4},{"damage":2,"enemies":"Snecko","floor":21,"turns":5},{"damage":21,"enemies":"Shelled Parasite and Fungi","floor":22,"turns":6},{"damage":5,"enemies":"Book of Stabbing","floor":24,"turns":4},{"damage":10,"enemies":"Centurion and Healer","floor":29,"turns":5},{"damage":26,"enemies":"Slavers","floor":30,"turns":6},{"damage":9,"enemies":"3 Cultists","floor":31,"turns":5},{"damage":32,"enemies":"Champ","floor":33,"turns":7},{"damage":15,"enemies":"Orb Walker","floor":35,"turns":3},{"damage":25,"enemies":"Giant Head","floor":40,"turns":8},{"damage":0,"enemies":"3 Shapes","floor":42,"turns":3},{"damage":26,"enemies":"Transient","floor":44,"turns":5},{"damage":8,"enemies":"4 Shapes","floor":46,"turns":4},{"damage":2,"enemies":"Spire Growth","floor":47,"turns":4},{"damage":8,"enemies":"Writhing Mass","floor":48,"turns":7},{"damage":59,"enemies":"Donu and Deca","floor":50,"turns":11},{"damage":100,"enemies":"Shield and Spear","floor":54,"turns":5}],"seed_played":"-6220439593187380185","potions_obtained":[{"floor":3,"key":"Explosive Potion"},{"floor":12,"key":"DuplicationPotion"},{"floor":14,"key":"CultistPotion"},{"floor":20,"key":"GamblersBrew"},{"floor":21,"key":"Weak Potion"},{"floor":22,"key":"ColorlessPotion"},{"floor":24,"key":"Strength Potion"},{"floor":30,"key":"LiquidBronze"},{"floor":35,"key":"BlessingOfTheForge"},{"floor":40,"key":"EssenceOfSteel"}],"is_trial":false,"path_per_floor":["M","?","M","M","?","E","M","R","T","R","M","M","R","E","R","B",null,"M","M","M","M","M","R","E","R","T","?","$","M","E","M","R","B",null,"M","?","?","$","?","E","R","M","T","M","$","M","M","M","R","B",null,"R","$","E"],"character_chosen":"IRONCLAD","items_purchased":["Mummified Hand","DollysMirror","Cleave"],"campfire_rested":0,"item_purchase_floors":[45,53,53],"current_hp_per_floor":[80,64,70,76,76,57,48,48,48,48,52,56,56,58,58,55,80,80,78,67,71,56,56,57,57,57,67,67,63,43,40,40,14,90,89,85,85,85,85,66,66,85,85,77,77,75,85,89,89,45,91,91,91,0,0],"gold":86,"neow_bonus":"THREE_ENEMY_KILL","is_daily":false,"chose_seed":false,"campfire_upgraded":9,"win_rate":0.0,"timestamp":1612824246,"path_taken":["M","?","M","M","?","E","M","R","T","R","M","M","R","E","R","BOSS","M","?","?","M","M","R","E","R","T","?","$","M","E","M","R","BOSS","M","?","?","$","?","E","R","M","T","M","$","M","M","M","R","BOSS","R","$","E"],"items_purchased_type":["Relic","Relic","Card"],"build_version":"2020-12-22","purchased_purges":3,"victory":false,"max_hp_per_floor":[80,80,80,80,80,80,80,80,80,80,80,80,80,80,80,80,80,80,80,80,80,80,80,80,80,80,90,90,90,90,90,90,90,90,90,85,85,85,85,85,85,85,85,85,85,85,85,91,91,91,91,91,91,91,91],"relic_stats":{"Darkstone Periapt":6,"counters":[28,127],"Self Forming Clay":[207],"Shuriken":[22],"Sundial":[6],"Mummified Hand":[25],"Black Star":3,"Kunai":[8],"obtain_stats":[{"Darkstone Periapt":24,"Pear":27,"NeowsBlessing":0,"Self Forming Clay":14,"Vajra":30,"Frozen Egg 2":26,"Burning Blood":0,"Mercury Hourglass":6,"HornCleat":9,"Shuriken":24,"Sundial":30,"Mummified Hand":45,"DollysMirror":53,"Black Star":17,"Coffee Dripper":34,"Kunai":40,"Paper Frog":40},{"Darkstone Periapt":15,"Pear":15,"NeowsBlessing":0,"Self Forming Clay":8,"Vajra":17,"Frozen Egg 2":15,"Burning Blood":0,"Mercury Hourglass":4,"HornCleat":5,"Shuriken":15,"Sundial":17,"Mummified Hand":23,"DollysMirror":27,"Black Star":9,"Coffee Dripper":19,"Kunai":21,"Paper Frog":21},{"Darkstone Periapt":54,"Pear":54,"NeowsBlessing":0,"Self Forming Clay":20,"Vajra":65,"Frozen Egg 2":54,"Burning Blood":0,"Mercury Hourglass":11,"HornCleat":13,"Shuriken":54,"Sundial":65,"Mummified Hand":96,"DollysMirror":122,"Black Star":26,"Coffee Dripper":77,"Kunai":88,"Paper Frog":88}],"Burning Blood":142,"Mercury Hourglass":[393]},"card_choices":[{"not_picked":["Sword Boomerang","Sentinel"],"picked":"Body Slam","floor":1},{"not_picked":["Searing Blow","Flex"],"picked":"Warcry","floor":3},{"not_picked":["Perfected Strike","Clash","Cleave"],"picked":"SKIP","floor":4},{"not_picked":["Havoc","Bloodletting","Twin Strike"],"picked":"SKIP","floor":6},{"not_picked":["Iron Wave","Fire Breathing","Twin Strike"],"picked":"SKIP","floor":7},{"not_picked":["Dual Wield","Twin Strike"],"picked":"Uppercut","floor":11},{"not_picked":["Second Wind","Heavy Blade","Sword Boomerang"],"picked":"SKIP","floor":12},{"not_picked":["Iron Wave","Juggernaut"],"picked":"Double Tap","floor":14},{"not_picked":["Berserk","Limit Break"],"picked":"Impervious","floor":16},{"not_picked":["Pommel Strike","Clash+1","Perfected Strike"],"picked":"SKIP","floor":18},{"not_picked":["Fire Breathing","Sword Boomerang"],"picked":"Iron Wave+1","floor":19},{"not_picked":["Thunderclap+1","Shockwave","Carnage+1"],"picked":"SKIP","floor":20},{"not_picked":["Feel No Pain","Clothesline+1","Double Tap"],"picked":"SKIP","floor":21},{"not_picked":["Body Slam","Heavy Blade"],"picked":"True Grit","floor":22},{"not_picked":["Immolate","Metallicize+1"],"picked":"Rampage+1","floor":24},{"not_picked":["Body Slam","Clothesline","Flame Barrier"],"picked":"SKIP","floor":29},{"not_picked":["Heavy Blade","Body Slam+1"],"picked":"Demon Form+1","floor":30},{"not_picked":["Headbutt","Anger"],"picked":"Metallicize+1","floor":31},{"not_picked":["Fiend Fire","Feed"],"picked":"Reaper","floor":33},{"not_picked":["Body Slam","Shockwave+1","Headbutt"],"picked":"SKIP","floor":35},{"not_picked":["Forethought","PanicButton"],"picked":"Dark Shackles","floor":37},{"not_picked":["Perfected Strike","Havoc"],"picked":"Berserk+1","floor":40},{"not_picked":["Flex","Spot Weakness+1"],"picked":"Metallicize+1","floor":44},{"not_picked":["Second Wind+1","Anger+1"],"picked":"Shrug It Off","floor":46},{"not_picked":["Iron Wave","Rampage","Anger"],"picked":"SKIP","floor":47},{"not_picked":["Dual Wield+1","Flame Barrier+1","Corruption+1"],"picked":"SKIP","floor":48}],"player_experience":142294,"relics_obtained":[{"floor":6,"key":"Mercury Hourglass"},{"floor":9,"key":"HornCleat"},{"floor":14,"key":"Self Forming Clay"},{"floor":24,"key":"Shuriken"},{"floor":24,"key":"Darkstone Periapt"},{"floor":26,"key":"Frozen Egg 2"},{"floor":30,"key":"Sundial"},{"floor":30,"key":"Vajra"},{"floor":40,"key":"Paper Frog"},{"floor":40,"key":"Kunai"}],"event_choices":[{"damage_healed":0,"gold_gain":0,"player_choice":"Entered Light","damage_taken":16,"max_hp_gain":0,"max_hp_loss":0,"event_name":"Shining Light","floor":2,"gold_loss":0,"cards_upgraded":["Bash","Defend_R"]},{"damage_healed":0,"gold_gain":0,"player_choice":"1 cards matched","damage_taken":0,"max_hp_gain":0,"max_hp_loss":0,"event_name":"Match and Keep!","floor":5,"gold_loss":0,"cards_obtained":["Hemokinesis"]},{"damage_healed":0,"gold_gain":0,"player_choice":"Gave Potion","damage_taken":0,"relics_obtained":["Pear"],"max_hp_gain":0,"max_hp_loss":0,"event_name":"WeMeetAgain","floor":27,"gold_loss":0},{"damage_healed":0,"gold_gain":0,"player_choice":"Max HP","damage_taken":0,"max_hp_gain":0,"max_hp_loss":5,"event_name":"Winding Halls","floor":36,"gold_loss":0},{"damage_healed":0,"gold_gain":0,"player_choice":"Memory 1","damage_taken":0,"max_hp_gain":0,"max_hp_loss":0,"event_name":"SensoryStone","floor":37,"gold_loss":0},{"damage_healed":0,"gold_gain":0,"player_choice":"Upgraded","damage_taken":0,"max_hp_gain":0,"max_hp_loss":0,"event_name":"Upgrade Shrine","floor":39,"gold_loss":0,"cards_upgraded":["Dark Shackles"]}],"is_beta":false,"boss_relics":[{"not_picked":["Mark of Pain","SacredBark"],"picked":"Black Star"},{"not_picked":["Calling Bell","Runic Pyramid"],"picked":"Coffee Dripper"}],"items_purged_floors":[28,38,45],"is_endless":false,"potions_floor_spawned":[3,12,14,20,21,22,24,30,35,40,42,46],"killed_by":"Shield and Spear","ascension_level":1}}