{"host":"oehe2dxjvdgux73m","time":1612806656,"event":{"mods":["AchievementEnabler","BaseMod","Colored Map","Colored Powertips","DeckTracker","Keyboard Shortcuts","Minty Spire (QoL Compilation)","Permanent Neow","Quick Restart","StSLib","SuperFastMode"],"gold_per_floor":[117,8,23,36,51,51,61,61,87,117,137,148,178,198,198,198,198],"floor_reached":16,"language":"KOR","playtime":319,"items_purged":[],"score":232,"play_id":"0589bf3b-d041-450d-9ea2-2ea45376109c","local_time":"20210209025056","is_ascension_mode":true,"campfire_choices":[{"floor":6.0,"key":"RECALL"},{"floor":8.0,"key":"REST"},{"floor":15,"key":"REST"}],"circlet_count":0,"master_deck":["AscendersBane","Strike_G+1","Strike_G","Strike_G","Strike_G","Strike_G","Defend_G+1","Defend_G","Defend_G","Defend_G","Defend_G","Survivor","Neutralize+1","Cloak And Dagger","Blur","Blade Dance","Dagger Spray","PiercingWail+1","Die Die Die","Dagger Throw","Well Laid Plans","Blade Dance"],"relics":["Fusion Hammer","War Paint","Whetstone","Nunchaku"],"acts_visited":["Exordium"],"potions_floor_usage":[],"damage_taken":[{"damage":0.0,"enemies":"Cultist","floor":1.0,"turns":4.0},{"damage":0.0,"enemies":"Jaw Worm","floor":3.0,"turns":4.0},{"damage":0.0,"enemies":"2 Louse","floor":4.0,"turns":3.0},{"damage":12.0,"enemies":"Exordium Thugs","floor":5.0,"turns":8.0},{"damage":7.0,"enemies":"Exordium Wildlife","floor":7.0,"turns":7.0},{"damage":21.0,"enemies":"3 Sentries","floor":10.0,"turns":9.0},{"damage":2.0,"enemies":"Large Slime","floor":11.0,"turns":5.0},{"damage":2.0,"enemies":"Blue Slaver","floor":12.0,"turns":4.0},{"damage":22.0,"enemies":"Gremlin Nob","floor":13.0,"turns":4.0},{"damage":3,"enemies":"3 Louse","floor":14,"turns":3},{"damage":29,"enemies":"The Guardian","floor":16,"turns":5}],"seed_played":"-2788946442897600523","potions_obtained":[{"floor":10.0,"key":"Energy Potion"},{"floor":12.0,"key":"Dexterity Potion"}],"is_trial":false,"path_per_floor":["M","$","M","M","M","R","M","R","T","E","M","M","E","M","R","B"],"character_chosen":"THE_SILENT","items_purchased":["Blur","Blade Dance"],"campfire_rested":2,"item_purchase_floors":[2,2],"current_hp_per_floor":[59,59,59,59,47,47,40,59,59,38,36,34,12,9,28,0,0],"gold":198,"neow_bonus":"BOSS_RELIC","is_daily":false,"chose_seed":false,"campfire_upgraded":0,"win_rate":0.0,"timestamp":1612806656,"path_taken":["M","$","M","M","M","R","M","R","T","E","M","M","E","M","R","BOSS"],"items_purchased_type":["Card","Card"],"build_version":"2020-12-22","purchased_purges":0,"victory":false,"max_hp_per_floor":[66,66,66,66,66,66,66,66,66,66,66,66,66,66,66,66,66],"card_choices":[{"not_picked":["Poisoned Stab","Underhanded Strike"],"picked":"Cloak And Dagger","floor":1.0},{"not_picked":["Dagger Spray","Bouncing Flask","Tactician"],"picked":"SKIP","floor":3.0},{"not_picked":["Deadly Poison","Endless Agony"],"picked":"Dagger Spray","floor":4.0},{"not_picked":["Choke","Poisoned Stab"],"picked":"PiercingWail","floor":5.0},{"not_picked":["Flechettes","Poisoned Stab","Dagger Spray"],"picked":"SKIP","floor":7.0},{"not_picked":["Dagger Spray","Escape Plan"],"picked":"Die Die Die","floor":10.0},{"not_picked":["Underhanded Strike","Bane"],"picked":"Dagger Throw","floor":11.0},{"not_picked":["Endless Agony","Masterful Stab","Flying Knee"],"picked":"SKIP","floor":12.0},{"not_picked":["Skewer","Quick Slash"],"picked":"Well Laid Plans","floor":13.0},{"not_picked":["Poisoned Stab","Flying Knee"],"picked":"Blade Dance","floor":14}],"player_experience":429186,"relics_obtained":[{"floor":9.0,"key":"War Paint"},{"floor":10.0,"key":"Whetstone"},{"floor":13.0,"key":"Nunchaku"}],"event_choices":[],"is_beta":false,"boss_relics":[],"items_purged_floors":[],"is_endless":false,"potions_floor_spawned":[10,12,13,14],"killed_by":"The Guardian","ascension_level":20}}