{"host":"vld99k9l4elccfy8","time":1612817049,"event":{"mods":["AchievementEnabler","BaseMod","Bestiary","Block Reminder","Colored Map","Colored Powertips","Custom Start","Highlight Path","Minty Spire (QoL Compilation)","Permanent Neow","Rare Cards Sparkle"],"gold_per_floor":[11,11,86,102,277,27,40,40,122,122,122,122,122,132,132,232,232,244,244,263,263,36,36,53,63,63,93,93,113,113,113,113],"floor_reached":31,"language":"ENG","playtime":2203,"items_purged":["Doubt"],"score":268,"play_id":"7b1b6343-45a5-4404-bfb5-fd218d0af18f","local_time":"20210208134409","is_ascension_mode":false,"campfire_choices":[{"floor":8.0,"key":"RECALL"},{"data":"Blade Dance","floor":11.0,"key":"SMITH"},{"data":"Accuracy","floor":13.0,"key":"SMITH"},{"data":"Accuracy","floor":15.0,"key":"SMITH"},{"data":"Blade Dance","floor":23.0,"key":"SMITH"},{"floor":28.0,"key":"REST"}],"circlet_count":0,"master_deck":["Strike_G","Strike_G","Strike_G","Strike_G","Strike_G","Defend_G","Defend_G","Defend_G","Defend_G","Defend_G","Survivor","Neutralize+1","Accuracy+1","Accuracy+1","Quick Slash","Blade Dance+1","Cloak And Dagger","Phantasmal Killer+1","Blade Dance+1","Accuracy+1","Terror","Thunderclap","Shockwave+1","Choke+1","Conserve Battery"],"relics":["Ring of the Snake","Blood Vial","SlaversCollar","PrismaticShard","StrikeDummy","Bronze Scales"],"acts_visited":["Exordium","TheCity"],"potions_floor_usage":[29],"damage_taken":[{"damage":0.0,"enemies":"Cultist","floor":1.0,"turns":4.0},{"damage":0.0,"enemies":"2 Louse","floor":4.0,"turns":3.0},{"damage":1.0,"enemies":"Jaw Worm","floor":7.0,"turns":4.0},{"damage":0.0,"enemies":"2 Fungi Beasts","floor":14.0,"turns":3.0},{"damage":26.0,"enemies":"Slime Boss","floor":16.0,"turns":6.0},{"damage":7.0,"enemies":"3 Byrds","floor":18.0,"turns":5.0},{"damage":16.0,"enemies":"2 Thieves","floor":20.0,"turns":3.0},{"damage":32.0,"enemies":"Sentry and Sphere","floor":24.0,"turns":5.0},{"damage":21.0,"enemies":"Cultist and Chosen","floor":25.0,"turns":6.0},{"damage":20.0,"enemies":"Slavers","floor":27.0,"turns":5.0},{"damage":27,"enemies":"Centurion and Healer","floor":29,"turns":6},{"damage":5,"enemies":"Chosen and Byrds","floor":31,"turns":3}],"seed_played":"3494224200428059706","potions_obtained":[{"floor":1.0,"key":"Explosive Potion"},{"floor":4.0,"key":"Swift Potion"},{"floor":20.0,"key":"Fire Potion"},{"floor":25.0,"key":"GhostInAJar"}],"is_trial":false,"path_per_floor":["M","?","?","M","?","$","M","R","T","$","R","?","R","M","R","B",null,"M","$","M","?","$","R","M","M","T","E","R","M","?","M"],"character_chosen":"THE_SILENT","items_purchased":["Blood Vial","Quick Slash","PrismaticShard","Terror"],"campfire_rested":1,"item_purchase_floors":[6,6,22,22],"current_hp_per_floor":[84,84,73,73,73,73,74,74,74,74,74,79,79,81,81,57,89,82,82,68,68,68,68,38,19,19,1,27,2,2,0,0],"gold":113,"neow_bonus":"TWENTY_PERCENT_HP_BONUS","is_daily":false,"chose_seed":false,"campfire_upgraded":4,"win_rate":0.0,"timestamp":1612817049,"path_taken":["M","?","?","M","?","?","M","R","T","$","R","?","R","M","R","BOSS","M","$","M","?","$","R","M","M","T","E","R","M","?","M"],"items_purchased_type":["Relic","Card","Relic","Card"],"build_version":"2020-12-22","purchased_purges":1,"victory":false,"max_hp_per_floor":[84,84,84,84,84,84,84,84,84,84,84,89,89,89,89,89,89,89,89,89,89,89,89,89,89,89,89,89,89,89,89,89],"card_choices":[{"not_picked":["Dagger Spray","Prepared"],"picked":"Accuracy","floor":1.0},{"not_picked":["Crippling Poison","Predator"],"picked":"Accuracy","floor":4.0},{"not_picked":["Cloak And Dagger","PiercingWail"],"picked":"Blade Dance","floor":7.0},{"not_picked":["Dodge and Roll","Tactician"],"picked":"Cloak And Dagger","floor":14.0},{"not_picked":["A Thousand Cuts","Glass Knife"],"picked":"Phantasmal Killer","floor":16.0},{"not_picked":["Underhanded Strike","Deflect"],"picked":"Blade Dance","floor":18.0},{"not_picked":["Poisoned Stab","Flechettes"],"picked":"Accuracy+1","floor":20.0},{"not_picked":["Shrug It Off","Predator"],"picked":"Thunderclap","floor":24.0},{"not_picked":["Ball Lightning","Perfected Strike"],"picked":"Shockwave+1","floor":25.0},{"not_picked":["Fission","Clash"],"picked":"Choke+1","floor":27.0},{"not_picked":["Cold Snap+1","Hello World"],"picked":"Conserve Battery","floor":29}],"player_experience":403165,"relics_obtained":[{"floor":26.0,"key":"StrikeDummy"},{"floor":27.0,"key":"Bronze Scales"}],"event_choices":[{"damage_healed":0.0,"max_hp_gain":0.0,"max_hp_loss":0.0,"gold_gain":0.0,"event_name":"Living Wall","player_choice":"Grow","floor":2.0,"gold_loss":0.0,"damage_taken":0.0,"cards_upgraded":["Neutralize"]},{"damage_healed":0.0,"max_hp_gain":0.0,"max_hp_loss":0.0,"gold_gain":75.0,"event_name":"World of Goop","player_choice":"Gather Gold","floor":3.0,"gold_loss":0.0,"damage_taken":11.0},{"damage_healed":0.0,"max_hp_gain":0.0,"max_hp_loss":0.0,"gold_gain":175.0,"event_name":"Liars Game","player_choice":"AGREE","floor":5.0,"gold_loss":0.0,"damage_taken":0.0,"cards_obtained":["Doubt"]},{"damage_healed":0.0,"max_hp_gain":5.0,"max_hp_loss":0.0,"gold_gain":0.0,"event_name":"Big Fish","player_choice":"Donut","floor":12.0,"gold_loss":0.0,"damage_taken":0.0},{"damage_healed":0.0,"max_hp_gain":0.0,"max_hp_loss":0.0,"gold_gain":0.0,"event_name":"Beggar","player_choice":"Ignored","floor":21.0,"gold_loss":0.0,"damage_taken":0.0},{"damage_healed":0,"gold_gain":0,"player_choice":"Forge","damage_taken":0,"max_hp_gain":0,"max_hp_loss":0,"event_name":"Accursed Blacksmith","floor":30,"gold_loss":0,"cards_upgraded":["Phantasmal Killer"]}],"is_beta":false,"boss_relics":[{"not_picked":["Runic Dome","Philosopher\u0027s Stone"],"picked":"SlaversCollar"}],"items_purged_floors":[6],"is_endless":false,"potions_floor_spawned":[1,4,20,25],"killed_by":"Chosen and Byrds","ascension_level":0}}