{"host":"sxnl403xm2xmiyj1","time":1612758950,"event":{"mods":["AchievementEnabler","BaseMod","Colored Map","Keyboard Shortcuts","Minty Spire (QoL Compilation)","Quick Restart","StSLib","SuperFastMode"],"gold_per_floor":[109,120,38,38,38,69,96,122,170,245,260,274,274,307,307,405,405,420,436,446,17,17,17],"floor_reached":22,"language":"KOR","playtime":413,"items_purged":[],"score":332,"play_id":"2f5fbc98-7512-4ba9-8da3-aac61ece3d76","local_time":"20210208133550","is_ascension_mode":true,"campfire_choices":[{"data":"True Grit","floor":13.0,"key":"SMITH"},{"data":"Body Slam","floor":15.0,"key":"SMITH"}],"circlet_count":0,"master_deck":["Strike_R","Strike_R","Strike_R","Strike_R+1","Defend_R","Defend_R","Defend_R","Defend_R","Bash","True Grit+1","Uppercut+1","Fire Breathing","Wild Strike","Battle Trance","Dark Embrace","Body Slam+1","Shrug It Off","Juggernaut","Fire Breathing","Armaments+1","Barricade","True Grit"],"relics":["Burning Blood","NeowsBlessing","Vajra","Odd Mushroom","Pocketwatch","Centennial Puzzle","Oddly Smooth Stone","Sozu","Mummified Hand","Whetstone"],"acts_visited":["Exordium","TheCity"],"potions_floor_usage":[],"damage_taken":[{"damage":0.0,"enemies":"2 Louse","floor":1.0,"turns":1.0},{"damage":0.0,"enemies":"Small Slimes","floor":2.0,"turns":1.0},{"damage":0.0,"enemies":"3 Sentries","floor":6.0,"turns":2.0},{"damage":21.0,"enemies":"The Mushroom Lair","floor":7.0,"turns":5.0},{"damage":16.0,"enemies":"Gremlin Nob","floor":8.0,"turns":3.0},{"damage":4.0,"enemies":"Jaw Worm","floor":11.0,"turns":3.0},{"damage":4.0,"enemies":"3 Louse","floor":12.0,"turns":5.0},{"damage":18.0,"enemies":"3 Sentries","floor":14.0,"turns":5.0},{"damage":15.0,"enemies":"The Guardian","floor":16.0,"turns":13.0},{"damage":24.0,"enemies":"3 Byrds","floor":18.0,"turns":4.0},{"damage":9.0,"enemies":"Chosen","floor":19.0,"turns":5.0},{"damage":46.0,"enemies":"Centurion and Healer","floor":20.0,"turns":6.0},{"damage":0,"enemies":"Shelled Parasite and Fungi","floor":22,"turns":2}],"seed_played":"-2500398991324495424","potions_obtained":[{"floor":6.0,"key":"ColorlessPotion"},{"floor":7.0,"key":"SteroidPotion"},{"floor":8.0,"key":"AttackPotion"},{"floor":12.0,"key":"Ancient Potion"}],"is_trial":false,"path_per_floor":["M","M","$","?","?","E","?","E","T","?","M","M","R","E","R","B",null,"M","M","M","$","M"],"character_chosen":"IRONCLAD","items_purchased":["Fire Breathing","Mummified Hand","True Grit","Whetstone"],"campfire_rested":0,"item_purchase_floors":[3,21,21,21],"current_hp_per_floor":[78,80,80,80,85,85,70,60,60,49,51,53,53,41,41,32,72,54,51,11,11,11,11],"gold":17,"neow_bonus":"THREE_ENEMY_KILL","is_daily":false,"chose_seed":false,"campfire_upgraded":2,"win_rate":0.0,"timestamp":1612758950,"path_taken":["M","M","$","?","?","E","?","E","T","?","M","M","R","E","R","BOSS","M","M","M","$","M"],"items_purchased_type":["Card","Relic","Card","Relic"],"build_version":"2020-12-22","purchased_purges":0,"victory":false,"max_hp_per_floor":[80,80,80,80,85,85,85,85,85,85,85,85,85,85,85,85,85,85,85,85,85,85,85],"card_choices":[{"not_picked":["Infernal Blade","Iron Wave"],"picked":"True Grit","floor":1.0},{"not_picked":["Sword Boomerang","Armaments"],"picked":"Uppercut","floor":2.0},{"not_picked":["Warcry","Burning Pact"],"picked":"Wild Strike","floor":6.0},{"not_picked":["Iron Wave","Inflame"],"picked":"Battle Trance","floor":7.0},{"not_picked":["Perfected Strike","Cleave"],"picked":"Dark Embrace","floor":8.0},{"not_picked":["Thunderclap","Body Slam","Bloodletting"],"picked":"SKIP","floor":11.0},{"not_picked":["Thunderclap","Bloodletting"],"picked":"Body Slam","floor":11.0},{"not_picked":["Cleave","Pommel Strike"],"picked":"Shrug It Off","floor":12.0},{"not_picked":["Clothesline","Havoc","Bloodletting"],"picked":"SKIP","floor":14.0},{"not_picked":["Brutality","Limit Break"],"picked":"Juggernaut","floor":16.0},{"not_picked":["Spot Weakness","Body Slam"],"picked":"Fire Breathing","floor":18.0},{"not_picked":["Flex+1","Rage+1"],"picked":"Armaments+1","floor":19.0},{"not_picked":["Headbutt","Entrench"],"picked":"Barricade","floor":20.0}],"player_experience":198178,"relics_obtained":[{"floor":6.0,"key":"Vajra"},{"floor":7.0,"key":"Odd Mushroom"},{"floor":8.0,"key":"Pocketwatch"},{"floor":9.0,"key":"Centennial Puzzle"},{"floor":14.0,"key":"Oddly Smooth Stone"}],"event_choices":[{"cards_removed":["Strike_R"],"damage_healed":0.0,"max_hp_gain":0.0,"max_hp_loss":0.0,"gold_gain":0.0,"event_name":"Living Wall","player_choice":"Forget","floor":4.0,"gold_loss":0.0,"damage_taken":0.0},{"damage_healed":0.0,"max_hp_gain":5.0,"max_hp_loss":0.0,"gold_gain":0.0,"event_name":"Big Fish","player_choice":"Donut","floor":5.0,"gold_loss":0.0,"damage_taken":0.0},{"damage_healed":0.0,"max_hp_gain":0.0,"max_hp_loss":0.0,"gold_gain":0.0,"event_name":"Mushrooms","player_choice":"Fought Mushrooms","floor":7.0,"gold_loss":0.0,"damage_taken":0.0},{"damage_healed":0.0,"max_hp_gain":0.0,"max_hp_loss":0.0,"gold_gain":75.0,"event_name":"World of Goop","player_choice":"Gather Gold","floor":10.0,"gold_loss":0.0,"damage_taken":11.0}],"is_beta":false,"boss_relics":[{"not_picked":["Fusion Hammer","Tiny House"],"picked":"Sozu"}],"items_purged_floors":[],"is_endless":false,"potions_floor_spawned":[6,7,8,12,20],"killed_by":"Shelled Parasite and Fungi","ascension_level":9}}