{"host":"v3qphhcqhwfpabne","time":1612807036,"event":{"mods":["100% Spire Juice","2.2 Compatiblity","AchievementEnabler","BaseMod","CapriCore","DeckTracker","KinomotoSakuraMod(ÙÊñýÜâ?)","Koishi","Marisa£¨Ùöéë¡¡Øª×âÞÞ£©","Minty Spire (QoL Compilation)","Permanent Neow","Prisma Mod","StSLib","Td1madao Mod","The Bug Knight","The Cursed","The Immortal","The Runesmith","WarShipGirlsR/??á´Ò³R mod"],"gold_per_floor":[110,126,126,146,157,157,190,190,190,225,225,239,264,48,48,150,150,116,126,126,141,153,153,5,5,30,42,42,42],"floor_reached":28,"language":"KOR","playtime":1465,"items_purged":[],"score":264,"play_id":"8293f252-b93f-4919-962b-05d357a7f13f","local_time":"20210209025716","is_ascension_mode":true,"campfire_choices":[{"data":"Armaments","floor":6,"key":"SMITH"},{"data":"Searing Blow","floor":8,"key":"SMITH"},{"data":"Searing Blow+1","floor":15,"key":"SMITH"},{"data":"Searing Blow+2","floor":23,"key":"SMITH"},{"data":"Searing Blow+3","floor":25,"key":"SMITH"}],"circlet_count":0,"master_deck":["Strike_R","Strike_R","Strike_R","Defend_R","Defend_R","Defend_R","Defend_R","Bash","Searing Blow+4","Shrug It Off","Headbutt","Armaments+1","Ghostly Armor","Warcry","Burning Pact","Seeing Red","Double Tap","Rampage+1","Whirlwind+1","Warcry"],"relics":["Burning Blood","Bag of Marbles","Centennial Puzzle","Self Forming Clay","MealTicket","HandDrill","Black Star","Question Card","Strange Spoon"],"acts_visited":["Exordium","TheCity"],"potions_floor_usage":[7,7,16,16,28],"damage_taken":[{"damage":15,"enemies":"Small Slimes","floor":1,"turns":3},{"damage":4,"enemies":"Jaw Worm","floor":2,"turns":3},{"damage":0,"enemies":"Cultist","floor":4,"turns":5},{"damage":9,"enemies":"Red Slaver","floor":5,"turns":4},{"damage":27,"enemies":"Gremlin Nob","floor":7,"turns":4},{"damage":10,"enemies":"Lagavulin","floor":10,"turns":7},{"damage":0,"enemies":"Exordium Wildlife","floor":12,"turns":4},{"damage":13,"enemies":"3 Sentries","floor":13,"turns":9},{"damage":69,"enemies":"Slime Boss","floor":16,"turns":16},{"damage":9,"enemies":"2 Thieves","floor":18,"turns":5},{"damage":36,"enemies":"3 Byrds","floor":19,"turns":8},{"damage":12,"enemies":"Centurion and Healer","floor":21,"turns":9},{"damage":17,"enemies":"Snecko","floor":22,"turns":4},{"damage":38,"enemies":"Chosen and Byrds","floor":27,"turns":5},{"damage":18,"enemies":"Shelled Parasite and Fungi","floor":28,"turns":2}],"seed_played":"-1158456085607700362","potions_obtained":[{"floor":2,"key":"Fire Potion"},{"floor":5,"key":"FearPotion"},{"floor":10,"key":"LiquidMemories"},{"floor":13,"key":"Block Potion"},{"floor":18,"key":"PowerPotion"},{"floor":19,"key":"Energy Potion"}],"is_trial":false,"path_per_floor":["M","M","?","M","M","R","E","R","T","E","?","M","E","$","R","B",null,"M","M","T","M","M","R","$","R","T","M","M"],"character_chosen":"IRONCLAD","items_purchased":["Seeing Red","HandDrill","Strange Spoon"],"campfire_rested":0,"item_purchase_floors":[14,14,24],"current_hp_per_floor":[71,73,78,84,81,81,60,60,60,56,56,62,55,70,70,7,85,82,52,52,46,35,35,50,50,50,18,0,0],"gold":42,"neow_bonus":"TRANSFORM_CARD","is_daily":false,"chose_seed":false,"campfire_upgraded":5,"win_rate":0.0,"timestamp":1612807036,"path_taken":["M","M","?","M","M","R","E","R","T","E","?","M","E","$","R","BOSS","M","M","?","M","M","R","$","R","T","M","?"],"items_purchased_type":["Card","Relic","Relic"],"build_version":"2020-12-22","purchased_purges":0,"victory":false,"max_hp_per_floor":[80,80,85,85,85,85,85,85,85,85,85,85,85,85,85,85,85,85,85,85,85,85,85,85,85,85,85,85,85],"card_choices":[{"not_picked":["Iron Wave","Sword Boomerang"],"picked":"Shrug It Off","floor":1},{"not_picked":["Cleave","Body Slam"],"picked":"Headbutt","floor":2},{"not_picked":["Brutality","Havoc"],"picked":"Armaments","floor":4},{"not_picked":["Iron Wave","Headbutt"],"picked":"Ghostly Armor","floor":5},{"not_picked":["Inflame","Flex","Twin Strike"],"picked":"SKIP","floor":7},{"not_picked":["Heavy Blade","Flex"],"picked":"Warcry","floor":10},{"not_picked":["Headbutt","Anger","Offering"],"picked":"SKIP","floor":12},{"not_picked":["Iron Wave","Anger"],"picked":"Burning Pact","floor":13},{"not_picked":["Juggernaut","Exhume"],"picked":"Double Tap","floor":16},{"not_picked":["Inflame+1","Wild Strike"],"picked":"Rampage+1","floor":18},{"not_picked":["Twin Strike","Warcry"],"picked":"Whirlwind+1","floor":19},{"not_picked":["Spot Weakness","Perfected Strike","Bloodletting","Sword Boomerang"],"picked":"SKIP","floor":21},{"not_picked":["Iron Wave","Pommel Strike","Searing Blow+1","Flame Barrier+1"],"picked":"SKIP","floor":22},{"not_picked":["Body Slam","Fiend Fire","Heavy Blade"],"picked":"Warcry","floor":27}],"player_experience":122771,"relics_obtained":[{"floor":7,"key":"Bag of Marbles"},{"floor":9,"key":"Centennial Puzzle"},{"floor":10,"key":"Self Forming Clay"},{"floor":13,"key":"MealTicket"},{"floor":20,"key":"Question Card"}],"event_choices":[{"damage_healed":0,"gold_gain":0,"player_choice":"Donut","damage_taken":0,"max_hp_gain":5,"max_hp_loss":0,"event_name":"Big Fish","floor":3,"gold_loss":0},{"cards_removed":["Strike_R"],"damage_healed":0,"gold_gain":0,"player_choice":"Offered Basic","damage_taken":0,"max_hp_gain":0,"max_hp_loss":0,"event_name":"Bonfire Elementals","floor":11,"gold_loss":0}],"is_beta":false,"boss_relics":[{"not_picked":["Sozu","Busted Crown"],"picked":"Black Star"}],"items_purged_floors":[],"is_endless":false,"potions_floor_spawned":[2,5,10,13,18,19],"killed_by":"Shelled Parasite and Fungi","ascension_level":2}}