{"host":"dv29tre2e7vje47n","time":1612793601,"event":{"mods":["AchievementEnabler","BaseMod","Colored Map","Colored Powertips","DeckTracker","Displayed Cursed Tome","Downfall","Friendly Minions","Googly Eyes","Highlight Path","Infinite Spire","Key Reminder","Minty Spire (QoL Compilation)","Quick Restart","Random Character Button","Rare Cards Sparkle","Relic Sorter","Relic Stats","Replay The Spire","Spire Arcade","Spire Birthday Party","StSLib","SuperFastMode","Unceasing Turn Reminder"],"gold_per_floor":[99,111,126,126,142,176,176,206,206,226,226,211,211,211,211],"floor_reached":13,"language":"ENG","playtime":377,"items_purged":[],"score":98,"play_id":"bb9a95a7-7582-422a-b009-d6e7d92090d5","local_time":"20210208151321","is_ascension_mode":true,"campfire_choices":[{"data":"sneckomod:TailWhip","floor":1.0,"key":"SMITH"},{"data":"sneckomod:Nope","floor":11.0,"key":"SMITH"}],"circlet_count":0,"master_deck":["sneckomod:Strike","sneckomod:Strike","sneckomod:Defend","sneckomod:Defend","sneckomod:TailWhip+1","sneckomod:SnekBite","sneckomod:Unknown","sneckomod:Unknown","sneckomod:UnknownUncommonPower","sneckomod:Nope+1","sneckomod:UnknownDexterity","sneckomod:UnknownX","sneckomod:UnendingSupply","sneckomod:UnknownStrength"],"relics":["sneckomod:SneckoSoul","infinitespire:Golems Mask","infinitespire:Eraser","InkBottle"],"acts_visited":["Exordium"],"potions_floor_usage":[],"damage_taken":[{"damage":2.0,"enemies":"Small Slimes","floor":2.0,"turns":2.0},{"damage":0.0,"enemies":"Cultist","floor":3.0,"turns":3.0},{"damage":0.0,"enemies":"2 Louse","floor":5.0,"turns":2.0},{"damage":33.0,"enemies":"3 Sentries","floor":6.0,"turns":9.0},{"damage":7.0,"enemies":"Replay:BlueRogue","floor":8.0,"turns":6.0},{"damage":16.0,"enemies":"Exordium Thugs","floor":10.0,"turns":4.0},{"damage":2.0,"enemies":"downfall:FleeingMerchant","floor":12.0,"turns":4.0},{"damage":0,"enemies":"3 Sentries","floor":13,"turns":1}],"seed_played":"1047741702940860308","potions_obtained":[{"floor":4.0,"key":"Fire Potion"},{"floor":4.0,"key":"bronze:BurnAndBuffPotion"},{"floor":4.0,"key":"SneckoOil"}],"is_trial":false,"path_per_floor":["R","M","M","?","M","E","T","E","?","M","R","$","E"],"character_chosen":"THE_SNECKO","items_purchased":[],"campfire_rested":0,"item_purchase_floors":[],"current_hp_per_floor":[81,79,79,79,79,46,46,39,39,23,23,21,21,21,21],"gold":211,"neow_bonus":"REMOVE_TWO","is_daily":false,"chose_seed":false,"campfire_upgraded":2,"win_rate":0.0,"timestamp":1612793601,"path_taken":["R","M","M","?","?","E","T","E","?","M","R","$","E"],"items_purchased_type":[],"build_version":"2020-12-22","purchased_purges":0,"victory":false,"max_hp_per_floor":[81,81,81,81,81,81,81,81,81,81,81,81,81,81,81],"relic_stats":{"counters":[8,31],"obtain_stats":[{"infinitespire:Golems Mask":6,"infinitespire:Eraser":7,"sneckomod:SneckoSoul":0,"InkBottle":8},{"infinitespire:Golems Mask":4,"infinitespire:Eraser":4,"sneckomod:SneckoSoul":0,"InkBottle":5},{"infinitespire:Golems Mask":16,"infinitespire:Eraser":16,"sneckomod:SneckoSoul":0,"InkBottle":22}],"InkBottle":[2]},"card_choices":[{"not_picked":["sneckomod:QuickMove","sneckomod:UnknownBlock"],"picked":"sneckomod:UnknownUncommonPower","floor":2.0},{"not_picked":["sneckomod:QuickBite","sneckomod:UnknownUncommonPower"],"picked":"sneckomod:Nope","floor":3.0},{"not_picked":["sneckomod:UnknownVulnerable","sneckomod:UnknownCommonSkill","sneckomod:DiceBlock"],"picked":"SKIP","floor":5.0},{"not_picked":["sneckomod:UnknownUncommonAttack","sneckomod:SoulDraw"],"picked":"sneckomod:UnknownDexterity","floor":6.0},{"not_picked":["sneckomod:QuickBite","sneckomod:DiceBlock"],"picked":"sneckomod:UnknownX","floor":8.0},{"not_picked":["sneckomod:Nope","sneckomod:UnknownDexterity"],"picked":"sneckomod:UnendingSupply","floor":10.0},{"not_picked":["sneckomod:Unknown2Cost","sneckomod:UnknownX"],"picked":"sneckomod:UnknownStrength","floor":12.0}],"player_experience":137261,"relics_obtained":[{"floor":6.0,"key":"infinitespire:Golems Mask"},{"floor":7.0,"key":"infinitespire:Eraser"},{"floor":8.0,"key":"InkBottle"}],"event_choices":[{"damage_healed":0.0,"max_hp_gain":0.0,"max_hp_loss":0.0,"gold_gain":0.0,"event_name":"Lab","player_choice":"Got Potions","floor":4.0,"gold_loss":0.0,"damage_taken":0.0}],"is_beta":false,"boss_relics":[],"items_purged_floors":[],"is_endless":false,"potions_floor_spawned":[6,8],"killed_by":"3 Sentries","ascension_level":1}}