{"host":"miejrq8yypas90n2","time":1612787867,"event":{"mods":["100% Spire Juice","AchievementEnabler","Act Like it!","BaseMod","Colored Powertips","Gensokyo","Marisa£®ÏF”Í°°ƒß¿Ì…≥£©","Minty Spire (QoL Compilation)","Reimu£®≤©¿ˆ¡È√Œ£©","StSLib","noobMod"],"gold_per_floor":[118,118,43,53,66,66,78,78,78,104,137,137,37,52,69,69,146,146,157,207,185,199,149,180,218,231,256,284,264,283,283,15,15,92,92,112,128,138,0,16,16,41,57,132,152,152,165,165,215,215,215,215],"floor_reached":53,"language":"ZHS","playtime":1593,"items_purged":["Strike_R","Strike_R"],"score":1660,"play_id":"8861892e-d4a0-464d-90ce-5cfc6ed6c31c","local_time":"20210208203747","is_ascension_mode":true,"campfire_choices":[{"data":"Bash","floor":6.0,"key":"SMITH"},{"data":"Body Slam","floor":8.0,"key":"SMITH"},{"data":"Dark Embrace","floor":12.0,"key":"SMITH"},{"data":"Fire Breathing","floor":16.0,"key":"SMITH"},{"data":"Demon Form","floor":33.0,"key":"SMITH"},{"data":"Dropkick","floor":41,"key":"SMITH"},{"data":"Heavy Blade","floor":46,"key":"SMITH"},{"data":"Impervious","floor":48,"key":"SMITH"},{"data":"Dropkick","floor":50,"key":"SMITH"},{"data":"Strike_R","floor":51,"key":"SMITH"}],"circlet_count":0,"master_deck":["AscendersBane","Strike_R+1","Defend_R","Defend_R","Defend_R","Defend_R","Bash+1","Dark Embrace+1","Shrug It Off","Dropkick+1","Body Slam+1","Dropkick+1","Fire Breathing+1","Demon Form+1","Heavy Blade+1","Impervious+1","Corruption","Sentinel+1","Heavy Blade+1","Heavy Blade+1","Heavy Blade+1"],"relics":["Burning Blood","ice","Potion Belt","RuthlessExorcism:ReiMu","Paper Frog","Snecko Eye","Red Skull","Bronze Scales","Omamori","Orichalcum","Mummified Hand","SacredBark","Red Mask","Strawberry","CatCart"],"acts_visited":["Exordium","TheCity","TheBeyond"],"potions_floor_usage":[38],"damage_taken":[{"damage":13.0,"enemies":"2 Louse","floor":1.0,"turns":4.0},{"damage":33.0,"enemies":"Cultist","floor":4.0,"turns":5.0},{"damage":11.0,"enemies":"Jaw Worm","floor":5.0,"turns":5.0},{"damage":19.0,"enemies":"Red Slaver","floor":7.0,"turns":4.0},{"damage":8.0,"enemies":"Gremlin Nob","floor":11.0,"turns":4.0},{"damage":1.0,"enemies":"3 Louse","floor":14.0,"turns":2.0},{"damage":8.0,"enemies":"Gremlin Gang","floor":15.0,"turns":4.0},{"damage":0.0,"enemies":"Slime Boss","floor":17.0,"turns":7.0},{"damage":0.0,"enemies":"3 Byrds","floor":19.0,"turns":4.0},{"damage":26.0,"enemies":"2 Thieves","floor":21.0,"turns":4.0},{"damage":14.0,"enemies":"Snake Plant","floor":22.0,"turns":3.0},{"damage":136.0,"enemies":"Gremlin Leader","floor":24.0,"turns":5.0},{"damage":0.0,"enemies":"Shelled Parasite and Fungi","floor":25.0,"turns":2.0},{"damage":3.0,"enemies":"3 Cultists","floor":26.0,"turns":4.0},{"damage":8.0,"enemies":"Book of Stabbing","floor":28.0,"turns":2.0},{"damage":0.0,"enemies":"Centurion and Healer","floor":30.0,"turns":3.0},{"damage":0.0,"enemies":"Automaton","floor":34.0,"turns":5.0},{"damage":15,"enemies":"3 Darklings","floor":36,"turns":3},{"damage":31,"enemies":"3 Shapes","floor":37,"turns":5},{"damage":5,"enemies":"3 Darklings","floor":38,"turns":3},{"damage":3,"enemies":"Transient","floor":40,"turns":6},{"damage":49,"enemies":"Reptomancer","floor":42,"turns":4},{"damage":0,"enemies":"Jaw Worm Horde","floor":43,"turns":2},{"damage":3,"enemies":"4 Shapes","floor":45,"turns":4},{"damage":24,"enemies":"Spire Growth","floor":47,"turns":3},{"damage":0,"enemies":"Orin","floor":49,"turns":4},{"damage":71,"enemies":"Time Eater","floor":52,"turns":5}],"seed_played":"-2878014190545232318","potions_obtained":[{"floor":1.0,"key":"ColorlessPotion"},{"floor":11.0,"key":"ZuzhouPotion:ReiMu"},{"floor":15.0,"key":"Block Potion"},{"floor":17.0,"key":"ColorlessPotion"},{"floor":24.0,"key":"EssenceOfSteel"},{"floor":25.0,"key":"ColorlessPotion"},{"floor":28.0,"key":"Ancient Potion"},{"floor":29.0,"key":"Weak Potion"},{"floor":30.0,"key":"Strength Potion"},{"floor":34.0,"key":"BlessingOfTheForge"},{"floor":38,"key":"Fruit Juice"},{"floor":40,"key":"PowerPotion"},{"floor":49,"key":"Strength Potion"}],"is_trial":false,"path_per_floor":["M","?","$","M","M","R","M","R","T","T","E","R","$","M","M","R","B",null,"M","?","M","M","?","E","M","M","T","E","?","M","?","$","R","B",null,"M","M","M","?","M","R","E","M","T","M","R","M","R","?","R","R","B",null],"character_chosen":"IRONCLAD","items_purchased":["Mummified Hand"],"campfire_rested":0,"item_purchase_floors":[32],"current_hp_per_floor":[61,61,61,34,29,29,16,16,16,16,75,75,75,76,74,74,79,79,85,85,65,57,57,11,17,20,20,18,18,24,24,24,24,30,89,80,55,66,66,69,69,126,128,128,131,131,113,113,119,119,119,54],"gold":215,"neow_bonus":"REMOVE_CARD","is_daily":false,"chose_seed":false,"campfire_upgraded":10,"win_rate":0.0,"timestamp":1612787867,"path_taken":["M","?","$","?","M","R","M","R","T","T","E","R","$","M","M","R","BOSS","M","?","?","M","?","E","M","?","T","E","?","?","?","$","R","BOSS","M","M","?","?","M","R","E","M","T","M","R","M","R","?","R","R","BOSS"],"items_purchased_type":["Relic"],"build_version":"2020-12-22","purchased_purges":2,"victory":true,"max_hp_per_floor":[75,75,75,75,75,75,75,75,75,75,75,75,75,76,78,78,79,79,92,92,92,92,92,99,100,103,103,105,105,105,105,105,105,109,109,109,109,119,119,119,119,126,128,128,137,137,139,139,143,143,143,148],"card_choices":[{"not_picked":["Heavy Blade","Shockwave"],"picked":"Dark Embrace","floor":1.0},{"not_picked":["Twin Strike","Heavy Blade"],"picked":"Shrug It Off","floor":4.0},{"not_picked":["Headbutt","Dual Wield"],"picked":"Dropkick","floor":5.0},{"not_picked":["Havoc","Flex"],"picked":"Body Slam","floor":7.0},{"not_picked":["Body Slam","Iron Wave"],"picked":"Dropkick","floor":11.0},{"not_picked":["Heavy Blade","Cleave"],"picked":"Fire Breathing","floor":14.0},{"not_picked":["Perfected Strike","Cleave","Iron Wave"],"picked":"SKIP","floor":15.0},{"not_picked":["Impervious","Berserk"],"picked":"Demon Form","floor":17.0},{"not_picked":["Armaments","Pommel Strike","Shrug It Off"],"picked":"SKIP","floor":19.0},{"not_picked":["Twin Strike","Feel No Pain","Sword Boomerang"],"picked":"SKIP","floor":21.0},{"not_picked":["Feel No Pain","Sever Soul"],"picked":"Heavy Blade","floor":22.0},{"not_picked":["Warcry","Flex+1","Clothesline"],"picked":"SKIP","floor":24.0},{"not_picked":["Berserk","Warcry","Pommel Strike"],"picked":"SKIP","floor":25.0},{"not_picked":["Sever Soul","Uppercut","Dual Wield"],"picked":"SKIP","floor":26.0},{"not_picked":["Armaments+1","Feel No Pain"],"picked":"Impervious","floor":28.0},{"not_picked":["Armaments","Anger","Uppercut"],"picked":"SKIP","floor":30.0},{"not_picked":["Brutality","Juggernaut"],"picked":"Corruption","floor":34.0},{"not_picked":["Sever Soul","Sword Boomerang","Flame Barrier+1"],"picked":"SKIP","floor":36},{"not_picked":["Perfected Strike","Power Through","Twin Strike"],"picked":"SKIP","floor":37},{"not_picked":["True Grit","Cleave","Clothesline"],"picked":"SKIP","floor":38},{"not_picked":["Wild Strike","Warcry"],"picked":"Sentinel+1","floor":40},{"not_picked":["Pummel","Rampage","Cleave"],"picked":"SKIP","floor":42},{"not_picked":["Shrug It Off","Ghostly Armor"],"picked":"Heavy Blade","floor":43},{"not_picked":["Reckless Charge","Second Wind+1"],"picked":"Heavy Blade+1","floor":45},{"not_picked":["Seeing Red","Blood for Blood","Reckless Charge+1"],"picked":"SKIP","floor":47},{"not_picked":["Warcry","Inflame"],"picked":"Heavy Blade+1","floor":49}],"player_experience":373351,"relics_obtained":[{"floor":9.0,"key":"Potion Belt"},{"floor":10.0,"key":"RuthlessExorcism:ReiMu"},{"floor":11.0,"key":"Paper Frog"},{"floor":24.0,"key":"Red Skull"},{"floor":27.0,"key":"Bronze Scales"},{"floor":28.0,"key":"Omamori"},{"floor":42,"key":"Strawberry"},{"floor":49,"key":"CatCart"}],"event_choices":[{"cards_removed":["Strike_R"],"damage_healed":0.0,"max_hp_gain":0.0,"max_hp_loss":0.0,"gold_gain":0.0,"event_name":"Purifier","player_choice":"Purged","floor":2.0,"gold_loss":0.0,"damage_taken":0.0},{"damage_healed":0.0,"max_hp_gain":0.0,"max_hp_loss":0.0,"gold_gain":100.0,"event_name":"The Joust","player_choice":"Bet on Murderer","floor":20.0,"gold_loss":50.0,"damage_taken":0.0},{"damage_healed":0.0,"max_hp_gain":0.0,"max_hp_loss":0.0,"gold_gain":0.0,"event_name":"Designer","player_choice":"Upgrade","floor":23.0,"gold_loss":50.0,"damage_taken":0.0,"cards_upgraded":["Heavy Blade"]},{"damage_healed":0.0,"max_hp_gain":0.0,"max_hp_loss":0.0,"gold_gain":0.0,"event_name":"The Woman in Blue","player_choice":"Bought 1 Potion","floor":29.0,"gold_loss":0.0,"damage_taken":0.0},{"damage_healed":0.0,"max_hp_gain":0.0,"max_hp_loss":0.0,"gold_gain":0.0,"event_name":"WeMeetAgain","player_choice":"Gave Potion","floor":31.0,"gold_loss":0.0,"damage_taken":0.0,"relics_obtained":["Orichalcum"]},{"damage_healed":0,"gold_gain":0,"player_choice":"Paid","damage_taken":0,"relics_obtained":["Red Mask"],"max_hp_gain":0,"max_hp_loss":0,"event_name":"Tomb of Lord Red Mask","floor":39,"gold_loss":138},{"damage_healed":0,"gold_gain":0,"player_choice":"Fight","damage_taken":0,"max_hp_gain":0,"max_hp_loss":0,"event_name":"OrinTheCat","floor":49,"gold_loss":0}],"is_beta":false,"boss_relics":[{"not_picked":["Velvet Choker","RedLine:ReiMu"],"picked":"Snecko Eye"},{"not_picked":["Astrolabe","Calling Bell"],"picked":"SacredBark"}],"items_purged_floors":[3,13],"is_endless":false,"potions_floor_spawned":[1,11,15,17,24,25,28,30,34,36,38,40,49],"ascension_level":18}}