{"host":"am551fa6890rb9vo","time":1612786775,"event":{"mods":["BaseMod","DeckTracker","Minty Spire (QoL Compilation)","Morshu Shopkeeper - ENHANCED","Rare Cards Sparkle","Relic Stats","Smile Girya","StSLib","The IronCluck","everything is the same but u backflip on backflip","slay the spire mod where everything is the same but ironclad has a cowboy hat"],"gold_per_floor":[117,117,42,53,63,63,91,23,49,49,61,61,74,87,87,191,191,205,205,190,90,109,109,135,153,153,153,173,88,88,114,114,219,219,229,17,33,33,0,32,32,52,130,144,170,170,180,192,192,192],"floor_reached":51,"language":"ENG","playtime":3662,"items_purged":["Strike_G","Strike_G","Defend_G"],"score":724,"play_id":"f55f543c-4662-4685-920c-c5df5dbfc7d6","local_time":"20210208121935","is_ascension_mode":false,"campfire_choices":[{"data":"Neutralize","floor":6,"key":"SMITH"},{"data":"Catalyst","floor":12,"key":"SMITH"},{"data":"Bouncing Flask","floor":15,"key":"SMITH"},{"data":"Night Terror","floor":23,"key":"SMITH"},{"floor":27,"key":"REST"},{"floor":30,"key":"REST"},{"data":"Adrenaline","floor":32,"key":"SMITH"},{"floor":41,"key":"REST"},{"data":"Night Terror","floor":46,"key":"SMITH"},{"floor":49,"key":"REST"}],"circlet_count":0,"master_deck":["Defend_G","Defend_G","Defend_G","Defend_G","Survivor","Neutralize+1","Crippling Poison","Poisoned Stab","Heel Hook","Bouncing Flask+1","Noxious Fumes","Catalyst+1","Backflip","Prepared","Night Terror+1","Noxious Fumes","Calculated Gamble","Dodge and Roll","Noxious Fumes","Outmaneuver","Adrenaline+1","Night Terror+1","CurseOfTheBell","Enlightenment","Doppelganger"],"relics":["Ring of the Snake","NeowsBlessing","Juzu Bracelet","Anchor","Empty Cage","Regal Pillow","Boot","Darkstone Periapt","Bag of Marbles","Calling Bell","Toy Ornithopter","Ninja Scroll","Tough Bandages","Red Mask","Shuriken","Paper Crane","Ornamental Fan"],"acts_visited":["Exordium","TheCity","TheBeyond"],"potions_floor_usage":[11,24,24,33,50],"damage_taken":[{"damage":0,"enemies":"Jaw Worm","floor":1,"turns":1},{"damage":0,"enemies":"Cultist","floor":4,"turns":1},{"damage":0,"enemies":"2 Louse","floor":5,"turns":1},{"damage":7,"enemies":"Lagavulin","floor":7,"turns":9},{"damage":2,"enemies":"Exordium Thugs","floor":11,"turns":4},{"damage":0,"enemies":"3 Louse","floor":13,"turns":3},{"damage":2,"enemies":"2 Fungi Beasts","floor":14,"turns":3},{"damage":20,"enemies":"Hexaghost","floor":16,"turns":7},{"damage":11,"enemies":"Spheric Guardian","floor":18,"turns":4},{"damage":11,"enemies":"2 Thieves","floor":20,"turns":5},{"damage":10,"enemies":"Snecko","floor":22,"turns":6},{"damage":41,"enemies":"Slavers","floor":24,"turns":5},{"damage":0,"enemies":"Chosen and Byrds","floor":25,"turns":4},{"damage":12,"enemies":"Centurion and Healer","floor":28,"turns":7},{"damage":14,"enemies":"Book of Stabbing","floor":31,"turns":7},{"damage":14,"enemies":"Champ","floor":33,"turns":7},{"damage":13,"enemies":"3 Darklings","floor":35,"turns":5},{"damage":6,"enemies":"Orb Walker","floor":37,"turns":4},{"damage":58,"enemies":"Nemesis","floor":40,"turns":7},{"damage":9,"enemies":"Maw","floor":42,"turns":6},{"damage":0,"enemies":"Writhing Mass","floor":44,"turns":3},{"damage":7,"enemies":"Giant Head","floor":45,"turns":5},{"damage":12,"enemies":"4 Shapes","floor":47,"turns":5},{"damage":0,"enemies":"Spire Growth","floor":48,"turns":4},{"damage":26,"enemies":"Time Eater","floor":50,"turns":8}],"seed_played":"-3623673661537908426","potions_obtained":[{"floor":1,"key":"Fruit Juice"},{"floor":5,"key":"Explosive Potion"},{"floor":7,"key":"SkillPotion"},{"floor":13,"key":"Strength Potion"},{"floor":31,"key":"SpeedPotion"},{"floor":33,"key":"Fruit Juice"},{"floor":37,"key":"Explosive Potion"}],"is_trial":false,"path_per_floor":["M","?","$","M","M","R","E","$","T","?","M","R","M","M","R","B",null,"M","?","M","$","M","R","E","M","T","R","M","?","R","E","R","B",null,"M","$","M","?","?","E","R","M","T","M","E","R","M","M","R","B",null],"character_chosen":"THE_SILENT","items_purchased":["Noxious Fumes","Enlightenment"],"campfire_rested":4,"item_purchase_floors":[8,36],"current_hp_per_floor":[70,70,70,70,70,70,63,63,63,63,66,66,66,64,64,44,75,64,64,53,53,43,43,2,2,2,39,27,27,64,50,50,41,86,73,73,67,67,67,9,48,39,39,39,32,32,20,20,59,38],"gold":192,"neow_bonus":"THREE_ENEMY_KILL","is_daily":false,"chose_seed":false,"campfire_upgraded":6,"win_rate":0.0,"timestamp":1612786775,"path_taken":["M","?","$","M","?","R","E","$","T","?","M","R","M","M","R","BOSS","M","?","M","$","M","R","E","M","T","R","M","?","R","E","R","BOSS","M","$","M","?","?","E","R","M","T","M","E","R","M","M","R","BOSS"],"items_purchased_type":["Card","Card"],"build_version":"2020-12-22","purchased_purges":3,"victory":true,"max_hp_per_floor":[70,70,70,70,70,70,70,70,70,70,75,75,75,75,75,75,75,75,75,75,75,75,75,75,75,75,75,75,75,75,75,75,80,86,86,86,86,82,82,82,82,82,82,82,82,82,82,82,82,82],"relic_stats":{"Darkstone Periapt":6,"Regal Pillow":60,"Tough Bandages":[138],"counters":[25,121],"Shuriken":[7],"Ornamental Fan":[16],"Juzu Bracelet":0,"Boot":[38],"obtain_stats":[{"Darkstone Periapt":29,"Regal Pillow":24,"NeowsBlessing":0,"Juzu Bracelet":7,"Paper Crane":43,"Empty Cage":17,"Boot":26,"Calling Bell":34,"Anchor":9,"Tough Bandages":34,"Ninja Scroll":34,"Shuriken":40,"Ornamental Fan":45,"Bag of Marbles":31,"Red Mask":39,"Toy Ornithopter":34,"Ring of the Snake":0},{"Darkstone Periapt":14,"Regal Pillow":12,"NeowsBlessing":0,"Juzu Bracelet":4,"Paper Crane":20,"Empty Cage":8,"Boot":13,"Calling Bell":16,"Anchor":4,"Tough Bandages":16,"Ninja Scroll":16,"Shuriken":19,"Ornamental Fan":22,"Bag of Marbles":15,"Red Mask":18,"Toy Ornithopter":16,"Ring of the Snake":0},{"Darkstone Periapt":60,"Regal Pillow":49,"NeowsBlessing":0,"Juzu Bracelet":12,"Paper Crane":96,"Empty Cage":29,"Boot":53,"Calling Bell":74,"Anchor":12,"Tough Bandages":74,"Ninja Scroll":74,"Shuriken":90,"Ornamental Fan":104,"Bag of Marbles":67,"Red Mask":83,"Toy Ornithopter":74,"Ring of the Snake":0}],"Toy Ornithopter":5,"Ring of the Snake":[50]},"card_choices":[{"not_picked":["Distraction","Riddle With Holes"],"picked":"Crippling Poison","floor":1},{"not_picked":["Tactician","Prepared"],"picked":"Poisoned Stab","floor":4},{"not_picked":["Deflect","Dodge and Roll"],"picked":"Heel Hook","floor":5},{"not_picked":["Caltrops","Deadly Poison"],"picked":"Bouncing Flask","floor":7},{"not_picked":["PiercingWail","Backflip"],"picked":"Catalyst","floor":11},{"not_picked":["Finisher","Dash"],"picked":"Backflip","floor":13},{"not_picked":["Bane","Expertise"],"picked":"Prepared","floor":14},{"not_picked":["Wraith Form v2","Unload"],"picked":"Night Terror","floor":16},{"not_picked":["Distraction","Bane","Blur"],"picked":"SKIP","floor":18},{"not_picked":["Outmaneuver","Deadly Poison"],"picked":"Calculated Gamble","floor":20},{"not_picked":["Riddle With Holes","Heel Hook","Endless Agony+1"],"picked":"SKIP","floor":22},{"not_picked":["Quick Slash","Poisoned Stab"],"picked":"Dodge and Roll","floor":24},{"not_picked":["Wraith Form v2","Sucker Punch"],"picked":"Noxious Fumes","floor":25},{"not_picked":["Blade Dance+1","Poisoned Stab"],"picked":"Outmaneuver","floor":28},{"not_picked":["Sucker Punch+1","Riddle With Holes"],"picked":"Adrenaline","floor":31},{"not_picked":["Glass Knife","A Thousand Cuts"],"picked":"Night Terror","floor":33},{"not_picked":["Quick Slash+1","Choke","Dash"],"picked":"SKIP","floor":35},{"not_picked":["Bane+1","Backflip","Underhanded Strike"],"picked":"SKIP","floor":37},{"not_picked":["Blur+1","Poisoned Stab+1"],"picked":"Doppelganger","floor":40},{"not_picked":["Bane+1","Dagger Throw","Finisher"],"picked":"SKIP","floor":42},{"not_picked":["Endless Agony","Expertise+1","Leg Sweep+1"],"picked":"SKIP","floor":44},{"not_picked":["Predator","Acrobatics+1","Sucker Punch+1"],"picked":"SKIP","floor":45},{"not_picked":["Bane+1","Crippling Poison+1","Unload"],"picked":"SKIP","floor":47},{"not_picked":["Blade Dance","All Out Attack+1","Prepared+1"],"picked":"SKIP","floor":48}],"player_experience":31874,"relics_obtained":[{"floor":7,"key":"Juzu Bracelet"},{"floor":9,"key":"Anchor"},{"floor":24,"key":"Regal Pillow"},{"floor":26,"key":"Boot"},{"floor":31,"key":"Bag of Marbles"},{"floor":34,"key":"Toy Ornithopter"},{"floor":34,"key":"Ninja Scroll"},{"floor":34,"key":"Tough Bandages"},{"floor":40,"key":"Shuriken"},{"floor":43,"key":"Paper Crane"},{"floor":45,"key":"Ornamental Fan"}],"event_choices":[{"cards_removed":["Strike_G"],"damage_healed":0,"gold_gain":0,"player_choice":"Offered Basic","damage_taken":0,"max_hp_gain":0,"max_hp_loss":0,"event_name":"Bonfire Elementals","floor":2,"gold_loss":0},{"damage_healed":0,"gold_gain":0,"player_choice":"Ignored","damage_taken":0,"max_hp_gain":0,"max_hp_loss":0,"event_name":"Liars Game","floor":10,"gold_loss":0},{"damage_healed":0,"gold_gain":0,"player_choice":"Read","damage_taken":0,"max_hp_gain":0,"max_hp_loss":0,"event_name":"The Library","floor":19,"gold_loss":0,"cards_obtained":["Noxious Fumes"]},{"damage_healed":0,"gold_gain":0,"player_choice":"Obtained Relic","damage_taken":0,"relics_obtained":["Darkstone Periapt"],"max_hp_gain":0,"max_hp_loss":0,"event_name":"Addict","floor":29,"gold_loss":85},{"damage_healed":0,"gold_gain":0,"player_choice":"Max HP","damage_taken":0,"max_hp_gain":0,"max_hp_loss":4,"event_name":"Winding Halls","floor":38,"gold_loss":0},{"damage_healed":0,"gold_gain":0,"player_choice":"Paid","damage_taken":0,"relics_obtained":["Red Mask"],"max_hp_gain":0,"max_hp_loss":0,"event_name":"Tomb of Lord Red Mask","floor":39,"gold_loss":33}],"is_beta":false,"boss_relics":[{"not_picked":["Velvet Choker","Snecko Eye"],"picked":"Empty Cage"},{"not_picked":["SacredBark","Ring of the Serpent"],"picked":"Calling Bell"}],"items_purged_floors":[3,21,36],"is_endless":false,"potions_floor_spawned":[1,5,7,13,18,31,33,37,40,44,48],"ascension_level":0}}