{"host":"gobyjzz6xbwq9f9i","time":1612756492,"event":{"mods":["AchievementEnabler","BaseMod","Bestiary","Colored Map","Minty Spire (QoL Compilation)","Relic Stats"],"gold_per_floor":[109,126,140,159,159,159,188,188,188,205,220,249,249,261,261,364,364,381,456,476,13,28,28,58,58,58,88,101,26,26,46,46,141,141,154,170,189,189,200,200,200,230,230,55,55,65,65,65],"floor_reached":47,"language":"ENG","playtime":2005,"items_purged":["Strike_G","Shame"],"score":826,"play_id":"f6ccf653-d544-4d41-a789-301121c8d065","local_time":"20210207195452","is_ascension_mode":true,"campfire_choices":[{"data":"Eviscerate","floor":6.0,"key":"SMITH"},{"data":"Eviscerate","floor":8.0,"key":"SMITH"},{"floor":15,"key":"REST"},{"data":"Glass Knife","floor":23,"key":"SMITH"},{"floor":25,"key":"REST"},{"floor":32,"key":"REST"},{"floor":40,"key":"REST"},{"floor":45,"key":"REST"}],"circlet_count":0,"master_deck":["AscendersBane","Defend_G","Defend_G","Defend_G","Defend_G+1","Defend_G+1","Survivor","Neutralize","PiercingWail","Eviscerate+1","Eviscerate+1","Dagger Throw","Crippling Poison","Dagger Throw","Deadly Poison","Riddle With Holes","Accuracy","Dodge and Roll","Glass Knife+1","Prepared","Cloak And Dagger+1","Dark Shackles","Blade Dance","Calculated Gamble","Backflip+1","Tactician+1","Noxious Fumes+1","Well Laid Plans","Reflex","Night Terror","Sucker Punch+1","Die Die Die+1","Escape Plan+1","Noxious Fumes+1","Crippling Poison+1"],"relics":["Ring of the Snake","Akabeko","Unceasing Top","Paper Crane","Letter Opener","HoveringKite","Ornamental Fan","Ancient Tea Set","Mercury Hourglass","Anchor","Art of War","Astrolabe","Mummified Hand","Bird Faced Urn"],"acts_visited":["Exordium","TheCity","TheBeyond"],"potions_floor_usage":[12,12,24,33,37,42],"damage_taken":[{"damage":0.0,"enemies":"Jaw Worm","floor":1.0,"turns":4.0},{"damage":0.0,"enemies":"Cultist","floor":2.0,"turns":3.0},{"damage":0.0,"enemies":"Small Slimes","floor":3.0,"turns":3.0},{"damage":6.0,"enemies":"Exordium Thugs","floor":4.0,"turns":4.0},{"damage":33.0,"enemies":"Lagavulin","floor":7.0,"turns":8.0},{"damage":0.0,"enemies":"3 Louse","floor":10.0,"turns":3.0},{"damage":0.0,"enemies":"Blue Slaver","floor":11.0,"turns":1.0},{"damage":0,"enemies":"3 Sentries","floor":12,"turns":6},{"damage":0,"enemies":"Looter","floor":14,"turns":1},{"damage":14,"enemies":"The Guardian","floor":16,"turns":14},{"damage":6,"enemies":"Spheric Guardian","floor":18,"turns":3},{"damage":10,"enemies":"Chosen","floor":20,"turns":5},{"damage":0,"enemies":"Centurion and Healer","floor":22,"turns":5},{"damage":26,"enemies":"Book of Stabbing","floor":24,"turns":4},{"damage":1,"enemies":"Slavers","floor":27,"turns":4},{"damage":0,"enemies":"3 Cultists","floor":28,"turns":4},{"damage":1,"enemies":"Snecko","floor":31,"turns":4},{"damage":45,"enemies":"Champ","floor":33,"turns":15},{"damage":3,"enemies":"Orb Walker","floor":35,"turns":3},{"damage":22,"enemies":"3 Darklings","floor":36,"turns":5},{"damage":21,"enemies":"4 Shapes","floor":37,"turns":4},{"damage":0,"enemies":"Jaw Worm Horde","floor":39,"turns":3},{"damage":18,"enemies":"Reptomancer","floor":42,"turns":7},{"damage":0,"enemies":"Maw","floor":46,"turns":6},{"damage":56,"enemies":"Giant Head","floor":47,"turns":8}],"seed_played":"-4832395916429287712","potions_obtained":[{"floor":3.0,"key":"ColorlessPotion"},{"floor":4.0,"key":"Dexterity Potion"},{"floor":10.0,"key":"LiquidBronze"},{"floor":14,"key":"Energy Potion"},{"floor":20,"key":"DuplicationPotion"},{"floor":27,"key":"DuplicationPotion"},{"floor":33,"key":"Dexterity Potion"},{"floor":36,"key":"DistilledChaos"},{"floor":39,"key":"Dexterity Potion"},{"floor":42,"key":"ColorlessPotion"}],"is_trial":false,"path_per_floor":["M","M","M","M","?","R","E","R","T","M","M","E","?","M","R","B",null,"M","?","M","$","M","R","E","R","T","E","M","$","?","M","R","B",null,"M","M","M","?","M","R","?","E","T","$","R","M","E"],"character_chosen":"THE_SILENT","items_purchased":["Dark Shackles","Ornamental Fan","Blade Dance","Well Laid Plans","EssenceOfSteel"],"campfire_rested":5,"item_purchase_floors":[21,21,21,29,44],"current_hp_per_floor":[63,63,63,57,43,43,10,10,10,10,10,10,10,10,31,17,57,51,44,34,34,34,34,8,29,29,28,28,28,28,27,48,3,53,50,28,7,7,7,28,28,10,10,10,31,39,0,0],"gold":65,"neow_bonus":"RANDOM_COMMON_RELIC","is_daily":false,"chose_seed":false,"campfire_upgraded":3,"win_rate":0.0,"timestamp":1612756492,"path_taken":["M","M","M","M","?","R","E","R","T","M","M","E","?","?","R","BOSS","M","?","M","$","M","R","E","R","T","E","M","?","?","M","R","BOSS","M","M","M","?","M","R","?","E","T","$","R","M","E"],"items_purchased_type":["Card","Relic","Card","Card","Potion"],"build_version":"2020-12-22","purchased_purges":2,"victory":false,"max_hp_per_floor":[70,70,70,70,70,70,70,70,70,70,70,70,70,70,70,70,70,70,70,70,70,70,70,70,70,70,70,70,70,70,70,70,70,70,70,70,70,70,70,70,70,70,70,70,70,70,70,70],"relic_stats":{"counters":[25,127],"Ornamental Fan":[120],"Mummified Hand":[12],"Astrolabe":["Sucker Punch","Die Die Die","Escape Plan"],"Bird Faced Urn":[16],"HoveringKite":[41],"Art of War":[9],"Letter Opener":[214],"obtain_stats":[{"Astrolabe":34,"HoveringKite":17,"Letter Opener":12,"Paper Crane":9,"Ancient Tea Set":24,"Akabeko":0,"Mercury Hourglass":26,"Anchor":27,"Ornamental Fan":21,"Mummified Hand":42,"Bird Faced Urn":43,"Art of War":30,"Unceasing Top":7,"Ring of the Snake":0},{"Astrolabe":18,"HoveringKite":10,"Letter Opener":8,"Paper Crane":5,"Ancient Tea Set":14,"Akabeko":0,"Mercury Hourglass":14,"Anchor":15,"Ornamental Fan":12,"Mummified Hand":23,"Bird Faced Urn":23,"Art of War":16,"Unceasing Top":5,"Ring of the Snake":0},{"Astrolabe":91,"HoveringKite":47,"Letter Opener":32,"Paper Crane":22,"Ancient Tea Set":64,"Akabeko":0,"Mercury Hourglass":64,"Anchor":68,"Ornamental Fan":55,"Mummified Hand":113,"Bird Faced Urn":113,"Art of War":72,"Unceasing Top":22,"Ring of the Snake":0}],"Unceasing Top":[5],"Ring of the Snake":[50],"Mercury Hourglass":[223]},"card_choices":[{"not_picked":["Cloak And Dagger","Reflex"],"picked":"PiercingWail","floor":1.0},{"not_picked":["Escape Plan","Terror"],"picked":"Eviscerate","floor":2.0},{"not_picked":["Acrobatics","Leg Sweep"],"picked":"Eviscerate","floor":3.0},{"not_picked":["Tactician","Infinite Blades"],"picked":"Dagger Throw","floor":4.0},{"not_picked":["Deadly Poison","Eviscerate"],"picked":"Crippling Poison","floor":7.0},{"not_picked":["Quick Slash","Sucker Punch"],"picked":"Dagger Throw","floor":10.0},{"not_picked":["Slice","Infinite Blades"],"picked":"Deadly Poison","floor":11.0},{"not_picked":["Accuracy","Deflect"],"picked":"Riddle With Holes","floor":12},{"not_picked":["Unload","Flechettes"],"picked":"Dodge and Roll","floor":14},{"not_picked":["Grand Finale","Venomology"],"picked":"Glass Knife","floor":16},{"not_picked":["Outmaneuver","Slice"],"picked":"Prepared","floor":18},{"not_picked":["Dash","Slice"],"picked":"Cloak And Dagger+1","floor":20},{"not_picked":["Riddle With Holes+1","Choke"],"picked":"Calculated Gamble","floor":22},{"not_picked":["Tactician","Outmaneuver"],"picked":"Backflip+1","floor":24},{"not_picked":["Doppelganger","Choke"],"picked":"Tactician+1","floor":27},{"not_picked":["Finisher","Sucker Punch"],"picked":"Noxious Fumes+1","floor":28},{"not_picked":["Dagger Throw","Backstab"],"picked":"Reflex","floor":31},{"not_picked":["Die Die Die","Doppelganger"],"picked":"Night Terror","floor":33},{"not_picked":["PiercingWail","Flying Knee+1"],"picked":"Noxious Fumes+1","floor":35},{"not_picked":["Sucker Punch","Bane+1","Deflect+1"],"picked":"SKIP","floor":36},{"not_picked":["Slice","Heel Hook","Underhanded Strike"],"picked":"SKIP","floor":37},{"not_picked":["Dash","Deadly Poison+1","Eviscerate"],"picked":"SKIP","floor":39},{"not_picked":["Expertise+1","Envenom"],"picked":"Crippling Poison+1","floor":42},{"not_picked":["Outmaneuver","Dodge and Roll","Cloak And Dagger"],"picked":"SKIP","floor":46}],"player_experience":1310005,"relics_obtained":[{"floor":7.0,"key":"Unceasing Top"},{"floor":9.0,"key":"Paper Crane"},{"floor":12,"key":"Letter Opener"},{"floor":24,"key":"Ancient Tea Set"},{"floor":26,"key":"Mercury Hourglass"},{"floor":27,"key":"Anchor"},{"floor":42,"key":"Mummified Hand"},{"floor":43,"key":"Bird Faced Urn"}],"event_choices":[{"damage_healed":0.0,"max_hp_gain":0.0,"max_hp_loss":0.0,"gold_gain":0.0,"event_name":"Shining Light","player_choice":"Entered Light","floor":5.0,"gold_loss":0.0,"damage_taken":14.0,"cards_upgraded":["Defend_G","Defend_G"]},{"damage_healed":0,"gold_gain":0,"cards_transformed":["Strike_G"],"player_choice":"Transformed","damage_taken":0,"max_hp_gain":0,"max_hp_loss":0,"event_name":"Transmorgrifier","floor":13,"gold_loss":0,"cards_obtained":["Accuracy"]},{"damage_healed":0,"gold_gain":75,"player_choice":"Touch","damage_taken":7,"max_hp_gain":0,"max_hp_loss":0,"event_name":"FaceTrader","floor":19,"gold_loss":0},{"damage_healed":0,"gold_gain":0,"player_choice":"Stole Relic","damage_taken":0,"relics_obtained":["Art of War"],"max_hp_gain":0,"max_hp_loss":0,"event_name":"Addict","floor":30,"gold_loss":0,"cards_obtained":["Shame"]},{"damage_healed":0,"gold_gain":0,"player_choice":"Ignored","damage_taken":0,"max_hp_gain":0,"max_hp_loss":0,"event_name":"Mysterious Sphere","floor":38,"gold_loss":0},{"damage_healed":0,"gold_gain":0,"player_choice":"Ignored","damage_taken":0,"max_hp_gain":0,"max_hp_loss":0,"event_name":"Tomb of Lord Red Mask","floor":41,"gold_loss":0}],"is_beta":false,"boss_relics":[{"not_picked":["Pandora\u0027s Box","Runic Dome"],"picked":"HoveringKite"},{"not_picked":["Calling Bell","Empty Cage"],"picked":"Astrolabe"}],"items_purged_floors":[21,44],"is_endless":false,"potions_floor_spawned":[3,4,10,14,20,27,33,36,39,42],"killed_by":"Giant Head","ascension_level":10}}