{"host":"avq773cl9g5msfol","time":1612795172,"event":{"mods":["100% Spire Juice","AchievementEnabler","Act Like it!","Ascension Unlocker","Aspiration","Astrologer","Bard","Bartender","BaseMod","Better Altar","Better Third Choice","BetterRewards","CapriCore","ChefMod","Colored Map","Colored Powertips","Conspire","Dio Mod","Downfall","Elementarium","Energized Spire","Gensokyo","GifTheSpireLib","Hallownest","Hermit","Highlight Path","Hubris","Humility","Infinite Spire","Jorbs\u0027s Wanderer Trilogy","Koishi","Magitek Elite","Marisa????????","Marked Mod","Menagerie","Minty Spire (QoL Compilation)","Pale of the Ancients","Potionbrewer","Quarter Circle Forward PUNCH!","Rare Cards Sparkle","Reimu??????","Relic Stats","Reliquary","Remilia??????","Replay The Spire","Robot Space Explorer","SacredBarkPlus","Shade Mod","Somnambulant","Spicy Shops","Spire Arcade","StSLib","The Administrix","The Animator","The Blue Laboratory","The Bug Knight","The Construct","The Cursed","The Disciple","The Dragon Tamer","The Exalted","The Hayseed","The Hierophant","The Hydrologist","The Immortal","The Marked","The Mystic","The Problem Sleuth","The Runesmith","The Senshi","The Vixen","The Wild Card","TheFirefly","Wandering Minibosses","Wide Potions","vexMod"],"gold_per_floor":[5200,111,123,133,144,144,168,185,204,284,284,299,327,344,355,432,432,132,149,149,149,961,978,988,988,1021,1021,1037,1037,1037,1050,1076,1076,1093,1170,1170,1170,1184,1184,1184,1200,1200,1200,1200,1216,959,970,970,989,1000,1010,1010,1010,1041,498,498,498,498],"floor_reached":57,"language":"ENG","playtime":3665,"items_purged":["Injury"],"score":3202,"play_id":"ccf910d3-22b2-4e02-b8d4-6afd34b7fbf3","local_time":"20210208213932","is_ascension_mode":true,"campfire_choices":[{"floor":6.0,"key":"RECALL"},{"data":"dioMod:Muda","floor":18.0,"key":"SMITH"},{"data":"RitualDagger","floor":27,"key":"SMITH"},{"data":"Bite","floor":40,"key":"SMITH"},{"data":"dioMod:BloodShield","floor":42,"key":"SMITH"},{"data":"dioMod:Diversion","floor":46,"key":"SMITH"},{"floor":54,"key":"REST"},{"data":"dioMod:Roundabout","floor":54,"key":"SMITH"}],"circlet_count":0,"master_deck":["AscendersBane","Bite+1","dioMod:BloodSuck+1","dioMod:Hiss+1","dioMod:CutDeep+1","dioMod:FlyAway+1","dioMod:KonoDioDa+1","dioMod:MudaMudaMuda+1","dioMod:Despair+1","dioMod:TripleThreat+1","dioMod:GoldVial+1","dioMod:SadisticLaugh+1","dioMod:DaggerToss+1","dioMod:VengefulMuda+1","dioMod:HeavyLifting+1","dioMod:CautiousMuda+1","dioMod:BlendIn+1","expansioncontent:StudyTheSpire+1","dioMod:StreetSign+1","dioMod:GoodbyeJojo+1","dioMod:BloodShield+1","dioMod:CoffinBath+1","dioMod:BloodSplash+1","dioMod:DoubleTime+1","dioMod:Muda+1","dioMod:TheWalk+1","dioMod:Freeze+1","Replay:SS_forest_2+1","dioMod:ComposedMuda+1","dioMod:Muda+1","dioMod:SevenPageMuda+1","RitualDagger+1","dioMod:Roundabout+1","dioMod:TheWalk+1","dioMod:BloodShield+1","dioMod:Diversion+1","dioMod:DoubleTime+1","dioMod:DisarmingVoice+1","dioMod:Donut+1","expansioncontent:DashGenerateEvil+1","dioMod:RoadRoller+1","expansioncontent:QuickStudy+1","dioMod:KonoDioDa+1","dioMod:Hiss+1"],"relics":["dioMod:VampireBlood","Golden Egg","Quantum Egg","HornCleat","White_Cape","conspire:Boomerang","Membership Card","potionbrewer:Keyblade","Bromod:ArcaneNullifier","Oddly Smooth Stone","hubris:CuriousFeather","hexamod:BolsterEngine","hubris:SphereOfDissonance","Ginger","Gensokyo:PortableGap","Runesmith:Nanobots","qcfpunch:Dark_Gi","downfall:HeartBlessingRed","downfall:HeartBlessingGreen","downfall:HeartBlessingBlue","wanderingMiniBosses:MasterThiefsPresence","Kunai","infinitespire:Magic Flask","energizedSpire:NeverEndingSparkler","hubris:Towel","Bromod:ArcanePistoleer","Lee\u0027s Waffle","infinitespire:Satchel","qcfpunch:White_Boots","reliquary:Bookmark","conspire:BottledYoYo","HandDrill","Mythril_Glove","conspire:GiftBox"],"acts_visited":["Gensokyo:Gensokyo","TheCity","Hallownest:KingdomsEdge","TheEnding"],"potions_floor_usage":[44,55,56],"damage_taken":[{"damage":0.0,"enemies":"Gensokyo:3_Fairies","floor":2.0,"turns":3.0},{"damage":0.0,"enemies":"Gensokyo:2_Kodama","floor":3.0,"turns":3.0},{"damage":1.0,"enemies":"Gensokyo:Gryphon","floor":4.0,"turns":2.0},{"damage":1.0,"enemies":"Gensokyo:5_Fairies","floor":5.0,"turns":4.0},{"damage":0.0,"enemies":"Gensokyo:3_Kodama","floor":8.0,"turns":2.0},{"damage":0.0,"enemies":"Gensokyo:Kitsune","floor":9.0,"turns":2.0},{"damage":0.0,"enemies":"Gensokyo:VengefulSpirit","floor":12.0,"turns":2.0},{"damage":1.0,"enemies":"Gensokyo:Aya","floor":13.0,"turns":3.0},{"damage":6.0,"enemies":"Gensokyo:CorruptedTreant","floor":14.0,"turns":1.0},{"damage":7.0,"enemies":"Gensokyo:3_Kodama","floor":15.0,"turns":2.0},{"damage":0.0,"enemies":"SI_SHIV_ARCHETYPE","floor":16.0,"turns":1.0},{"damage":0.0,"enemies":"3 Byrds","floor":19.0,"turns":2.0},{"damage":1,"enemies":"Shelled Parasite and Fungi","floor":22,"turns":3},{"damage":0,"enemies":"Centurion and Healer","floor":23,"turns":2},{"damage":0,"enemies":"Chosen and Byrds","floor":24,"turns":2},{"damage":0,"enemies":"conspire:Head Lice","floor":26,"turns":3},{"damage":0,"enemies":"Snecko","floor":28,"turns":2},{"damage":4,"enemies":"Shelled Parasite and Fungi","floor":29,"turns":2},{"damage":1,"enemies":"HollowMod:Nosk","floor":30,"turns":2},{"damage":1,"enemies":"Snake Plant","floor":32,"turns":2},{"damage":1,"enemies":"WA_ARCHETYPE_CALM","floor":33,"turns":2},{"damage":0,"enemies":"Hallownest:3_Siblings","floor":36,"turns":2},{"damage":0,"enemies":"Hallownest:Shield_Heavy","floor":39,"turns":3},{"damage":0,"enemies":"Hallownest:2_Great","floor":43,"turns":1},{"damage":1,"enemies":"downfall:FleeingMerchant","floor":44,"turns":1},{"damage":0,"enemies":"Hallownest:monsterPrimalAspid","floor":45,"turns":1},{"damage":0,"enemies":"Hallownest:Slobbering_and_Violent","floor":47,"turns":2},{"damage":0,"enemies":"Hallownest:2_Wing_and_1_Kings","floor":48,"turns":1},{"damage":0,"enemies":"Hallownest:Xero_Hu_Marmu","floor":49,"turns":1},{"damage":2,"enemies":"IC_BLOCK_ARCHETYPE","floor":50,"turns":3},{"damage":10,"enemies":"downfall:CharBossMerchant","floor":52,"turns":4},{"damage":2,"enemies":"downfall:NeowBoss","floor":55,"turns":5},{"damage":0,"enemies":"downfall:NeowBossFinal","floor":56,"turns":2}],"seed_played":"-2957920223622529516","potions_obtained":[{"floor":47,"key":"blueLaboratory:SavagePotion"}],"is_trial":false,"path_per_floor":["R_BF","M","M","M","M","R","T","M","M","?","?","M","E","M","M","B",null,"R_BF","M","?","?","M","M","M","T","E","R","M","?","?","M","E","?","M","B",null,"R_BF","M","?","?","M","R","T","R","M","$","M","R","M","M","M","B",null,"E","$","R","B","B",null],"character_chosen":"THE_DEFAULT","items_purchased":["HornCleat","dioMod:TripleThreat","dioMod:GoldVial","dioMod:SadisticLaugh","dioMod:DaggerToss","dioMod:VengefulMuda","dioMod:HeavyLifting","White_Cape","conspire:Boomerang","dioMod:CautiousMuda","dioMod:BlendIn","expansioncontent:StudyTheSpire","Membership Card","dioMod:StreetSign","dioMod:GoodbyeJojo","dioMod:BloodShield","Guardian:BlockOnCardUsePotion","dioMod:CoffinBath","dioMod:BloodSplash","potionbrewer:Keyblade","dioMod:DoubleTime","Bromod:ArcaneNullifier","dioMod:Muda","Oddly Smooth Stone","hubris:CuriousFeather","dioMod:TheWalk","hexamod:BolsterEngine","hubris:SphereOfDissonance","dioMod:Freeze","Replay:SS_forest_2","dioMod:ComposedMuda","Ginger","blueLaboratory:SavagePotion","dioMod:DisarmingVoice","Lee\u0027s Waffle","dioMod:Donut","expansioncontent:DashGenerateEvil","infinitespire:Satchel","qcfpunch:White_Boots","reliquary:Bookmark","Adrenaline Potion","expansioncontent:QuickStudy","HandDrill","Mythril_Glove","conspire:GiftBox","dioMod:Hiss","blueLaboratory:SavagePotion","blueLaboratory:BottleOfVodka"],"campfire_rested":1,"item_purchase_floors":[0,0,0,0,0,0,0,0,0,0,0,0,0,0,0,0,0,0,0,0,0,0,0,0,0,0,0,0,0,0,0,0,0,44,44,44,44,44,44,44,44,53,53,53,53,53,53,53],"current_hp_per_floor":[60,60,60,60,60,60,60,60,60,60,60,60,60,57,56,60,39,49,49,43,43,46,46,46,46,46,46,43,43,43,42,43,43,43,43,43,43,43,43,43,43,43,43,43,43,50,50,50,50,50,50,50,50,43,43,50,50,50],"gold":498,"neow_bonus":"","is_daily":false,"chose_seed":false,"campfire_upgraded":6,"win_rate":0.0,"timestamp":1612795172,"path_taken":["R_BF","M","M","M","M","R","T","M","M","?","?","?","E","M","M","BOSS","R_BF","M","?","?","?","M","M","T","E","R","?","?","?","M","E","?","M","BOSS","R_BF","M","?","?","M","R","T","R","M","?","M","R","M","?","M","BOSS","E","$","R","BOSS","BOSS"],"items_purchased_type":["Relic","Card","Card","Card","Card","Card","Card","Relic","Relic","Card","Card","Card","Relic","Card","Card","Card","Potion","Card","Card","Relic","Card","Relic","Card","Relic","Relic","Card","Relic","Relic","Card","Card","Card","Relic","Potion","Card","Relic","Card","Card","Relic","Relic","Relic","Potion","Card","Relic","Relic","Relic","Card","Potion","Potion"],"build_version":"2020-12-22","purchased_purges":1,"victory":true,"max_hp_per_floor":[60,60,60,60,60,60,60,60,60,60,60,60,60,60,60,60,39,49,49,49,46,46,46,46,46,46,46,43,43,43,43,43,43,43,43,43,43,43,43,43,43,43,43,43,43,50,50,50,50,50,50,50,50,50,50,50,50,50],"relic_stats":{"Lee\u0027s Waffle":7,"counters":[128,380],"HandDrill":[2],"Ginger":[89],"Kunai":[17],"obtain_stats":[{"Golden Egg":0,"Bromod:ArcaneNullifier":46,"Hallownest:UnbreakableCardRelic":21,"Gensokyo:UndefinedDarkness":27,"downfall:HeartBlessingGreen":18,"Whetstone":44,"Ginger":12,"wanderingMiniBosses:OtherGremlinHorn":19,"hubris:MysteriousPyramids":28,"Blood Vial":12,"conspire:GlowingRock":5,"MealTicket":45,"Fusion Hammer":17,"Replay:Bottled Flurry":44,"HandDrill":53,"Kunai":25,"theMarked:DemonDagger":6,"Pear":46,"HollowMod:JonisBlessing":55,"hubris:SphereOfDissonance":0,"qcfpunch:Dark_Gi":17,"infinitespire:Magic Flask":26,"Akabeko":22,"potionbrewer:Torch":0,"reliquary:Bookmark":44,"Elementarium:ElementariumTrophy":33,"dioMod:VampireBlood":0,"ReplayTheSpireMod:Ring of Collecting":5,"Snecko Eye":36,"Tintinnabulum":44,"Pandora\u0027s Box":0,"conspire:BottledYoYo":13,"energizedSpire:MagnifyingGlass":34,"Unceasing Top":27,"Elementarium:HuntersElixir":19,"vexMod:PlasmaPancake":0,"qcfpunch:Spiky_Bracers":0,"Lantern":28,"aspiration:Lifesprig":21,"Bromod:ArcanePistoleer":41,"wanderingMiniBosses:AbyssPearl":20,"Mythril_Glove":53,"hubris:EmptyBottle":0,"White_Cape":39,"Power_Wrist":6,"Gensokyo:PortableGap":1,"Pet Ghost":6,"Silver_Glasses":19,"Replay:Rubber Ducky":0,"Ring of Fangs":26,"Ring of Peace":5,"WingedGreaves":24,"hubris:CuriousFeather":0,"Ring of Panic":9,"hubris:GlazedTorus":0,"Lee\u0027s Waffle":0,"Runesmith:Nanobots":13,"downfall:HeartBlessingRed":18,"qcfpunch:Black_Training_Shirt":10,"DemoMod:PartiallyEatenCheese":10,"Thread and Needle":14,"The Courier":8,"Protect_Vest":55,"hubris:Towel":12,"Replay:Arrowhead":41,"Bromod:ArcaneMomentum":10,"theMarked:ArtifactOfAir":0,"potionbrewer:BoosterPack":43,"MokouMod:PhoenixFeather":0,"Turnip":0,"Bottled Lightning":49,"theMarked:Winder":0,"hexamod:BolsterEngine":0,"Ice Cream":0,"Bromod:ArcaneUltimatum":0,"DemoMod:GreenGuonStone":26,"Calipers":0,"hubris:CrystalStatue":43,"potionbrewer:AlchemistFlask":0,"DemoMod:GlassGuonStoneRelic":1,"Centennial Puzzle":26,"HornCleat":30,"aspiration:MobileForge":17,"DemoMod:MonsterBlood":40,"qcfpunch:Red_Gi":38,"Philosopher\u0027s Stone":48,"qcfpunch:Handcuffs":0,"Dead Branch":10,"Oddly Smooth Stone":0,"wanderingMiniBosses:MasterThiefsPresence":22,"conspire:Boomerang":9,"Du-Vu Doll":0,"OrangePellets":0,"conspire:GiftBox":53,"ReplayTheSpireMod:Shallot":26,"energizedSpire:NeverEndingSparkler":34,"Bronze Scales":46,"ReplayTheSpireMod:TigerMarble":43,"infinitespire:EmpoweringShard":13,"Black Star":21,"theSenshi:SuperSailorFukuRelic":0,"Snecko Heart":34,"Juzu Bracelet":0,"Hallownest:DreamNailRelic":4,"hubris:SlimyHat":30,"Incense Burner":30,"ClockworkSouvenir":0,"DemoMod:SevenLeafClover":0,"Frozen Eye":30,"Replay:Bandana":8,"downfall:HeartBlessingBlue":18,"Bromod:ArcaneTempo":56,"Genji_Glove":0,"qcfpunch:Wrestler\u0027s_Cloak":0,"TheVixenMod:UmbreonRelic":39,"Hallownest:BeastSealRelic":37,"ReplayTheSpireMod:Ninjato":0,"Quantum Egg":0,"aspiration:SecretTechniqueScroll":17,"vexMod:FocusSash":19,"Gensokyo:ConquerorOfFear":28,"Orichalcum":8,"qcfpunch:White_Boots":44,"Peace Pipe":25,"Anchor":24,"Golden_Hairpin":34,"infinitespire:WardingShard":0,"vexMod:HeadHunter":0,"infinitespire:Satchel":44,"Ring of Fury":43,"Gem_Box":24,"Membership Card":0,"potionbrewer:Keyblade":0,"DemoMod:Bottle":28,"FossilizedHelix":0,"TungstenRod":0,"RuthlessExorcism:ReiMu":11},{"Golden Egg":0,"Bromod:ArcaneNullifier":23,"Hallownest:UnbreakableCardRelic":9,"Gensokyo:UndefinedDarkness":85,"downfall:HeartBlessingGreen":106,"Whetstone":22,"Ginger":78,"wanderingMiniBosses:OtherGremlinHorn":81,"hubris:MysteriousPyramids":65,"Blood Vial":5,"conspire:GlowingRock":1,"MealTicket":22,"Fusion Hammer":79,"Replay:Bottled Flurry":91,"HandDrill":126,"Kunai":110,"theMarked:DemonDagger":76,"Pear":71,"HollowMod:JonisBlessing":27,"hubris:SphereOfDissonance":95,"qcfpunch:Dark_Gi":106,"infinitespire:Magic Flask":111,"Akabeko":83,"potionbrewer:Torch":0,"reliquary:Bookmark":120,"Elementarium:ElementariumTrophy":66,"dioMod:VampireBlood":95,"ReplayTheSpireMod:Ring of Collecting":75,"Snecko Eye":18,"Tintinnabulum":49,"Pandora\u0027s Box":0,"conspire:BottledYoYo":35,"energizedSpire:MagnifyingGlass":88,"Unceasing Top":12,"Elementarium:HuntersElixir":61,"vexMod:PlasmaPancake":29,"qcfpunch:Spiky_Bracers":29,"Lantern":12,"aspiration:Lifesprig":61,"Bromod:ArcanePistoleer":118,"wanderingMiniBosses:AbyssPearl":9,"Mythril_Glove":126,"hubris:EmptyBottle":0,"White_Cape":20,"Power_Wrist":55,"Gensokyo:PortableGap":95,"Pet Ghost":32,"Silver_Glasses":8,"Replay:Rubber Ducky":73,"Ring of Fangs":85,"Ring of Peace":75,"WingedGreaves":10,"hubris:CuriousFeather":95,"Ring of Panic":76,"hubris:GlazedTorus":0,"Lee\u0027s Waffle":52,"Runesmith:Nanobots":103,"downfall:HeartBlessingRed":106,"qcfpunch:Black_Training_Shirt":57,"DemoMod:PartiallyEatenCheese":4,"Thread and Needle":59,"The Courier":34,"Protect_Vest":27,"hubris:Towel":58,"Replay:Arrowhead":47,"Bromod:ArcaneMomentum":77,"theMarked:ArtifactOfAir":52,"potionbrewer:BoosterPack":21,"MokouMod:PhoenixFeather":0,"Turnip":52,"Bottled Lightning":25,"theMarked:Winder":52,"hexamod:BolsterEngine":95,"Ice Cream":29,"Bromod:ArcaneUltimatum":29,"DemoMod:GreenGuonStone":63,"Calipers":52,"hubris:CrystalStatue":70,"potionbrewer:AlchemistFlask":52,"DemoMod:GlassGuonStoneRelic":1,"Centennial Puzzle":63,"HornCleat":14,"aspiration:MobileForge":60,"DemoMod:MonsterBlood":69,"qcfpunch:Red_Gi":89,"Philosopher\u0027s Stone":50,"qcfpunch:Handcuffs":0,"Dead Branch":34,"Oddly Smooth Stone":95,"wanderingMiniBosses:MasterThiefsPresence":108,"conspire:Boomerang":56,"Du-Vu Doll":0,"OrangePellets":0,"conspire:GiftBox":126,"ReplayTheSpireMod:Shallot":41,"energizedSpire:NeverEndingSparkler":116,"Bronze Scales":49,"ReplayTheSpireMod:TigerMarble":48,"infinitespire:EmpoweringShard":59,"Black Star":61,"theSenshi:SuperSailorFukuRelic":73,"Snecko Heart":44,"Juzu Bracelet":29,"Hallownest:DreamNailRelic":31,"hubris:SlimyHat":43,"Incense Burner":87,"ClockworkSouvenir":29,"DemoMod:SevenLeafClover":52,"Frozen Eye":86,"Replay:Bandana":3,"downfall:HeartBlessingBlue":106,"Bromod:ArcaneTempo":28,"Genji_Glove":0,"qcfpunch:Wrestler\u0027s_Cloak":52,"TheVixenMod:UmbreonRelic":45,"Hallownest:BeastSealRelic":45,"ReplayTheSpireMod:Ninjato":73,"Quantum Egg":29,"aspiration:SecretTechniqueScroll":37,"vexMod:FocusSash":39,"Gensokyo:ConquerorOfFear":86,"Orichalcum":56,"qcfpunch:White_Boots":120,"Peace Pipe":11,"Anchor":41,"Golden_Hairpin":66,"infinitespire:WardingShard":29,"vexMod:HeadHunter":0,"infinitespire:Satchel":120,"Ring of Fury":90,"Gem_Box":62,"Membership Card":73,"potionbrewer:Keyblade":0,"DemoMod:Bottle":86,"FossilizedHelix":0,"TungstenRod":73,"RuthlessExorcism:ReiMu":4},{"Golden Egg":0,"Bromod:ArcaneNullifier":61,"Hallownest:UnbreakableCardRelic":22,"Gensokyo:UndefinedDarkness":275,"downfall:HeartBlessingGreen":332,"Whetstone":58,"Ginger":245,"wanderingMiniBosses:OtherGremlinHorn":260,"hubris:MysteriousPyramids":209,"Blood Vial":14,"conspire:GlowingRock":2,"MealTicket":58,"Fusion Hammer":252,"Replay:Bottled Flurry":294,"HandDrill":373,"Kunai":341,"theMarked:DemonDagger":239,"Pear":223,"HollowMod:JonisBlessing":79,"hubris:SphereOfDissonance":307,"qcfpunch:Dark_Gi":332,"infinitespire:Magic Flask":344,"Akabeko":266,"potionbrewer:Torch":0,"reliquary:Bookmark":361,"Elementarium:ElementariumTrophy":213,"dioMod:VampireBlood":307,"ReplayTheSpireMod:Ring of Collecting":235,"Snecko Eye":50,"Tintinnabulum":165,"Pandora\u0027s Box":0,"conspire:BottledYoYo":105,"energizedSpire:MagnifyingGlass":289,"Unceasing Top":34,"Elementarium:HuntersElixir":204,"vexMod:PlasmaPancake":91,"qcfpunch:Spiky_Bracers":91,"Lantern":34,"aspiration:Lifesprig":204,"Bromod:ArcanePistoleer":359,"wanderingMiniBosses:AbyssPearl":22,"Mythril_Glove":373,"hubris:EmptyBottle":0,"White_Cape":54,"Power_Wrist":183,"Gensokyo:PortableGap":307,"Pet Ghost":99,"Silver_Glasses":18,"Replay:Rubber Ducky":230,"Ring of Fangs":275,"Ring of Peace":235,"WingedGreaves":24,"hubris:CuriousFeather":307,"Ring of Panic":239,"hubris:GlazedTorus":0,"Lee\u0027s Waffle":177,"Runesmith:Nanobots":328,"downfall:HeartBlessingRed":332,"qcfpunch:Black_Training_Shirt":190,"DemoMod:PartiallyEatenCheese":12,"Thread and Needle":197,"The Courier":102,"Protect_Vest":79,"hubris:Towel":192,"Replay:Arrowhead":161,"Bromod:ArcaneMomentum":243,"theMarked:ArtifactOfAir":177,"potionbrewer:BoosterPack":56,"MokouMod:PhoenixFeather":0,"Turnip":177,"Bottled Lightning":69,"theMarked:Winder":177,"hexamod:BolsterEngine":307,"Ice Cream":91,"Bromod:ArcaneUltimatum":91,"DemoMod:GreenGuonStone":206,"Calipers":177,"hubris:CrystalStatue":222,"potionbrewer:AlchemistFlask":177,"DemoMod:GlassGuonStoneRelic":2,"Centennial Puzzle":206,"HornCleat":39,"aspiration:MobileForge":202,"DemoMod:MonsterBlood":220,"qcfpunch:Red_Gi":291,"Philosopher\u0027s Stone":168,"qcfpunch:Handcuffs":0,"Dead Branch":102,"Oddly Smooth Stone":307,"wanderingMiniBosses:MasterThiefsPresence":337,"conspire:Boomerang":187,"Du-Vu Doll":0,"OrangePellets":0,"conspire:GiftBox":373,"ReplayTheSpireMod:Shallot":135,"energizedSpire:NeverEndingSparkler":354,"Bronze Scales":165,"ReplayTheSpireMod:TigerMarble":162,"infinitespire:EmpoweringShard":197,"Black Star":204,"theSenshi:SuperSailorFukuRelic":230,"Snecko Heart":150,"Juzu Bracelet":91,"Hallownest:DreamNailRelic":95,"hubris:SlimyHat":145,"Incense Burner":281,"ClockworkSouvenir":91,"DemoMod:SevenLeafClover":177,"Frozen Eye":278,"Replay:Bandana":8,"downfall:HeartBlessingBlue":332,"Bromod:ArcaneTempo":84,"Genji_Glove":0,"qcfpunch:Wrestler\u0027s_Cloak":177,"TheVixenMod:UmbreonRelic":153,"Hallownest:BeastSealRelic":153,"ReplayTheSpireMod:Ninjato":230,"Quantum Egg":91,"aspiration:SecretTechniqueScroll":113,"vexMod:FocusSash":124,"Gensokyo:ConquerorOfFear":278,"Orichalcum":187,"qcfpunch:White_Boots":361,"Peace Pipe":27,"Anchor":135,"Golden_Hairpin":213,"infinitespire:WardingShard":91,"vexMod:HeadHunter":0,"infinitespire:Satchel":361,"Ring of Fury":292,"Gem_Box":205,"Membership Card":230,"potionbrewer:Keyblade":0,"DemoMod:Bottle":278,"FossilizedHelix":0,"TungstenRod":230,"RuthlessExorcism:ReiMu":12}]},"card_choices":[{"not_picked":["dioMod:SecretPlan","dioMod:Minions","dioMod:DaggerToss"],"picked":"SKIP","floor":2.0},{"not_picked":["dioMod:ComboFever","dioMod:CautiousMuda","dioMod:TripleThreat"],"picked":"SKIP","floor":3.0},{"not_picked":["dioMod:DaggerToss","dioMod:FlyAway"],"picked":"dioMod:Muda","floor":4.0},{"not_picked":["dioMod:WRYYY","dioMod:VengefulMuda","dioMod:CoffinBath"],"picked":"SKIP","floor":5.0},{"not_picked":["dioMod:BloodSuck","dioMod:CautiousMuda","dioMod:GoodbyeJojo"],"picked":"SKIP","floor":8.0},{"not_picked":["dioMod:Pluck","dioMod:DaggerToss","dioMod:VengefulMuda"],"picked":"SKIP","floor":9.0},{"not_picked":["dioMod:Pluck","dioMod:Diversion","dioMod:StreetSign"],"picked":"SKIP","floor":12.0},{"not_picked":["dioMod:Pluck","dioMod:SadisticLaugh","dioMod:DarkRebirth"],"picked":"SKIP","floor":13.0},{"not_picked":["dioMod:GoodbyeJojo","dioMod:WRYYY","dioMod:ComposedMuda"],"picked":"SKIP","floor":14.0},{"not_picked":["dioMod:VengefulMuda","dioMod:StreetSign","dioMod:SadisticLaugh"],"picked":"SKIP","floor":15.0},{"not_picked":["dioMod:Refresh","dioMod:PhantomBlood"],"picked":"dioMod:SevenPageMuda","floor":16.0},{"not_picked":["dioMod:Hiss","dioMod:GoodbyeJojo","dioMod:StreetSign"],"picked":"SKIP","floor":19.0},{"not_picked":["dioMod:CautiousMuda","dioMod:StreetSign","dioMod:HeavyLifting"],"picked":"SKIP","floor":22},{"not_picked":["dioMod:DaggerToss","dioMod:Freeze+1","dioMod:VengefulMuda"],"picked":"SKIP","floor":23},{"not_picked":["dioMod:ComboFever","dioMod:DaggerSpree","dioMod:SecretPlan"],"picked":"SKIP","floor":24},{"not_picked":["dioMod:SlashThroughTime","dioMod:Hiss","dioMod:Muda"],"picked":"SKIP","floor":26},{"not_picked":["dioMod:WRYYY","dioMod:Hiss","dioMod:DaggerToss"],"picked":"SKIP","floor":28},{"not_picked":["dioMod:ComposedMuda","dioMod:FlyAway"],"picked":"dioMod:Roundabout","floor":29},{"not_picked":["dioMod:DaggerToss+1","dioMod:BloodTransfusion","dioMod:BloodShield"],"picked":"SKIP","floor":30},{"not_picked":["dioMod:SadisticLaugh","dioMod:VengefulMuda","dioMod:CautiousMuda+1"],"picked":"SKIP","floor":32},{"not_picked":["dioMod:PhantomBlood","dioMod:GoldVial"],"picked":"dioMod:TheWalk","floor":33},{"not_picked":["dioMod:BloodSplash","dioMod:Hiss","dioMod:Roundabout"],"picked":"SKIP","floor":36},{"not_picked":["dioMod:BlendIn","dioMod:Muda","dioMod:SecretPlan"],"picked":"SKIP","floor":39},{"not_picked":["dioMod:BloodSplash+1","dioMod:KonoDioDa"],"picked":"dioMod:Diversion","floor":43},{"not_picked":["dioMod:CutDeep","dioMod:DarkRebirth"],"picked":"dioMod:DoubleTime","floor":44},{"not_picked":["dioMod:FlyAway","dioMod:WRYYY","dioMod:SecretPlan"],"picked":"SKIP","floor":45},{"not_picked":["dioMod:LaserVision+1","dioMod:BloodShield","dioMod:ComposedMuda"],"picked":"SKIP","floor":47},{"not_picked":["dioMod:VengefulMuda","dioMod:DaggerToss","dioMod:Minions+1"],"picked":"SKIP","floor":48},{"not_picked":["dioMod:HeavyLifting","dioMod:BloodSplash+1","dioMod:Hiss"],"picked":"SKIP","floor":49},{"not_picked":["dioMod:HeavyLifting","dioMod:BloodSplash+1","dioMod:Hiss"],"picked":"SKIP","floor":49},{"not_picked":["dioMod:Freeze","dioMod:BloodShield+1"],"picked":"dioMod:RoadRoller","floor":52},{"not_picked":["dioMod:RoadRoller","dioMod:MudaMudaMuda"],"picked":"dioMod:KonoDioDa","floor":53}],"player_experience":1438610,"relics_obtained":[{"floor":13.0,"key":"Runesmith:Nanobots"},{"floor":22,"key":"wanderingMiniBosses:MasterThiefsPresence"},{"floor":25,"key":"Kunai"},{"floor":26,"key":"infinitespire:Magic Flask"},{"floor":41,"key":"Bromod:ArcanePistoleer"},{"floor":52,"key":"conspire:BottledYoYo"}],"event_choices":[],"is_beta":false,"boss_relics":[{"not_picked":["conspire:SpecialSausage","Ring of Chaos"],"picked":"qcfpunch:Dark_Gi"},{"not_picked":["energizedSpire:HugeHouse","aspiration:MobileForge"],"picked":"energizedSpire:NeverEndingSparkler"}],"items_purged_floors":[44],"is_endless":false,"potions_floor_spawned":[2,3,12,14,19,28,30,32,33,36,47,49,52],"ascension_level":20,"is_humility":true}}