{"host":"qc8p2flj7wsy3zpg","time":1612806870,"event":{"mods":["BaseMod","Highlight Path","Minty Spire (QoL Compilation)","Monster List Patch","Relic Stats","StSLib"],"gold_per_floor":[109,123,139,157,122,122,149,169,193,222,222,40,40,40,40,113,113,128,128,21,39,39,39,72,72,72,143,143,161,172,172,172],"floor_reached":31,"language":"ENG","playtime":1032,"items_purged":["Strike_P","Writhe"],"score":526,"play_id":"30aedef6-96b8-45a6-8e6f-74b5acf1d4b9","local_time":"20210208115430","is_ascension_mode":true,"campfire_choices":[{"data":"Eruption","floor":6.0,"key":"SMITH"},{"data":"Fasting2","floor":13.0,"key":"SMITH"},{"data":"Wireheading","floor":15.0,"key":"SMITH"},{"floor":23.0,"key":"REST"},{"floor":28.0,"key":"REST"}],"circlet_count":0,"master_deck":["AscendersBane","Strike_P","Strike_P","Defend_P","Defend_P","Defend_P","Defend_P","Eruption+1","Vigilance","Vengeance","BowlingBash","SandsOfTime","EmptyFist","CutThroughFate","Fasting2+1","FlurryOfBlows","Wireheading+1","Halt","Vault","Consecrate","Halt","ClearTheMind","JustLucky"],"relics":["SacredBark","Pear","Happy Flower","Smiling Mask","Black Star","Vajra","Bird Faced Urn","Shuriken","MutagenicStrength","Thread and Needle","Yang"],"acts_visited":["Exordium","TheCity"],"potions_floor_usage":[30],"damage_taken":[{"damage":0.0,"enemies":"Jaw Worm","floor":1.0,"turns":5.0},{"damage":5.0,"enemies":"2 Louse","floor":2.0,"turns":4.0},{"damage":1.0,"enemies":"Cultist","floor":3.0,"turns":4.0},{"damage":12.0,"enemies":"Exordium Thugs","floor":4.0,"turns":2.0},{"damage":17.0,"enemies":"Lagavulin","floor":7.0,"turns":6.0},{"damage":34.0,"enemies":"Gremlin Gang","floor":8.0,"turns":4.0},{"damage":15.0,"enemies":"3 Sentries","floor":10.0,"turns":4.0},{"damage":1.0,"enemies":"Hexaghost","floor":16.0,"turns":5.0},{"damage":34.0,"enemies":"3 Byrds","floor":18.0,"turns":6.0},{"damage":1.0,"enemies":"Spheric Guardian","floor":21.0,"turns":4.0},{"damage":52.0,"enemies":"Slavers","floor":24.0,"turns":9.0},{"damage":19.0,"enemies":"Centurion and Healer","floor":29.0,"turns":4.0},{"damage":12,"enemies":"Snecko","floor":30,"turns":4},{"damage":7,"enemies":"Snake Plant","floor":31,"turns":2}],"seed_played":"1244744326846997444","potions_obtained":[{"floor":1.0,"key":"Weak Potion"},{"floor":2.0,"key":"Strength Potion"},{"floor":10.0,"key":"Dexterity Potion"},{"floor":18.0,"key":"SkillPotion"},{"floor":29.0,"key":"PowerPotion"}],"is_trial":false,"path_per_floor":["M","M","M","M","?","R","E","M","T","E","?","$","R","?","R","B",null,"M","?","$","M","$","R","E","?","T","T","R","M","M","M"],"character_chosen":"WATCHER","items_purchased":["Wireheading","PowerPotion","Weak Potion"],"campfire_rested":2,"item_purchase_floors":[12,12,20],"current_hp_per_floor":[61,56,55,43,60,60,53,19,19,4,30,30,30,30,30,29,66,32,32,32,31,31,54,2,2,2,2,25,8,4,0,0],"gold":172,"neow_bonus":"BOSS_RELIC","is_daily":false,"chose_seed":false,"campfire_upgraded":3,"win_rate":0.0,"timestamp":1612806870,"path_taken":["M","M","M","M","?","R","E","M","T","E","?","$","R","?","R","BOSS","M","?","?","?","$","R","E","?","T","?","R","M","M","M"],"items_purchased_type":["Card","Potion","Potion"],"build_version":"2020-12-22","purchased_purges":2,"victory":false,"max_hp_per_floor":[68,68,68,68,68,68,78,78,78,78,78,78,78,78,78,78,78,78,78,78,78,78,78,78,78,78,78,78,78,78,78,78],"relic_stats":{"Happy Flower":[12],"counters":[14,63],"Shuriken":[2],"Bird Faced Urn":[12],"Yang":[20],"Black Star":1,"Smiling Mask":75,"obtain_stats":[{"Pear":7,"Happy Flower":9,"Shuriken":24,"SacredBark":0,"Bird Faced Urn":24,"MutagenicStrength":25,"Vajra":19,"Thread and Needle":26,"Yang":27,"Black Star":17,"PureWater":0,"Smiling Mask":10},{"Pear":5,"Happy Flower":6,"Shuriken":11,"SacredBark":0,"Bird Faced Urn":11,"MutagenicStrength":11,"Vajra":9,"Thread and Needle":11,"Yang":11,"Black Star":8,"PureWater":0,"Smiling Mask":7},{"Pear":21,"Happy Flower":25,"Shuriken":53,"SacredBark":0,"Bird Faced Urn":53,"MutagenicStrength":53,"Vajra":40,"Thread and Needle":53,"Yang":53,"Black Star":34,"PureWater":0,"Smiling Mask":29}]},"card_choices":[{"not_picked":["PathToVictory","Perseverance"],"picked":"Vengeance","floor":1.0},{"not_picked":["FollowUp","FlyingSleeves"],"picked":"BowlingBash","floor":2.0},{"not_picked":["CrushJoints","EmptyBody"],"picked":"SandsOfTime","floor":3.0},{"not_picked":["Wireheading","CrushJoints"],"picked":"EmptyFist","floor":4.0},{"not_picked":["Adaptation","DeceiveReality"],"picked":"CutThroughFate","floor":7.0},{"not_picked":["Prostrate","SignatureMove"],"picked":"Fasting2","floor":8.0},{"not_picked":["Sanctity","LikeWater"],"picked":"FlurryOfBlows","floor":10.0},{"not_picked":["Judgement","MasterReality"],"picked":"Vault","floor":16.0},{"not_picked":["CutThroughFate+1","LikeWater"],"picked":"Consecrate","floor":18.0},{"not_picked":["WindmillStrike","CarveReality"],"picked":"Halt","floor":21.0},{"not_picked":["EmptyFist","CutThroughFate"],"picked":"ClearTheMind","floor":24.0},{"not_picked":["Vengeance+1","FlurryOfBlows"],"picked":"JustLucky","floor":29.0},{"not_picked":["Vengeance","FlyingSleeves","PathToVictory"],"picked":"SKIP","floor":30}],"player_experience":2340354,"relics_obtained":[{"floor":7.0,"key":"Pear"},{"floor":9.0,"key":"Happy Flower"},{"floor":10.0,"key":"Smiling Mask"},{"floor":24.0,"key":"Bird Faced Urn"},{"floor":24.0,"key":"Shuriken"},{"floor":26.0,"key":"Thread and Needle"},{"floor":27.0,"key":"Yang"}],"event_choices":[{"damage_healed":17.0,"max_hp_gain":0.0,"max_hp_loss":0.0,"gold_gain":0.0,"event_name":"The Cleric","player_choice":"Healed","floor":5.0,"gold_loss":35.0,"damage_taken":0.0},{"damage_healed":26.0,"max_hp_gain":0.0,"max_hp_loss":0.0,"gold_gain":0.0,"event_name":"Big Fish","player_choice":"Banana","floor":11.0,"gold_loss":0.0,"damage_taken":0.0},{"damage_healed":0.0,"max_hp_gain":0.0,"max_hp_loss":0.0,"gold_gain":0.0,"cards_transformed":["Strike_P"],"event_name":"Transmorgrifier","player_choice":"Transformed","floor":14.0,"gold_loss":0.0,"damage_taken":0.0,"cards_obtained":["Halt"]},{"damage_healed":0.0,"max_hp_gain":0.0,"max_hp_loss":0.0,"gold_gain":0.0,"event_name":"The Mausoleum","player_choice":"Opened","floor":19.0,"gold_loss":0.0,"damage_taken":0.0,"relics_obtained":["Vajra"],"cards_obtained":["Writhe"]},{"damage_healed":0.0,"max_hp_gain":0.0,"max_hp_loss":0.0,"gold_gain":0.0,"event_name":"Drug Dealer","player_choice":"Inject Mutagens","floor":25.0,"gold_loss":0.0,"damage_taken":0.0,"relics_obtained":["MutagenicStrength"]}],"is_beta":false,"boss_relics":[{"not_picked":["Runic Pyramid","Tiny House"],"picked":"Black Star"}],"items_purged_floors":[12,20],"is_endless":false,"potions_floor_spawned":[1,2,10,18,29],"killed_by":"Snake Plant","ascension_level":20}}