{"host":"avq773cl9g5msfol","time":1612780945,"event":{"mods":["100% Spire Juice","AchievementEnabler","Act Like it!","Ascension Unlocker","Aspiration","Astrologer","Bard","Bartender","BaseMod","Better Altar","Better Third Choice","BetterRewards","CapriCore","ChefMod","Colored Map","Colored Powertips","Conspire","Dio Mod","Downfall","Elementarium","Energized Spire","Gensokyo","GifTheSpireLib","Hallownest","Hermit","Highlight Path","Hubris","Humility","Infinite Spire","Jorbs\u0027s Wanderer Trilogy","Koishi","Magitek Elite","Marisa????????","Marked Mod","Menagerie","Minty Spire (QoL Compilation)","Pale of the Ancients","Potionbrewer","Quarter Circle Forward PUNCH!","Rare Cards Sparkle","Reimu??????","Relic Stats","Reliquary","Remilia??????","Replay The Spire","Robot Space Explorer","SacredBarkPlus","Shade Mod","Somnambulant","Spicy Shops","Spire Arcade","StSLib","The Administrix","The Animator","The Blue Laboratory","The Bug Knight","The Construct","The Cursed","The Disciple","The Dragon Tamer","The Exalted","The Hayseed","The Hierophant","The Hydrologist","The Immortal","The Marked","The Mystic","The Problem Sleuth","The Runesmith","The Senshi","The Vixen","The Wild Card","TheFirefly","Wandering Minibosses","Wide Potions","vexMod"],"gold_per_floor":[109,109,128,128,154,187,187,215,215,215,242,242,242,268,268,347,397,411,431,446,378,258,291,291,325,351,378,378,378,378,406,406,483,483,1297,1297,1457,1467,1482,1482,1482,1498,1498,1509,1509,1544,1544,1561,1561,1561,1561],"floor_reached":52,"language":"ENG","playtime":2603,"items_purged":["Conserve Battery+1"],"score":2334,"play_id":"bcedd055-fa3c-49fb-a230-9b455a053284","local_time":"20210208174225","is_ascension_mode":true,"campfire_choices":[{"data":"TheSimpletonMod:Gnats","floor":15,"key":"PURGE"},{"data":"Dualcast","floor":24,"key":"SMITH"},{"data":"BootSequence","floor":30,"key":"SMITH"},{"floor":32,"key":"REST"},{"floor":40,"key":"REST"},{"floor":45,"key":"REST"},{"floor":49,"key":"RECALL"}],"circlet_count":0,"master_deck":["AscendersBane","Zap+1","Dualcast+1","Melter+1","Redo+1","Self Repair+1","Lockon+1","Meteor Strike+1","Capacitor+1","ReplayTheSpireMod:Calculation Training+1","Aggregate+1","Leap+1","Conserve Battery+1","Turbo+1","Coolheaded+1","Ball Lightning+1","BasicCrystalCard+1","hubris:PowerSurge+1","Glacier+1","hubris:DoWhile+1","Darkness+1","ReplayTheSpireMod:Dual Polarity+1","Defragment+1","Loop+1","Electrodynamics+1","Storm+1","Creative AI+1","Echo Form+1","Buffer+1","Gensokyo:Taser","Seek+1","BootSequence+1","FIFO Queue","Crystallizer+1","ReplayRNGCard+1","Fission+1"],"relics":["Cracked Core","Golden Egg","Quantum Egg","Runic Capacitor","reliquary:Sideboard","Membership Card","Raider\u0027s Mask","Happy Flower","OrangePellets","Bromod:ArcanePistoleer","aspiration:MysteriousAuxiliaryCore","Calipers","aspiration:FaultyCoupler","Ribbon","Juzu Bracelet","aspiration:ArtOfWarUpgrade","Bottled Tornado","Ginger","infinitespire:EmpoweringShard","ReplayTheSpireMod:Lightbulb","Tiny House","Prayer Wheel","Gensokyo:MaskOfHope","conspire:GiftBox","aspiration:SecretTechniqueScroll","wanderingMiniBosses:MasterThiefsPresence","Hallownest:GodTamersBeastRelic","Mummified Hand"],"acts_visited":["Exordium","Gensokyo:Gensokyoer","Hallownest:KingdomsEdge"],"potions_floor_usage":[6,6],"damage_taken":[{"damage":0.0,"enemies":"conspire:RoseBush","floor":1.0,"turns":1.0},{"damage":0.0,"enemies":"Cultist","floor":3.0,"turns":2.0},{"damage":20,"enemies":"3 Sentries","floor":6,"turns":3},{"damage":20,"enemies":"HollowMod:MossKnight","floor":8,"turns":3},{"damage":11,"enemies":"Replay:BlueRogue","floor":11,"turns":3},{"damage":9,"enemies":"The Guardian","floor":16,"turns":3},{"damage":0,"enemies":"Gensokyo:Chomper","floor":18,"turns":2},{"damage":1,"enemies":"Gensokyo:AngelMirror","floor":19,"turns":2},{"damage":0,"enemies":"Gensokyo:Slime_Group","floor":20,"turns":3},{"damage":9,"enemies":"Gensokyo:Reisen","floor":23,"turns":3},{"damage":0,"enemies":"Gensokyo:Koishi","floor":25,"turns":2},{"damage":17,"enemies":"Gensokyo:Tenshi","floor":27,"turns":3},{"damage":0,"enemies":"Nightmare","floor":31,"turns":4},{"damage":53,"enemies":"Gensokyo:Eternal_Rivals","floor":33,"turns":5},{"damage":4,"enemies":"Hallownest:3_Siblings","floor":35,"turns":3},{"damage":0,"enemies":"Hallownest:3_Siblings","floor":37,"turns":4},{"damage":0,"enemies":"Hallownest:3_Siblings","floor":37,"turns":3},{"damage":6,"enemies":"Hallownest:3_Siblings","floor":37,"turns":3},{"damage":0,"enemies":"Hallownest:3_Siblings","floor":37,"turns":6},{"damage":0,"enemies":"Hallownest:Shield_Heavy","floor":38,"turns":3},{"damage":0,"enemies":"Hallownest:Shield_Sturdy","floor":39,"turns":3},{"damage":5,"enemies":"Hallownest:monsterPrimalAspid","floor":42,"turns":3},{"damage":5,"enemies":"Hallownest:Xero_Hu_Marmu","floor":44,"turns":2},{"damage":0,"enemies":"Hallownest:StalkingDevout","floor":46,"turns":2},{"damage":7,"enemies":"Hallownest:Slobbering_and_Violent","floor":48,"turns":3},{"damage":1,"enemies":"Hallownest:BossGreyPrinceZote","floor":50,"turns":3},{"damage":0,"enemies":"Hallownest:Radiance","floor":51,"turns":3}],"seed_played":"-5753593808479551083","potions_obtained":[{"floor":8,"key":"potionbrewer:DiscountPotion"},{"floor":11,"key":"blueLaboratory:BiasPotion"},{"floor":25,"key":"potionbrewer:DiscountPotion"}],"is_trial":false,"path_per_floor":["M","?","M","?","T","E","?","E","T","R","E","?","R","T","R_BF","B",null,"M","M","M","COS","?","E","R","E","T","E","?","?","R","NM","R","B",null,"M","?","?","M","M","R","?","M","T","M","R","E","?","M","R","B","B",null],"character_chosen":"DEFECT","items_purchased":["Leap","blueLaboratory:FruitPunch","blueLaboratory:FruitPunch","Runic Capacitor","reliquary:Sideboard","Conserve Battery","Membership Card","Raider\u0027s Mask","Turbo","Coolheaded","Happy Flower","OrangePellets","Bromod:ArcanePistoleer","Ball Lightning","aspiration:MysteriousAuxiliaryCore","BasicCrystalCard","hubris:PowerSurge","Glacier","hubris:DoWhile","Calipers","Darkness","aspiration:FaultyCoupler","ReplayTheSpireMod:Dual Polarity","Ribbon","Defragment","Conserve Battery","Loop","Electrodynamics","Storm"],"campfire_rested":3,"item_purchase_floors":[0,0,0,0,0,0,0,0,0,0,0,0,0,0,0,0,0,0,0,0,0,0,0,0,0,0,0,0,0],"current_hp_per_floor":[64,64,64,64,64,58,58,48,48,48,37,44,44,44,44,35,70,80,79,79,79,79,80,80,80,80,63,63,63,63,73,80,27,67,63,67,80,80,80,80,80,75,75,70,80,80,80,80,80,80,80],"gold":1561,"neow_bonus":"","is_daily":false,"chose_seed":false,"campfire_upgraded":2,"win_rate":0.0,"timestamp":1612780945,"path_taken":["M","?","M","?","?","E","?","E","T","R","E","?","R","?","R_BF","BOSS","M","M","M","COS","?","E","R","E","T","E","?","?","R","NM","R","BOSS","M","?","?","M","M","R","?","M","T","M","R","E","?","M","R","BOSS","BOSS"],"items_purchased_type":["Card","Potion","Potion","Relic","Relic","Card","Relic","Relic","Card","Card","Relic","Relic","Relic","Card","Relic","Card","Card","Card","Card","Relic","Card","Relic","Card","Relic","Card","Card","Card","Card","Card"],"build_version":"2020-12-22","purchased_purges":1,"victory":true,"max_hp_per_floor":[71,71,71,71,71,75,75,75,75,75,75,75,75,75,75,75,80,80,80,80,80,80,80,80,80,80,80,80,80,80,80,80,80,80,80,80,80,80,80,80,80,80,80,80,80,80,80,80,80,80,80],"relic_stats":{"OrangePellets":[17],"Happy Flower":[68],"counters":[111,377],"Mummified Hand":[50],"Prayer Wheel":22,"Juzu Bracelet":2,"Ginger":[10],"obtain_stats":[{"Golden Egg":0,"infinitespire:BottledMercury":43,"wanderingMiniBosses:OtherGremlinHorn":31,"Ginger":8,"Bottled Tornado":7,"vexMod:RockOfEvil":34,"FrozenCore":17,"Replay:Wanted Poster":34,"DemoMod:SuperHotWatch":27,"Replay:Ringing Soul":26,"conspire:GlowingRock":6,"Ribbon":0,"DemoMod:MeltedRock":14,"Kunai":43,"qcfpunch:Red_Cyclone_Teachings":26,"aspiration:FaultyCoupler":0,"Gensokyo:MaskOfHope":22,"construct:RocketBooster":24,"HollowMod:JonisBlessing":54,"Guardian:PocketSentry":11,"aspiration:FrozenJewel":0,"Elementarium:ElementariumTrophy":33,"qcfpunch:Broken_Tusk":46,"Pandora\u0027s Box":0,"aspiration:MysteriousAuxiliaryCore":0,"Lantern":0,"StoneCalendar":40,"Bromod:ArcanePistoleer":0,"wanderingMiniBosses:AbyssPearl":18,"Mythril_Glove":38,"hubris:EmptyBottle":0,"White_Cape":0,"Hallownest:GodTamersBeastRelic":37,"qcfpunch:Crimson_Sash":4,"Replay:Rubber Ducky":0,"AntiCross":6,"hubris:CuriousFeather":0,"WingedGreaves":2,"DemoMod:GnawedKey":0,"Potion Belt":0,"Lee\u0027s Waffle":0,"hubris:64BitClover":9,"Guardian:GemstoneGun":0,"DemoMod:WeirdEgg":23,"PreservedInsect":0,"Protect_Vest":49,"infinitespire:CheckeredPen":6,"infinitespire:Lucky Rock":6,"PureWhite:ReiMu":26,"Art of War":6,"ReplayTheSpireMod:Lightbulb":14,"Elementarium:FlickeringLantern":25,"DemoMod:GreenGuonStone":0,"hubris:CrystalStatue":0,"Calipers":0,"Tiny House":17,"Menagerie:HuntersKnife":5,"DemoMod:GlassGuonStoneRelic":11,"Runic Capacitor":0,"Raider\u0027s Mask":0,"Lizard Tail":0,"Replay:Frozen Program":0,"HornCleat":0,"Prayer Wheel":10,"aspiration:ArtOfWarUpgrade":13,"vexMod:RetaliationKit":31,"Girya":9,"Happy Flower":0,"reliquary:Sideboard":0,"Choco_Feather":8,"Oddly Smooth Stone":28,"wanderingMiniBosses:MasterThiefsPresence":22,"aspiration:SeaSaltIceCream":4,"War Paint":29,"OrangePellets":42,"Bottled Flame":13,"conspire:GiftBox":27,"ReplayTheSpireMod:Shallot":4,"hubris:PeanutButter":0,"ReplayTheSpireMod:TigerMarble":9,"infinitespire:EmpoweringShard":9,"Mirror":40,"hermit:Momento":0,"conspire:IceCreamScoop":56,"theSenshi:SuperSailorFukuRelic":0,"conspire:SpecialSausage":3,"Juzu Bracelet":0,"Hallownest:DreamNailRelic":3,"hubris:SlimyHat":6,"Replay:Mystery Machine":13,"ClockworkSouvenir":0,"DemoMod:SevenLeafClover":0,"Frozen Eye":29,"Dream Catcher":20,"Mummified Hand":43,"Cracked Core":0,"Hallownest:SalubrasBlessingRelic":10,"ReplayTheSpireMod:Ninjato":3,"Replay:Towering Pillar of Hats":40,"infinitespire:CursedDice":43,"aspiration:RunicSpoon":0,"Quantum Egg":2,"aspiration:SecretTechniqueScroll":17,"Medical Kit":54,"White Beast Statue":10,"infinitespire:WardingShard":6,"vexMod:HeadHunter":0,"LetterFromLob":1,"Coffee Dripper":34,"Membership Card":0,"Guard_Bracelet":44,"DemoMod:VorpalBullet":24,"RuthlessExorcism:ReiMu":0},{"Golden Egg":0,"infinitespire:BottledMercury":21,"wanderingMiniBosses:OtherGremlinHorn":35,"Ginger":88,"Bottled Tornado":87,"vexMod:RockOfEvil":36,"FrozenCore":62,"Replay:Wanted Poster":17,"DemoMod:SuperHotWatch":67,"Replay:Ringing Soul":11,"conspire:GlowingRock":2,"Ribbon":84,"DemoMod:MeltedRock":29,"Kunai":77,"qcfpunch:Red_Cyclone_Teachings":32,"aspiration:FaultyCoupler":84,"Gensokyo:MaskOfHope":93,"construct:RocketBooster":32,"HollowMod:JonisBlessing":82,"Guardian:PocketSentry":27,"aspiration:FrozenJewel":43,"Elementarium:ElementariumTrophy":36,"qcfpunch:Broken_Tusk":40,"Pandora\u0027s Box":24,"aspiration:MysteriousAuxiliaryCore":84,"Lantern":43,"StoneCalendar":20,"Bromod:ArcanePistoleer":84,"wanderingMiniBosses:AbyssPearl":63,"Mythril_Glove":19,"hubris:EmptyBottle":24,"White_Cape":43,"Hallownest:GodTamersBeastRelic":103,"qcfpunch:Crimson_Sash":25,"Replay:Rubber Ducky":53,"AntiCross":2,"hubris:CuriousFeather":24,"WingedGreaves":25,"DemoMod:GnawedKey":43,"Potion Belt":43,"Lee\u0027s Waffle":43,"hubris:64BitClover":53,"Guardian:GemstoneGun":43,"DemoMod:WeirdEgg":66,"PreservedInsect":24,"Protect_Vest":41,"infinitespire:CheckeredPen":26,"infinitespire:Lucky Rock":52,"PureWhite:ReiMu":11,"Art of War":87,"ReplayTheSpireMod:Lightbulb":89,"Elementarium:FlickeringLantern":66,"DemoMod:GreenGuonStone":43,"hubris:CrystalStatue":43,"Calipers":84,"Tiny House":90,"Menagerie:HuntersKnife":45,"DemoMod:GlassGuonStoneRelic":4,"Runic Capacitor":84,"Raider\u0027s Mask":84,"Lizard Tail":53,"Replay:Frozen Program":53,"HornCleat":53,"Prayer Wheel":59,"aspiration:ArtOfWarUpgrade":89,"vexMod:RetaliationKit":16,"Girya":3,"Happy Flower":53,"reliquary:Sideboard":84,"Choco_Feather":3,"Oddly Smooth Stone":33,"wanderingMiniBosses:MasterThiefsPresence":10,"aspiration:SeaSaltIceCream":25,"War Paint":14,"OrangePellets":39,"Bottled Flame":28,"conspire:GiftBox":96,"ReplayTheSpireMod:Shallot":25,"hubris:PeanutButter":53,"ReplayTheSpireMod:TigerMarble":26,"infinitespire:EmpoweringShard":88,"Mirror":39,"hermit:Momento":0,"conspire:IceCreamScoop":84,"theSenshi:SuperSailorFukuRelic":53,"conspire:SpecialSausage":50,"Juzu Bracelet":0,"Hallownest:DreamNailRelic":1,"hubris:SlimyHat":57,"Replay:Mystery Machine":28,"ClockworkSouvenir":24,"DemoMod:SevenLeafClover":0,"Frozen Eye":13,"Dream Catcher":64,"Mummified Hand":106,"Cracked Core":43,"Hallownest:SalubrasBlessingRelic":3,"ReplayTheSpireMod:Ninjato":50,"Replay:Towering Pillar of Hats":75,"infinitespire:CursedDice":21,"aspiration:RunicSpoon":0,"Quantum Egg":1,"aspiration:SecretTechniqueScroll":6,"Medical Kit":82,"White Beast Statue":59,"infinitespire:WardingShard":46,"vexMod:HeadHunter":0,"LetterFromLob":44,"Coffee Dripper":71,"Membership Card":24,"Guard_Bracelet":78,"DemoMod:VorpalBullet":11,"RuthlessExorcism:ReiMu":53},{"Golden Egg":0,"infinitespire:BottledMercury":74,"wanderingMiniBosses:OtherGremlinHorn":115,"Ginger":306,"Bottled Tornado":303,"vexMod:RockOfEvil":123,"FrozenCore":201,"Replay:Wanted Poster":52,"DemoMod:SuperHotWatch":219,"Replay:Ringing Soul":34,"conspire:GlowingRock":6,"Ribbon":297,"DemoMod:MeltedRock":94,"Kunai":257,"qcfpunch:Red_Cyclone_Teachings":104,"aspiration:FaultyCoupler":297,"Gensokyo:MaskOfHope":319,"construct:RocketBooster":104,"HollowMod:JonisBlessing":279,"Guardian:PocketSentry":89,"aspiration:FrozenJewel":147,"Elementarium:ElementariumTrophy":123,"qcfpunch:Broken_Tusk":130,"Pandora\u0027s Box":83,"aspiration:MysteriousAuxiliaryCore":297,"Lantern":147,"StoneCalendar":71,"Bromod:ArcanePistoleer":297,"wanderingMiniBosses:AbyssPearl":205,"Mythril_Glove":60,"hubris:EmptyBottle":83,"White_Cape":147,"Hallownest:GodTamersBeastRelic":355,"qcfpunch:Crimson_Sash":85,"Replay:Rubber Ducky":171,"AntiCross":6,"hubris:CuriousFeather":83,"WingedGreaves":85,"DemoMod:GnawedKey":147,"Potion Belt":147,"Lee\u0027s Waffle":147,"hubris:64BitClover":171,"Guardian:GemstoneGun":147,"DemoMod:WeirdEgg":215,"PreservedInsect":83,"Protect_Vest":131,"infinitespire:CheckeredPen":87,"infinitespire:Lucky Rock":169,"PureWhite:ReiMu":34,"Art of War":303,"ReplayTheSpireMod:Lightbulb":309,"Elementarium:FlickeringLantern":215,"DemoMod:GreenGuonStone":147,"hubris:CrystalStatue":147,"Calipers":297,"Tiny House":312,"Menagerie:HuntersKnife":152,"DemoMod:GlassGuonStoneRelic":10,"Runic Capacitor":297,"Raider\u0027s Mask":297,"Lizard Tail":171,"Replay:Frozen Program":171,"HornCleat":171,"Prayer Wheel":191,"aspiration:ArtOfWarUpgrade":309,"vexMod:RetaliationKit":45,"Girya":9,"Happy Flower":171,"reliquary:Sideboard":297,"Choco_Feather":9,"Oddly Smooth Stone":107,"wanderingMiniBosses:MasterThiefsPresence":29,"aspiration:SeaSaltIceCream":85,"War Paint":39,"OrangePellets":127,"Bottled Flame":92,"conspire:GiftBox":327,"ReplayTheSpireMod:Shallot":85,"hubris:PeanutButter":171,"ReplayTheSpireMod:TigerMarble":87,"infinitespire:EmpoweringShard":306,"Mirror":127,"hermit:Momento":0,"conspire:IceCreamScoop":286,"theSenshi:SuperSailorFukuRelic":171,"conspire:SpecialSausage":167,"Juzu Bracelet":0,"Hallownest:DreamNailRelic":1,"hubris:SlimyHat":184,"Replay:Mystery Machine":92,"ClockworkSouvenir":83,"DemoMod:SevenLeafClover":0,"Frozen Eye":37,"Dream Catcher":209,"Mummified Hand":364,"Cracked Core":147,"Hallownest:SalubrasBlessingRelic":9,"ReplayTheSpireMod:Ninjato":167,"Replay:Towering Pillar of Hats":251,"infinitespire:CursedDice":74,"aspiration:RunicSpoon":0,"Quantum Egg":1,"aspiration:SecretTechniqueScroll":16,"Medical Kit":279,"White Beast Statue":192,"infinitespire:WardingShard":157,"vexMod:HeadHunter":0,"LetterFromLob":150,"Coffee Dripper":237,"Membership Card":83,"Guard_Bracelet":260,"DemoMod:VorpalBullet":34,"RuthlessExorcism:ReiMu":171}]},"card_choices":[{"not_picked":["Streamline","Panic Button","Rebound"],"picked":"SKIP","floor":1.0},{"not_picked":["Scrape","Melter","Go for the Eyes"],"picked":"SKIP","floor":3.0},{"not_picked":["Beam Cell","Tempest"],"picked":"Echo Form","floor":6},{"not_picked":["Gash","ReplayTheSpireMod:System Scan","Compile Driver"],"picked":"SKIP","floor":8},{"not_picked":["Sweeping Beam","Rebound","Loop"],"picked":"SKIP","floor":11},{"not_picked":["hubris:Prefetch","Fission"],"picked":"ReplayTheSpireMod:Fabricate Wheel","floor":16},{"not_picked":["Steam","Beam Cell"],"picked":"Stack","floor":17},{"not_picked":["Conserve Battery","Hologram","ReplayTheSpireMod:GoodbyeWorld+1"],"picked":"SKIP","floor":18},{"not_picked":["Conserve Battery","Hologram","ReplayTheSpireMod:GoodbyeWorld+1"],"picked":"SKIP","floor":18},{"not_picked":["BasicCrystalCard","Compile Driver"],"picked":"Force Field","floor":19},{"not_picked":["Turbo","ReplayTheSpireMod:Repulse","Redo"],"picked":"SKIP","floor":19},{"not_picked":["Beam Cell","Glacier"],"picked":"Hologram","floor":20},{"not_picked":["conspire:SharedLibrary","Rebound","BasicCrystalCard"],"picked":"SKIP","floor":20},{"not_picked":["ReplayTheSpireMod:Dual Polarity+1","Steam","Sweeping Beam"],"picked":"SKIP","floor":23},{"not_picked":["Ball Lightning+1","BasicCrystalCard+1"],"picked":"BootSequence","floor":25},{"not_picked":["All For One","Mirror Shield"],"picked":"Seek","floor":27},{"not_picked":["Cold Snap","Compile Driver","Rip and Tear"],"picked":"SKIP","floor":27},{"not_picked":["Stack","Redo","Sweeping Beam+1"],"picked":"SKIP","floor":31},{"not_picked":["hubris:SpecializedCircuitry","Echo Form"],"picked":"ReplayRNGCard","floor":33},{"not_picked":["Gash","Redo+1"],"picked":"Cold Snap+1","floor":35},{"not_picked":["Go for the Eyes","Auto Shields"],"picked":"Barrage","floor":35},{"not_picked":["Stack","Turbo"],"picked":"Go for the Eyes+1","floor":38},{"not_picked":["Hologram+1","ReplayTheSpireMod:Omega Cannon"],"picked":"Rebound","floor":38},{"not_picked":["Redo","Cold Snap"],"picked":"Stack+1","floor":39},{"not_picked":["Rebound","White Noise"],"picked":"Panic Button+1","floor":39},{"not_picked":["Panic Button","Time Bomb"],"picked":"Electrodynamics","floor":42},{"not_picked":["Redo","Hologram"],"picked":"Fusion","floor":42},{"not_picked":["Tempest","Panic Button"],"picked":"Crystallizer+1","floor":44},{"not_picked":["conspire:SharedLibrary","Conserve Battery","Panic Button"],"picked":"SKIP","floor":44},{"not_picked":["conspire:SharedLibrary","Conserve Battery","Panic Button"],"picked":"SKIP","floor":44},{"not_picked":["ReplayTheSpireMod:GoodbyeWorld+1","Go for the Eyes+1"],"picked":"ReplaySolidLightProjector+1","floor":46},{"not_picked":["Streamline","Gash+1"],"picked":"Fission","floor":48},{"not_picked":["Capacitor","Ball Lightning","Genetic Algorithm"],"picked":"SKIP","floor":48}],"player_experience":1436007,"relics_obtained":[{"floor":6,"key":"Art of War"},{"floor":8,"key":"Ginger"},{"floor":9,"key":"infinitespire:EmpoweringShard"},{"floor":14,"key":"ReplayTheSpireMod:Lightbulb"},{"floor":27,"key":"conspire:GiftBox"},{"floor":35,"key":"wanderingMiniBosses:MasterThiefsPresence"},{"floor":43,"key":"Mummified Hand"}],"event_choices":[{"damage_healed":0.0,"max_hp_gain":0.0,"max_hp_loss":0.0,"gold_gain":0.0,"event_name":"Transmorgrifier","player_choice":"Ignored","floor":2.0,"gold_loss":0.0,"damage_taken":0.0},{"damage_healed":0,"gold_gain":0,"player_choice":"1 cards matched","damage_taken":0,"max_hp_gain":0,"max_hp_loss":0,"event_name":"Match and Keep!","floor":4,"gold_loss":0,"cards_obtained":["Creative AI"]}],"is_beta":false,"boss_relics":[{"not_picked":["Ectoplasm","potionbrewer:BhaskarasWheel"],"picked":"Tiny House"},{"not_picked":["Black Star","hubris:GrandSneckoEye"],"picked":"aspiration:SecretTechniqueScroll"}],"items_purged_floors":[0],"is_endless":false,"potions_floor_spawned":[1,8,11,18,23,25,27,37,38,44,46],"ascension_level":20,"is_humility":true}}