{"host":"i70yit5z0kpl303k","time":1612820166,"event":{"mods":["2.2 Compatiblity","Act Like it!","BaseMod","BetterRewards","Evolution","Infinite Spire","Ironclad Rager","Koishi","Marked Mod","Minty Spire (QoL Compilation)","Relic Stats","Reliquary","Replay The Spire","StSLib","The Blue Laboratory","The Marked","TheSwordswoman"],"gold_per_floor":[112,125,457,457,477,510,510,545,545,571,617,617,617,643,643,753,753,785,819,779,813,839,885,885,925,925,925,925,925,925,971,971,1156,1156,1258,796,928,928,928,928,1013,1013,1013,1122,1237,1358,1492,1492,1492,1702,1702,1833,1833,1833,1974,2121,2284,2284,2284,2307,2307,2470,2470,2470,2647,2647,2914,2914,3119,2475,2655,2655,2832,2832,2832,2858,2937,3134,3354,3572,3814,3814,3814,4154,4154,4164,4164],"floor_reached":86,"language":"ENG","playtime":3790,"items_purged":[],"score":1981,"play_id":"8ea666a1-0d33-4251-963a-0197fe83c8bd","local_time":"20210208133606","is_ascension_mode":true,"campfire_choices":[{"floor":13.0,"key":"REST"},{"floor":15.0,"key":"REST"},{"floor":24.0,"key":"REST"},{"floor":27.0,"key":"REST"},{"floor":32.0,"key":"REST"},{"floor":40.0,"key":"REST"},{"floor":42.0,"key":"REST"},{"data":"ReplayTheSpireMod:Calculation Training","floor":49.0,"key":"SMITH"},{"floor":58.0,"key":"REST"},{"data":"Double Energy","floor":61.0,"key":"SMITH"},{"data":"Genetic Algorithm","floor":63.0,"key":"SMITH"},{"data":"White Noise","floor":66.0,"key":"SMITH"},{"data":"infinitespire:UltimateForm","floor":74.0,"key":"SMITH"},{"floor":83,"key":"REST"}],"circlet_count":0,"master_deck":["Rebound","Rebound","Rebound","Rebound","Leap","Leap","Defend_B","Defend_B","Zap","Buffer+1","Barrage","Gash+1","Double Energy+1","Go for the Eyes","Ball Lightning","Compile Driver","Electrodynamics","Beam Cell","Gash+1","Time Bomb","Coolheaded","Seek+1","CommonCold","Survivor","Core Surge","Panacea","infinitespire:FutureSight","Static Discharge+1","Core Surge","Cold Snap+1","Barrage","Conserve Battery","Gash+1","Barrage+1","Double Energy+1","Cold Snap","Cold Snap","ReplayTheSpireMod:Calculation Training+1","Gash+1","Rainbow+1","Go for the Eyes","Rip and Tear+1","Capacitor+1","infinitespire:Gouge","Glacier+1","Zap","Genetic Algorithm+1","Lockon+1","Beam Cell+1","Barrage+1","Genetic Algorithm","Go for the Eyes+1","BasicCrystalCard+1","FTL+1","FTL+1","Stack","FTL+1","All For One+1","Storm","Gash+1","Cold Snap","Rebound","Tempest","Compile Driver","Capacitor","Hello World+1","White Noise+1","Stack","Melter","Echo Form+1","infinitespire:UltimateForm+1","Gash+1","Gash+1","Crystallizer","Go for the Eyes+1","Gash+1","Panic Button+1","J.A.X.","Panic Button+1","WeaponsOverheat+1","Panic Button","Self Repair+1","Defragment","Cold Snap","Double Energy","Crystallizer","Coolheaded","Hallucinations","Headbutt","Barricade+1"],"relics":["EVO:Axolotl","Old Coin","Ice Cream","Prayer Wheel","Nunchaku","Replay:Bandana","Geode","Iron Core","ReplayTheSpireMod:SealedPack","Divine Protection","Potion Belt","Golden Egg","MutagenicStrength","infinitespire:Satchel","Lantern","infinitespire:EvilPickle","Ring of Chaos","Prayer Wheel","ClockworkSouvenir","Kunai","Incense Burner","Dream Catcher","infinitespire:FocusingShard","reliquary:LoveEmittingDiode","reliquary:BallBearing","Strawberry","SacredBark","Pantograph","OrangePellets","infinitespire:Broken Mirror","reliquary:TuningFork","Shuriken","Replay:Bottled Eggs","Inserter"],"acts_visited":["Exordium","TheCity","TheBeyond","Exordium","TheCity","TheBeyond"],"potions_floor_usage":[79,86],"damage_taken":[{"damage":0.0,"enemies":"Jaw Worm","floor":1.0,"turns":2.0},{"damage":0.0,"enemies":"Small Slimes","floor":2.0,"turns":2.0},{"damage":0.0,"enemies":"Cultist","floor":5.0,"turns":3.0},{"damage":1.0,"enemies":"3 Sentries","floor":6.0,"turns":6.0},{"damage":16.0,"enemies":"Gremlin Nob","floor":8.0,"turns":3.0},{"damage":17.0,"enemies":"Exordium Thugs","floor":10.0,"turns":4.0},{"damage":10.0,"enemies":"3 Sentries","floor":11.0,"turns":4.0},{"damage":9.0,"enemies":"Red Slaver","floor":14.0,"turns":2.0},{"damage":22.0,"enemies":"The Guardian","floor":16.0,"turns":8.0},{"damage":3.0,"enemies":"2 Thieves","floor":18.0,"turns":3.0},{"damage":5.0,"enemies":"Shell Parasite","floor":19.0,"turns":4.0},{"damage":11.0,"enemies":"Sentry and Sphere","floor":21.0,"turns":5.0},{"damage":15.0,"enemies":"Centurion and Healer","floor":22.0,"turns":5.0},{"damage":15.0,"enemies":"Nightmare","floor":23.0,"turns":5.0},{"damage":21.0,"enemies":"Book of Stabbing","floor":25.0,"turns":5.0},{"damage":12.0,"enemies":"Gremlin Leader","floor":31.0,"turns":4.0},{"damage":23.0,"enemies":"Pondfish","floor":33.0,"turns":8.0},{"damage":8.0,"enemies":"3 Shapes","floor":35.0,"turns":4.0},{"damage":27.0,"enemies":"infinitespire:Three Voidlings","floor":37.0,"turns":4.0},{"damage":34.0,"enemies":"Nightmare_Alpha","floor":37.0,"turns":8.0},{"damage":0.0,"enemies":"Orb Walker","floor":41.0,"turns":2.0},{"damage":0.0,"enemies":"3 Darklings","floor":44.0,"turns":5.0},{"damage":0.0,"enemies":"Giant Head","floor":45.0,"turns":8.0},{"damage":0.0,"enemies":"Jaw Worm Horde","floor":46.0,"turns":4.0},{"damage":0.0,"enemies":"Nemesis","floor":47.0,"turns":8.0},{"damage":29.0,"enemies":"Replay:Hell Engine","floor":50.0,"turns":11.0},{"damage":7.0,"enemies":"Small Slimes","floor":52.0,"turns":2.0},{"damage":5.0,"enemies":"Jaw Worm","floor":55.0,"turns":2.0},{"damage":0.0,"enemies":"Cultist","floor":56.0,"turns":2.0},{"damage":5.0,"enemies":"3 Sentries","floor":57.0,"turns":5.0},{"damage":0.0,"enemies":"Looter","floor":62.0,"turns":3.0},{"damage":8.0,"enemies":"3 Louse","floor":65.0,"turns":2.0},{"damage":58.0,"enemies":"Hexaghost","floor":67.0,"turns":6.0},{"damage":12.0,"enemies":"3 Byrds","floor":69.0,"turns":3.0},{"damage":0.0,"enemies":"Spheric Guardian","floor":71.0,"turns":2.0},{"damage":0.0,"enemies":"Cultist and Chosen","floor":73.0,"turns":5.0},{"damage":0,"enemies":"Snecko","floor":78,"turns":4},{"damage":10,"enemies":"Snake Plant","floor":79,"turns":2},{"damage":5,"enemies":"Cultist and Chosen","floor":80,"turns":6},{"damage":0,"enemies":"Sentry and Sphere","floor":81,"turns":3},{"damage":4,"enemies":"Automaton","floor":84,"turns":5},{"damage":86,"enemies":"3 Darklings","floor":86,"turns":3}],"seed_played":"706928564193072985","potions_obtained":[{"floor":1.0,"key":"Adrenaline Potion"},{"floor":2.0,"key":"Block Potion"},{"floor":11.0,"key":"blueLaboratory:FruitPunch"},{"floor":16.0,"key":"blueLaboratory:ConsumingVoid"},{"floor":18.0,"key":"blueLaboratory:StoneskinPotion"},{"floor":21.0,"key":"SneckoOil"},{"floor":23.0,"key":"Dexterity Potion"},{"floor":25.0,"key":"blueLaboratory:EnragingPotion"},{"floor":31.0,"key":"Block Potion"},{"floor":33.0,"key":"infinitespire:BlackPotion"},{"floor":37.0,"key":"blueLaboratory:PhilterOfMotion"},{"floor":41.0,"key":"blueLaboratory:FruitPunch"},{"floor":47.0,"key":"Swift Potion"},{"floor":55.0,"key":"blueLaboratory:LouseDecoction"},{"floor":69.0,"key":"PowerPotion"},{"floor":78,"key":"AttackPotion"},{"floor":81,"key":"Regen Potion"}],"is_trial":false,"path_per_floor":["M","M","?","?","M","E","T","E","T","M","E","?","R","M","R","B",null,"M","M","?","M","M","NM","R","E","T","R","?","?","T","E","R","B",null,"M","$","?","?","$","R","M","R","T","M","E","M","E","?","R","B",null,"M","?","?","M","M","E","R","?","T","R","M","R","?","M","R","B",null,"M","$","M","?","M","R","?","T","T","M","M","M","M","?","R","B",null,"M"],"character_chosen":"DEFECT","items_purchased":["Capacitor","ClockworkSouvenir","Kunai","Pantograph","OrangePellets","infinitespire:Broken Mirror"],"campfire_rested":9,"item_purchase_floors":[36,36,36,70,70,70],"current_hp_per_floor":[75,75,45,45,45,44,44,28,28,11,1,1,23,16,39,17,77,74,69,69,58,43,28,51,30,30,53,53,53,53,41,64,41,77,69,69,22,22,22,45,45,68,68,68,70,70,70,70,70,41,79,72,72,72,67,67,62,79,79,86,86,86,86,86,78,78,20,86,74,74,74,74,74,74,74,74,74,74,64,59,59,59,84,82,86,0,0],"gold":4164,"neow_bonus":"TRANSFORM_CARD","is_daily":false,"chose_seed":false,"campfire_upgraded":5,"win_rate":0.0,"timestamp":1612820166,"path_taken":["M","M","?","?","?","E","?","E","T","?","E","?","R","M","R","BOSS","M","M","?","M","?","NM","R","E","T","R","?","?","?","E","R","BOSS","M","$","?","?","$","R","M","R","T","?","E","M","E","?","R","BOSS","M","?","?","M","M","E","R","?","T","R","?","R","?","?","R","BOSS","M","$","M","?","?","R","?","?","T","M","?","M","M","?","R","BOSS","M"],"items_purchased_type":["Card","Relic","Relic","Relic","Relic","Relic"],"build_version":"2020-12-22","purchased_purges":0,"victory":false,"max_hp_per_floor":[75,75,75,75,75,75,75,75,75,75,75,75,75,77,77,77,77,77,77,77,77,77,77,77,77,77,77,77,77,77,77,77,77,77,77,77,77,77,77,77,77,77,77,77,79,79,79,79,79,79,79,79,79,79,79,79,79,79,79,86,86,86,86,86,86,86,86,86,86,86,86,86,86,86,86,86,86,86,86,86,86,86,86,86,86,86,86],"relic_stats":{"OrangePellets":[15],"Nunchaku":[41],"Dream Catcher":2,"Inserter":[1],"counters":[42,182],"Shuriken":[14],"Pantograph":2,"Prayer Wheel":22,"Kunai":[61],"obtain_stats":[{"Ice Cream":6,"Divine Protection":23,"Golden Egg":26,"Iron Core":12,"Lantern":31,"SacredBark":68,"Incense Burner":37,"EVO:Axolotl":0,"Old Coin":3,"ClockworkSouvenir":36,"Nunchaku":8,"Replay:Bandana":9,"Dream Catcher":43,"Strawberry":60,"Pantograph":70,"Prayer Wheel":7,"Kunai":36,"Replay:Bottled Eggs":82,"Cracked Core":0,"Potion Belt":25,"reliquary:LoveEmittingDiode":47,"Inserter":85,"ReplayTheSpireMod:SealedPack":17,"Ring of Chaos":34,"infinitespire:FocusingShard":45,"Geode":11,"infinitespire:EvilPickle":33,"OrangePellets":70,"infinitespire:Broken Mirror":70,"Shuriken":77,"MutagenicStrength":29,"infinitespire:Satchel":30,"reliquary:BallBearing":57,"reliquary:TuningFork":76},{"Ice Cream":4,"Divine Protection":14,"Golden Egg":15,"Iron Core":7,"Lantern":16,"SacredBark":33,"Incense Burner":20,"EVO:Axolotl":0,"Old Coin":2,"ClockworkSouvenir":18,"Nunchaku":5,"Replay:Bandana":5,"Dream Catcher":21,"Strawberry":30,"Pantograph":34,"Prayer Wheel":4,"Kunai":18,"Replay:Bottled Eggs":40,"Cracked Core":0,"Potion Belt":15,"reliquary:LoveEmittingDiode":25,"Inserter":41,"ReplayTheSpireMod:SealedPack":9,"Ring of Chaos":17,"infinitespire:FocusingShard":23,"Geode":7,"infinitespire:EvilPickle":17,"OrangePellets":34,"infinitespire:Broken Mirror":34,"Shuriken":36,"MutagenicStrength":15,"infinitespire:Satchel":15,"reliquary:BallBearing":30,"reliquary:TuningFork":36},{"Ice Cream":13,"Divine Protection":56,"Golden Egg":61,"Iron Core":24,"Lantern":65,"SacredBark":149,"Incense Burner":89,"EVO:Axolotl":0,"Old Coin":4,"ClockworkSouvenir":77,"Nunchaku":16,"Replay:Bandana":16,"Dream Catcher":91,"Strawberry":138,"Pantograph":152,"Prayer Wheel":13,"Kunai":77,"Replay:Bottled Eggs":174,"Cracked Core":0,"Potion Belt":61,"reliquary:LoveEmittingDiode":116,"Inserter":179,"ReplayTheSpireMod:SealedPack":34,"Ring of Chaos":73,"infinitespire:FocusingShard":104,"Geode":24,"infinitespire:EvilPickle":73,"OrangePellets":152,"infinitespire:Broken Mirror":152,"Shuriken":159,"MutagenicStrength":61,"infinitespire:Satchel":61,"reliquary:BallBearing":138,"reliquary:TuningFork":159}]},"card_choices":[{"not_picked":["Reprogram","ReplayTheSpireMod:Reroute Power"],"picked":"Barrage","floor":1.0},{"not_picked":["Double Energy","BasicCrystalCard"],"picked":"Gash","floor":2.0},{"not_picked":["Reboot","ReplayTheSpireMod:System Scan"],"picked":"Double Energy","floor":3.0},{"not_picked":["Compile Driver","Auto Shields"],"picked":"Go for the Eyes","floor":5.0},{"not_picked":["Blizzard","Darkness"],"picked":"Ball Lightning","floor":6.0},{"not_picked":["Darkness","Sweeping Beam"],"picked":"Compile Driver","floor":8.0},{"not_picked":["Cold Snap","Storm"],"picked":"Electrodynamics","floor":10.0},{"not_picked":["Go for the Eyes","Stack"],"picked":"Beam Cell","floor":10.0},{"not_picked":["Leap","Reinforced Body"],"picked":"Gash","floor":11.0},{"not_picked":["ReplaySort","Clash"],"picked":"Time Bomb","floor":14.0},{"not_picked":["ReplayTheSpireMod:Muscle Training","Recycle"],"picked":"Coolheaded","floor":14.0},{"not_picked":["Machine Learning","Thunder Strike"],"picked":"Seek","floor":16.0},{"not_picked":["Neutralize","theMarked:SoldierOfQuellstein"],"picked":"Survivor","floor":17.0},{"not_picked":["Reboot","Biased Cognition"],"picked":"Core Surge","floor":17.0},{"not_picked":["Dramatic Entrance","Trip"],"picked":"Panacea","floor":17.0},{"not_picked":["ReplayTheSpireMod:Black Plague","infinitespire:TheBestDefense"],"picked":"infinitespire:FutureSight","floor":17.0},{"not_picked":["Force Field","Stack"],"picked":"Static Discharge+1","floor":18.0},{"not_picked":["BasicCrystalCard","Go for the Eyes"],"picked":"Core Surge","floor":18.0},{"not_picked":["Barrage","Storm+1"],"picked":"Cold Snap+1","floor":19.0},{"not_picked":["Leap","Ball Lightning"],"picked":"Barrage","floor":19.0},{"not_picked":["Steam","Cold Snap"],"picked":"Conserve Battery","floor":21.0},{"not_picked":["Echo Form","Glacier+1"],"picked":"Gash","floor":21.0},{"not_picked":["Conserve Battery","FTL"],"picked":"Barrage+1","floor":22.0},{"not_picked":["Streamline","Chaos"],"picked":"Double Energy","floor":22.0},{"not_picked":["Sweeping Beam+1","Sunder"],"picked":"Cold Snap","floor":23.0},{"not_picked":["ReplayTheSpireMod:Reroute Power","Rebound"],"picked":"Cold Snap","floor":25.0},{"not_picked":["Panic Button+1","Auto Shields"],"picked":"Gash","floor":31.0},{"not_picked":["Core Surge","Echo Form"],"picked":"ReplayTheSpireMod:Fabricate Wheel","floor":33.0},{"not_picked":["Force Field","Chaos"],"picked":"Go for the Eyes","floor":35.0},{"not_picked":["Cold Snap","Doom and Gloom+1"],"picked":"Rip and Tear+1","floor":35.0},{"not_picked":["Ball Lightning","Hologram","Redo"],"picked":"SKIP","floor":35.0},{"not_picked":["infinitespire:TheBestDefense","infinitespire:Execution"],"picked":"infinitespire:Gouge","floor":37.0},{"not_picked":["Reprogram","Buffer"],"picked":"Glacier+1","floor":37.0},{"not_picked":["ReplayTheSpireMod:GoodbyeWorld","Recycle+1"],"picked":"Genetic Algorithm","floor":41.0},{"not_picked":["Time Bomb","Stack"],"picked":"Lockon+1","floor":41.0},{"not_picked":["Steam","Streamline+1"],"picked":"Beam Cell+1","floor":41.0},{"not_picked":["Conserve Battery+1","Chill"],"picked":"Barrage+1","floor":44.0},{"not_picked":["FIFO Queue+1","Coolheaded+1"],"picked":"Genetic Algorithm","floor":44.0},{"not_picked":["Lockon","Compile Driver"],"picked":"Go for the Eyes+1","floor":44.0},{"not_picked":["Leap+1","Mirror Shield"],"picked":"BasicCrystalCard+1","floor":45.0},{"not_picked":["Redo","Streamline"],"picked":"FTL+1","floor":46.0},{"not_picked":["Leap+1","ReplaySolidLightProjector+1"],"picked":"FTL+1","floor":46.0},{"not_picked":["ReplaySort+1","FTL"],"picked":"Stack","floor":46.0},{"not_picked":["Chill","Sweeping Beam"],"picked":"FTL+1","floor":47.0},{"not_picked":["Echo Form","ReplayRNGCard"],"picked":"All For One","floor":50.0},{"not_picked":["Coolheaded","ReplayTheSpireMod:System Scan"],"picked":"Storm","floor":52.0},{"not_picked":["Self Repair","Ball Lightning"],"picked":"Gash","floor":52.0},{"not_picked":["Go for the Eyes","Redo","Fusion"],"picked":"SKIP","floor":52.0},{"not_picked":["Beam Cell","Ball Lightning"],"picked":"Cold Snap","floor":55.0},{"not_picked":["ReplaySolidLightProjector","Beam Cell","Conserve Battery"],"picked":"SKIP","floor":55.0},{"not_picked":["Doom and Gloom","Compile Driver","Sweeping Beam"],"picked":"SKIP","floor":55.0},{"not_picked":["BasicCrystalCard","Coolheaded"],"picked":"Rebound","floor":56.0},{"not_picked":["Aggregate","Hologram"],"picked":"Tempest","floor":56.0},{"not_picked":["Streamline","Cold Snap"],"picked":"Compile Driver","floor":56.0},{"not_picked":["Redo","Buffer"],"picked":"Capacitor","floor":57.0},{"not_picked":["Leap","Chaos"],"picked":"Hello World","floor":58.0},{"not_picked":["Leap","Rebound","Barrage"],"picked":"SKIP","floor":62.0},{"not_picked":["Auto Shields","Streamline","Ball Lightning"],"picked":"SKIP","floor":62.0},{"not_picked":["Doom and Gloom","Panic Button","Recycle"],"picked":"SKIP","floor":62.0},{"not_picked":["Undo","Barrage"],"picked":"White Noise","floor":65.0},{"not_picked":["Beam Cell","Rainbow"],"picked":"Stack","floor":65.0},{"not_picked":["ReplayTheSpireMod:GoodbyeWorld","Barrage"],"picked":"Melter","floor":65.0},{"not_picked":["Multi-Cast","Mirror Shield"],"picked":"Echo Form","floor":67.0},{"not_picked":["ReplayTheSpireMod:Black Plague","ReplayTheSpireMod:Echoes of Time"],"picked":"infinitespire:UltimateForm","floor":68.0},{"not_picked":["Storm","Melter"],"picked":"Gash","floor":69.0},{"not_picked":["Beam Cell","Conserve Battery","Time Bomb"],"picked":"SKIP","floor":69.0},{"not_picked":["Hologram","Panic Button","Redo"],"picked":"SKIP","floor":69.0},{"not_picked":["Self Repair+1","Sunder"],"picked":"Gash","floor":71.0},{"not_picked":["Chaos+1","ReplayTheSpireMod:GoodbyeWorld"],"picked":"Crystallizer","floor":71.0},{"not_picked":["Conserve Battery","Streamline","BasicCrystalCard+1"],"picked":"SKIP","floor":71.0},{"not_picked":["ReplayTheSpireMod:Omega Cannon","Streamline"],"picked":"Go for the Eyes+1","floor":73.0},{"not_picked":["Rip and Tear+1","Cold Snap"],"picked":"Gash+1","floor":73.0},{"not_picked":["Chaos","Barrage"],"picked":"Panic Button+1","floor":73.0},{"not_picked":["Coolheaded","Heatsinks"],"picked":"Panic Button+1","floor":78},{"not_picked":["Redo","Iron Wave"],"picked":"WeaponsOverheat+1","floor":78},{"not_picked":["Flex+1","Leap+1","Offering"],"picked":"SKIP","floor":78},{"not_picked":["Blizzard","Reinforced Body"],"picked":"Panic Button","floor":79},{"not_picked":["Clash+1","Warcry"],"picked":"Self Repair+1","floor":79},{"not_picked":["Recycle","Panic Button"],"picked":"Defragment","floor":79},{"not_picked":["Clash+1","Flex+1"],"picked":"Cold Snap","floor":80},{"not_picked":["Auto Shields","Panic Button","Reaper"],"picked":"SKIP","floor":80},{"not_picked":["Sweeping Beam","Glacier","Melter"],"picked":"SKIP","floor":80},{"not_picked":["Compile Driver","Iron Wave+1"],"picked":"Double Energy","floor":81},{"not_picked":["Heavy Blade","ReplayTheSpireMod:Repulse"],"picked":"Crystallizer","floor":81},{"not_picked":["Anger","Leap"],"picked":"Coolheaded","floor":81},{"not_picked":["Warcry","Redo"],"picked":"Headbutt","floor":83},{"not_picked":["Reboot","Limit Break"],"picked":"Barricade","floor":84}],"player_experience":270615,"relics_obtained":[{"floor":3.0,"key":"Old Coin"},{"floor":6.0,"key":"Ice Cream"},{"floor":7.0,"key":"Prayer Wheel"},{"floor":8.0,"key":"Nunchaku"},{"floor":9.0,"key":"Replay:Bandana"},{"floor":11.0,"key":"Geode"},{"floor":23.0,"key":"Divine Protection"},{"floor":25.0,"key":"Potion Belt"},{"floor":26.0,"key":"Golden Egg"},{"floor":30.0,"key":"infinitespire:Satchel"},{"floor":31.0,"key":"Lantern"},{"floor":37.0,"key":"Incense Burner"},{"floor":43.0,"key":"Dream Catcher"},{"floor":45.0,"key":"infinitespire:FocusingShard"},{"floor":47.0,"key":"reliquary:LoveEmittingDiode"},{"floor":57.0,"key":"reliquary:BallBearing"},{"floor":60.0,"key":"Strawberry"},{"floor":76,"key":"reliquary:TuningFork"},{"floor":77,"key":"Shuriken"}],"event_choices":[{"damage_healed":0.0,"max_hp_gain":0.0,"max_hp_loss":0.0,"gold_gain":0.0,"event_name":"Upgrade Shrine","player_choice":"Upgraded","floor":4.0,"gold_loss":0.0,"damage_taken":0.0,"cards_upgraded":["Buffer"]},{"damage_healed":0.0,"max_hp_gain":0.0,"max_hp_loss":0.0,"gold_gain":0.0,"event_name":"Designer","player_choice":"Upgrade","floor":20.0,"gold_loss":40.0,"damage_taken":0.0,"cards_upgraded":["Double Energy"]},{"damage_healed":0.0,"max_hp_gain":0.0,"max_hp_loss":0.0,"gold_gain":0.0,"event_name":"The Library","player_choice":"Read","floor":28.0,"gold_loss":0.0,"damage_taken":0.0,"cards_obtained":["ReplayTheSpireMod:Calculation Training"]},{"damage_healed":0.0,"max_hp_gain":0.0,"max_hp_loss":0.0,"gold_gain":0.0,"event_name":"Drug Dealer","player_choice":"Inject Mutagens","floor":29.0,"gold_loss":0.0,"damage_taken":0.0,"relics_obtained":["MutagenicStrength"]},{"damage_healed":0.0,"max_hp_gain":0.0,"max_hp_loss":0.0,"gold_gain":0.0,"event_name":"Match and Keep!","player_choice":"1 cards matched","floor":38.0,"gold_loss":0.0,"damage_taken":0.0,"cards_obtained":["Zap"]},{"damage_healed":0.0,"max_hp_gain":0.0,"max_hp_loss":0.0,"gold_gain":0.0,"event_name":"Living Wall","player_choice":"Grow","floor":53.0,"gold_loss":0.0,"damage_taken":0.0,"cards_upgraded":["Seek"]},{"damage_healed":0.0,"max_hp_gain":0.0,"max_hp_loss":0.0,"gold_gain":0.0,"event_name":"Upgrade Shrine","player_choice":"Upgraded","floor":59.0,"gold_loss":0.0,"damage_taken":0.0,"cards_upgraded":["Hello World"]},{"damage_healed":0.0,"max_hp_gain":0.0,"max_hp_loss":0.0,"gold_gain":0.0,"event_name":"Purifier","player_choice":"Ignored","floor":64.0,"gold_loss":0.0,"damage_taken":0.0},{"damage_healed":0.0,"max_hp_gain":0.0,"max_hp_loss":0.0,"gold_gain":0.0,"event_name":"Purifier","player_choice":"Ignored","floor":72.0,"gold_loss":0.0,"damage_taken":0.0},{"damage_healed":0,"gold_gain":0,"player_choice":"Obtain J.A.X.","damage_taken":0,"max_hp_gain":0,"max_hp_loss":0,"event_name":"Drug Dealer","floor":75,"gold_loss":0,"cards_obtained":["J.A.X."]}],"is_beta":false,"boss_relics":[{"not_picked":["reliquary:Ember","Empty Cage"],"picked":"ReplayTheSpireMod:SealedPack"},{"not_picked":["Busted Crown","SacredBark"],"picked":"Ring of Chaos"},{"not_picked":["Astrolabe","Replay:Bronze Core","Replay:Drink Me"]},{"not_picked":["infinitespire:Cupcake","reliquary:Craggleroot"],"picked":"SacredBark"},{"not_picked":["reliquary:WritOfMandamus","Replay:Ancient Bell"],"picked":"Inserter"}],"items_purged_floors":[],"is_endless":true,"potions_floor_spawned":[1,2,11,16,18,21,23,25,31,33,37,41,44,47,55,62,69,78,81,84],"killed_by":"3 Darklings","ascension_level":3}}