{"host":"85rg8sallz0lemh6","time":1612812383,"event":{"mods":["BaseMod","Bestiary","Colored Powertips","Highlight Path","Minty Spire (QoL Compilation)","Quick Restart"],"gold_per_floor":[119,219,219,232,232,263,263,288,288,313,313,343,360,378,378,477,477,487,487,191,191,290,290,290],"floor_reached":23,"language":"ENG","playtime":574,"items_purged":[],"score":264,"play_id":"d29c26e8-f118-4f5e-abc1-2a272f96cc1e","local_time":"20210208132623","is_ascension_mode":true,"campfire_choices":[{"data":"Zap","floor":7,"key":"SMITH"},{"data":"Consume","floor":15,"key":"SMITH"}],"circlet_count":0,"master_deck":["Strike_B","Strike_B","Strike_B","Defend_B","Defend_B","Defend_B","Defend_B","Zap+1","Dualcast+1","Ball Lightning","Cold Snap","Consume+1","Leap","Buffer"],"relics":["Cracked Core","Juzu Bracelet","Peace Pipe","HornCleat","Mercury Hourglass","Bottled Flame","Centennial Puzzle","SacredBark","Ginger"],"acts_visited":["Exordium","TheCity"],"potions_floor_usage":[8],"damage_taken":[{"damage":6,"enemies":"Jaw Worm","floor":1,"turns":4},{"damage":0,"enemies":"Cultist","floor":4,"turns":2},{"damage":12,"enemies":"Gremlin Nob","floor":6,"turns":3},{"damage":19,"enemies":"Lagavulin","floor":8,"turns":6},{"damage":0,"enemies":"Gremlin Nob","floor":10,"turns":3},{"damage":8,"enemies":"3 Sentries","floor":12,"turns":5},{"damage":0,"enemies":"Small Slimes","floor":13,"turns":2},{"damage":8,"enemies":"3 Louse","floor":14,"turns":2},{"damage":15,"enemies":"Slime Boss","floor":16,"turns":7},{"damage":11,"enemies":"2 Thieves","floor":18,"turns":4},{"damage":70,"enemies":"Gremlin Leader","floor":23,"turns":8}],"seed_played":"-6313333220963399239","potions_obtained":[{"floor":4,"key":"ColorlessPotion"},{"floor":12,"key":"FocusPotion"},{"floor":14,"key":"Fire Potion"},{"floor":16,"key":"Dexterity Potion"}],"is_trial":false,"path_per_floor":["M","?","?","M","?","E","R","E","T","E","?","E","M","M","R","B",null,"M","?","$","?","?","E"],"character_chosen":"DEFECT","items_purchased":["Ginger"],"campfire_rested":0,"item_purchase_floors":[20],"current_hp_per_floor":[69,69,69,69,74,62,62,43,43,43,43,35,35,27,27,12,80,69,69,69,69,69,0,0],"gold":290,"neow_bonus":"RANDOM_COMMON_RELIC","is_daily":false,"chose_seed":false,"campfire_upgraded":2,"win_rate":0.0,"timestamp":1612812383,"path_taken":["M","?","?","M","?","E","R","E","T","E","?","E","M","M","R","BOSS","M","?","$","?","?","E"],"items_purchased_type":["Relic"],"build_version":"2020-12-22","purchased_purges":0,"victory":false,"max_hp_per_floor":[75,75,75,75,80,80,80,80,80,80,80,80,80,80,80,80,80,80,80,80,80,80,80,80],"card_choices":[{"not_picked":["Stack","White Noise"],"picked":"Ball Lightning","floor":1},{"not_picked":["BootSequence","Doom and Gloom"],"picked":"Cold Snap","floor":4},{"not_picked":["Cold Snap","Compile Driver","Ball Lightning"],"picked":"SKIP","floor":6},{"not_picked":["Compile Driver","BootSequence"],"picked":"Consume","floor":8},{"not_picked":["Recycle","Sweeping Beam","Turbo"],"picked":"SKIP","floor":10},{"not_picked":["Recycle","Sweeping Beam","Turbo"],"picked":"SKIP","floor":10},{"not_picked":["Reprogram","Double Energy"],"picked":"Leap","floor":12},{"not_picked":["Cold Snap","Ball Lightning","Barrage"],"picked":"SKIP","floor":13},{"not_picked":["Compile Driver","Turbo","Coolheaded"],"picked":"SKIP","floor":14},{"not_picked":["Creative AI","Machine Learning"],"picked":"Buffer","floor":16},{"not_picked":["Fusion","Compile Driver","Sweeping Beam"],"picked":"SKIP","floor":18}],"player_experience":82832,"relics_obtained":[{"floor":6,"key":"Peace Pipe"},{"floor":8,"key":"HornCleat"},{"floor":9,"key":"Mercury Hourglass"},{"floor":10,"key":"Bottled Flame"},{"floor":12,"key":"Centennial Puzzle"}],"event_choices":[{"damage_healed":0,"gold_gain":100,"player_choice":"Pray","damage_taken":0,"max_hp_gain":0,"max_hp_loss":0,"event_name":"Golden Shrine","floor":2,"gold_loss":0},{"damage_healed":0,"gold_gain":0,"player_choice":"Leave","damage_taken":0,"max_hp_gain":0,"max_hp_loss":0,"event_name":"The Cleric","floor":3,"gold_loss":0},{"damage_healed":0,"gold_gain":0,"player_choice":"Donut","damage_taken":0,"max_hp_gain":5,"max_hp_loss":0,"event_name":"Big Fish","floor":5,"gold_loss":0},{"damage_healed":0,"gold_gain":0,"player_choice":"Grow","damage_taken":0,"max_hp_gain":0,"max_hp_loss":0,"event_name":"Living Wall","floor":11,"gold_loss":0,"cards_upgraded":["Dualcast"]},{"damage_healed":0,"gold_gain":0,"player_choice":"Ignored","damage_taken":0,"max_hp_gain":0,"max_hp_loss":0,"event_name":"Cursed Tome","floor":19,"gold_loss":0},{"cards_removed":["Strike_B"],"damage_healed":0,"gold_gain":0,"player_choice":"Offered Basic","damage_taken":0,"max_hp_gain":0,"max_hp_loss":0,"event_name":"Bonfire Elementals","floor":21,"gold_loss":0},{"damage_healed":0,"gold_gain":99,"player_choice":"Stole From Cult","damage_taken":0,"max_hp_gain":0,"max_hp_loss":0,"event_name":"Nest","floor":22,"gold_loss":0}],"is_beta":false,"boss_relics":[{"not_picked":["Runic Dome","Velvet Choker"],"picked":"SacredBark"}],"items_purged_floors":[],"is_endless":false,"potions_floor_spawned":[4,12,14,16],"killed_by":"Gremlin Leader","ascension_level":2}}