{"host":"0mk07bycsqo1qk03","time":1612819195,"event":{"mods":["BaseMod","Downfall","Hermit","Hubris","Minty Spire (QoL Compilation)","Reliquary","Replay The Spire","StSLib","The Cursed"],"gold_per_floor":[118,118,193,193,193,193,0,50,50,76,91,91,109,125,125,125,125],"floor_reached":16,"language":"ENG","playtime":372,"items_purged":[],"score":209,"play_id":"d6e06376-7396-42c8-8114-cdce781a84d9","local_time":"20210208221955","is_ascension_mode":true,"campfire_choices":[{"data":"1","floor":6,"key":"LIFT"},{"data":"2","floor":12,"key":"LIFT"},{"floor":15,"key":"REST"}],"circlet_count":0,"master_deck":["AscendersBane","Strike_G+1","Strike_G","Strike_G","Strike_G","Strike_G+1","Defend_G","Defend_G","Defend_G","Defend_G","Defend_G","Survivor","Neutralize","Acrobatics","Regret","Choke","Delirium","Underhanded Strike","Unload","Eviscerate"],"relics":["Snecko Eye","Girya","HandDrill","Ring of Greed","Tiny Chest","Smiling Mask","ReplayTheSpireMod:Ring of Collecting","Ring of Fury","Snack Pack","Replay:Wax Seal"],"acts_visited":["Exordium"],"potions_floor_usage":[16],"damage_taken":[{"damage":4,"enemies":"Small Slimes","floor":1,"turns":5},{"damage":6,"enemies":"Replay:BlueRogue","floor":10,"turns":5},{"damage":3,"enemies":"2 Louse","floor":11,"turns":3},{"damage":5,"enemies":"Jaw Worm","floor":13,"turns":2},{"damage":11,"enemies":"2 Fungi Beasts","floor":14,"turns":3},{"damage":30,"enemies":"The Guardian","floor":16,"turns":9}],"seed_played":"-8951504086731875039","potions_obtained":[{"floor":13,"key":"Dexterity Potion"}],"is_trial":false,"path_per_floor":["M","$","?","?","?","R","$","?","T","E","M","R","M","M","R","B"],"character_chosen":"THE_SILENT","items_purchased":["Choke","HandDrill"],"campfire_rested":1,"item_purchase_floors":[7,7],"current_hp_per_floor":[55,55,44,31,31,31,31,31,31,27,24,24,19,8,27,0,0],"gold":125,"neow_bonus":"BOSS_RELIC","is_daily":false,"chose_seed":false,"campfire_upgraded":0,"win_rate":0.0,"timestamp":1612819195,"path_taken":["M","$","?","?","?","R","$","?","T","E","M","R","M","M","R","BOSS"],"items_purchased_type":["Card","Relic"],"build_version":"2020-12-22","purchased_purges":0,"victory":false,"max_hp_per_floor":[66,66,66,66,66,66,66,66,66,66,66,66,66,66,66,66,66],"card_choices":[{"not_picked":["Dagger Spray","Backflip"],"picked":"Acrobatics","floor":1},{"not_picked":["Heel Hook","hubris:Sniper","Acrobatics"],"picked":"SKIP","floor":10},{"not_picked":["Bane","Escape Plan"],"picked":"Underhanded Strike","floor":11},{"not_picked":["Endless Agony","Cloak And Dagger"],"picked":"Unload","floor":13},{"not_picked":["Distraction","Backflip"],"picked":"Eviscerate","floor":14}],"player_experience":1028428,"relics_obtained":[{"floor":8,"key":"Ring of Greed"},{"floor":8,"key":"Tiny Chest"},{"floor":8,"key":"Smiling Mask"},{"floor":8,"key":"ReplayTheSpireMod:Ring of Collecting"},{"floor":9,"key":"Ring of Fury"},{"floor":9,"key":"Snack Pack"},{"floor":10,"key":"Replay:Wax Seal"}],"event_choices":[{"damage_healed":0,"gold_gain":75,"player_choice":"Gather Gold","damage_taken":11,"max_hp_gain":0,"max_hp_loss":0,"event_name":"World of Goop","floor":3,"gold_loss":0},{"damage_healed":0,"gold_gain":0,"player_choice":"Entered Light","damage_taken":13,"max_hp_gain":0,"max_hp_loss":0,"event_name":"Shining Light","floor":4,"gold_loss":0,"cards_upgraded":["Strike_G","Strike_G"]},{"damage_healed":0,"gold_gain":0,"player_choice":"Box","damage_taken":0,"relics_obtained":["Girya"],"max_hp_gain":0,"max_hp_loss":0,"event_name":"Big Fish","floor":5,"gold_loss":0,"cards_obtained":["Regret"]}],"is_beta":false,"boss_relics":[],"items_purged_floors":[],"is_endless":false,"potions_floor_spawned":[13],"killed_by":"The Guardian","ascension_level":14}}