{"host":"n7gt2lywuauec2nz","time":1612768447,"event":{"mods":["100% Spire Juice","2.2 Compatiblity","Act Like it!","Aspiration","BaseMod","Better Third Choice","Colored Powertips","DeckTracker","GifTheSpireLib","Highlight Path","HololiveMod","Hubris","Infinite Spire","Minty Spire (QoL Compilation)","Quick Restart","Random Character Button","Relic Sorter","Replay The Spire","Retaliation","StSLib","Synergy Search","The IronCluck"],"gold_per_floor":[119,119,119,142,177,212,212,226,226,245,280,280,280,280],"floor_reached":13,"language":"ENG","playtime":270,"items_purged":[],"score":118,"play_id":"3df11121-bb8f-4d58-bf1f-34cd3ac0e683","local_time":"20210207231407","is_ascension_mode":false,"campfire_choices":[{"data":"Moonworks:FinalSurgery","floor":7,"key":"SMITH"}],"circlet_count":0,"master_deck":["Moonworks:Strike","Moonworks:Strike","Moonworks:Strike","Moonworks:Strike","Moonworks:Defend","Moonworks:Defend","Moonworks:Defend","Moonworks:Defend","Moonworks:Ambush","Moonworks:LongDistanceShot","Moonworks:SakisCookie","Injury","Pain","Moonworks:ImOnFire","Regret","Moonworks:FinalSurgery+1","Moonworks:JonathanRush","Moonworks:CloudOfSeagulls","Moonworks:SakisCookie","Moonworks:ReflectiveShell"],"relics":["Moonworks:BrokenBomb","Moonworks:Homemark","NeowsBlessing","Golden Idol","WarpedTongs","Replay:Bottled Steam","Darkstone Periapt","Ornamental Fan"],"acts_visited":["Exordium"],"potions_floor_usage":[11,11,11],"damage_taken":[{"damage":0,"enemies":"Small Slimes","floor":1,"turns":1},{"damage":1,"enemies":"2 Louse","floor":4,"turns":2},{"damage":1,"enemies":"Lagavulin","floor":6,"turns":1},{"damage":0,"enemies":"Cultist","floor":8,"turns":1},{"damage":9,"enemies":"2 Fungi Beasts","floor":10,"turns":2},{"damage":26,"enemies":"Gremlin Nob","floor":11,"turns":4},{"damage":24,"enemies":"3 Sentries","floor":13,"turns":2}],"seed_played":"1112833219719279669","potions_obtained":[{"floor":4,"key":"Explosive Potion"},{"floor":6,"key":"EssenceOfSteel"},{"floor":8,"key":"Dexterity Potion"},{"floor":10,"key":"Strength Potion"}],"is_trial":false,"path_per_floor":["M","?","?","M","?","E","R","M","T","M","E","?","E"],"character_chosen":"THE_STARBREAKER","items_purchased":[],"campfire_rested":0,"item_purchase_floors":[],"current_hp_per_floor":[60,60,60,59,59,58,58,58,58,49,23,23,0,0],"gold":280,"neow_bonus":"THREE_ENEMY_KILL","is_daily":false,"chose_seed":false,"campfire_upgraded":1,"win_rate":0.0,"timestamp":1612768447,"path_taken":["M","?","?","?","?","E","R","M","T","?","E","?","E"],"items_purchased_type":[],"build_version":"2020-12-22","purchased_purges":0,"victory":false,"max_hp_per_floor":[60,60,60,60,60,60,60,60,60,60,60,60,60,60],"card_choices":[{"not_picked":["Moonworks:BindingChains","Moonworks:Bloodlust"],"picked":"Moonworks:SakisCookie","floor":1},{"not_picked":["Moonworks:EvilSpyWorkPreparation","Moonworks:x16BigRocket"],"picked":"Moonworks:ImOnFire","floor":4},{"not_picked":["Moonworks:JonathanRush","Moonworks:AwakeningOfTalent"],"picked":"Moonworks:FinalSurgery","floor":6},{"not_picked":["Moonworks:BigMagnum","Moonworks:Gamble"],"picked":"Moonworks:JonathanRush","floor":8},{"not_picked":["Moonworks:ScrambledEve","Moonworks:Assault"],"picked":"Moonworks:CloudOfSeagulls","floor":10},{"not_picked":["Moonworks:LulusLuckyEgg","Moonworks:MixPhenomenon"],"picked":"Moonworks:SakisCookie","floor":11}],"player_experience":131231,"relics_obtained":[{"floor":6,"key":"Replay:Bottled Steam"},{"floor":9,"key":"Darkstone Periapt"},{"floor":11,"key":"Ornamental Fan"}],"event_choices":[{"damage_healed":0,"gold_gain":0,"player_choice":"Take Wound","damage_taken":0,"relics_obtained":["Golden Idol"],"max_hp_gain":0,"max_hp_loss":0,"event_name":"Golden Idol","floor":2,"gold_loss":0,"cards_obtained":["Injury"]},{"damage_healed":0,"gold_gain":0,"player_choice":"Rummage","damage_taken":0,"relics_obtained":["WarpedTongs"],"max_hp_gain":0,"max_hp_loss":0,"event_name":"Accursed Blacksmith","floor":3,"gold_loss":0,"cards_obtained":["Pain"]},{"damage_healed":0,"gold_gain":275,"player_choice":"Desecrate","damage_taken":0,"max_hp_gain":0,"max_hp_loss":0,"event_name":"Golden Shrine","floor":5,"gold_loss":0,"cards_obtained":["Regret"]}],"is_beta":false,"boss_relics":[],"items_purged_floors":[],"is_endless":false,"potions_floor_spawned":[4,6,8,10],"killed_by":"3 Sentries","ascension_level":0}}