{"host":"zwezhz46a5cjkxff","time":1612788601,"event":{"mods":["AchievementEnabler","BaseMod","Colored Map","Colored Powertips","DeckTracker","Minty Spire (QoL Compilation)","Permanent Neow","Quick Restart","Rare Cards Sparkle","Relic Stats","StSLib","SuperFastMode"],"gold_per_floor":[115,115,182,8,8,8,58,58,105,105,170,233,245,273,273,273,273],"floor_reached":16,"language":"ENG","playtime":819,"items_purged":[],"score":110,"play_id":"2ab819e6-fe92-40b5-9765-0a4621ac4e23","local_time":"20210208065001","is_ascension_mode":true,"campfire_choices":[{"floor":6,"key":"RECALL"},{"data":"Beam Cell","floor":8,"key":"SMITH"},{"data":"Seek","floor":10,"key":"SMITH"},{"data":"Zap","floor":15,"key":"SMITH"}],"circlet_count":0,"master_deck":["Strike_B","Strike_B","Strike_B","Strike_B","Defend_B","Defend_B","Defend_B","Defend_B","Zap+1","Dualcast","Electrodynamics","Go for the Eyes","BootSequence","Seek+1","Beam Cell+1","Scrape"],"relics":["Cracked Core","SsserpentHead","Regal Pillow"],"acts_visited":["Exordium"],"potions_floor_usage":[14],"damage_taken":[{"damage":7,"enemies":"Small Slimes","floor":1,"turns":3},{"damage":1,"enemies":"Cultist","floor":3,"turns":3},{"damage":2,"enemies":"Jaw Worm","floor":11,"turns":2},{"damage":6,"enemies":"Looter","floor":12,"turns":3},{"damage":0,"enemies":"Red Slaver","floor":13,"turns":2},{"damage":27,"enemies":"3 Sentries","floor":14,"turns":5},{"damage":37,"enemies":"The Guardian","floor":16,"turns":7}],"seed_played":"-8658532369351867840","potions_obtained":[{"floor":11,"key":"PotionOfCapacity"},{"floor":14,"key":"Ancient Potion"}],"is_trial":false,"path_per_floor":["M","?","M","$","?","R","?","R","T","R","M","M","M","E","R","B"],"character_chosen":"DEFECT","items_purchased":["Seek","Beam Cell"],"campfire_rested":0,"item_purchase_floors":[4,4],"current_hp_per_floor":[68,68,67,67,67,67,72,72,72,72,70,64,64,37,37,0,0],"gold":273,"neow_bonus":"THREE_RARE_CARDS","is_daily":false,"chose_seed":false,"campfire_upgraded":3,"win_rate":0.0,"timestamp":1612788601,"path_taken":["M","?","?","$","?","R","?","R","T","R","?","?","M","E","R","BOSS"],"items_purchased_type":["Card","Card"],"build_version":"2020-12-22","purchased_purges":0,"victory":false,"max_hp_per_floor":[75,75,75,75,72,72,72,72,72,72,72,72,72,72,72,72,72],"relic_stats":{"SsserpentHead":250,"Regal Pillow":0,"counters":[7,25],"obtain_stats":[{"SsserpentHead":2,"Regal Pillow":14,"Cracked Core":0},{"SsserpentHead":1,"Regal Pillow":6,"Cracked Core":0},{"SsserpentHead":3,"Regal Pillow":18,"Cracked Core":0}]},"card_choices":[{"not_picked":["Meteor Strike","Buffer"],"picked":"Electrodynamics","floor":0},{"not_picked":["Undo","Barrage"],"picked":"Go for the Eyes","floor":1},{"not_picked":["Ball Lightning","Compile Driver"],"picked":"BootSequence","floor":3},{"not_picked":["Reinforced Body","Blizzard","Fission"],"picked":"SKIP","floor":11},{"not_picked":["Cold Snap","Beam Cell"],"picked":"Scrape","floor":12},{"not_picked":["Loop","Reinforced Body","Leap"],"picked":"SKIP","floor":13},{"not_picked":["Skim","Turbo","Stack"],"picked":"SKIP","floor":14}],"player_experience":89274,"relics_obtained":[{"floor":14,"key":"Regal Pillow"}],"event_choices":[{"damage_healed":0,"gold_gain":0,"player_choice":"Trade","damage_taken":0,"relics_obtained":["SsserpentHead"],"max_hp_gain":0,"max_hp_loss":0,"event_name":"FaceTrader","floor":2,"gold_loss":0},{"cards_removed":["Parasite"],"damage_healed":0,"gold_gain":0,"player_choice":"Card Removal","damage_taken":0,"max_hp_gain":0,"max_hp_loss":0,"event_name":"The Cleric","floor":5,"gold_loss":50},{"damage_healed":5,"gold_gain":0,"player_choice":"Full Heal","damage_taken":0,"max_hp_gain":0,"max_hp_loss":0,"event_name":"Wheel of Change","floor":7,"gold_loss":0}],"is_beta":false,"boss_relics":[],"items_purged_floors":[],"is_endless":false,"potions_floor_spawned":[11,14],"killed_by":"The Guardian","ascension_level":2}}