{"host":"pesfwaef25r60kxm","time":1612768820,"event":{"mods":["100% Spire Juice","ATMod(阿瑾Mod)","Act Like it!","Arknights","BaseMod","Colored Powertips","Downfall","Gensokyo","Hunter 猎人","Luminous","Minty Spire (QoL Compilation)","Pale of the Ancients","Reimu（博丽灵梦）","Reliquary","Replay The Spire","RumiaBox-露米娅的神秘盒子","Shop Mod","Spicy Shops","StSLib","The Cursed","The Poker Player","The Servant 0.9.4","WarShipGirlsR/战舰少女R mod","[IsaacMod]以撒尖塔","noobMod","【功能Mod】聪明的最终Boss","【遗物卡牌】REMEMod"],"gold_per_floor":[217,29,49,49,49,49,68,88,88,122,172,205,205,205,238,256,256,352,352,364,375,386,400,245,272,272,282,282,301,327,345,345,305,305,410,410,428,448,491,238,238,238,254,254,278,298,316,316,346,56,56,56,70,83,43,112,112,131,131,6,6,6],"floor_reached":63,"language":"ZHS","playtime":2245,"items_purged":["Strike_G","Strike_G","Strike_G","Strike_G"],"score":1870,"play_id":"b7fc5e62-6b04-4edd-bc5e-96b095552a0b","local_time":"20210208152020","is_ascension_mode":true,"campfire_choices":[{"data":"AT_ArcaneSupremacy","floor":6,"key":"SMITH"},{"data":"EpicFetus","floor":17,"key":"SMITH"},{"data":"A Thousand Cuts","floor":26,"key":"SMITH"},{"floor":32,"key":"RECALL"},{"floor":34,"key":"REST"},{"data":"Apotheosis","floor":42,"key":"SMITH"},{"data":"REME_Flogging","floor":44,"key":"SMITH"},{"data":"Caltrops","floor":48,"key":"SMITH"},{"data":"Fluid Movement","floor":51,"key":"SMITH"},{"data":"Noxious Fumes","floor":57,"key":"SMITH"},{"data":"Noxious Fumes","floor":59,"key":"SMITH"}],"circlet_count":0,"master_deck":["Strike_G","Defend_G","Defend_G","Defend_G","Defend_G","Defend_G","Survivor","Neutralize","EpicFetus+1","AT_ArcaneSupremacy+1","Replay:Poison Smokescreen","REME_Flogging+1","ReplayTheSpireMod:Speed Training","Noxious Fumes+1","Crippling Poison","Crippling Poison","Choke","Venomology","Apotheosis+1","Dodge and Roll","Terror+1","A Thousand Cuts+1","Night Terror+1","Toxin Wave","AT_EssenceShift","Fluid Movement+1","Blur","Caltrops+1","Madness","Madness","Dodge and Roll+1","Toxin Wave+1","Corpse Explosion","Noxious Fumes+1"],"relics":["Ring of the Snake","HushsDoor","ice","REME_ComplimentaryCards","AT_ATBox","GuppysHead","AddBug","SecretRecord","SecretRecord","SecretRecord","SecretRecord","SecretRecord","SecretRecord","SecretRecord","SecretRecord","SecretRecord"],"acts_visited":["Exordium","Gensokyo:Gensokyoer","TheBeyond","paleoftheancients:PaleOfTheAncients"],"potions_floor_usage":[15,15,20,21,21,25,25,27,27,30,31,35,38,39,39,43,49,49,52,58,62,62],"damage_taken":[{"damage":8,"enemies":"ats:Genji","floor":1,"turns":3},{"damage":0,"enemies":"Small Slimes","floor":3,"turns":2},{"damage":9,"enemies":"Jaw Worm","floor":7,"turns":3},{"damage":0,"enemies":"Large Slime","floor":8,"turns":3},{"damage":20,"enemies":"Lagavulin","floor":10,"turns":4},{"damage":20,"enemies":"Hiden Room Battle","floor":11,"turns":4},{"damage":8,"enemies":"Replay:BlueRogue","floor":12,"turns":3},{"damage":0,"enemies":"3 Sentries","floor":15,"turns":2},{"damage":8,"enemies":"Gremlin Gang","floor":16,"turns":4},{"damage":0,"enemies":"Slime Boss","floor":18,"turns":3},{"damage":2,"enemies":"Gensokyo:CosmicMonolith","floor":20,"turns":4},{"damage":28,"enemies":"Gensokyo:3_Dogs","floor":21,"turns":3},{"damage":23,"enemies":"Gensokyo:Slime_Group","floor":22,"turns":3},{"damage":11,"enemies":"Gensokyo:Mirror_and_Dog","floor":23,"turns":3},{"damage":27,"enemies":"Gensokyo:Tenshi","floor":25,"turns":2},{"damage":0,"enemies":"Gensokyo:Swordslinger","floor":27,"turns":2},{"damage":9,"enemies":"Gensokyo:Wraith","floor":29,"turns":3},{"damage":0,"enemies":"Gensokyo:Koishi","floor":30,"turns":3},{"damage":10,"enemies":"Gensokyo:Monolith_and_Dog","floor":31,"turns":2},{"damage":14,"enemies":"Gensokyo:Kaguya","floor":35,"turns":4},{"damage":0,"enemies":"3 Shapes","floor":37,"turns":3},{"damage":0,"enemies":"Orb Walker","floor":38,"turns":1},{"damage":18,"enemies":"Writhing Mass","floor":39,"turns":3},{"damage":0,"enemies":"Sphere and 2 Shapes","floor":43,"turns":2},{"damage":9,"enemies":"Spire Growth","floor":46,"turns":4},{"damage":0,"enemies":"Jaw Worm Horde","floor":47,"turns":2},{"damage":0,"enemies":"Reptomancer","floor":49,"turns":2},{"damage":110,"enemies":"Time Eater","floor":52,"turns":14},{"damage":24,"enemies":"Time Eater","floor":53,"turns":5},{"damage":9,"enemies":"Time Eater","floor":54,"turns":7},{"damage":27,"enemies":"Time Eater","floor":58,"turns":5},{"damage":34,"enemies":"LittleHush","floor":62,"turns":9}],"seed_played":"-1957931911269584174","potions_obtained":[{"floor":3,"key":"Strength Potion"},{"floor":7,"key":"Explosive Potion"},{"floor":8,"key":"Explosive Potion"},{"floor":15,"key":"GrandPatriotsElixir:ReiMu"},{"floor":20,"key":"Poison Potion"},{"floor":22,"key":"Elixir"},{"floor":25,"key":"Cursed Concoction"},{"floor":29,"key":"ZuzhouPotion:ReiMu"},{"floor":39,"key":"Poison Potion"},{"floor":49,"key":"Energy Potion"}],"is_trial":false,"path_per_floor":["M","$","M","?","?","R","M","M","T","E","?","E","PTL","PTL","E","M","R","B",null,"M","M","M","M","COS","E","R","M","T","M","E","M","R","?","R","B",null,"M","M","M","$","?","R","M","R","T","M","M","R","E","$","R","B","M","M","?","T","R","M","R","$","?","B",null],"character_chosen":"THE_SILENT","items_purchased":["REME_Flogging","Apotheosis","Caltrops","SecretRecord"],"campfire_rested":1,"item_purchase_floors":[2,19,40,50],"current_hp_per_floor":[62,62,62,62,62,62,53,53,53,33,13,5,5,5,70,62,62,62,65,63,35,12,81,81,54,54,54,54,45,45,35,35,35,64,50,103,103,103,85,85,71,71,71,71,71,62,62,62,62,62,62,833,843,867,867,867,867,895,895,895,895,1391],"gold":6,"neow_bonus":"HUNDRED_GOLD","is_daily":false,"chose_seed":false,"campfire_upgraded":9,"win_rate":0.0,"timestamp":1612768820,"path_taken":["M","$","M","?","?","R","M","M","T","E","?","E","PTL","PTL","E","M","R","BOSS","M","M","M","M","COS","E","R","M","T","?","E","M","R","?","R","BOSS","M","M","M","$","?","R","M","R","T","M","?","R","E","$","R","BOSS","M","M","?","T","R","M","R","$","?","BOSS"],"items_purchased_type":["Card","Card","Card","Relic"],"build_version":"2020-12-22","purchased_purges":4,"victory":true,"max_hp_per_floor":[70,70,70,70,70,70,70,70,70,70,70,70,70,70,70,75,75,75,65,68,77,79,81,81,84,84,85,85,93,96,98,98,98,98,103,103,105,105,111,111,111,111,113,113,113,116,118,118,118,118,118,833,843,867,867,867,867,895,895,895,895,1564],"card_choices":[{"not_picked":[],"picked":"EpicFetus","floor":0},{"not_picked":["Outmaneuver","AT_WindFlip","Acrobatics"],"picked":"SKIP","floor":1},{"not_picked":["Heel Hook","Prepared","Blade Dance"],"picked":"SKIP","floor":3},{"not_picked":["Flying Knee","Underhanded Strike"],"picked":"ReplayTheSpireMod:Speed Training","floor":7},{"not_picked":["Quick Slash","ReplayTheSpireMod:Speed Training"],"picked":"Noxious Fumes","floor":8},{"not_picked":["Sucker Punch","Bane"],"picked":"Crippling Poison","floor":10},{"not_picked":["Dagger Spray","ReplayTheSpireMod:Shiv Toss"],"picked":"Crippling Poison","floor":11},{"not_picked":["Bomb","ReplayTheSpireMod:Scrap Shanks"],"picked":"Choke","floor":12},{"not_picked":["AT_WindFlip","Setup","PiercingWail"],"picked":"SKIP","floor":15},{"not_picked":["Hidden Blade","Slice","Quick Slash"],"picked":"SKIP","floor":16},{"not_picked":["Wraith Form v2","REME_SpectralBlade"],"picked":"Venomology","floor":18},{"not_picked":["Backflip+1","Cloak And Dagger+1","Expertise"],"picked":"SKIP","floor":20},{"not_picked":["Hidden Blade+1","Deflect"],"picked":"Dodge and Roll","floor":21},{"not_picked":["Acrobatics","Dagger Spray","Prepared+1"],"picked":"SKIP","floor":22},{"not_picked":["Outmaneuver+1","Quick Slash","Hidden Blade"],"picked":"SKIP","floor":23},{"not_picked":["Bane+1","REME_SpectralBlade+1"],"picked":"Terror+1","floor":25},{"not_picked":["Underhanded Strike","AT_WomanClash+1"],"picked":"A Thousand Cuts","floor":25},{"not_picked":["Prepared","Dagger Spray","AT_ShadowStep"],"picked":"SKIP","floor":27},{"not_picked":["Deflect","Backstab","Dagger Spray"],"picked":"SKIP","floor":29},{"not_picked":["Prepared","Blade Dance","Poisoned Stab"],"picked":"SKIP","floor":30},{"not_picked":["Tools of the Trade","REME_GrazeFinale"],"picked":"Night Terror","floor":31},{"not_picked":["Dagger Spray","Well Laid Plans"],"picked":"Toxin Wave","floor":31},{"not_picked":["AT_KingSlayer","Die Die Die"],"picked":"AT_EssenceShift","floor":35},{"not_picked":["Bane","ReplayTheSpireMod:Shiv Toss+1","Concentrate"],"picked":"SKIP","floor":37},{"not_picked":["Acrobatics","Dagger Throw"],"picked":"Fluid Movement","floor":38},{"not_picked":["Acrobatics+1","Toxin Wave+1"],"picked":"Blur","floor":39},{"not_picked":["Poisoned Stab","Deflect"],"picked":"Dodge and Roll+1","floor":43},{"not_picked":["ReplayTheSpireMod:Speed Training+1","Hidden Blade+1"],"picked":"Toxin Wave+1","floor":46},{"not_picked":["Prepared","Outmaneuver"],"picked":"Corpse Explosion","floor":47},{"not_picked":["Prepared","Heel Hook","Deflect"],"picked":"SKIP","floor":49},{"not_picked":["Prepared","Dagger Throw","AT_WindRun+1"],"picked":"SKIP","floor":53},{"not_picked":["Skewer+1","Tactician","ReplayTheSpireMod:The Works"],"picked":"SKIP","floor":54},{"not_picked":[],"picked":"Noxious Fumes","floor":55},{"not_picked":["Endless Agony+1","Accuracy","Dagger Throw"],"picked":"SKIP","floor":58}],"player_experience":227662,"relics_obtained":[{"floor":1,"key":"AddBug"},{"floor":10,"key":"Tea:ReiMu"},{"floor":11,"key":"Replay:Accelerometer"},{"floor":11,"key":"AT_ArchangelStaff"},{"floor":11,"key":"SecretRecord"},{"floor":12,"key":"Replay:WaspNest"},{"floor":15,"key":"SecretRecord"},{"floor":15,"key":"ats:Originium"},{"floor":15,"key":"AT_GuinsooRageblade"},{"floor":18,"key":"SecretRecord"},{"floor":22,"key":"SecretRecord"},{"floor":25,"key":"reliquary:Stiletto"},{"floor":28,"key":"AT_GoldPhoenixTree"},{"floor":29,"key":"SecretRecord"},{"floor":30,"key":"Omamori"},{"floor":38,"key":"SecretRecord"},{"floor":45,"key":"AT_BellDemon"},{"floor":49,"key":"AT_TheCollector"},{"floor":53,"key":"paleoftheancients:SoulOfTheSilent"},{"floor":54,"key":"paleoftheancients:SoulOfTheBard"},{"floor":56,"key":"ReplayTheSpireMod:Ninjato"},{"floor":58,"key":"paleoftheancients:SoulOfTheDefect"},{"floor":58,"key":"SecretRecord"}],"event_choices":[{"damage_healed":0,"gold_gain":0,"player_choice":"Leave","damage_taken":0,"max_hp_gain":0,"max_hp_loss":0,"event_name":"The Cleric","floor":4,"gold_loss":0},{"damage_healed":0,"gold_gain":0,"player_choice":"Fight","damage_taken":0,"max_hp_gain":0,"max_hp_loss":0,"event_name":"HidenRoomEvent","floor":11,"gold_loss":0},{"damage_healed":0,"gold_gain":0,"player_choice":"Embrace Madness","damage_taken":14,"max_hp_gain":0,"max_hp_loss":0,"event_name":"Winding Halls","floor":41,"gold_loss":0,"cards_obtained":["Madness","Madness"]}],"is_beta":false,"boss_relics":[{"not_picked":["ChampionBelt","reliquary:KinkedSpring"],"picked":"bronze:MakeshiftBattery"},{"not_picked":[]},{"not_picked":["reliquary:WritOfMandamus","AT_MortalBlade"],"picked":"REME_LowDesire"},{"not_picked":[]}],"items_purged_floors":[19,40,40,60],"is_endless":false,"potions_floor_spawned":[3,7,8,15,20,22,25,29,39,46,49,54],"ascension_level":4}}