{"host":"a92fqxohjrzqy5rn","time":1612813190,"event":{"mods":["AchievementEnabler","BaseMod","Minty Spire (QoL Compilation)","Relic Sorter","Smile Girya"],"gold_per_floor":[213,213,229,229,243,243,258,258,258,296,296,8,8,283,283,283,283],"floor_reached":16,"language":"ENG","playtime":364,"items_purged":[],"score":98,"play_id":"5c0c1882-bf48-4d20-b9cf-fea6d10160dd","local_time":"20210208193950","is_ascension_mode":false,"campfire_choices":[{"data":"Rampage","floor":6.0,"key":"SMITH"},{"data":"Sword Boomerang","floor":8.0,"key":"SMITH"},{"floor":11.0,"key":"REST"},{"data":"Regret","floor":15.0,"key":"PURGE"}],"circlet_count":0,"master_deck":["Strike_R","Strike_R","Strike_R","Strike_R+1","Defend_R","Defend_R","Defend_R","Defend_R+1","Bash","Sword Boomerang+1","Warcry","Rampage+1","Intimidate","Thunderclap+1","Warcry"],"relics":["Burning Blood","Golden Idol","Molten Egg 2","Meat on the Bone","Peace Pipe"],"acts_visited":["Exordium"],"potions_floor_usage":[],"damage_taken":[{"damage":11.0,"enemies":"Jaw Worm","floor":1.0,"turns":3.0},{"damage":0.0,"enemies":"Small Slimes","floor":3.0,"turns":3.0},{"damage":0.0,"enemies":"2 Louse","floor":5.0,"turns":3.0},{"damage":8.0,"enemies":"Red Slaver","floor":7.0,"turns":3.0},{"damage":27.0,"enemies":"Gremlin Nob","floor":10.0,"turns":4.0},{"damage":56,"enemies":"Slime Boss","floor":16,"turns":9}],"seed_played":"-1471213247198942889","potions_obtained":[{"floor":7.0,"key":"SkillPotion"}],"is_trial":false,"path_per_floor":["M","?","M","?","M","R","M","R","T","E","R","$","?","?","R","B"],"character_chosen":"IRONCLAD","items_purchased":["Peace Pipe"],"campfire_rested":1,"item_purchase_floors":[12],"current_hp_per_floor":[75,59,65,45,51,51,49,49,49,28,52,52,52,52,52,0,0],"gold":283,"neow_bonus":"HUNDRED_GOLD","is_daily":false,"chose_seed":false,"campfire_upgraded":2,"win_rate":0.0,"timestamp":1612813190,"path_taken":["M","?","M","?","M","R","M","R","T","E","R","$","?","?","R","BOSS"],"items_purchased_type":["Relic"],"build_version":"2020-12-22","purchased_purges":0,"victory":false,"max_hp_per_floor":[80,80,80,80,80,80,80,80,80,80,80,80,80,80,80,80,80],"card_choices":[{"not_picked":["Warcry","Cleave"],"picked":"Sword Boomerang","floor":1.0},{"not_picked":["Power Through","Fiend Fire"],"picked":"Warcry","floor":3.0},{"not_picked":["Anger","Iron Wave"],"picked":"Rampage","floor":5.0},{"not_picked":["Clash","Wild Strike"],"picked":"Intimidate","floor":7.0},{"not_picked":["Dark Embrace","Burning Pact"],"picked":"Thunderclap+1","floor":10.0}],"player_experience":222873,"relics_obtained":[{"floor":9.0,"key":"Molten Egg 2"},{"floor":10.0,"key":"Meat on the Bone"}],"event_choices":[{"damage_healed":0.0,"max_hp_gain":0.0,"max_hp_loss":0.0,"gold_gain":0.0,"event_name":"Shining Light","player_choice":"Entered Light","floor":2.0,"gold_loss":0.0,"damage_taken":16.0,"cards_upgraded":["Strike_R","Defend_R"]},{"damage_healed":0.0,"max_hp_gain":0.0,"max_hp_loss":0.0,"gold_gain":0.0,"event_name":"Golden Idol","player_choice":"Take Damage","floor":4.0,"gold_loss":0.0,"damage_taken":20.0,"relics_obtained":["Golden Idol"]},{"damage_healed":0.0,"max_hp_gain":0.0,"max_hp_loss":0.0,"gold_gain":0.0,"cards_transformed":["Strike_R"],"event_name":"Living Wall","player_choice":"Change","floor":13.0,"gold_loss":0.0,"damage_taken":0.0,"cards_obtained":["Warcry"]},{"damage_healed":0.0,"max_hp_gain":0.0,"max_hp_loss":0.0,"gold_gain":275.0,"event_name":"Golden Shrine","player_choice":"Desecrate","floor":14.0,"gold_loss":0.0,"damage_taken":0.0,"cards_obtained":["Regret"]}],"is_beta":false,"boss_relics":[],"items_purged_floors":[],"is_endless":false,"potions_floor_spawned":[7],"killed_by":"Slime Boss","ascension_level":0}}