{"host":"wf1r1zhguvoo22rf","time":1612794782,"event":{"mods":["BaseMod","Colored Powertips","Minty Spire (QoL Compilation)","StSLib"],"gold_per_floor":[109,124,124,135,35,35,97,114,114,129,129,161,178,178,178,280,280,295,295,295,311,331,331,359,19,19,35,35,35,35],"floor_reached":29,"language":"ENG","playtime":1672,"items_purged":[],"score":270,"play_id":"13c7ebc0-7a1f-427d-b297-6a079e007d39","local_time":"20210208163302","is_ascension_mode":true,"campfire_choices":[{"floor":6,"key":"REST"},{"floor":11,"key":"REST"},{"floor":15,"key":"REST"},{"floor":23,"key":"REST"}],"circlet_count":0,"master_deck":["Survivor","Neutralize","Escape Plan","Storm of Steel","Unload","Blur","Footwork","Escape Plan","Backflip","Doppelganger","Flechettes","Choke","Dagger Spray","PiercingWail","Backstab","Noxious Fumes","Poisoned Stab","Poisoned Stab","Catalyst","Slice","Caltrops+1","Accuracy","Night Terror+1","Poisoned Stab+1","Caltrops+1","Slice","Crippling Poison+1","Infinite Blades","Distraction+1","Slice","PiercingWail+1"],"relics":["Pandora\u0027s Box","Sundial","Centennial Puzzle","Toxic Egg 2","Lantern","WristBlade","NlothsMask","StoneCalendar","Bronze Scales"],"acts_visited":["Exordium","TheCity"],"potions_floor_usage":[7,12,12,16,22,24,29,29],"damage_taken":[{"damage":0,"enemies":"Small Slimes","floor":1,"turns":3},{"damage":8,"enemies":"2 Louse","floor":2,"turns":2},{"damage":9,"enemies":"Jaw Worm","floor":4,"turns":2},{"damage":12,"enemies":"Gremlin Nob","floor":7,"turns":3},{"damage":8,"enemies":"Red Slaver","floor":8,"turns":2},{"damage":13,"enemies":"Blue Slaver","floor":10,"turns":2},{"damage":2,"enemies":"Gremlin Nob","floor":12,"turns":3},{"damage":10,"enemies":"Exordium Thugs","floor":13,"turns":4},{"damage":13,"enemies":"Slime Boss","floor":16,"turns":7},{"damage":24,"enemies":"Chosen","floor":18,"turns":5},{"damage":9,"enemies":"3 Byrds","floor":21,"turns":4},{"damage":28,"enemies":"Centurion and Healer","floor":22,"turns":5},{"damage":6,"enemies":"Gremlin Leader","floor":24,"turns":4},{"damage":13,"enemies":"Snecko","floor":27,"turns":3},{"damage":12,"enemies":"Cultist and Chosen","floor":29,"turns":1}],"seed_played":"1218209294882135796","potions_obtained":[{"floor":2,"key":"Poison Potion"},{"floor":8,"key":"ColorlessPotion"},{"floor":10,"key":"Block Potion"},{"floor":13,"key":"SteroidPotion"},{"floor":21,"key":"SteroidPotion"},{"floor":22,"key":"AttackPotion"},{"floor":24,"key":"FearPotion"},{"floor":27,"key":"Poison Potion"}],"is_trial":false,"path_per_floor":["M","M","?","M","$","R","?","M","T","M","R","E","M","?","R","B",null,"M","?","?","M","M","R","E","$","T","M","$","M"],"character_chosen":"THE_SILENT","items_purchased":["Noxious Fumes","Poisoned Stab","Infinite Blades","Bronze Scales","Distraction+1","Slice"],"campfire_rested":4,"item_purchase_floors":[5,5,25,25,25,25],"current_hp_per_floor":[70,62,50,41,41,62,50,42,42,29,50,48,38,38,59,46,70,46,46,46,37,9,30,24,24,24,11,11,0,0],"gold":35,"neow_bonus":"BOSS_RELIC","is_daily":false,"chose_seed":false,"campfire_upgraded":0,"win_rate":0.0,"timestamp":1612794782,"path_taken":["M","M","?","M","$","R","?","M","T","M","R","E","M","?","R","BOSS","M","?","?","?","M","R","E","$","T","M","?","M"],"items_purchased_type":["Card","Card","Card","Relic","Card","Card"],"build_version":"2020-12-22","purchased_purges":0,"victory":false,"max_hp_per_floor":[70,70,70,70,70,70,70,70,70,70,70,70,70,70,70,70,70,70,70,70,70,70,70,70,70,70,70,70,70,70],"card_choices":[{"not_picked":["Quick Slash","Cloak And Dagger"],"picked":"Dagger Spray","floor":1},{"not_picked":["Concentrate","Flechettes"],"picked":"PiercingWail","floor":2},{"not_picked":["Blade Dance","Riddle With Holes"],"picked":"Backstab","floor":4},{"not_picked":["Blade Dance","PiercingWail"],"picked":"Poisoned Stab","floor":7},{"not_picked":["Accuracy","Bane"],"picked":"Catalyst","floor":8},{"not_picked":["Endless Agony","Acrobatics+1"],"picked":"Slice","floor":10},{"not_picked":["Expertise+1","Corpse Explosion+1"],"picked":"Caltrops","floor":12},{"not_picked":["Sucker Punch","Underhanded Strike"],"picked":"Accuracy","floor":13},{"not_picked":["Doppelganger+1","Bullet Time+1"],"picked":"Night Terror+1","floor":16},{"not_picked":["Slice","Concentrate+1"],"picked":"Poisoned Stab+1","floor":18},{"not_picked":["Quick Slash","Cloak And Dagger+1"],"picked":"Caltrops+1","floor":21},{"not_picked":["Choke+1","Deflect+1"],"picked":"Slice","floor":22},{"not_picked":["Bane","Underhanded Strike"],"picked":"Crippling Poison+1","floor":24},{"not_picked":["Acrobatics+1","Footwork"],"picked":"PiercingWail+1","floor":27}],"player_experience":225094,"relics_obtained":[{"floor":7,"key":"Centennial Puzzle"},{"floor":9,"key":"Toxic Egg 2"},{"floor":12,"key":"Lantern"},{"floor":24,"key":"StoneCalendar"}],"event_choices":[{"damage_healed":0,"gold_gain":0,"player_choice":"Success","damage_taken":12,"relics_obtained":["Sundial"],"max_hp_gain":0,"max_hp_loss":0,"event_name":"Scrap Ooze","floor":3,"gold_loss":0},{"damage_healed":0,"gold_gain":0,"player_choice":"Searched \u00271\u0027 times","damage_taken":0,"max_hp_gain":0,"max_hp_loss":0,"event_name":"Dead Adventurer","floor":7,"gold_loss":0},{"damage_healed":0,"gold_gain":0,"player_choice":"Grow","damage_taken":0,"max_hp_gain":0,"max_hp_loss":0,"event_name":"Living Wall","floor":14,"gold_loss":0,"cards_upgraded":["Caltrops"]},{"damage_healed":0,"gold_gain":0,"player_choice":"Ignored","damage_taken":0,"max_hp_gain":0,"max_hp_loss":0,"event_name":"Beggar","floor":19,"gold_loss":0},{"damage_healed":0,"gold_gain":0,"player_choice":"Trade","damage_taken":0,"relics_obtained":["NlothsMask"],"max_hp_gain":0,"max_hp_loss":0,"event_name":"FaceTrader","floor":20,"gold_loss":0}],"is_beta":false,"boss_relics":[{"not_picked":["Tiny House","Snecko Eye"],"picked":"WristBlade"}],"items_purged_floors":[],"is_endless":false,"potions_floor_spawned":[2,8,10,13,21,22,24,27],"killed_by":"Cultist and Chosen","ascension_level":2}}