{"host":"phniwng9zo19jwdb","time":1612811633,"event":{"mods":["AchievementEnabler","BaseMod","Colored Powertips","Dark Map","Faster Ascension Climbing","GifTheSpireLib","Minty Spire (QoL Compilation)","Permanent Neow","Rare Cards Sparkle","Relic Filter Mod","StSLib","Weighted Paths"],"gold_per_floor":[114,124,399,24,40,71,86,111,111,142,158,158,158],"floor_reached":12,"language":"ENG","playtime":441,"items_purged":["Regret"],"score":200,"play_id":"18d8abe3-6383-44da-aea9-8591a8efab1f","local_time":"20210208201353","is_ascension_mode":true,"campfire_choices":[],"circlet_count":0,"master_deck":["AscendersBane","Strike_G","Strike_G","Strike_G","Strike_G","Strike_G","Defend_G","Defend_G","Defend_G","Defend_G","Defend_G","Survivor","Neutralize","Bullet Time","Dash","Accuracy","Infinite Blades","Backflip","Doppelganger","Poisoned Stab","Backstab","Blur","Corpse Explosion"],"relics":["Ring of the Snake","Membership Card","White Beast Statue","Strawberry","Question Card","Sundial","Thread and Needle"],"acts_visited":["Exordium"],"potions_floor_usage":[5,6,7,8,8,11,11],"damage_taken":[{"damage":11.0,"enemies":"Cultist","floor":1.0,"turns":5.0},{"damage":0.0,"enemies":"Jaw Worm","floor":2.0,"turns":4.0},{"damage":0,"enemies":"Small Slimes","floor":5,"turns":4},{"damage":19,"enemies":"Lagavulin","floor":6,"turns":9},{"damage":0,"enemies":"Looter","floor":7,"turns":3},{"damage":6,"enemies":"Gremlin Nob","floor":8,"turns":3},{"damage":22,"enemies":"3 Sentries","floor":10,"turns":9},{"damage":0,"enemies":"3 Louse","floor":11,"turns":2},{"damage":62,"enemies":"Gremlin Nob","floor":12,"turns":4}],"seed_played":"-2560666511422081053","potions_obtained":[{"floor":1.0,"key":"Energy Potion"},{"floor":2.0,"key":"Ancient Potion"},{"floor":5,"key":"Explosive Potion"},{"floor":6,"key":"SteroidPotion"},{"floor":7,"key":"SkillPotion"},{"floor":8,"key":"FairyPotion"},{"floor":10,"key":"Explosive Potion"},{"floor":11,"key":"Fruit Juice"}],"is_trial":false,"path_per_floor":["M","M","?","$","M","E","M","E","T","E","M","E"],"character_chosen":"THE_SILENT","items_purchased":["Membership Card","White Beast Statue","Infinite Blades"],"campfire_rested":0,"item_purchase_floors":[4,4,4],"current_hp_per_floor":[48,48,48,48,48,36,36,30,30,8,13,0,0],"gold":158,"neow_bonus":"ONE_RANDOM_RARE_CARD","is_daily":false,"chose_seed":false,"campfire_upgraded":0,"win_rate":0.0,"timestamp":1612811633,"path_taken":["M","?","?","$","M","E","?","E","T","E","M","E"],"items_purchased_type":["Relic","Relic","Card"],"build_version":"2020-12-22","purchased_purges":1,"victory":false,"max_hp_per_floor":[66,66,66,66,66,73,73,73,73,73,78,78,78],"card_choices":[{"not_picked":["Skewer","Accuracy"],"picked":"Dash","floor":1.0},{"not_picked":["Prepared","Quick Slash"],"picked":"Accuracy","floor":2.0},{"not_picked":["Deflect","Cloak And Dagger"],"picked":"Backflip","floor":5},{"not_picked":["Dodge and Roll","PiercingWail"],"picked":"Doppelganger","floor":6},{"not_picked":["PiercingWail","Flying Knee"],"picked":"Poisoned Stab","floor":7},{"not_picked":["Tactician","Backflip"],"picked":"Backstab","floor":8},{"not_picked":["Skewer","Cloak And Dagger","Well Laid Plans"],"picked":"Blur","floor":10},{"not_picked":["Flechettes","Deadly Poison","Caltrops"],"picked":"Corpse Explosion","floor":11}],"player_experience":89594,"relics_obtained":[{"floor":6,"key":"Strawberry"},{"floor":8,"key":"Question Card"},{"floor":9,"key":"Sundial"},{"floor":10,"key":"Thread and Needle"}],"event_choices":[{"damage_healed":0.0,"max_hp_gain":0.0,"max_hp_loss":0.0,"gold_gain":275.0,"event_name":"Golden Shrine","player_choice":"Desecrate","floor":3.0,"gold_loss":0.0,"damage_taken":0.0,"cards_obtained":["Regret"]}],"is_beta":false,"boss_relics":[],"items_purged_floors":[4],"is_endless":false,"potions_floor_spawned":[1,2,5,6,7,8,10,11],"killed_by":"Gremlin Nob","ascension_level":20}}