{"host":"f3chan41r3z23lol","time":1612796265,"event":{"mods":["BaseMod","Hermit","Minty Spire (QoL Compilation)","StSLib","The Poker Player"],"gold_per_floor":[110,184,184,202,218,250,101,101,101,129,143,143,243,262,262,367,367,377,577,588,588,57,57,71,88,88,98,98,117,117,134,134,234,234,246,8,0,14,14,14,14,14,68,68,80,80,90,102,102,102,102,102],"floor_reached":50,"language":"KOR","playtime":4852,"items_purged":["PokerPlayerMod:Spade1"],"score":469,"play_id":"6334283a-72f7-4ba3-9bcd-e858efa11020","local_time":"20210208235745","is_ascension_mode":false,"metric_token":350,"campfire_choices":[{"data":"PokerPlayerMod:Promotion","floor":8,"key":"SMITH"},{"data":"PokerPlayerMod:Club1","floor":12,"key":"SMITH"},{"data":"PokerPlayerMod:Diamond1","floor":15,"key":"SMITH"},{"data":"PokerPlayerMod:Heart2","floor":23,"key":"SMITH"},{"data":"PokerPlayerMod:Diamond2","floor":28,"key":"SMITH"},{"data":"PokerPlayerMod:Club2","floor":30,"key":"SMITH"},{"data":"PokerPlayerMod:Club2","floor":32,"key":"SMITH"},{"data":"PokerPlayerMod:Spade2","floor":40,"key":"SMITH"},{"data":"PokerPlayerMod:Diamond3","floor":44,"key":"SMITH"},{"data":"PokerPlayerMod:Spade5","floor":46,"key":"SMITH"},{"data":"PokerPlayerMod:Diamond5","floor":49,"key":"SMITH"}],"circlet_count":0,"master_deck":["PokerPlayerMod:Diamond4","PokerPlayerMod:Diamond4","PokerPlayerMod:Diamond4","PokerPlayerMod:Diamond6","PokerPlayerMod:Diamond6","PokerPlayerMod:Spade4","PokerPlayerMod:Spade4","PokerPlayerMod:Spade6","PokerPlayerMod:Club4","PokerPlayerMod:Club4","PokerPlayerMod:Heart4","PokerPlayerMod:TrumpStrike+1","PokerPlayerMod:BadJoker+1","PokerPlayerMod:Mulligan+1","PokerPlayerMod:Promotion+1","PokerPlayerMod:Raise+1","PokerPlayerMod:Club6","PokerPlayerMod:CardPrinter+1","PokerPlayerMod:Heart7","PokerPlayerMod:Club6","PokerPlayerMod:Heart4","PokerPlayerMod:Club9","PokerPlayerMod:Club9","PokerPlayerMod:Spade9","PokerPlayerMod:Club9","PokerPlayerMod:Diamond9"],"relics":["PokerPlayerMod:DeckCase","NeowsBlessing","The Courier","Peace Pipe","Odd Mushroom","Black Star","Lee\u0027s Waffle","Potion Belt","PokerPlayerMod:Splitter","PokerPlayerMod:BottledPoker","Busted Crown","Bag of Marbles","Happy Flower","Red Mask","Mark of the Bloom","Nunchaku"],"acts_visited":["Exordium","TheCity","TheBeyond"],"potions_floor_usage":[50,50,50],"damage_taken":[{"damage":0.0,"enemies":"Jaw Worm","floor":1.0,"turns":1.0},{"damage":0,"enemies":"Cultist","floor":4,"turns":1},{"damage":0,"enemies":"Small Slimes","floor":5,"turns":1},{"damage":22,"enemies":"Gremlin Nob","floor":6,"turns":4},{"damage":21,"enemies":"The Mushroom Lair","floor":10,"turns":3},{"damage":7,"enemies":"2 Fungi Beasts","floor":11,"turns":2},{"damage":0,"enemies":"Gremlin Gang","floor":14,"turns":2},{"damage":16,"enemies":"The Guardian","floor":16,"turns":9},{"damage":25,"enemies":"Shell Parasite","floor":18,"turns":4},{"damage":15,"enemies":"3 Byrds","floor":20,"turns":2},{"damage":16,"enemies":"Snake Plant","floor":24,"turns":3},{"damage":5,"enemies":"Cultist and Chosen","floor":25,"turns":3},{"damage":0,"enemies":"3 Cultists","floor":27,"turns":2},{"damage":0,"enemies":"Chosen and Byrds","floor":29,"turns":2},{"damage":0,"enemies":"Centurion and Healer","floor":31,"turns":3},{"damage":57,"enemies":"Collector","floor":33,"turns":8},{"damage":0,"enemies":"3 Shapes","floor":35,"turns":1},{"damage":0,"enemies":"Orb Walker","floor":38,"turns":2},{"damage":0,"enemies":"Spire Growth","floor":45,"turns":3},{"damage":25,"enemies":"Maw","floor":47,"turns":6},{"damage":0,"enemies":"4 Shapes","floor":48,"turns":2},{"damage":49,"enemies":"Time Eater","floor":50,"turns":9}],"seed_played":"6905227196533189712","potions_obtained":[{"floor":5,"key":"Strength Potion"},{"floor":14,"key":"AttackPotion"},{"floor":20,"key":"AttackPotion"},{"floor":24,"key":"Regen Potion"},{"floor":25,"key":"Dexterity Potion"}],"is_trial":false,"path_per_floor":["M","?","?","M","M","E","$","R","T","?","M","R","?","M","R","B",null,"M","?","M","?","$","R","M","M","T","M","R","M","R","M","R","B",null,"M","$","?","M","?","R","?","?","T","R","M","R","M","M","R","B"],"character_chosen":"THE_POKER_PLAYER","items_purchased":["PokerPlayerMod:CardPrinter","PokerPlayerMod:Heart6","PokerPlayerMod:Club8","Lee\u0027s Waffle","Potion Belt","PokerPlayerMod:Splitter","Bag of Marbles","Happy Flower"],"campfire_rested":0,"item_purchase_floors":[7,7,22,22,22,22,36,36],"current_hp_per_floor":[52,52,52,52,52,30,30,30,30,23,19,19,19,27,27,34,52,38,38,47,39,64,64,48,56,56,56,56,56,56,56,56,15,64,64,64,64,64,64,64,64,64,64,64,64,64,39,39,39,0,0,0],"gold":102,"neow_bonus":"THREE_ENEMY_KILL","is_daily":false,"chose_seed":false,"campfire_upgraded":11,"win_rate":0.0,"timestamp":1612796265,"path_taken":["M","?","?","?","M","E","$","R","T","?","M","R","?","?","R","BOSS","M","?","?","?","?","R","M","M","T","?","R","M","R","M","R","BOSS","M","$","?","M","?","R","?","?","T","R","M","R","M","M","R","BOSS"],"items_purchased_type":["Card","Card","Card","Relic","Relic","Relic","Relic","Relic"],"build_version":"2020-12-22","purchased_purges":1,"victory":false,"max_hp_per_floor":[52,52,52,52,52,52,52,52,52,52,52,52,52,52,52,52,52,52,52,52,57,64,64,64,64,64,64,64,64,64,64,64,64,64,64,64,64,64,64,64,64,64,64,64,64,64,64,64,64,64,64,64],"card_choices":[{"not_picked":["PokerPlayerMod:Diamond1","PokerPlayerMod:FillThePot","PokerPlayerMod:Spade3"],"picked":"SKIP","floor":1.0},{"not_picked":["PokerPlayerMod:DartThrow","PokerPlayerMod:Heart1"],"picked":"PokerPlayerMod:Raise","floor":4},{"not_picked":["PokerPlayerMod:SpadeStrike","PokerPlayerMod:Diamond3"],"picked":"PokerPlayerMod:Club5","floor":5},{"not_picked":["PokerPlayerMod:Extraction","PokerPlayerMod:Sharpen","PokerPlayerMod:FlyingCard"],"picked":"SKIP","floor":6},{"not_picked":["PokerPlayerMod:MagicTrick","PokerPlayerMod:Diamond3"],"picked":"PokerPlayerMod:Club5","floor":10},{"not_picked":["PokerPlayerMod:Manipulation","PokerPlayerMod:DiamondStrike"],"picked":"PokerPlayerMod:Heart3","floor":11},{"not_picked":["PokerPlayerMod:Club2","PokerPlayerMod:Diamond7","PokerPlayerMod:DiamondStrike"],"picked":"SKIP","floor":14},{"not_picked":["PokerPlayerMod:Diamond8","PokerPlayerMod:Spade8"],"picked":"PokerPlayerMod:Club8","floor":16},{"not_picked":["PokerPlayerMod:Heart3","PokerPlayerMod:FlyingCard","PokerPlayerMod:Club1"],"picked":"SKIP","floor":18},{"not_picked":["PokerPlayerMod:RiskyBet","PokerPlayerMod:Club3","PokerPlayerMod:Diamond9"],"picked":"SKIP","floor":20},{"not_picked":["PokerPlayerMod:Spade2","PokerPlayerMod:Raise","PokerPlayerMod:Fold"],"picked":"SKIP","floor":24},{"not_picked":["PokerPlayerMod:PoorCopy","PokerPlayerMod:Diamond2"],"picked":"PokerPlayerMod:Spade8","floor":25},{"not_picked":["PokerPlayerMod:Configure","PokerPlayerMod:PoorCopy","PokerPlayerMod:Spade4"],"picked":"SKIP","floor":27},{"not_picked":["PokerPlayerMod:Diamond6","PokerPlayerMod:HiddenCard"],"picked":"PokerPlayerMod:Club8","floor":29},{"not_picked":["PokerPlayerMod:Diamond1","PokerPlayerMod:Spade6","PokerPlayerMod:Configure"],"picked":"SKIP","floor":31},{"not_picked":["PokerPlayerMod:ChangeRules","PokerPlayerMod:Spade9"],"picked":"PokerPlayerMod:Diamond8","floor":33},{"not_picked":["PokerPlayerMod:Diamond1"],"picked":"SKIP","floor":35},{"not_picked":["PokerPlayerMod:Spade3"],"picked":"SKIP","floor":38},{"not_picked":["PokerPlayerMod:Diamond1"],"picked":"SKIP","floor":45},{"not_picked":["PokerPlayerMod:ClubsClub"],"picked":"SKIP","floor":47},{"not_picked":["PokerPlayerMod:Spade5"],"picked":"SKIP","floor":48}],"player_experience":243038,"relics_obtained":[{"floor":6,"key":"The Courier"},{"floor":9,"key":"Peace Pipe"},{"floor":10,"key":"Odd Mushroom"},{"floor":26,"key":"PokerPlayerMod:BottledPoker"},{"floor":43,"key":"Nunchaku"}],"event_choices":[{"damage_healed":0.0,"max_hp_gain":0.0,"max_hp_loss":0.0,"gold_gain":74.0,"event_name":"Golden Wing","player_choice":"Gained Gold","floor":2.0,"gold_loss":0.0,"damage_taken":0.0},{"damage_healed":0,"gold_gain":0,"player_choice":"2 cards matched","damage_taken":0,"max_hp_gain":0,"max_hp_loss":0,"event_name":"Match and Keep!","floor":3,"gold_loss":0,"cards_obtained":["PokerPlayerMod:Promotion","PokerPlayerMod:Sharpen"]},{"damage_healed":0,"gold_gain":0,"player_choice":"Fought Mushrooms","damage_taken":0,"max_hp_gain":0,"max_hp_loss":0,"event_name":"Mushrooms","floor":10,"gold_loss":0},{"damage_healed":0,"gold_gain":100,"player_choice":"Pray","damage_taken":0,"max_hp_gain":0,"max_hp_loss":0,"event_name":"Golden Shrine","floor":13,"gold_loss":0},{"damage_healed":0,"gold_gain":250,"player_choice":"Bet on Owner","damage_taken":0,"max_hp_gain":0,"max_hp_loss":0,"event_name":"The Joust","floor":19,"gold_loss":50},{"damage_healed":0,"gold_gain":0,"player_choice":"Shed Blood","damage_taken":13,"max_hp_gain":5,"max_hp_loss":0,"event_name":"Forgotten Altar","floor":21,"gold_loss":0},{"damage_healed":0,"gold_gain":0,"player_choice":"Paid","damage_taken":0,"relics_obtained":["Red Mask"],"max_hp_gain":0,"max_hp_loss":0,"event_name":"Tomb of Lord Red Mask","floor":37,"gold_loss":8},{"damage_healed":0,"gold_gain":0,"player_choice":"Memory 1","damage_taken":0,"max_hp_gain":0,"max_hp_loss":0,"event_name":"SensoryStone","floor":39,"gold_loss":0},{"damage_healed":0,"gold_gain":0,"player_choice":"Upgrade","damage_taken":0,"relics_obtained":["Mark of the Bloom"],"max_hp_gain":0,"max_hp_loss":0,"event_name":"MindBloom","floor":41,"gold_loss":0,"cards_upgraded":["PokerPlayerMod:Diamond3","PokerPlayerMod:Diamond2","PokerPlayerMod:Diamond3","PokerPlayerMod:Diamond4","PokerPlayerMod:Diamond5","PokerPlayerMod:Spade3","PokerPlayerMod:Spade3","PokerPlayerMod:Spade4","PokerPlayerMod:Club3","PokerPlayerMod:Club3","PokerPlayerMod:Heart3","PokerPlayerMod:TrumpStrike","PokerPlayerMod:BadJoker","PokerPlayerMod:Mulligan","PokerPlayerMod:Sharpen","PokerPlayerMod:Raise","PokerPlayerMod:Club5","PokerPlayerMod:CardPrinter","PokerPlayerMod:Heart6","PokerPlayerMod:Club5","PokerPlayerMod:Heart3","PokerPlayerMod:Club8","PokerPlayerMod:Club8","PokerPlayerMod:Spade8","PokerPlayerMod:Club8","PokerPlayerMod:Diamond8"]},{"cards_removed":["PokerPlayerMod:Sharpen"],"damage_healed":0,"gold_gain":0,"player_choice":"Removed Power","damage_taken":0,"max_hp_gain":0,"max_hp_loss":0,"event_name":"Falling","floor":42,"gold_loss":0}],"is_beta":false,"boss_relics":[{"not_picked":["Calling Bell","Ectoplasm"],"picked":"Black Star"},{"not_picked":["Astrolabe","Runic Dome"],"picked":"Busted Crown"}],"items_purged_floors":[22],"is_endless":false,"potions_floor_spawned":[5,14,20,24,25,33,38],"killed_by":"Time Eater","ascension_level":0}}