{"host":"m4wbcutj3xdd6hl7","time":1612789843,"event":{"mods":["Act Like it!","BaseMod","Colored Map","Downfall","Gensokyo","Lobotomy","Marisa£®ÏF”Í°°ƒß¿Ì…≥£©","Minty Spire (QoL Compilation)","Quick Restart","Shop Mod","StSLib","The Hierophant","WarShipGirlsR/’ΩΩ¢…Ÿ≈ÆR mod","[IsaacMod]“‘»ˆº‚À˛","noobMod","°æ“≈ŒÔø®≈∆°øREMEMod"],"gold_per_floor":[17,17,34,48,48,74,74,74,109,131,171,201,230,252,264,376,388,412,499,94,183,224,303,303,356,382,422,529,429,429,429,429,554,554,569,608,626,701,576,609,609,459,459,495,502,502,535,555,555,569],"floor_reached":51,"language":"ZHS","playtime":3366,"items_purged":["SpecialBullet","SpecialBullet","WallGazer","ShedSkin"],"score":909,"play_id":"054466e9-dc7e-4bd0-bb9d-41861e3ae343","local_time":"20210208211043","is_ascension_mode":false,"campfire_choices":[{"floor":41,"key":"RECALL"}],"circlet_count":0,"master_deck":["SpecialBullet","SpecialBullet","SpecialBullet","SpecialBullet","BloodyBrimstone+1","Metamorphosis+1","Soda","ExtractionCode","LaLuna","Penitence","Scorched","Rudolta","Horn+1","InformationCode","Hornet","Pinks+1","UniverseFragment","GoldRush+1","GalaxyChild","Justitia","Spore+1","Lamp+3","WallGazer","Twilight","Horn","Horn+1","Penitence+1","DisciplinaryCode","ParadiseLost+1","WelfareCode","TrainingCode"],"relics":["CogitoBucket","ice","REME_ComplimentaryCards","HushsDoor","REME_HandOfSuture","MawBank","TheBean","FleshIdol","SatanicBible","SlaversCollar","ClockworkSouvenir","SalivaCoin","War Paint","Whetstone","HowToJump","TreeSap","MagicMushroom","CatCart","Shuriken","Sundial","BookOfRevelations","Frozen Egg 2","Potion Belt"],"acts_visited":["Exordium","TheCity","TheBeyond"],"potions_floor_usage":[21,50,51],"damage_taken":[{"damage":11.0,"enemies":"Jaw Worm","floor":1.0,"turns":3.0},{"damage":8.0,"enemies":"Small Slimes","floor":3.0,"turns":3.0},{"damage":8.0,"enemies":"Cultist","floor":4.0,"turns":3.0},{"damage":26.0,"enemies":"Gremlin Nob","floor":6.0,"turns":5.0},{"damage":32.0,"enemies":"Exordium Thugs","floor":10.0,"turns":4.0},{"damage":0.0,"enemies":"Lagavulin","floor":11.0,"turns":3.0},{"damage":39.0,"enemies":"Gremlin Gang","floor":12.0,"turns":7.0},{"damage":23.0,"enemies":"Exordium Wildlife","floor":13.0,"turns":3.0},{"damage":7.0,"enemies":"Red Slaver","floor":14.0,"turns":2.0},{"damage":52.0,"enemies":"Hexaghost","floor":16.0,"turns":6.0},{"damage":46,"enemies":"3 Byrds","floor":18,"turns":4},{"damage":45,"enemies":"Spheric Guardian","floor":21,"turns":4},{"damage":12,"enemies":"Snecko","floor":22,"turns":3},{"damage":24,"enemies":"Book of Stabbing","floor":23,"turns":4},{"damage":15,"enemies":"REME_1_Revenger","floor":25,"turns":3},{"damage":9,"enemies":"Cultist and Chosen","floor":27,"turns":3},{"damage":53,"enemies":"Centurion and Healer","floor":28,"turns":6},{"damage":5,"enemies":"Champ","floor":33,"turns":3},{"damage":0,"enemies":"Orb Walker","floor":35,"turns":1},{"damage":9,"enemies":"3 Shapes","floor":36,"turns":1},{"damage":0,"enemies":"Sphere and 2 Shapes","floor":37,"turns":2},{"damage":14,"enemies":"Orin","floor":38,"turns":6},{"damage":0,"enemies":"Giant Head","floor":40,"turns":3},{"damage":0,"enemies":"Reptomancer","floor":44,"turns":2},{"damage":0,"enemies":"Hiden Room Battle","floor":45,"turns":1},{"damage":0,"enemies":"3 Darklings","floor":47,"turns":2},{"damage":0,"enemies":"Maw","floor":48,"turns":2},{"damage":7,"enemies":"FixerMidnight","floor":50,"turns":2},{"damage":0,"enemies":"Malkuth","floor":51,"turns":3},{"damage":0,"enemies":"Netzach","floor":51,"turns":4},{"damage":99,"enemies":"Chesed","floor":51,"turns":5},{"damage":129,"enemies":"Hokma","floor":51,"turns":8},{"damage":205,"enemies":"Angela","floor":51,"turns":5}],"seed_played":"-4500799963776184891","potions_obtained":[{"floor":3.0,"key":"Explosive Potion"},{"floor":6.0,"key":"bronze:BurnAndBuffPotion"},{"floor":10.0,"key":"Guardian:BlockOnCardUsePotion"},{"floor":22,"key":"ColorlessPotion"}],"is_trial":false,"path_per_floor":["M","?","M","M","$","E","R","?","T","M","E","M","M","M","R","B",null,"M","?","$","M","M","E","R","E","T","M","M","$","R","?","R","B",null,"M","M","M","?","$","E","R","$","T","E","?","R","M","M","R","B",null],"character_chosen":"Angela","items_purchased":["ClockworkSouvenir","Lamp","SalivaCoin"],"campfire_rested":0,"item_purchase_floors":[20,20,20],"current_hp_per_floor":[59,45,37,29,29,68,68,53,53,21,21,56,33,26,26,38,91,48,39,39,70,58,37,37,22,22,15,73,73,73,73,73,68,128,128,119,120,112,112,114,114,114,114,115,103,103,104,105,105,99],"gold":793,"neow_bonus":"RANDOM_COLORLESS_2","is_daily":false,"chose_seed":false,"campfire_upgraded":0,"win_rate":0.0,"timestamp":1612789843,"path_taken":["M","?","?","M","$","E","R","?","T","M","E","M","M","M","R","BOSS","M","?","$","?","M","E","R","E","T","M","M","$","R","?","R","BOSS","M","M","M","?","$","E","R","$","T","E","?","R","M","M","R","BOSS"],"items_purchased_type":["Relic","Card","Relic"],"build_version":"2020-12-22","purchased_purges":4,"victory":true,"max_hp_per_floor":[70,70,70,70,70,70,70,70,70,75,75,79,80,81,81,91,91,91,91,91,95,96,102,102,103,103,106,119,119,119,119,119,121,128,128,131,132,141,141,138,138,138,138,139,142,142,143,143,143,138],"card_choices":[{"not_picked":[],"picked":"BloodyBrimstone","floor":0.0},{"not_picked":["Secret Weapon","BloodyBrimstone"],"picked":"Metamorphosis","floor":0.0},{"not_picked":["RapturousDream","Lantern"],"picked":"SKIP","floor":1.0},{"not_picked":["Wellcheers","Variant"],"picked":"WallGazer","floor":3.0},{"not_picked":["TodaysExpression"],"picked":"Soda","floor":3.0},{"not_picked":["SomewhereSpear","CherryBlossom"],"picked":"SKIP","floor":4.0},{"not_picked":["ShyLook","CrumblingArmor"],"picked":"LaLuna","floor":6.0},{"not_picked":["Loneliness"],"picked":"Penitence","floor":6.0},{"not_picked":["FourthMatchFlame","SwordSharpenedByTears"],"picked":"SKIP","floor":6.0},{"not_picked":["Gaze","Regret_ego"],"picked":"Bomb","floor":10.0},{"not_picked":["Rudolta","CrumblingArmor"],"picked":"Scorched","floor":10.0},{"not_picked":["BearPaw","RapturousDream","Soda"],"picked":"SKIP","floor":10.0},{"not_picked":["CrumblingArmor","FieryBird"],"picked":"Rudolta","floor":11.0},{"not_picked":["Bomb","RedEyes"],"picked":"Horn","floor":11.0},{"not_picked":["Christmas","SomewhereSpear"],"picked":"ShedSkin","floor":12.0},{"not_picked":["Alriune","BigBird","PunishingBird"],"picked":"Singing Bowl","floor":12.0},{"not_picked":["DaCapo","MagicBullet","BearPaw"],"picked":"SKIP","floor":12.0},{"not_picked":["Lantern","Galaxy"],"picked":"Hornet","floor":13.0},{"not_picked":["RedEyes","Gaze"],"picked":"Pinks","floor":14.0},{"not_picked":["OldLady","FieryBird","Wellcheers"],"picked":"Singing Bowl","floor":14.0},{"not_picked":["FieryBird","ShyLook"],"picked":"UniverseFragment","floor":14.0},{"not_picked":["TheSmile","CENSORED_ego"],"picked":"GoldRush","floor":16.0},{"not_picked":["Woodsman","PunishingBird","BeautyBeast"],"picked":"Singing Bowl","floor":16.0},{"not_picked":["Variant","BeautyBeast"],"picked":"GalaxyChild","floor":16.0},{"not_picked":["DaCapo","TheSmile"],"picked":"Justitia","floor":16.0},{"not_picked":["PunishingBird","Scarecrow","FieryBird"],"picked":"Singing Bowl","floor":18},{"not_picked":["Ecstasy","BlackSwan_ego"],"picked":"Spore","floor":18},{"not_picked":["Lantern+1","Noise"],"picked":"Twilight","floor":21},{"not_picked":["ShedSkin+1","Horn","LifeForTheDareDevil"],"picked":"SKIP","floor":21},{"not_picked":["Loneliness+1","Lantern","SolemnVow"],"picked":"SKIP","floor":22},{"not_picked":["SomewhereSpear","Tough+1"],"picked":"Horn","floor":23},{"not_picked":["Ecstasy","Lamp","FeatherOfHonor"],"picked":"SKIP","floor":23},{"not_picked":["Mercenary","BeautyBeast","Porccubus"],"picked":"Singing Bowl","floor":25},{"not_picked":["BearPaw","SwordSharpenedByTears+1","Loneliness+1"],"picked":"SKIP","floor":25},{"not_picked":["BearPaw+1","Discord+1"],"picked":"Horn+1","floor":27},{"not_picked":["GreenStem+1","Loneliness+1"],"picked":"Penitence+1","floor":27},{"not_picked":["SilentOrchestra","QueenBee","Scarecrow"],"picked":"Singing Bowl","floor":28},{"not_picked":["FrostShard+1","RapturousDream+1","ShedSkin+1"],"picked":"SKIP","floor":28},{"not_picked":["Regret_ego+1","Galaxy+1","Harmony+1"],"picked":"SKIP","floor":28},{"not_picked":["LittlePrince","MHz","FieryBird"],"picked":"Singing Bowl","floor":35},{"not_picked":["RapturousDream+1","Beak+1","Tough+1"],"picked":"SKIP","floor":35},{"not_picked":["Penitence+1","Loneliness+1"],"picked":"ParadiseLost+1","floor":36},{"not_picked":["Loneliness+1","BearPaw+1","CrimsonScar+1"],"picked":"SKIP","floor":37},{"not_picked":["GreenStem+1","CherryBlossom+1","Penitence+1"],"picked":"SKIP","floor":40},{"not_picked":["Regret_ego+1","Soda+1","Laetitia_ego+1"],"picked":"SKIP","floor":44},{"not_picked":["Regret_ego+1","Soda+1","Laetitia_ego+1"],"picked":"SKIP","floor":44},{"not_picked":["Gaze+1","Diffraction+1","WristCuter+1"],"picked":"SKIP","floor":47},{"not_picked":["RedEyes+1","CherryBlossom+1","Spore+1"],"picked":"SKIP","floor":47},{"not_picked":["Mimicry+1","ShedSkin+1","Soda+1"],"picked":"SKIP","floor":48}],"player_experience":875306,"relics_obtained":[{"floor":6.0,"key":"REME_HandOfSuture"},{"floor":11.0,"key":"TheBean"},{"floor":23,"key":"War Paint"},{"floor":25,"key":"Whetstone"},{"floor":26,"key":"HowToJump"},{"floor":38,"key":"CatCart"},{"floor":40,"key":"Shuriken"},{"floor":43,"key":"Sundial"},{"floor":44,"key":"BookOfRevelations"},{"floor":45,"key":"Frozen Egg 2"},{"floor":45,"key":"Potion Belt"}],"event_choices":[{"damage_healed":0.0,"max_hp_gain":0.0,"max_hp_loss":0.0,"gold_gain":0.0,"event_name":"Shining Light","player_choice":"Entered Light","floor":2.0,"gold_loss":0.0,"damage_taken":14.0,"cards_upgraded":["BloodyBrimstone","Metamorphosis"]},{"damage_healed":0,"gold_gain":75,"player_choice":"Touch","damage_taken":9,"max_hp_gain":0,"max_hp_loss":0,"event_name":"FaceTrader","floor":19,"gold_loss":0},{"damage_healed":0,"gold_gain":0,"player_choice":"Fight","damage_taken":0,"max_hp_gain":0,"max_hp_loss":0,"event_name":"OrinTheCat","floor":38,"gold_loss":0},{"damage_healed":0,"gold_gain":0,"player_choice":"Fight","damage_taken":0,"max_hp_gain":0,"max_hp_loss":0,"event_name":"HidenRoomEvent","floor":45,"gold_loss":0}],"is_beta":false,"boss_relics":[{"not_picked":["REME_DemonsWealth","Empty Cage"],"picked":"SlaversCollar"},{"not_picked":[]},{"not_picked":["ChampionBelt","Calling Bell"],"picked":"MagicMushroom"},{"not_picked":[]}],"items_purged_floors":[20,29,39,42],"is_endless":false,"potions_floor_spawned":[3,6,10,14,16,22,25,33,35,36,40,44,47,48],"ascension_level":0}}