{"host":"zsnmfqgcm92hlreo","time":1612771944,"event":{"mods":["AchievementEnabler","BaseMod","Bestiary","Block Reminder","Colored Map","Colored Powertips","Minty Spire (QoL Compilation)","Permanent Neow","Quick Restart","Relic Stats","StSLib","Weighted Paths"],"gold_per_floor":[110,130,130,149,149,187,187,226,279,279,299,330,348,9,9,104,104,129,129,147,59,59,92,92,130,130,130,150,150,164,198,198,198,198],"floor_reached":33,"language":"ENG","playtime":1073,"items_purged":[],"score":721,"play_id":"4a514d6b-fe4e-4608-8afc-fa7d5fdcc5b8","local_time":"20210208021224","is_ascension_mode":true,"campfire_choices":[{"floor":7.0,"key":"REST"},{"data":"Bash","floor":10.0,"key":"SMITH"},{"data":"Carnage","floor":15.0,"key":"SMITH"},{"data":"Strike_R","floor":24.0,"key":"PURGE"},{"data":"Strike_R","floor":27.0,"key":"PURGE"},{"data":"Strike_R","floor":32.0,"key":"PURGE"}],"circlet_count":0,"master_deck":["AscendersBane","Strike_R","Strike_R","Defend_R","Defend_R","Defend_R+1","Defend_R+1","Bash+1","Clothesline","Carnage+1","Feed+1","Inflame","Clothesline+1","Shockwave","Impervious","Whirlwind+1","Shrug It Off","Uppercut+1","Heavy Blade+1","Double Tap","Writhe","Disarm","Double Tap"],"relics":["Snecko Eye","Golden Idol","Molten Egg 2","Juzu Bracelet","War Paint","Bag of Marbles","Gambling Chip","Black Star","MutagenicStrength","Peace Pipe","InkBottle","TungstenRod","Bronze Scales","Meat on the Bone","Omamori","Self Forming Clay","Vajra"],"acts_visited":["Exordium","TheCity"],"potions_floor_usage":[33],"damage_taken":[{"damage":0.0,"enemies":"2 Louse","floor":1.0,"turns":5.0},{"damage":7.0,"enemies":"Jaw Worm","floor":2.0,"turns":3.0},{"damage":8.0,"enemies":"Small Slimes","floor":4.0,"turns":4.0},{"damage":27.0,"enemies":"3 Sentries","floor":6.0,"turns":7.0},{"damage":10.0,"enemies":"Lagavulin","floor":8.0,"turns":4.0},{"damage":1.0,"enemies":"Blue Slaver","floor":11.0,"turns":3.0},{"damage":8.0,"enemies":"Gremlin Nob","floor":12.0,"turns":3.0},{"damage":3.0,"enemies":"3 Louse","floor":13.0,"turns":2.0},{"damage":28.0,"enemies":"The Guardian","floor":16.0,"turns":9.0},{"damage":14.0,"enemies":"Shell Parasite","floor":18.0,"turns":6.0},{"damage":0.0,"enemies":"Chosen","floor":20.0,"turns":2.0},{"damage":1.0,"enemies":"Slavers","floor":23.0,"turns":3.0},{"damage":18.0,"enemies":"Book of Stabbing","floor":25.0,"turns":4.0},{"damage":0.0,"enemies":"Snake Plant","floor":28.0,"turns":1.0},{"damage":0.0,"enemies":"Snecko","floor":30.0,"turns":2.0},{"damage":0.0,"enemies":"Slavers","floor":31.0,"turns":1.0},{"damage":73,"enemies":"Champ","floor":33,"turns":5}],"seed_played":"-1101643557068144545","potions_obtained":[{"floor":2.0,"key":"LiquidBronze"},{"floor":4.0,"key":"Energy Potion"},{"floor":31.0,"key":"DuplicationPotion"}],"is_trial":false,"path_per_floor":["M","M","?","M","?","E","R","E","T","R","M","E","M","$","R","B",null,"M","?","M","$","?","E","R","E","T","R","M","?","M","E","R","B"],"character_chosen":"IRONCLAD","items_purchased":["Gambling Chip","Uppercut+1"],"campfire_rested":1,"item_purchase_floors":[14,21],"current_hp_per_floor":[68,61,61,53,58,31,52,42,42,42,41,37,38,38,38,14,67,57,75,79,79,79,82,82,64,64,64,64,64,64,64,64,0,0],"gold":198,"neow_bonus":"BOSS_RELIC","is_daily":false,"chose_seed":false,"campfire_upgraded":2,"win_rate":0.0,"timestamp":1612771944,"path_taken":["M","M","?","M","?","E","R","E","T","R","M","E","M","$","R","BOSS","M","?","M","$","?","E","R","E","T","R","M","?","M","E","R","BOSS"],"items_purchased_type":["Relic","Card"],"build_version":"2020-12-22","purchased_purges":0,"victory":false,"max_hp_per_floor":[75,75,68,68,73,73,73,73,73,73,73,77,81,81,81,85,85,89,89,93,93,93,97,97,97,97,97,97,97,97,97,97,97,97],"relic_stats":{"counters":[17,64],"Golden Idol":95,"Self Forming Clay":[9],"Juzu Bracelet":0,"War Paint":["Defend_R","Defend_R"],"Peace Pipe":3,"Gambling Chip":[36],"Bronze Scales":[12],"Snecko Eye":[106,102,126,107],"Black Star":3,"obtain_stats":[{"Golden Idol":3,"Self Forming Clay":31,"Vajra":31,"Juzu Bracelet":8,"Omamori":29,"War Paint":9,"Burning Blood":0,"Peace Pipe":23,"Gambling Chip":14,"MutagenicStrength":22,"Bronze Scales":25,"Snecko Eye":0,"Molten Egg 2":6,"Bag of Marbles":12,"Black Star":17,"InkBottle":23,"TungstenRod":25,"Meat on the Bone":26},{"Golden Idol":2,"Self Forming Clay":16,"Vajra":16,"Juzu Bracelet":5,"Omamori":14,"War Paint":5,"Burning Blood":0,"Peace Pipe":12,"Gambling Chip":8,"MutagenicStrength":11,"Bronze Scales":13,"Snecko Eye":0,"Molten Egg 2":4,"Bag of Marbles":7,"Black Star":9,"InkBottle":12,"TungstenRod":13,"Meat on the Bone":13},{"Golden Idol":8,"Self Forming Clay":59,"Vajra":59,"Juzu Bracelet":23,"Omamori":56,"War Paint":23,"Burning Blood":0,"Peace Pipe":51,"Gambling Chip":31,"MutagenicStrength":48,"Bronze Scales":55,"Snecko Eye":0,"Molten Egg 2":19,"Bag of Marbles":29,"Black Star":40,"InkBottle":51,"TungstenRod":55,"Meat on the Bone":55}],"InkBottle":[4],"TungstenRod":5,"Meat on the Bone":0},"card_choices":[{"not_picked":["Body Slam","Armaments"],"picked":"Clothesline","floor":1.0},{"not_picked":["Iron Wave","Second Wind","Cleave"],"picked":"SKIP","floor":2.0},{"not_picked":["Infernal Blade","Dual Wield"],"picked":"Carnage","floor":4.0},{"not_picked":["Pommel Strike+1","Sword Boomerang+1"],"picked":"Feed+1","floor":6.0},{"not_picked":["Disarm","Entrench"],"picked":"Inflame","floor":8.0},{"not_picked":["Headbutt+1","Rampage+1","Power Through"],"picked":"SKIP","floor":11.0},{"not_picked":["Anger+1","Twin Strike+1"],"picked":"Clothesline+1","floor":12.0},{"not_picked":["Searing Blow+1","Armaments"],"picked":"Shockwave","floor":13.0},{"not_picked":["Limit Break","Juggernaut"],"picked":"Impervious","floor":16.0},{"not_picked":["Thunderclap+1","True Grit"],"picked":"Whirlwind+1","floor":18.0},{"not_picked":["Second Wind","Thunderclap+1"],"picked":"Shrug It Off","floor":20.0},{"not_picked":["Dual Wield","Sentinel"],"picked":"Heavy Blade+1","floor":23.0},{"not_picked":["Clothesline+1","True Grit"],"picked":"Double Tap","floor":25.0},{"not_picked":["Clothesline+1","Headbutt+1","Sever Soul+1"],"picked":"SKIP","floor":28.0},{"not_picked":["Perfected Strike+1","Headbutt+1"],"picked":"Disarm","floor":30.0},{"not_picked":["Clothesline+1","Shrug It Off"],"picked":"Double Tap","floor":31.0}],"player_experience":1049421,"relics_obtained":[{"floor":6.0,"key":"Molten Egg 2"},{"floor":8.0,"key":"Juzu Bracelet"},{"floor":9.0,"key":"War Paint"},{"floor":12.0,"key":"Bag of Marbles"},{"floor":23.0,"key":"Peace Pipe"},{"floor":23.0,"key":"InkBottle"},{"floor":25.0,"key":"TungstenRod"},{"floor":25.0,"key":"Bronze Scales"},{"floor":26.0,"key":"Meat on the Bone"},{"floor":31.0,"key":"Self Forming Clay"},{"floor":31.0,"key":"Vajra"}],"event_choices":[{"damage_healed":0.0,"max_hp_gain":0.0,"max_hp_loss":7.0,"gold_gain":0.0,"event_name":"Golden Idol","player_choice":"Lose Max HP","floor":3.0,"gold_loss":0.0,"damage_taken":0.0,"relics_obtained":["Golden Idol"]},{"damage_healed":0.0,"max_hp_gain":5.0,"max_hp_loss":0.0,"gold_gain":0.0,"event_name":"Big Fish","player_choice":"Donut","floor":5.0,"gold_loss":0.0,"damage_taken":0.0},{"damage_healed":18.0,"max_hp_gain":0.0,"max_hp_loss":0.0,"gold_gain":0.0,"event_name":"The Library","player_choice":"Heal","floor":19.0,"gold_loss":0.0,"damage_taken":0.0},{"damage_healed":0.0,"max_hp_gain":0.0,"max_hp_loss":0.0,"gold_gain":0.0,"event_name":"Drug Dealer","player_choice":"Inject Mutagens","floor":22.0,"gold_loss":0.0,"damage_taken":0.0,"relics_obtained":["MutagenicStrength"]},{"damage_healed":0.0,"max_hp_gain":0.0,"max_hp_loss":0.0,"gold_gain":0.0,"event_name":"The Mausoleum","player_choice":"Opened","floor":29.0,"gold_loss":0.0,"damage_taken":0.0,"relics_obtained":["Omamori"],"cards_obtained":["Writhe"]}],"is_beta":false,"boss_relics":[{"not_picked":["Busted Crown","Ectoplasm"],"picked":"Black Star"}],"items_purged_floors":[],"is_endless":false,"potions_floor_spawned":[2,4,11,12,13,18,31],"killed_by":"Champ","ascension_level":20}}