{"host":"hpn0uxah5qjr7pa6","time":1612767069,"event":{"mods":["2.2 Compatiblity","Act Like it!","Aspiration","BaseMod","Better Third Choice","BetterRewards","Challenge The Spire","Colored Powertips","Conspire","DeckTracker","Downfall","Energized Spire","Hallownest","Hermit","Highlight Path","Hubris","Infinite Spire","Minty Spire (QoL Compilation)","Permanent Neow","Quick Restart","Rare Cards Sparkle","Replay The Spire","Spicy Shops","StSLib","The Bug Knight","The Jungle"],"gold_per_floor":[115,115,43,62,62,62,77,77,100,116,116,132,63,63,63,161,161,177,188,17,27,43,43,55,71,71,85,97,97,97,112,112,217,217,227,238,250,270,126,126,126,126],"floor_reached":40,"language":"ENG","playtime":1323,"items_purged":["Pain"],"score":511,"play_id":"0b7c6c22-aa5f-4219-b6cf-5da583cb6d7d","local_time":"20210207225109","daily_mods":["SealedDeck"],"is_ascension_mode":false,"campfire_choices":[{"data":"bronze:ChosenStrike","floor":6,"key":"SMITH"},{"floor":11,"key":"REST"},{"data":"bronze:Branch","floor":15,"key":"SMITH"},{"floor":23,"key":"REST"},{"floor":29,"key":"REST"},{"floor":32,"key":"REST"}],"circlet_count":0,"master_deck":["bronze:WhirlingStrike+1","bronze:WhirlingStrike","bronze:DelayedSlice","bronze:ChosenStrike+1","bronze:DigitalCarnage","bronze:Branch","bronze:OilSpill+1","bronze:BronzeOrb","bronze:OilSpill","bronze:OilSpill","bronze:DelayedSlice","bronze:DelayedSlice","bronze:OilSpill","bronze:OilSpill","bronze:Branch","bronze:Branch+1","bronze:DelayedSlice+1","bronze:BronzeOrb","bronze:DigitalCarnage+1","bronze:OilSpill","bronze:InfiniteLoop","bronze:OilSpill","bronze:OilSpill+1"],"relics":["bronze:BronzeCore","Hallownest:DreamNailRelic","Replay:Baseball","Replay:Bottled Flurry","hubris:Backtick","Mango","Pantograph","hubris:BottledRain","BargainBundle","aspiration:FutureDiary","Whetstone"],"acts_visited":["Hallownest:Greenpath","TheCity","TheBeyond"],"potions_floor_usage":[19,21,31,33,33,36,38],"damage_taken":[{"damage":0,"enemies":"Hallownest:monsterHuskGuard","floor":1,"turns":1},{"damage":0,"enemies":"Hallownest:2_MossCreeps","floor":4,"turns":2},{"damage":0,"enemies":"Hallownest:monsterHuskWarrior","floor":7,"turns":1},{"damage":4,"enemies":"Hallownest:2_Tiktiks_1_Baldur_1_Crawlid","floor":10,"turns":2},{"damage":0,"enemies":"Hallownest:Guard_and_Warrior","floor":12,"turns":2},{"damage":0,"enemies":"Hallownest:BossFalseKnight","floor":16,"turns":5},{"damage":0,"enemies":"Shell Parasite","floor":18,"turns":2},{"damage":10,"enemies":"2 Thieves","floor":19,"turns":3},{"damage":7,"enemies":"Centurion and Healer","floor":21,"turns":3},{"damage":26,"enemies":"Snake Plant","floor":22,"turns":3},{"damage":25,"enemies":"conspire:HollyBat","floor":24,"turns":6},{"damage":7,"enemies":"Snecko","floor":25,"turns":3},{"damage":11,"enemies":"Snake Plant","floor":27,"turns":2},{"damage":0,"enemies":"Centurion and Healer","floor":28,"turns":2},{"damage":24,"enemies":"conspire:HollyBat","floor":31,"turns":6},{"damage":56,"enemies":"Champ","floor":33,"turns":7},{"damage":0,"enemies":"Orb Walker","floor":35,"turns":2},{"damage":7,"enemies":"3 Darklings","floor":36,"turns":3},{"damage":3,"enemies":"Transient","floor":37,"turns":5},{"damage":31,"enemies":"Writhing Mass","floor":38,"turns":3},{"damage":62,"enemies":"Giant Head","floor":40,"turns":6}],"seed_played":"-3716262802020034164","potions_obtained":[{"floor":4,"key":"Elixir"},{"floor":10,"key":"bronze:FreeFunctionsPotion"},{"floor":16,"key":"Explosive Potion"},{"floor":18,"key":"SpeedPotion"},{"floor":21,"key":"Ancient Potion"},{"floor":25,"key":"FearPotion"},{"floor":28,"key":"Regen Potion"},{"floor":33,"key":"Energy Potion"},{"floor":36,"key":"Fruit Juice"}],"is_trial":true,"path_per_floor":["M","?","$","M","?","R","M","?","T","M","R","M","$","T","R","B",null,"M","M","$","M","M","R","M","M","T","M","M","R","AVR","M","R","B",null,"M","M","M","M","$","E"],"character_chosen":"THE_AUTOMATON","items_purchased":["bronze:DelayedSlice","bronze:Branch","Pantograph","Whetstone"],"campfire_rested":4,"item_purchase_floors":[3,13,20,39],"current_hp_per_floor":[70,70,70,70,61,61,61,61,61,57,70,70,70,70,70,70,84,84,74,74,67,41,66,41,34,34,23,23,48,48,33,58,27,84,84,82,79,48,48,0,0,0],"gold":126,"neow_bonus":"","is_daily":false,"chose_seed":false,"campfire_upgraded":2,"win_rate":0.0,"timestamp":1612767069,"path_taken":["M","?","$","M","?","R","M","?","T","M","R","?","?","?","R","BOSS","M","M","$","M","M","R","M","M","T","M","M","R","AVR","M","R","BOSS","M","M","M","M","$","E"],"items_purchased_type":["Card","Card","Relic","Relic"],"build_version":"2020-12-22","purchased_purges":1,"victory":false,"max_hp_per_floor":[70,70,70,70,70,70,70,70,70,70,70,70,70,70,70,70,84,84,84,84,84,84,84,84,84,84,84,84,84,84,84,84,84,84,84,89,89,89,89,89,89,89],"card_choices":[{"not_picked":["bronze:CloningBeam","bronze:Philosophize","bronze:Constructor"],"picked":"SKIP","floor":1},{"not_picked":["bronze:Invalidate","bronze:ForLoop","bronze:Iterate"],"picked":"SKIP","floor":4},{"not_picked":["bronze:Overheat","bronze:Separator"],"picked":"bronze:OilSpill","floor":7},{"not_picked":["bronze:NullPointer","bronze:Frontload"],"picked":"bronze:OilSpill","floor":10},{"not_picked":["bronze:FineTuning","bronze:BugBarrage"],"picked":"bronze:Branch","floor":12},{"not_picked":["bronze:Allocate","bronze:BugBarrage"],"picked":"bronze:DelayedSlice+1","floor":18},{"not_picked":["bronze:Iterate+1","bronze:InfiniteBeams"],"picked":"bronze:BronzeOrb","floor":19},{"not_picked":["bronze:BitShift+1","bronze:CutThrough+1","bronze:GetLatest"],"picked":"SKIP","floor":21},{"not_picked":["bronze:FineTuning","bronze:Repulsor","bronze:DelayedGuard"],"picked":"SKIP","floor":22},{"not_picked":["bronze:Invalidate","bronze:Return","bronze:Optimize"],"picked":"SKIP","floor":24},{"not_picked":["bronze:Boost","bronze:TinkerersToolbox"],"picked":"bronze:DigitalCarnage+1","floor":25},{"not_picked":["bronze:NullPointer","bronze:Deprecate+1","bronze:Terminator+1"],"picked":"SKIP","floor":27},{"not_picked":["bronze:Deprecate","bronze:Turbo"],"picked":"bronze:OilSpill","floor":28},{"not_picked":["bronze:Separator","bronze:Boost","bronze:Overload"],"picked":"SKIP","floor":31},{"not_picked":["bronze:RecursiveStrike","bronze:TinkerersToolbox"],"picked":"bronze:InfiniteLoop","floor":33},{"not_picked":["bronze:Constructor","bronze:Frontload+1"],"picked":"bronze:OilSpill","floor":35},{"not_picked":["bronze:Overheat+1","bronze:Overload","bronze:Frontload"],"picked":"SKIP","floor":36},{"not_picked":["bronze:ClassDefault+1","bronze:Turbo"],"picked":"bronze:OilSpill+1","floor":37},{"not_picked":["bronze:DelayedGuard+1","bronze:Separator+1","bronze:Terminator"],"picked":"SKIP","floor":38}],"player_experience":204279,"relics_obtained":[{"floor":9,"key":"Replay:Baseball"},{"floor":14,"key":"Replay:Bottled Flurry"},{"floor":26,"key":"hubris:BottledRain"}],"event_choices":[],"is_beta":false,"boss_relics":[{"not_picked":["Runic Pyramid","sneckomod:SneckoTalon"],"picked":"hubris:Backtick"},{"not_picked":["Astrolabe","hubris:RunicObelisk"],"picked":"aspiration:FutureDiary"}],"items_purged_floors":[20],"is_endless":false,"potions_floor_spawned":[4,10,16,18,21,25,28,33,36],"killed_by":"Giant Head","ascension_level":0}}