{"host":"23qk1co0p3p8qz56","time":1612823573,"event":{"mods":["100% Spire Juice","AchievementEnabler","Act Like it!","Arknights","BaseMod","Better Note","Better Third Choice","BetterRewards","CapriCore","Chen","Colored Map","Downfall","Duelist Mod","Friendly Minions","Gensokyo","Gold Saver","KinomotoSakuraMod(ñÿîVñ{?)","Koishi","LagranYue(ùfäiòNÅEåé)","Lobotomy","LobotomyExtend","MarisaÅiñ∂âJÅ@ñÇóùçπÅj","Minty Spire (QoL Compilation)","Prisma Mod","ReimuÅiîé??öÎÅj","RemiliaÅiÂQïƒ‰ª?Åj","StSLib","The Administrix","The Alterego","The Animator","The Gatherer","The Immortal","The Senshi","TheSwordswoman","Waifu the Spire","WarShipGirlsR/??è≠èóR mod","Yakumo Yukari mod","Yohane!","Yuyuko"],"gold_per_floor":[552,574,585,608,608,608,639,672,726,738,738,738,738,738,738,888,938,958,968,968,811,838,838,873,873,873,893,921,921,936,858,858,866,866],"floor_reached":33,"language":"ENG","playtime":2130,"items_purged":[],"score":266,"play_id":"3c0ba33c-a5a2-4b2c-806e-20f27ffddf3e","local_time":"20210208153253","is_ascension_mode":false,"campfire_choices":[{"data":"animator:Aqua","floor":6,"key":"SMITH"},{"data":"animator:Wiz","floor":11,"key":"SMITH"},{"data":"animator:Kazuma","floor":15,"key":"SMITH"},{"data":"animator:Saitama","floor":23,"key":"SMITH"},{"data":"animator:Kazuma","floor":25,"key":"SMITH"},{"data":"animator:Aqua","floor":29,"key":"SMITH"},{"data":"animator:YunYun","floor":32,"key":"SMITH"}],"circlet_count":0,"master_deck":["animator:Strike_Konosuba","animator:Defend_Konosuba","animator:Strike","animator:Strike","animator:Strike","animator:Defend","animator:Defend","animator:Kazuma+1","animator:Aqua+1","animator:Kazuma","animator:Chris","animator:GazelDwargon","animator:Aqua+1","animator:Vanir+1","animator:TukaLunaMarceau","animator:Wiz+1","animator:Megumin+15","animator:Saitama+1","animator:Darkness","animator:Kazuma+1","animator:DolaCouronne+1","animator:Verdia","animator:Aqua+1","animator:Aqua+1","animator:YunYun+1"],"relics":["animator:LivingPicture","animator:TheMissingPiece","animator:PurgingStone","LagranYue:RandomDrawCardRelic","NeowsBlessing","LetterFromLob","Boot","Tiny House","Frozen Eye","Paper Frog"],"acts_visited":["Exordium","TheCity"],"potions_floor_usage":[16,18,19,24,28,33],"damage_taken":[{"damage":0,"enemies":"ats:Genji","floor":1,"turns":1},{"damage":0,"enemies":"Jaw Worm","floor":2,"turns":1},{"damage":0,"enemies":"Cultist","floor":3,"turns":1},{"damage":7,"enemies":"Looter","floor":4,"turns":5},{"damage":10,"enemies":"2 Fungi Beasts","floor":7,"turns":7},{"damage":19,"enemies":"Exordium Wildlife","floor":8,"turns":9},{"damage":32,"enemies":"Slime Boss","floor":16,"turns":25},{"damage":24,"enemies":"2 Thieves","floor":18,"turns":4},{"damage":12,"enemies":"Shell Parasite","floor":19,"turns":6},{"damage":15,"enemies":"Centurion and Healer","floor":22,"turns":6},{"damage":14,"enemies":"Snake Plant","floor":24,"turns":3},{"damage":9,"enemies":"Cultist and Chosen","floor":27,"turns":5},{"damage":17,"enemies":"Shelled Parasite and Fungi","floor":28,"turns":4},{"damage":12,"enemies":"Centurion and Healer","floor":30,"turns":6},{"damage":23,"enemies":"Champ","floor":33,"turns":7}],"seed_played":"8829462111753158740","potions_obtained":[{"floor":3,"key":"Ancient Potion"},{"floor":16,"key":"FearPotion"},{"floor":17,"key":"Fire Potion"},{"floor":22,"key":"hexamod:SoulburnPotion"},{"floor":24,"key":"champ:CounterPotion"},{"floor":30,"key":"Fire Potion"}],"is_trial":false,"path_per_floor":["M","M","M","M","$","R","M","M","T","?","R","M","?","?","R","B",null,"M","M","?","$","M","R","M","R","T","M","M","R","M","$","R","B"],"character_chosen":"THE_ANIMATOR","items_purchased":["Frozen Eye","animator:YunYun"],"campfire_rested":0,"item_purchase_floors":[21,31],"current_hp_per_floor":[66,66,66,61,61,61,57,43,43,43,43,43,39,39,39,13,73,55,49,43,43,34,34,26,26,26,23,12,12,9,9,9,0,0],"gold":866,"neow_bonus":"THREE_ENEMY_KILL","is_daily":false,"chose_seed":false,"campfire_upgraded":7,"win_rate":0.0,"timestamp":1612823573,"path_taken":["M","M","M","M","$","R","M","M","T","?","R","M","?","?","R","BOSS","M","M","?","$","?","R","M","R","T","M","?","R","M","$","R","BOSS"],"items_purchased_type":["Relic","Card"],"build_version":"2020-12-22","purchased_purges":0,"victory":false,"max_hp_per_floor":[66,66,66,66,66,66,67,67,67,67,67,67,67,67,67,67,73,73,73,73,73,73,73,73,73,73,73,73,73,73,73,73,73,73],"card_choices":[{"not_picked":["animator:Benimaru","animator:DolaCouronne"],"picked":"animator:Kazuma","floor":1},{"not_picked":["animator:Berserker","animator:Archer"],"picked":"animator:Chris","floor":2},{"not_picked":["animator:Assassin","animator:Berserker"],"picked":"animator:GazelDwargon","floor":3},{"not_picked":["animator:Kazuma","animator:Vanir"],"picked":"animator:Aqua","floor":4},{"not_picked":["animator:AcuraAkari","animator:ChaikaTrabant"],"picked":"animator:Vanir","floor":7},{"not_picked":["animator:Caster","animator:NarberalGamma"],"picked":"animator:TukaLunaMarceau","floor":8},{"not_picked":[],"picked":"animator:Wiz","floor":10},{"not_picked":["animator:Gilgamesh","animator:Shizu"],"picked":"animator:Saitama","floor":16},{"not_picked":["animator:Cocytus","animator:Verdia"],"picked":"animator:Darkness","floor":17},{"not_picked":["animator:Cocytus","animator:Vanir","animator:Archer"],"picked":"SKIP","floor":18},{"not_picked":["animator:Megumin","animator:Vanir"],"picked":"animator:Kazuma","floor":19},{"not_picked":["animator:Kuribayashi","animator:Saitama"],"picked":"animator:DolaCouronne+1","floor":22},{"not_picked":["animator:Guy","animator:Togame"],"picked":"animator:Verdia","floor":24},{"not_picked":["animator:Millim","animator:Shichika","animator:Archer"],"picked":"SKIP","floor":27},{"not_picked":["animator:Vanir","animator:Kazuma"],"picked":"animator:Aqua","floor":28},{"not_picked":["animator:SilverFang","animator:RoryMercury"],"picked":"animator:Aqua+1","floor":30}],"player_experience":124283,"relics_obtained":[{"floor":1,"key":"LetterFromLob"},{"floor":9,"key":"Boot"},{"floor":26,"key":"Paper Frog"}],"event_choices":[{"cards_removed":["animator:Wiz"],"damage_healed":0,"gold_gain":0,"player_choice":"Take \u0026 Give","damage_taken":0,"max_hp_gain":0,"max_hp_loss":0,"event_name":"betterNote:BetterNote","floor":14,"gold_loss":0,"cards_obtained":["animator:Megumin"]},{"damage_healed":0,"gold_gain":0,"player_choice":"","damage_taken":6,"max_hp_gain":0,"max_hp_loss":0,"event_name":"Knowing Skull","floor":20,"potions_obtained":[],"gold_loss":0,"cards_obtained":[]}],"is_beta":false,"boss_relics":[{"not_picked":["SlaversCollar","Velvet Choker"],"picked":"Tiny House"}],"items_purged_floors":[],"is_endless":false,"potions_floor_spawned":[3,16,22,24,30],"killed_by":"Champ","ascension_level":0}}