{"host":"z42sc0n2dozsmk72","time":1612758264,"event":{"mods":["AchievementEnabler","BaseMod","Better Third Choice","Colored Map","Curses Come First","Highlight Path","Minty Spire (QoL Compilation)","Permanent Neow","Quick Restart","Relic Stats","Shop Mod","StSLib","egg","slay the spire mod where everything is the same but ironclad has a cowboy hat"],"gold_per_floor":[161,175,175,175,192,192,208,208,208],"floor_reached":8,"language":"ENG","playtime":428,"items_purged":[],"score":58,"play_id":"6fa82689-e6f0-41cc-9928-9f525d080557","local_time":"20210208172424","is_ascension_mode":true,"campfire_choices":[{"data":"Fusion","floor":6,"key":"SMITH"}],"circlet_count":0,"master_deck":["Strike_B","Strike_B","Strike_B","Defend_B","Defend_B+1","Defend_B","Defend_B","Zap","Dualcast","Chill","Coolheaded","Fusion+1"],"relics":["Tiny House"],"acts_visited":["Exordium"],"potions_floor_usage":[7,8],"damage_taken":[{"damage":0,"enemies":"Jaw Worm","floor":1,"turns":5},{"damage":0,"enemies":"2 Louse","floor":2,"turns":4},{"damage":0,"enemies":"Small Slimes","floor":5,"turns":4},{"damage":13,"enemies":"3 Louse","floor":7,"turns":5},{"damage":101,"enemies":"Gremlin Nob","floor":8,"turns":6}],"seed_played":"-5576132321392970632","potions_obtained":[{"floor":0,"key":"BlessingOfTheForge"},{"floor":2,"key":"SpeedPotion"},{"floor":5,"key":"PowerPotion"}],"is_trial":false,"path_per_floor":["M","M","?","?","M","R","M","E"],"character_chosen":"DEFECT","items_purchased":[],"campfire_rested":0,"item_purchase_floors":[],"current_hp_per_floor":[80,80,85,78,78,78,65,0,0],"gold":208,"neow_bonus":"BOSS_RELIC","is_daily":false,"chose_seed":false,"campfire_upgraded":1,"win_rate":0.0,"timestamp":1612758264,"path_taken":["M","M","?","?","M","R","M","E"],"items_purchased_type":[],"build_version":"2020-12-22","purchased_purges":0,"victory":false,"max_hp_per_floor":[80,80,85,85,85,85,85,85,85],"relic_stats":{"counters":[5,24],"obtain_stats":[{"Tiny House":0,"Cracked Core":0},{"Tiny House":0,"Cracked Core":0},{"Tiny House":0,"Cracked Core":0}]},"card_choices":[{"not_picked":["Beam Cell","Skim"],"picked":"Chill","floor":0},{"not_picked":["Barrage","FTL","Leap"],"picked":"SKIP","floor":1},{"not_picked":["Rebound","White Noise"],"picked":"Coolheaded","floor":2},{"not_picked":["Rebound","Sweeping Beam"],"picked":"Fusion","floor":5},{"not_picked":["Steam","Reinforced Body","Force Field"],"picked":"SKIP","floor":7}],"player_experience":920173,"relics_obtained":[],"event_choices":[{"damage_healed":0,"gold_gain":0,"player_choice":"Donut","damage_taken":0,"max_hp_gain":5,"max_hp_loss":0,"event_name":"Big Fish","floor":3,"gold_loss":0},{"cards_removed":["Strike_B"],"damage_healed":0,"gold_gain":0,"player_choice":"Card Removal","damage_taken":7,"max_hp_gain":0,"max_hp_loss":0,"event_name":"Golden Wing","floor":4,"gold_loss":0}],"is_beta":false,"boss_relics":[],"items_purged_floors":[],"is_endless":false,"potions_floor_spawned":[2,5],"killed_by":"Gremlin Nob","ascension_level":4}}