{"host":"tubmkv2g6v9d0kjw","time":1612768909,"event":{"mods":["2.2 Compatiblity","BaseMod","Conspire","Downfall","Hubris","Minty Spire (QoL Compilation)","Spire Arcade","StSLib"],"gold_per_floor":[99,109,133,145,157,157,157,173,173,307,318,335,235,25,41,142,142,142,157,172,97,97,128,128,228,262,262,279,279,304,324,342,447,447,347,360,370,385,451,501,501,554,616,766,666,700,51,68,85,85,85,116,7,7,7,7,7,7],"floor_reached":56,"language":"ENG","playtime":3987,"items_purged":["Slimebound:Strike_Slimebound","Slimebound:Strike_Slimebound","hubris:Sloth","Slimebound:Defend_Slimebound"],"score":1042,"play_id":"56c46423-c295-4ca5-8540-2c9fb52c0a54","local_time":"20210208012149","is_ascension_mode":true,"campfire_choices":[{"data":"Slimebound:CorrosiveSpit","floor":1,"key":"SMITH"},{"data":"Slimebound:DouseInSlime","floor":13,"key":"SMITH"},{"data":"expansioncontent:DashGenerateEvil","floor":18,"key":"SMITH"},{"data":"Slimebound:DisruptingSlam","floor":27,"key":"SMITH"},{"floor":29,"key":"RECALL"},{"data":"Slimebound:WasteNot","floor":35,"key":"SMITH"},{"data":"Slimebound:TagTeam","floor":45,"key":"SMITH"},{"data":"Slimebound:LevelUp","floor":54,"key":"SMITH"}],"circlet_count":0,"master_deck":["Slimebound:Tackle","Slimebound:Defend_Slimebound","Slimebound:Defend_Slimebound","Slimebound:Defend_Slimebound","Slimebound:Split+1","Slimebound:CorrosiveSpit+1","Slimebound:RainOfGoop","Slimebound:LeechingTouch","Slimebound:GoopSpray","Slimebound:Nibble","Slimebound:LeechEnergy","Slimebound:DouseInSlime+1","Slimebound:SplitMire","Slimebound:MegaLick","Slimebound:AcidTongue","expansioncontent:DashGenerateEvil+1","Slimebound:FirmFortitude","Slimebound:LeechLife","Slimebound:ItLooksTasty+1","Slimebound:Recollect+1","Slimebound:SplitAcid","Slimebound:Prepare","Slimebound:DisruptingSlam+1","Slimebound:SplitLeeching+1","Slimebound:FormOfPuddle+1","Slimebound:WasteNot+1","Slimebound:HauntingLick+1","Slimebound:HauntingLick+1","Slimebound:LeadByExample+1","Slimebound:SlimeBrawl+1","hubris:DuctTapeCard","hubris:Greed","Normality","Slimebound:TagTeam+1","Slimebound:Repurpose","Slimebound:Gluttony","Slimebound:Equalize+1","Slimebound:LevelUp+1"],"relics":["Slimebound:AbsorbEndCombatUpgraded","Anchor","hubris:Icosahedron","Slimebound:MaxSlimesRelic","The Courier","downfall:HeartBlessingGreen","Blue Candle","hubris:PeanutButter","downfall:CloakOfManyFaces","CultistMask","FaceOfCleric","NlothsMask","GremlinMask","SsserpentHead","PreservedInsect","MealTicket","Philosopher\u0027s Stone","downfall:HeartBlessingRed","conspire:DeflatedDodgeball","downfall:ExtraCursedBell","Smiling Mask","Unceasing Top","hubris:DuctTape","downfall:HeartBlessingBlue","hubris:TenFootPole","Sling","Bag of Preparation","Ginger","Slimebound:AggressiveSlimeRelic","Kunai"],"acts_visited":["Exordium","TheCity","TheBeyond","TheEnding"],"potions_floor_usage":[10,23,23,30,50,56,56],"damage_taken":[{"damage":1,"enemies":"Cultist","floor":2,"turns":4},{"damage":0,"enemies":"Small Slimes","floor":4,"turns":2},{"damage":0,"enemies":"2 Louse","floor":5,"turns":2},{"damage":0,"enemies":"Exordium Thugs","floor":8,"turns":4},{"damage":7,"enemies":"Gremlin Nob","floor":10,"turns":4},{"damage":1,"enemies":"Blue Slaver","floor":11,"turns":4},{"damage":6,"enemies":"Lots of Slimes","floor":12,"turns":3},{"damage":0,"enemies":"downfall:FleeingMerchant","floor":14,"turns":4},{"damage":0,"enemies":"Red Slaver","floor":15,"turns":1},{"damage":5,"enemies":"WA_ARCHETYPE_RETAIN","floor":16,"turns":6},{"damage":4,"enemies":"Spheric Guardian","floor":19,"turns":4},{"damage":0,"enemies":"Chosen","floor":20,"turns":3},{"damage":0,"enemies":"downfall:FleeingMerchant","floor":21,"turns":4},{"damage":54,"enemies":"Slavers","floor":23,"turns":6},{"damage":0,"enemies":"downfall:FaceTrader","floor":25,"turns":6},{"damage":0,"enemies":"Book of Stabbing","floor":26,"turns":4},{"damage":0,"enemies":"Shelled Parasite and Fungi","floor":28,"turns":4},{"damage":7,"enemies":"Gremlin Leader","floor":30,"turns":3},{"damage":0,"enemies":"Snake Plant","floor":31,"turns":3},{"damage":0,"enemies":"Chosen and Byrds","floor":32,"turns":4},{"damage":28,"enemies":"IC_MUSHROOM_ARCHETYPE","floor":33,"turns":8},{"damage":0,"enemies":"3 Darklings","floor":36,"turns":4},{"damage":4,"enemies":"3 Shapes","floor":37,"turns":4},{"damage":7,"enemies":"Jaw Worm Horde","floor":38,"turns":4},{"damage":13,"enemies":"Transient","floor":39,"turns":5},{"damage":17,"enemies":"downfall:FleeingMerchant","floor":42,"turns":4},{"damage":0,"enemies":"Writhing Mass","floor":43,"turns":5},{"damage":38,"enemies":"Giant Head","floor":46,"turns":7},{"damage":0,"enemies":"Maw","floor":48,"turns":5},{"damage":0,"enemies":"4 Shapes","floor":49,"turns":3},{"damage":64,"enemies":"DF_ARCHETYPE_ORBS","floor":50,"turns":6},{"damage":19,"enemies":"downfall:CharBossMerchant","floor":52,"turns":6},{"damage":38,"enemies":"downfall:NeowBoss","floor":55,"turns":13},{"damage":148,"enemies":"downfall:NeowBossFinal","floor":56,"turns":9}],"seed_played":"-1834157215512350949","potions_obtained":[{"floor":2,"key":"Block Potion"},{"floor":11,"key":"Explosive Potion"},{"floor":15,"key":"conspire:TimeTravelPotion"},{"floor":20,"key":"Regen Potion"},{"floor":25,"key":"Explosive Potion"},{"floor":26,"key":"Strength Potion"},{"floor":32,"key":"Slimebound:SpawnSlimePotion"},{"floor":52,"key":"hexamod:SoulburnPotion"}],"is_trial":false,"path_per_floor":["R","M","T","M","M","?","T","M","?","E","M","M","R","$","M","B",null,"R","M","M","$","?","E","T","?","E","R","M","R","E","M","M","B",null,"R","M","M","M","M","T","T","$","M","?","R","E","$","M","M","B",null,"E","$","R","B","B"],"character_chosen":"SLIMEBOUND","items_purchased":["Slimebound:AcidTongue","expansioncontent:DashGenerateEvil","conspire:DeflatedDodgeball","Sling","Slimebound:Repurpose","Bag of Preparation","Ginger","Slimebound:AggressiveSlimeRelic","Slimebound:LevelUp"],"campfire_rested":0,"item_purchase_floors":[14,14,42,47,47,47,47,47,53],"current_hp_per_floor":[65,64,64,65,65,65,65,65,65,62,64,65,65,65,65,64,65,65,64,65,65,65,59,59,65,66,66,67,67,64,69,70,52,71,71,72,73,74,65,65,65,65,77,82,92,58,73,89,95,48,96,84,97,97,74,0,0,0],"gold":7,"neow_bonus":"UPGRADE_CARD","is_daily":false,"chose_seed":false,"campfire_upgraded":7,"win_rate":0.0,"timestamp":1612768909,"path_taken":["R","M","?","M","M","?","T","M","?","E","M","M","R","$","M","BOSS","R","M","M","$","?","E","T","?","E","R","M","R","E","M","M","BOSS","R","M","M","M","?","?","T","$","?","?","R","E","?","M","M","BOSS","E","$","R","BOSS","BOSS"],"items_purchased_type":["Card","Card","Relic","Relic","Card","Relic","Relic","Relic","Card"],"build_version":"2020-12-22","purchased_purges":4,"victory":false,"max_hp_per_floor":[65,65,65,65,65,65,65,65,65,65,65,65,65,65,65,65,65,65,65,65,65,65,65,65,65,66,66,67,67,68,69,70,71,71,71,72,73,74,75,75,75,76,77,82,92,93,93,94,95,96,96,97,97,97,98,98,98,98],"card_choices":[{"not_picked":["Slimebound:Schlurp","Slimebound:SplitAcid"],"picked":"Slimebound:RainOfGoop","floor":2},{"not_picked":["Slimebound:SlimeSpikes","Slimebound:RollThrough"],"picked":"Slimebound:LeechingTouch","floor":4},{"not_picked":["Slimebound:SlimeBarrage","Slimebound:DivideAndConquer"],"picked":"Slimebound:GoopSpray","floor":5},{"not_picked":["Slimebound:RainOfGoop","Slimebound:Replication","Slimebound:SlimeBrawl"],"picked":"SKIP","floor":8},{"not_picked":["Slimebound:SlimeSpikes","Slimebound:PressTheAttack"],"picked":"Slimebound:LeechEnergy","floor":10},{"not_picked":["Slimebound:LeechEnergy","Slimebound:SamplingLick"],"picked":"Slimebound:DouseInSlime","floor":11},{"not_picked":["Slimebound:PressTheAttack","Slimebound:LivingWall"],"picked":"Slimebound:SplitMire","floor":12},{"not_picked":["Slimebound:SplitMire","Slimebound:SamplingLick"],"picked":"Slimebound:MegaLick","floor":14},{"not_picked":["Slimebound:HauntingLick","Slimebound:LivingWall"],"picked":"Slimebound:FirmFortitude","floor":15},{"not_picked":["Slimebound:DouseInSlime","Slimebound:CheckThePlaybook"],"picked":"Slimebound:LeechLife","floor":16},{"not_picked":["Slimebound:Chomp+1","Slimebound:LivingWall","Slimebound:SplitBruiser"],"picked":"SKIP","floor":19},{"not_picked":["Slimebound:Grow","Slimebound:HauntingLick"],"picked":"Slimebound:ItLooksTasty+1","floor":20},{"not_picked":["Slimebound:SamplingLick","Slimebound:LeechingTouch+1"],"picked":"Slimebound:Recollect+1","floor":21},{"not_picked":["Slimebound:RollThrough+1","Slimebound:Chomp"],"picked":"Slimebound:SplitAcid","floor":23},{"not_picked":["Slimebound:ForwardTackle","Slimebound:SlimeBrawl"],"picked":"Slimebound:Prepare","floor":25},{"not_picked":["Slimebound:Recollect+1","Slimebound:GoopTackle"],"picked":"Slimebound:DisruptingSlam","floor":26},{"not_picked":["Slimebound:Prepare+1","Slimebound:LivingWall+1","Slimebound:DivideAndConquer"],"picked":"SKIP","floor":28},{"not_picked":["Slimebound:LivingWall","Slimebound:Teamwork"],"picked":"Slimebound:SplitLeeching+1","floor":30},{"not_picked":["Slimebound:RejuvenatingLick","Slimebound:FlameTackle+1"],"picked":"Slimebound:FormOfPuddle+1","floor":31},{"not_picked":["Slimebound:SlimeBrawl","Slimebound:BestDefense+1","Slimebound:RejuvenatingLick"],"picked":"SKIP","floor":32},{"not_picked":["Slimebound:DouseInSlime","Slimebound:DuplicatedForm"],"picked":"Slimebound:WasteNot","floor":33},{"not_picked":["Slimebound:LeechingTouch","Slimebound:AcidTongue","Slimebound:ComboTackle+1"],"picked":"SKIP","floor":36},{"not_picked":["Slimebound:ProtectTheBoss+1","Slimebound:BestDefense"],"picked":"Slimebound:HauntingLick+1","floor":37},{"not_picked":["Slimebound:SplitMire","Slimebound:SlimeSpikes+1","Slimebound:LeechEnergy"],"picked":"SKIP","floor":38},{"not_picked":["Slimebound:SplitBruiser","Slimebound:ItLooksTasty+1"],"picked":"Slimebound:HauntingLick+1","floor":39},{"not_picked":["Slimebound:FinishingTackle+1","Slimebound:MassFeed"],"picked":"Slimebound:LeadByExample+1","floor":42},{"not_picked":["Slimebound:FlameTackle+1","Slimebound:HauntingLick"],"picked":"Slimebound:SlimeBrawl+1","floor":43},{"not_picked":["Slimebound:Schlurp+1","Slimebound:AcidTongue","Slimebound:GoopTackle"],"picked":"SKIP","floor":46},{"not_picked":["Slimebound:GoopTackle+1","Slimebound:ViciousTackle","Slimebound:ProtectTheBoss+1"],"picked":"SKIP","floor":48},{"not_picked":["Slimebound:DisruptingSlam+1","Slimebound:HauntingLick+1"],"picked":"Slimebound:Gluttony","floor":49},{"not_picked":["Slimebound:ServeAndProtect+1","Slimebound:DisruptingSlam+1"],"picked":"Slimebound:Equalize+1","floor":52}],"player_experience":533048,"relics_obtained":[{"floor":3,"key":"Anchor"},{"floor":7,"key":"Slimebound:MaxSlimesRelic"},{"floor":10,"key":"The Courier"},{"floor":23,"key":"Blue Candle"},{"floor":24,"key":"hubris:PeanutButter"},{"floor":25,"key":"downfall:CloakOfManyFaces"},{"floor":26,"key":"PreservedInsect"},{"floor":30,"key":"MealTicket"},{"floor":44,"key":"Smiling Mask"},{"floor":44,"key":"Unceasing Top"},{"floor":44,"key":"hubris:DuctTape"},{"floor":46,"key":"hubris:TenFootPole"},{"floor":52,"key":"Kunai"}],"event_choices":[{"damage_healed":0,"gold_gain":0,"player_choice":"Ignored","damage_taken":0,"max_hp_gain":0,"max_hp_loss":0,"event_name":"Vampires","floor":22,"gold_loss":0}],"is_beta":false,"boss_relics":[{"not_picked":["Slimebound:TarBlob","hubris:ScarierMask"],"picked":"Slimebound:AbsorbEndCombatUpgraded"},{"not_picked":["hubris:BlackHole","conspire:RunicOctahedron"],"picked":"Philosopher\u0027s Stone"}],"items_purged_floors":[21,42,47,53],"is_endless":false,"potions_floor_spawned":[2,11,15,20,25,26,28,32,38,39,46,48,52],"killed_by":"downfall:NeowBossFinal","ascension_level":4}}