{"host":"tubmkv2g6v9d0kjw","time":1612764894,"event":{"mods":["2.2 Compatiblity","BaseMod","Conspire","Downfall","Hubris","Minty Spire (QoL Compilation)","Spire Arcade","StSLib"],"gold_per_floor":[0,18,18,35,55,55,55,72,72,72,126,126,139,152,168,168,168,168],"floor_reached":16,"language":"ENG","playtime":808,"items_purged":[],"score":109,"play_id":"b9feef95-1075-40c0-ad8a-b8ac4a165798","local_time":"20210208001454","is_ascension_mode":true,"campfire_choices":[{"data":"sneckomod:TailWhip","floor":1.0,"key":"SMITH"},{"data":"hubris:Counter","floor":9.0,"key":"SMITH"},{"data":"sneckomod:UnknownUncommonAttack","floor":12.0,"key":"SMITH"}],"circlet_count":0,"master_deck":["sneckomod:Defend","sneckomod:TailWhip+1","sneckomod:SnekBite","sneckomod:Unknown","sneckomod:Unknown","sneckomod:UnendingSupply","sneckomod:UnknownDraw","downfall:Malfunctioning","sneckomod:UnknownUncommonAttack+1","sneckomod:TrashToTreasure","sneckomod:UnknownDraw","hubris:Counter+1","sneckomod:UnknownX","sneckomod:DiceCrush","sneckomod:SoulDraw","sneckomod:UnknownCommonSkill","sneckomod:RainOfDice"],"relics":["sneckomod:SneckoSoul","hubris:PeanutButter","Bag of Marbles","Shuriken"],"acts_visited":["Exordium"],"potions_floor_usage":[],"damage_taken":[{"damage":0.0,"enemies":"Small Slimes","floor":2.0,"turns":4.0},{"damage":4.0,"enemies":"conspire:RoseBush","floor":4.0,"turns":2.0},{"damage":4.0,"enemies":"Cultist","floor":5.0,"turns":3.0},{"damage":9.0,"enemies":"3 Louse","floor":8.0,"turns":2.0},{"damage":1.0,"enemies":"3 Sentries","floor":11.0,"turns":6.0},{"damage":19.0,"enemies":"Gremlin Gang","floor":13.0,"turns":6.0},{"damage":4.0,"enemies":"Blue Slaver","floor":14.0,"turns":2.0},{"damage":1.0,"enemies":"Gremlin Gang","floor":15.0,"turns":4.0},{"damage":63,"enemies":"DF_ARCHETYPE_STREAMLINE","floor":16,"turns":9}],"seed_played":"2952351116404237917","potions_obtained":[{"floor":4.0,"key":"Dexterity Potion"},{"floor":8.0,"key":"ColorlessPotion"},{"floor":11.0,"key":"LiquidMemories"}],"is_trial":false,"path_per_floor":["R","M","?","M","M","R","T","M","R","T","E","R","M","M","M","B"],"character_chosen":"THE_SNECKO","items_purchased":[],"campfire_rested":0,"item_purchase_floors":[],"current_hp_per_floor":[90,90,90,86,82,82,82,73,73,73,72,72,53,49,48,0,0,0],"gold":168,"neow_bonus":"REMOVE_TWO","is_daily":false,"chose_seed":false,"campfire_upgraded":3,"win_rate":0.0,"timestamp":1612764894,"path_taken":["R","M","?","M","M","R","T","?","R","?","E","R","M","M","M","BOSS"],"items_purchased_type":[],"build_version":"2020-12-22","purchased_purges":0,"victory":false,"max_hp_per_floor":[90,90,90,90,90,90,90,90,90,90,90,90,90,90,90,90,90,90],"card_choices":[{"not_picked":["sneckomod:DiceBlock","sneckomod:UnknownExhaust"],"picked":"sneckomod:Unknown2Cost","floor":2.0},{"not_picked":["sneckomod:CheapStock","sneckomod:WideSting"],"picked":"sneckomod:TrashToTreasure","floor":4.0},{"not_picked":["sneckomod:DiceCrush","sneckomod:UnknownBlock"],"picked":"sneckomod:UnknownDraw","floor":5.0},{"not_picked":["sneckomod:SoulCleanse","sneckomod:TrashToTreasure"],"picked":"sneckomod:UnknownX","floor":8.0},{"not_picked":["sneckomod:Unknown3Cost","sneckomod:SoulRoll"],"picked":"sneckomod:DiceCrush","floor":11.0},{"not_picked":["sneckomod:UnknownUncommonAttack","sneckomod:SoulRoll"],"picked":"sneckomod:SoulDraw","floor":13.0},{"not_picked":["sneckomod:UnknownUncommonAttack","sneckomod:CheapStock"],"picked":"sneckomod:UnknownCommonSkill","floor":14.0},{"not_picked":["sneckomod:UnknownCommonSkill","sneckomod:SerpentIdol"],"picked":"sneckomod:RainOfDice","floor":15.0}],"player_experience":532240,"relics_obtained":[{"floor":7.0,"key":"hubris:PeanutButter"},{"floor":10.0,"key":"Bag of Marbles"},{"floor":11.0,"key":"Shuriken"}],"event_choices":[],"is_beta":false,"boss_relics":[],"items_purged_floors":[],"is_endless":false,"potions_floor_spawned":[4,8,11],"killed_by":"DF_ARCHETYPE_STREAMLINE","ascension_level":1}}