{"host":"d744ndivyohnro60","time":1612762039,"event":{"mods":["BaseMod","Bestiary","Colored Powertips","Minty Spire (QoL Compilation)","Relic Stats"],"gold_per_floor":[119,132,132,142,152,180,180,195,195,211,211,222,252,271,271,271,271],"floor_reached":16,"language":"ENG","playtime":721,"items_purged":[],"score":145,"play_id":"b747dcc2-5617-4794-ad52-29af45020043","local_time":"20210208002719","is_ascension_mode":true,"campfire_choices":[{"floor":11,"key":"REST"},{"floor":15,"key":"REST"}],"circlet_count":0,"master_deck":["Strike_B","Strike_B","Strike_B","Strike_B","Defend_B","Defend_B","Defend_B","Defend_B","Zap","Dualcast","Stack+1","Reprogram","Sunder","Streamline","Gash","Hologram","Go for the Eyes","Gash","Steam","Go for the Eyes"],"relics":["Philosopher\u0027s Stone","Art of War","Question Card","Singing Bowl"],"acts_visited":["Exordium"],"potions_floor_usage":[6,14],"damage_taken":[{"damage":0,"enemies":"Small Slimes","floor":1,"turns":3},{"damage":4,"enemies":"2 Louse","floor":2,"turns":2},{"damage":8,"enemies":"Jaw Worm","floor":4,"turns":4},{"damage":6,"enemies":"Lots of Slimes","floor":5,"turns":3},{"damage":16,"enemies":"3 Sentries","floor":6,"turns":5},{"damage":10,"enemies":"3 Louse","floor":8,"turns":3},{"damage":4,"enemies":"Blue Slaver","floor":10,"turns":3},{"damage":24,"enemies":"Exordium Wildlife","floor":12,"turns":4},{"damage":14,"enemies":"Lagavulin","floor":13,"turns":5},{"damage":18,"enemies":"Gremlin Gang","floor":14,"turns":4},{"damage":53,"enemies":"Slime Boss","floor":16,"turns":8}],"seed_played":"4318148687067370736","potions_obtained":[{"floor":1,"key":"FocusPotion"},{"floor":5,"key":"AttackPotion"},{"floor":6,"key":"FairyPotion"}],"is_trial":false,"path_per_floor":["M","M","?","M","M","E","?","M","T","M","R","M","E","M","R","B"],"character_chosen":"DEFECT","items_purchased":[],"campfire_rested":2,"item_purchase_floors":[],"current_hp_per_floor":[75,71,71,63,57,41,46,36,36,32,56,32,18,24,48,0,0],"gold":271,"neow_bonus":"BOSS_RELIC","is_daily":false,"chose_seed":false,"campfire_upgraded":0,"win_rate":0.0,"timestamp":1612762039,"path_taken":["M","M","?","M","M","E","?","M","T","M","R","M","E","M","R","BOSS"],"items_purchased_type":[],"build_version":"2020-12-22","purchased_purges":0,"victory":false,"max_hp_per_floor":[75,75,75,75,75,75,80,80,80,80,80,80,80,80,80,80,80],"relic_stats":{"Singing Bowl":0,"counters":[11,44],"Art of War":[3],"Question Card":4,"obtain_stats":[{"Singing Bowl":13,"Philosopher\u0027s Stone":0,"Art of War":6,"Cracked Core":0,"Question Card":9},{"Singing Bowl":9,"Philosopher\u0027s Stone":0,"Art of War":5,"Cracked Core":0,"Question Card":6},{"Singing Bowl":32,"Philosopher\u0027s Stone":0,"Art of War":17,"Cracked Core":0,"Question Card":20}]},"card_choices":[{"not_picked":["Compile Driver","Storm"],"picked":"Stack","floor":1},{"not_picked":["Barrage","Coolheaded"],"picked":"Reprogram","floor":2},{"not_picked":["Ball Lightning","Capacitor"],"picked":"Sunder","floor":4},{"not_picked":["Go for the Eyes","Lockon"],"picked":"Streamline","floor":5},{"not_picked":["Doom and Gloom","Force Field"],"picked":"Gash","floor":6},{"not_picked":["Loop","Ball Lightning"],"picked":"Hologram","floor":8},{"not_picked":["Coolheaded","Conserve Battery","Hologram"],"picked":"Go for the Eyes","floor":10},{"not_picked":["Biased Cognition","Reinforced Body","Ball Lightning"],"picked":"Gash","floor":12},{"not_picked":["White Noise","Storm","Self Repair"],"picked":"Steam","floor":13},{"not_picked":["Ball Lightning","Barrage","Stack"],"picked":"Go for the Eyes","floor":14}],"player_experience":216882,"relics_obtained":[{"floor":6,"key":"Art of War"},{"floor":9,"key":"Question Card"},{"floor":13,"key":"Singing Bowl"}],"event_choices":[{"damage_healed":0,"gold_gain":0,"player_choice":"Grow","damage_taken":0,"max_hp_gain":0,"max_hp_loss":0,"event_name":"Living Wall","floor":3,"gold_loss":0,"cards_upgraded":["Stack"]},{"damage_healed":0,"gold_gain":0,"player_choice":"Donut","damage_taken":0,"max_hp_gain":5,"max_hp_loss":0,"event_name":"Big Fish","floor":7,"gold_loss":0}],"is_beta":false,"boss_relics":[],"items_purged_floors":[],"is_endless":false,"potions_floor_spawned":[1,5,6],"killed_by":"Slime Boss","ascension_level":5}}