{"host":"08t08ld674si40tv","time":1612784191,"event":{"mods":["AchievementEnabler","BaseMod","Colored Map","Minty Spire (QoL Compilation)","StSLib","SuperFastMode"],"gold_per_floor":[112,132,132,146,19,46,46,61,86,113,113,133,150,160,160,232,232,250,270,12,30,80,80,80],"floor_reached":23,"language":"KOR","playtime":669,"items_purged":["Defend_R","Strike_R"],"score":535,"play_id":"13d2e1f2-2159-44d7-8b03-3af88b23ef4c","local_time":"20210208203631","is_ascension_mode":true,"campfire_choices":[{"data":"Armaments","floor":7,"key":"SMITH"},{"floor":11,"key":"REST"},{"data":"Offering","floor":15,"key":"SMITH"}],"circlet_count":0,"master_deck":["AscendersBane","Strike_R","Strike_R","Strike_R","Defend_R","Defend_R","Defend_R","Bash","Offering+1","Armaments+1","Feed","Shrug It Off","Entrench","Pommel Strike","Seeing Red","Double Tap","Shrug It Off"],"relics":["Burning Blood","Paper Crane","Paper Frog","Champion Belt","Ancient Tea Set","Bag of Preparation","MealTicket","SlaversCollar","Omamori"],"acts_visited":["Exordium","TheCity"],"potions_floor_usage":[6,12,16,16,23],"damage_taken":[{"damage":0,"enemies":"2 Louse","floor":1,"turns":3},{"damage":7,"enemies":"Cultist","floor":2,"turns":4},{"damage":8,"enemies":"Jaw Worm","floor":4,"turns":3},{"damage":12,"enemies":"Gremlin Nob","floor":6,"turns":3},{"damage":20,"enemies":"Lots of Slimes","floor":8,"turns":6},{"damage":45,"enemies":"Lagavulin","floor":10,"turns":10},{"damage":1,"enemies":"2 Fungi Beasts","floor":12,"turns":3},{"damage":7,"enemies":"Looter","floor":13,"turns":2},{"damage":12,"enemies":"Exordium Wildlife","floor":14,"turns":4},{"damage":6,"enemies":"Slime Boss","floor":16,"turns":2},{"damage":41,"enemies":"Spheric Guardian","floor":18,"turns":10},{"damage":6,"enemies":"Chosen","floor":19,"turns":3},{"damage":68,"enemies":"Snecko","floor":21,"turns":10},{"damage":17,"enemies":"Gremlin Leader","floor":23,"turns":3}],"seed_played":"-6328967454595264502","potions_obtained":[{"floor":2,"key":"SkillPotion"},{"floor":8,"key":"LiquidBronze"},{"floor":10,"key":"Strength Potion"},{"floor":12,"key":"AttackPotion"},{"floor":13,"key":"Energy Potion"},{"floor":21,"key":"SpeedPotion"}],"is_trial":false,"path_per_floor":["M","M","?","M","$","E","R","M","T","E","R","M","M","M","R","B",null,"M","M","$","M","?","E"],"character_chosen":"IRONCLAD","items_purchased":["Shrug It Off","Omamori"],"campfire_rested":1,"item_purchase_floors":[5,20],"current_hp_per_floor":[74,73,73,74,74,68,68,57,57,18,42,50,53,50,50,54,85,54,54,69,7,7,0,0],"gold":80,"neow_bonus":"ONE_RANDOM_RARE_CARD","is_daily":false,"chose_seed":false,"campfire_upgraded":2,"win_rate":0.0,"timestamp":1612784191,"path_taken":["M","M","?","M","$","E","R","M","T","E","R","M","M","?","R","BOSS","M","M","$","M","?","E"],"items_purchased_type":["Card","Relic"],"build_version":"2020-12-22","purchased_purges":2,"victory":false,"max_hp_per_floor":[75,75,75,78,78,78,78,81,81,81,81,84,88,91,91,95,95,99,99,99,99,99,99,99],"card_choices":[{"not_picked":["Anger","Infernal Blade"],"picked":"Armaments","floor":1},{"not_picked":["Clash","Anger","Armaments"],"picked":"SKIP","floor":2},{"not_picked":["True Grit","Rampage","Reckless Charge"],"picked":"SKIP","floor":4},{"not_picked":["Intimidate","Juggernaut"],"picked":"Entrench","floor":6},{"not_picked":["Armaments","Iron Wave","Flex"],"picked":"SKIP","floor":8},{"not_picked":["Feed","True Grit"],"picked":"Pommel Strike","floor":10},{"not_picked":["Perfected Strike","Headbutt","Heavy Blade"],"picked":"SKIP","floor":12},{"not_picked":["Thunderclap","Searing Blow","Flex"],"picked":"SKIP","floor":13},{"not_picked":["Flame Barrier","Flex"],"picked":"Seeing Red","floor":14},{"not_picked":["Reaper","Limit Break"],"picked":"Double Tap","floor":16},{"not_picked":["True Grit","Ghostly Armor"],"picked":"Shrug It Off","floor":18},{"not_picked":["Havoc","Ghostly Armor","Pommel Strike"],"picked":"SKIP","floor":19},{"not_picked":["Heavy Blade+1","Clash+1","Pommel Strike"],"picked":"SKIP","floor":21}],"player_experience":298635,"relics_obtained":[{"floor":6,"key":"Ancient Tea Set"},{"floor":9,"key":"Bag of Preparation"},{"floor":10,"key":"MealTicket"}],"event_choices":[{"damage_healed":0,"gold_gain":0,"cards_transformed":["Strike_R"],"player_choice":"Transformed","damage_taken":0,"max_hp_gain":0,"max_hp_loss":0,"event_name":"Transmorgrifier","floor":3,"gold_loss":0,"cards_obtained":["Feed"]},{"damage_healed":0,"gold_gain":50,"player_choice":"Pray","damage_taken":0,"max_hp_gain":0,"max_hp_loss":0,"event_name":"Golden Shrine","floor":22,"gold_loss":0}],"is_beta":false,"boss_relics":[{"not_picked":["Calling Bell","Runic Pyramid"],"picked":"SlaversCollar"}],"items_purged_floors":[5,20],"is_endless":false,"potions_floor_spawned":[2,8,10,12,13,21],"killed_by":"Gremlin Leader","ascension_level":20}}