{"host":"mychigd5o98hbqtx","time":1612789715,"event":{"mods":["2.2 Compatiblity","Act Like it!","Aspiration","BaseMod","Better Sensory Stone","Better Third Choice","BetterRewards","Block Reminder","Bossed Relics","Dota2Spire","Fox Events","Friendly Minions","GifTheSpireLib","Jedi Mod","Minty Spire (QoL Compilation)","Pale of the Ancients","Reliquary","Replay The Spire","StSLib","SuperFastMode","TheWitcher","Wandering Minibosses"],"gold_per_floor":[112,112,171,17,35,49,14,14],"floor_reached":7,"language":"RUS","playtime":476,"items_purged":[],"score":41,"play_id":"65d0f26d-383c-47bf-b114-c352621d0843","local_time":"20210208160835","is_ascension_mode":false,"campfire_choices":[],"circlet_count":1,"master_deck":["SnafuTest:DefaultCommonAttack","SnafuTest:DefaultCommonAttack","SnafuTest:DefaultCommonAttack","SnafuTest:BountyHunt","SnafuTest:DefaultCommonSkill","SnafuTest:DefaultCommonSkill+1","SnafuTest:DefaultCommonSkill+1","SnafuTest:SignIgni","SnafuTest:SpellIncendiaryShower"],"relics":["SnafuTest:UnstableMutagenRelic","NeowsBlessing","aspiration:SeaSaltIceCream","Circlet","Juzu Bracelet"],"acts_visited":["Exordium"],"potions_floor_usage":[],"damage_taken":[{"damage":0,"enemies":"Small Slimes","floor":1,"turns":1},{"damage":0,"enemies":"2 Louse","floor":5,"turns":1},{"damage":0,"enemies":"Jaw Worm","floor":6,"turns":1},{"damage":77,"enemies":"Lagavulin","floor":7,"turns":10}],"seed_played":"7657217126308641257","potions_obtained":[{"floor":3,"key":"DuplicationPotion"}],"is_trial":false,"path_per_floor":["M","?","?","$","M","M","E"],"character_chosen":"THE_WITCHER","items_purchased":["Juzu Bracelet"],"campfire_rested":0,"item_purchase_floors":[4],"current_hp_per_floor":[75,75,75,75,75,75,0,0],"gold":14,"neow_bonus":"THREE_ENEMY_KILL","is_daily":false,"chose_seed":false,"campfire_upgraded":0,"win_rate":0.0,"timestamp":1612789715,"path_taken":["M","?","?","$","M","M","E"],"items_purchased_type":["Relic"],"build_version":"2020-12-22","purchased_purges":0,"victory":false,"max_hp_per_floor":[75,75,75,75,75,75,75,75],"card_choices":[{"not_picked":["SnafuTest:PayBank","SnafuTest:PowerVainGlory"],"picked":"SnafuTest:PaySmithWorkshop","floor":1},{"not_picked":["SnafuTest:FullCover","SnafuTest:SwordDance"],"picked":"SnafuTest:SpellIncendiaryShower","floor":3},{"not_picked":["SnafuTest:Shooting","SnafuTest:BloodForBlood"],"picked":"SnafuTest:PaySmithWorkshop","floor":5},{"not_picked":["SnafuTest:ScholarsIntrigue","SnafuTest:CareTaker","SnafuTest:SpellHellfire"],"picked":"SKIP","floor":6}],"player_experience":171218,"relics_obtained":[{"floor":3,"key":"aspiration:SeaSaltIceCream"}],"event_choices":[{"damage_healed":0,"gold_gain":0,"player_choice":"Grow","damage_taken":0,"max_hp_gain":0,"max_hp_loss":0,"event_name":"Living Wall","floor":2,"gold_loss":0,"cards_upgraded":["SnafuTest:PaySmithWorkshop"]}],"is_beta":false,"boss_relics":[],"items_purged_floors":[],"is_endless":false,"potions_floor_spawned":[],"killed_by":"Lagavulin","ascension_level":0}}