{"host":"qxeepl7ydvsgmfdb","time":1612773586,"event":{"mods":["AchievementEnabler","BaseMod","Colored Powertips","Minty Spire (QoL Compilation)","Quick Restart","slay the spire mod where everything is the same but ironclad has a cowboy hat"],"gold_per_floor":[113,127,103,103,103,103,134,434,460,153,167,184,215,229,229,325,325,343,303,317,337,337,337],"floor_reached":22,"language":"ENG","playtime":584,"items_purged":[],"score":276,"play_id":"b13ae2b2-2063-4be7-b87b-2ad39073fdaa","local_time":"20210208033946","is_ascension_mode":true,"campfire_choices":[{"data":"Redo","floor":6.0,"key":"SMITH"},{"floor":15.0,"key":"REST"}],"circlet_count":0,"master_deck":["Strike_B","Strike_B","Strike_B","Defend_B","Defend_B","Defend_B","Defend_B","Zap+1","Dualcast","Redo","Cold Snap","Redo+1","Darkness","Darkness","Capacitor","Conserve Battery","White Noise","Electrodynamics","Cold Snap+1","Fusion"],"relics":["Cracked Core","NeowsBlessing","Gambling Chip","Old Coin","Nunchaku","Ginger","Potion Belt","Nuclear Battery"],"acts_visited":["Exordium","TheCity"],"potions_floor_usage":[22,22],"damage_taken":[{"damage":0.0,"enemies":"Small Slimes","floor":1.0,"turns":1.0},{"damage":0.0,"enemies":"Jaw Worm","floor":2.0,"turns":1.0},{"damage":0.0,"enemies":"3 Sentries","floor":7.0,"turns":1.0},{"damage":14.0,"enemies":"2 Louse","floor":11.0,"turns":2.0},{"damage":10.0,"enemies":"Lots of Slimes","floor":12.0,"turns":4.0},{"damage":20.0,"enemies":"Lagavulin","floor":13.0,"turns":5.0},{"damage":4.0,"enemies":"Looter","floor":14.0,"turns":3.0},{"damage":13.0,"enemies":"The Guardian","floor":16.0,"turns":10.0},{"damage":11.0,"enemies":"3 Byrds","floor":18.0,"turns":3.0},{"damage":4.0,"enemies":"Spheric Guardian","floor":20.0,"turns":3.0},{"damage":37.0,"enemies":"Snecko","floor":21.0,"turns":5.0},{"damage":7,"enemies":"Centurion and Healer","floor":22,"turns":1}],"seed_played":"4454130322001728286","potions_obtained":[{"floor":2.0,"key":"ColorlessPotion"},{"floor":12.0,"key":"FocusPotion"},{"floor":13.0,"key":"Block Potion"},{"floor":16.0,"key":"EssenceOfDarkness"},{"floor":18.0,"key":"FearPotion"},{"floor":19.0,"key":"AttackPotion"},{"floor":19.0,"key":"Fire Potion"},{"floor":19.0,"key":"Dexterity Potion"},{"floor":21.0,"key":"LiquidBronze"}],"is_trial":false,"path_per_floor":["M","M","$","?","?","R","E","?","T","$","M","M","E","M","R","B",null,"M","?","M","M","M"],"character_chosen":"DEFECT","items_purchased":["Redo","Ginger"],"campfire_rested":1,"item_purchase_floors":[3,10],"current_hp_per_floor":[75,75,75,68,68,68,68,50,50,50,36,26,6,2,24,11,59,48,48,44,7,0,0],"gold":337,"neow_bonus":"THREE_ENEMY_KILL","is_daily":false,"chose_seed":false,"campfire_upgraded":1,"win_rate":0.0,"timestamp":1612773586,"path_taken":["M","M","$","?","?","R","E","?","T","?","?","M","E","M","R","BOSS","M","?","?","M","M"],"items_purchased_type":["Card","Relic"],"build_version":"2020-12-22","purchased_purges":0,"victory":false,"max_hp_per_floor":[75,75,75,75,75,75,75,75,75,75,75,75,75,75,75,75,75,75,75,75,75,75,75],"card_choices":[{"not_picked":["Blizzard","Beam Cell"],"picked":"Redo","floor":1.0},{"not_picked":["Hello World","Static Discharge"],"picked":"Cold Snap","floor":2.0},{"not_picked":["Compile Driver","Redo"],"picked":"Darkness","floor":7.0},{"not_picked":["Coolheaded","Steam"],"picked":"Darkness","floor":11.0},{"not_picked":["Reprogram","Barrage"],"picked":"Capacitor","floor":12.0},{"not_picked":["Redo","Stack"],"picked":"Conserve Battery","floor":13.0},{"not_picked":["Go for the Eyes","Reboot"],"picked":"White Noise","floor":14.0},{"not_picked":["Fission","Seek"],"picked":"Electrodynamics","floor":16.0},{"not_picked":["Turbo","Storm"],"picked":"Cold Snap+1","floor":18.0},{"not_picked":["Gash","Rebound+1"],"picked":"Fusion","floor":20.0},{"not_picked":["Static Discharge+1","Aggregate","Streamline"],"picked":"SKIP","floor":21.0}],"player_experience":189319,"relics_obtained":[{"floor":7.0,"key":"Gambling Chip"},{"floor":9.0,"key":"Nunchaku"},{"floor":13.0,"key":"Potion Belt"}],"event_choices":[{"cards_removed":["Strike_B"],"damage_healed":0.0,"max_hp_gain":0.0,"max_hp_loss":0.0,"gold_gain":0.0,"event_name":"Golden Wing","player_choice":"Card Removal","floor":4.0,"gold_loss":0.0,"damage_taken":7.0},{"damage_healed":0.0,"max_hp_gain":0.0,"max_hp_loss":0.0,"gold_gain":0.0,"event_name":"Living Wall","player_choice":"Grow","floor":5.0,"gold_loss":0.0,"damage_taken":0.0,"cards_upgraded":["Zap"]},{"damage_healed":0.0,"max_hp_gain":0.0,"max_hp_loss":0.0,"gold_gain":0.0,"event_name":"Scrap Ooze","player_choice":"Success","floor":8.0,"gold_loss":0.0,"damage_taken":18.0,"relics_obtained":["Old Coin"]},{"damage_healed":0.0,"max_hp_gain":0.0,"max_hp_loss":0.0,"gold_gain":0.0,"event_name":"The Woman in Blue","player_choice":"Bought 3 Potions","floor":19.0,"gold_loss":0.0,"damage_taken":0.0}],"is_beta":false,"boss_relics":[{"not_picked":["Coffee Dripper","Cursed Key"],"picked":"Nuclear Battery"}],"items_purged_floors":[],"is_endless":false,"potions_floor_spawned":[2,12,13,16,18,21],"killed_by":"Centurion and Healer","ascension_level":5}}