{"host":"ct9u9cz51imrjegl","time":1612765620,"event":{"mods":["2.2 Compatiblity","AchievementEnabler","BaseMod","Card Forge","Colored Map","Colored Powertips","Conspire","Defuse TimeMaze Blight","Downfall","Energized Spire","Friendly Minions","Highlight Path","Hubris","Infinite Spire","Jedi Mod","Minty Spire (QoL Compilation)","Permanent Neow","Quick Restart","Replay The Spire","Spicy Shops","StSLib","SuperFastMode","The Blue Laboratory","Transform Curses","Uncapped","UnlockEverythingMod"],"gold_per_floor":[99,111,121,121,140,150,150,167,167,1,15,15,31,36,36,36,36,36,36,36,36,36,36,36,36,36,36,36,36,36,36,36,36,36,36,36,36,21,21,21,21,21,137,157,182,192,192,192,206,206],"floor_reached":51,"language":"ENG","playtime":2895,"items_purged":[],"score":973,"play_id":"5cfe77d5-31ce-4482-a2a2-302b495ee066","local_time":"20210208165700","is_ascension_mode":false,"campfire_choices":[{"data":"hexamod:Float","floor":1,"key":"SMITH"},{"floor":18,"key":"RECALL"},{"data":"hexamod:NecessarySacrifice","floor":26,"key":"SMITH"},{"floor":29,"key":"REST"},{"data":"hexamod:ApocalypticArmor","floor":35,"key":"SMITH"},{"data":"hubris:InfiniteBlow","floor":42,"key":"SMITH"},{"data":"ReplayTheSpireMod:Book of Names","floor":47,"key":"SMITH"}],"circlet_count":0,"master_deck":["hubris:InfiniteBlow+52","ReplayTheSpireMod:Book of Names+1"],"relics":["hexamod:SpiritBrand","Hammer of Thor","Seething Fire","Anvil of the Gods","Bag of Marbles","Replay:Accelerometer","hubris:EmptyBottle","jedi:gremlinknob","jedi:ominousloannote","jedi:heavyjacket","ReplayFunnel","Blue Doll","jedi:paperlyon","hubris:TenFootPole","infinitespire:Lucky Rock","Enchiridion","sneckomod:BabySnecko","Runic Pyramid","Lantern","jedi:ashlotus","Guardian:PocketSentry","jedi:fakemustache","Frozen Eye","infinitespire:PuzzleCube","hubris:KleinBottle"],"acts_visited":["Exordium","TheCity","TheBeyond"],"potions_floor_usage":[5,11,11],"damage_taken":[{"damage":0,"enemies":"Cultist","floor":2,"turns":3},{"damage":0,"enemies":"Jaw Worm","floor":3,"turns":3},{"damage":1,"enemies":"Small Slimes","floor":5,"turns":4},{"damage":13,"enemies":"3 Louse","floor":6,"turns":5},{"damage":4,"enemies":"2 Fungi Beasts","floor":8,"turns":5},{"damage":1,"enemies":"downfall:FleeingMerchant","floor":10,"turns":4},{"damage":0,"enemies":"Gremlin Gang","floor":11,"turns":4},{"damage":10,"enemies":"Red Slaver","floor":13,"turns":4},{"damage":2,"enemies":"downfall:FleeingMerchant","floor":14,"turns":4},{"damage":7,"enemies":"Lots of Slimes","floor":15,"turns":4},{"damage":17,"enemies":"IC_STATUS_ARCHETYPE","floor":16,"turns":9},{"damage":1,"enemies":"3 Byrds","floor":19,"turns":3},{"damage":0,"enemies":"Shell Parasite","floor":22,"turns":3},{"damage":2,"enemies":"Snake Plant","floor":23,"turns":3},{"damage":0,"enemies":"Shelled Parasite and Fungi","floor":28,"turns":3},{"damage":0,"enemies":"3 Cultists","floor":30,"turns":3},{"damage":0,"enemies":"Snecko","floor":32,"turns":3},{"damage":1,"enemies":"WA_ARCHETYPE_CALM","floor":33,"turns":9},{"damage":0,"enemies":"Orb Walker","floor":36,"turns":3},{"damage":0,"enemies":"3 Darklings","floor":37,"turns":4},{"damage":0,"enemies":"downfall:FleeingMerchant","floor":38,"turns":4},{"damage":36,"enemies":"conspire:MimicChest","floor":39,"turns":5},{"damage":2,"enemies":"downfall:FleeingMerchant","floor":43,"turns":3},{"damage":0,"enemies":"Spire Growth","floor":44,"turns":3},{"damage":0,"enemies":"Nightmare","floor":45,"turns":1},{"damage":0,"enemies":"Writhing Mass","floor":46,"turns":1},{"damage":0,"enemies":"3 Darklings","floor":49,"turns":7},{"damage":0,"enemies":"DF_ARCHETYPE_ORBS","floor":50,"turns":1}],"seed_played":"-8112835760087941842","potions_obtained":[{"floor":5,"key":"EntropicBrew"},{"floor":11,"key":"Explosive Potion"},{"floor":16,"key":"hexamod:EctoCoolerPotion"},{"floor":19,"key":"Explosive Potion"},{"floor":21,"key":"jedi:holywater"},{"floor":32,"key":"jedi:wingpotion"},{"floor":44,"key":"SkillPotion"},{"floor":46,"key":"blueLaboratory:HummingbirdPotion"}],"is_trial":false,"path_per_floor":["R","M","M","?","M","M","T","M","?","$","M","T","M","$","M","B",null,"R","M","?","?","M","M","T","?","R","?","M","R","M","?","M","B",null,"R","M","M","$","?","AVR","T","R","$","M","NM","M","R","$","M","B",null],"character_chosen":"THE_SPIRIT","items_purchased":["hubris:EmptyBottle","jedi:ominousloannote","jedi:heavyjacket","ReplayFunnel","Blue Doll","jedi:fakemustache","Frozen Eye","hubris:KleinBottle"],"campfire_rested":1,"item_purchase_floors":[10,14,14,14,14,43,43,48],"current_hp_per_floor":[70,70,70,70,69,56,56,52,52,51,58,58,55,60,60,50,70,70,70,70,70,70,70,70,62,62,62,69,70,70,70,70,70,70,70,70,70,70,34,34,34,34,47,47,47,47,47,28,28,28],"gold":206,"neow_bonus":"RANDOM_COMMON_RELIC","is_daily":false,"chose_seed":false,"campfire_upgraded":5,"win_rate":0.0,"timestamp":1612765620,"path_taken":["R","M","?","?","M","M","T","?","?","$","?","?","?","?","M","BOSS","R","M","?","?","?","M","T","?","R","?","M","R","M","?","M","BOSS","R","M","M","$","?","AVR","T","R","$","?","NM","M","R","?","M","BOSS"],"items_purchased_type":["Relic","Relic","Relic","Relic","Relic","Relic","Relic","Relic"],"build_version":"2020-12-22","purchased_purges":0,"victory":true,"max_hp_per_floor":[70,70,70,70,70,70,70,70,70,70,70,70,70,70,70,70,70,70,70,70,70,70,70,70,70,70,70,70,70,70,70,70,70,70,70,70,70,70,70,70,70,70,70,70,70,70,70,70,70,70],"card_choices":[{"not_picked":["hexamod:InspiringFlames","hexamod:ThermalTransfer"],"picked":"hexamod:RadiantFlame","floor":2},{"not_picked":["hexamod:FlamesFromBeyond","hexamod:SwordOfDarkness"],"picked":"hexamod:FastForward","floor":3},{"not_picked":["hexamod:GhostLash","hexamod:GhostShield","hexamod:SwordOfDarkness"],"picked":"SKIP","floor":5},{"not_picked":["hexamod:FastForward","hexamod:NightmareStrike"],"picked":"hexamod:UnlimitedPower","floor":6},{"not_picked":["hexamod:FastForward","hexamod:FlamesFromBeyond","hexamod:Hexaguard"],"picked":"SKIP","floor":8},{"not_picked":["hexamod:HeatCrush","hexamod:RadiantFlame"],"picked":"hexamod:FirstSeal","floor":10},{"not_picked":["hexamod:ThermalTransfer","hexamod:SpectersWail","hexamod:NightmareGuise"],"picked":"SKIP","floor":11},{"not_picked":["hexamod:NightmareGuise","hexamod:ShieldOfDarkness"],"picked":"hexamod:EmpoweredFlame","floor":13},{"not_picked":["hexamod:SpectralSpark","hexamod:Firestarter"],"picked":"hexamod:SoulSteal","floor":14},{"not_picked":["hexamod:ExtraCrispy","hexamod:NightmareGuise","hexamod:Rewind"],"picked":"SKIP","floor":15},{"not_picked":["hexamod:GhostOfSpirePresent","hexamod:Toasty"],"picked":"hexamod:ForkedFlame","floor":16},{"not_picked":["hexamod:BurningTouch","hexamod:ThermalTransfer"],"picked":"hexamod:EtherealExpedition","floor":19},{"not_picked":["hexamod:DynamicBlow","hexamod:RetreatToShadows","hexamod:AdvancingGuard"],"picked":"SKIP","floor":22},{"not_picked":["hexamod:FastForward","hexamod:HeatMetal"],"picked":"hexamod:NecessarySacrifice","floor":23},{"not_picked":["hexamod:HeatMetal","hexamod:AdvancingGuard"],"picked":"hexamod:EtherealExpedition","floor":28},{"not_picked":["hexamod:Hexaguard+1","hexamod:NightmareGuise+1"],"picked":"hexamod:PhantomCloak","floor":30},{"not_picked":["hexamod:GhostOfSpirePast","hexamod:BurningTouch+1","hexamod:CatchUp"],"picked":"SKIP","floor":32},{"not_picked":["hexamod:WildfireWeapon","hexamod:TimeWarp"],"picked":"hexamod:ApocalypticArmor","floor":33},{"not_picked":["hexamod:ShieldOfDarkness","hexamod:NightmareStrike+1","hexamod:SpectersWail"],"picked":"SKIP","floor":36},{"not_picked":["hexamod:GhostShield","hexamod:InspiringFlames+1","hexamod:SwordOfDarkness+1"],"picked":"SKIP","floor":37},{"not_picked":["hexamod:GhostflameBarrier+1","hexamod:Toasty","hexamod:Hexaguard"],"picked":"SKIP","floor":38},{"not_picked":["hexamod:StepThrough","hexamod:HeatCrush","hexamod:InspiringFlames"],"picked":"SKIP","floor":43},{"not_picked":["hexamod:EtherealExpedition","hexamod:HeatMetal","hexamod:SwordOfDarkness"],"picked":"SKIP","floor":44},{"not_picked":["infinitespire:Gouge","infinitespire:FutureSight"],"picked":"ReplayTheSpireMod:Book of Names","floor":45},{"not_picked":["hexamod:InspiringFlames+1","hexamod:NightmareGuise","hexamod:GhostLash+1"],"picked":"SKIP","floor":45},{"not_picked":["hexamod:BacktrackSmack","hexamod:HauntingEcho+1","hexamod:NightmareGuise+1"],"picked":"SKIP","floor":46},{"not_picked":["infinitespire:SevenWalls","infinitespire:UltimateForm"],"picked":"ReplayTheSpireMod:Haul","floor":48},{"not_picked":["hexamod:HauntingEcho+1","hexamod:SecondSeal","hexamod:GhostLash"],"picked":"SKIP","floor":49}],"player_experience":85121,"relics_obtained":[{"floor":7,"key":"Replay:Accelerometer"},{"floor":12,"key":"jedi:gremlinknob"},{"floor":24,"key":"infinitespire:Lucky Rock"},{"floor":25,"key":"Enchiridion"},{"floor":39,"key":"Lantern"},{"floor":41,"key":"Guardian:PocketSentry"},{"floor":45,"key":"infinitespire:PuzzleCube"}],"event_choices":[{"damage_healed":0,"gold_gain":0,"player_choice":"Got Potions","damage_taken":0,"max_hp_gain":0,"max_hp_loss":0,"event_name":"Lab","floor":21,"gold_loss":0}],"is_beta":false,"boss_relics":[{"not_picked":["energizedSpire:DeadBattery","Philosopher\u0027s Stone"],"picked":"jedi:paperlyon"},{"not_picked":["hubris:VirtuousBlindfold","jedi:hotpepper"],"picked":"Runic Pyramid"}],"items_purged_floors":[],"is_endless":false,"potions_floor_spawned":[5,8,11,16,19,23,32,33,37,44,45,46],"ascension_level":0}}