{"host":"prxrhpgaxnj4om9r","time":1612796097,"event":{"mods":["AchievementEnabler","BaseMod","DeckTracker","Keyboard Shortcuts","Minty Spire (QoL Compilation)"],"gold_per_floor":[111,111,131,144,155,155,12,38,118,95,126,150,190,220,232,343,355,380,392,100,119,138,138,237,237,262,262,262,38,55,55,55,55,55],"floor_reached":33,"language":"KOR","playtime":2065,"items_purged":["Shame"],"score":308,"play_id":"b294bfdf-59ec-48d7-8eba-df47f0b79a52","local_time":"20210208235457","is_ascension_mode":true,"campfire_choices":[{"data":"Neutralize","floor":6.0,"key":"SMITH"},{"floor":15.0,"key":"REST"},{"data":"Venomology","floor":23,"key":"SMITH"},{"floor":25,"key":"REST"},{"data":"Crippling Poison","floor":27,"key":"SMITH"},{"data":"1","floor":32,"key":"LIFT"}],"circlet_count":0,"master_deck":["Strike_G","Strike_G","Strike_G","Strike_G","Strike_G","Defend_G","Defend_G","Defend_G","Defend_G","Defend_G","Survivor","Neutralize+1","Quick Slash","Footwork","Riddle With Holes","Crippling Poison+1","Noxious Fumes","Calculated Gamble","Outmaneuver","Prepared","Flying Knee","Venomology+1","Eviscerate+1","Bouncing Flask","Dagger Spray+1","Tactician","Quick Slash+1","Adrenaline","Heel Hook+1","Poisoned Stab+1"],"relics":["Ring of the Snake","Happy Flower","Tingsha","MawBank","Bottled Flame","Tiny Chest","Black Star","Membership Card","Molten Egg 2","Regal Pillow","Ninja Scroll","Vajra","Girya"],"acts_visited":["Exordium","TheCity"],"potions_floor_usage":[21,21,22,22,33,33,33],"damage_taken":[{"damage":3.0,"enemies":"Small Slimes","floor":1.0,"turns":4.0},{"damage":0.0,"enemies":"Cultist","floor":3.0,"turns":4.0},{"damage":4.0,"enemies":"Jaw Worm","floor":4.0,"turns":2.0},{"damage":1.0,"enemies":"Blue Slaver","floor":5.0,"turns":5.0},{"damage":22.0,"enemies":"3 Sentries","floor":8.0,"turns":10.0},{"damage":10.0,"enemies":"3 Louse","floor":11.0,"turns":2.0},{"damage":8.0,"enemies":"2 Fungi Beasts","floor":12.0,"turns":3.0},{"damage":20.0,"enemies":"Gremlin Nob","floor":13.0,"turns":6.0},{"damage":3.0,"enemies":"Gremlin Gang","floor":14.0,"turns":4.0},{"damage":48.0,"enemies":"The Guardian","floor":16.0,"turns":13.0},{"damage":9.0,"enemies":"3 Byrds","floor":18.0,"turns":6.0},{"damage":1,"enemies":"Spheric Guardian","floor":21,"turns":4},{"damage":21,"enemies":"Cultist and Chosen","floor":22,"turns":6},{"damage":15,"enemies":"Snecko","floor":30,"turns":4},{"damage":67,"enemies":"Collector","floor":33,"turns":8}],"seed_played":"-6464455847869589447","potions_obtained":[{"floor":3.0,"key":"EssenceOfSteel"},{"floor":5.0,"key":"Block Potion"},{"floor":8.0,"key":"BlessingOfTheForge"},{"floor":12.0,"key":"DistilledChaos"},{"floor":13.0,"key":"AttackPotion"},{"floor":18.0,"key":"SpeedPotion"},{"floor":21,"key":"DistilledChaos"}],"is_trial":false,"path_per_floor":["M","?","M","M","M","R","$","E","T","?","M","M","E","M","R","B",null,"M","?","$","M","M","R","?","R","T","R","?","$","M","T","R","B"],"character_chosen":"THE_SILENT","items_purchased":["Crippling Poison","Regen Potion","Membership Card","Molten Egg 2","Dagger Spray+1","Vajra","Adrenaline","Heel Hook+1"],"campfire_rested":2,"item_purchase_floors":[7,7,20,20,20,29,29,29],"current_hp_per_floor":[67,67,67,63,62,62,62,40,40,57,47,39,34,31,52,4,70,61,61,61,60,39,39,39,60,60,60,60,60,45,45,45,0,0],"gold":55,"neow_bonus":"RANDOM_COMMON_RELIC","is_daily":false,"chose_seed":false,"campfire_upgraded":3,"win_rate":0.0,"timestamp":1612796097,"path_taken":["M","?","?","M","M","R","$","E","T","?","M","M","E","M","R","BOSS","M","?","$","M","M","R","?","R","T","R","?","$","M","?","R","BOSS"],"items_purchased_type":["Card","Potion","Relic","Relic","Card","Relic","Card","Card"],"build_version":"2020-12-22","purchased_purges":1,"victory":false,"max_hp_per_floor":[70,70,70,70,70,70,70,70,70,70,70,70,70,70,70,70,70,70,70,70,70,70,70,70,70,70,70,70,70,70,70,70,70,70],"card_choices":[{"not_picked":["Acrobatics","Caltrops"],"picked":"Backflip","floor":1.0},{"not_picked":["Tactician","Concentrate"],"picked":"Quick Slash","floor":3.0},{"not_picked":["Dagger Throw","Acrobatics"],"picked":"Footwork","floor":4.0},{"not_picked":["Dash","Infinite Blades"],"picked":"Riddle With Holes","floor":5.0},{"not_picked":["Terror","Tactician"],"picked":"Noxious Fumes","floor":8.0},{"not_picked":["Deflect","Expertise"],"picked":"Calculated Gamble","floor":11.0},{"not_picked":["Well Laid Plans","Bane"],"picked":"Outmaneuver","floor":12.0},{"not_picked":["Tools of the Trade","Flechettes"],"picked":"Prepared","floor":13.0},{"not_picked":["Sucker Punch","Catalyst"],"picked":"Flying Knee","floor":14.0},{"not_picked":["Glass Knife","Tools of the Trade"],"picked":"Venomology","floor":16.0},{"not_picked":["Setup","Quick Slash"],"picked":"Eviscerate+1","floor":18.0},{"not_picked":["All Out Attack+1","Masterful Stab+1"],"picked":"Tactician","floor":21},{"not_picked":["Bouncing Flask","Terror"],"picked":"Quick Slash+1","floor":22},{"not_picked":["Terror","Leg Sweep"],"picked":"Poisoned Stab+1","floor":30}],"player_experience":321029,"relics_obtained":[{"floor":8.0,"key":"MawBank"},{"floor":9.0,"key":"Bottled Flame"},{"floor":13.0,"key":"Tiny Chest"},{"floor":26,"key":"Regal Pillow"},{"floor":31,"key":"Girya"}],"event_choices":[{"cards_removed":["Backflip"],"damage_healed":0.0,"max_hp_gain":0.0,"max_hp_loss":0.0,"gold_gain":0.0,"event_name":"WeMeetAgain","player_choice":"Gave Card","floor":2.0,"gold_loss":0.0,"damage_taken":0.0,"relics_obtained":["Tingsha"]},{"damage_healed":17.0,"max_hp_gain":0.0,"max_hp_loss":0.0,"gold_gain":0.0,"event_name":"The Cleric","player_choice":"Healed","floor":10.0,"gold_loss":35.0,"damage_taken":0.0},{"damage_healed":0.0,"max_hp_gain":0.0,"max_hp_loss":0.0,"gold_gain":0.0,"event_name":"The Library","player_choice":"Read","floor":19.0,"gold_loss":0.0,"damage_taken":0.0,"cards_obtained":["Bouncing Flask"]},{"damage_healed":0,"gold_gain":99,"player_choice":"Stole From Cult","damage_taken":0,"max_hp_gain":0,"max_hp_loss":0,"event_name":"Nest","floor":24,"gold_loss":0},{"damage_healed":0,"gold_gain":0,"player_choice":"Stole Relic","damage_taken":0,"relics_obtained":["Ninja Scroll"],"max_hp_gain":0,"max_hp_loss":0,"event_name":"Addict","floor":28,"gold_loss":0,"cards_obtained":["Shame"]}],"is_beta":false,"boss_relics":[{"not_picked":["Ectoplasm","SlaversCollar"],"picked":"Black Star"}],"items_purged_floors":[29],"is_endless":false,"potions_floor_spawned":[3,5,8,12,13,18,21],"killed_by":"Collector","ascension_level":4}}