{"host":"wshey5htrz8rni6u","time":1612774855,"event":{"mods":["2.2 Compatiblity","BaseMod","Best Route Mod","Block Reminder","Colored Map","Colored Powertips","Current Relic Mod","Curses Come First","Dark Map","Key Reminder","Minty Spire (QoL Compilation)","Potion Indicator Mod","Quick Restart","Random Character Button","Relic Sorter","Relic Stats","StSLib","SuperFastMode","Twitch Utils","Unceasing Turn Reminder","Weighted Paths","everything is the same but u backflip on backflip"],"gold_per_floor":[118,128,140,60,73,101,101,130,130,165,180,180,130,149,149,272,272,297,297,328,328,29,60,60,78,103,103,103,115,145,145,145,145,145],"floor_reached":33,"language":"ENG","playtime":1657,"items_purged":["Strike_R"],"score":343,"play_id":"a8ba66a0-6339-435e-9085-c6870732cc23","local_time":"20210208010055","is_ascension_mode":true,"campfire_choices":[{"data":"Armaments","floor":7,"key":"SMITH"},{"data":"Double Tap","floor":15,"key":"SMITH"},{"data":"Armaments","floor":27,"key":"SMITH"},{"data":"Double Tap","floor":32,"key":"SMITH"}],"circlet_count":0,"master_deck":["Strike_R","Defend_R","Defend_R","Defend_R","Defend_R","Bash+1","Armaments+1","True Grit","Iron Wave","Juggernaut","Iron Wave","Fire Breathing","Double Tap+1","Reckless Charge","Armaments+1","Shockwave","Juggernaut","Blood for Blood","Reckless Charge","Armaments","Disarm","Ghostly","Ghostly","Ghostly","Ghostly","Ghostly","Carnage+1","Body Slam","Double Tap+1","Ghostly"],"relics":["Burning Blood","Du-Vu Doll","Eternal Feather","White Beast Statue","Mummified Hand","Bloody Idol","Mark of Pain","Red Mask","Potion Belt","Ancient Tea Set","keyreminder:keyreminder","Meat on the Bone","Ornamental Fan"],"acts_visited":["Exordium","TheCity"],"potions_floor_usage":[16,16,20,23,23,23,33,33,33,33],"damage_taken":[{"damage":1,"enemies":"Cultist","floor":1,"turns":4},{"damage":0,"enemies":"2 Louse","floor":2,"turns":3},{"damage":0,"enemies":"Small Slimes","floor":3,"turns":3},{"damage":5,"enemies":"Looter","floor":5,"turns":4},{"damage":38,"enemies":"Gremlin Nob","floor":6,"turns":5},{"damage":5,"enemies":"3 Sentries","floor":8,"turns":7},{"damage":7,"enemies":"Gremlin Nob","floor":10,"turns":5},{"damage":1,"enemies":"2 Fungi Beasts","floor":11,"turns":4},{"damage":7,"enemies":"3 Louse","floor":14,"turns":3},{"damage":20,"enemies":"Hexaghost","floor":16,"turns":8},{"damage":5,"enemies":"3 Byrds","floor":18,"turns":3},{"damage":21,"enemies":"Masked Bandits","floor":20,"turns":6},{"damage":38,"enemies":"Slavers","floor":23,"turns":5},{"damage":1,"enemies":"Spheric Guardian","floor":25,"turns":6},{"damage":2,"enemies":"Cultist and Chosen","floor":29,"turns":8},{"damage":12,"enemies":"Book of Stabbing","floor":30,"turns":6},{"damage":39,"enemies":"Automaton","floor":33,"turns":6}],"seed_played":"-6865136337873872708","potions_obtained":[{"floor":1,"key":"PowerPotion"},{"floor":5,"key":"SmokeBomb"},{"floor":8,"key":"Swift Potion"},{"floor":10,"key":"SpeedPotion"},{"floor":11,"key":"HeartOfIron"},{"floor":16,"key":"PowerPotion"},{"floor":18,"key":"Block Potion"},{"floor":20,"key":"ColorlessPotion"},{"floor":23,"key":"SpeedPotion"},{"floor":25,"key":"CultistPotion"},{"floor":29,"key":"Explosive Potion"},{"floor":30,"key":"DuplicationPotion"}],"is_trial":false,"path_per_floor":["M","M","M","$","M","E","R","E","T","E","M","?","?","M","R","B",null,"M","?","?","?","$","E","?","M","T","R","T","M","E","?","R","B"],"character_chosen":"IRONCLAD","items_purchased":["Juggernaut","Disarm","Potion Belt"],"campfire_rested":0,"item_purchase_floors":[4,22,22],"current_hp_per_floor":[80,80,80,80,80,48,48,49,49,48,53,53,53,52,61,47,74,74,74,64,64,64,37,37,37,37,37,37,37,36,36,37,0,0],"gold":145,"neow_bonus":"UPGRADE_CARD","is_daily":false,"chose_seed":false,"campfire_upgraded":4,"win_rate":0.0,"timestamp":1612774855,"path_taken":["M","?","M","$","M","E","R","E","T","E","M","?","?","M","R","BOSS","M","?","?","?","$","E","?","M","T","R","?","M","E","?","R","BOSS"],"items_purchased_type":["Card","Card","Relic"],"build_version":"2020-12-13","purchased_purges":1,"victory":false,"max_hp_per_floor":[80,80,80,80,80,80,80,80,80,80,80,74,74,74,74,74,74,74,74,74,74,74,74,37,37,37,37,37,37,37,37,37,37,37],"relic_stats":{"counters":[17,86],"Mummified Hand":[30],"Ornamental Fan":[0],"Bloody Idol":15,"Eternal Feather":10,"obtain_stats":[{"Potion Belt":22,"Golden Idol":12,"Eternal Feather":8,"Ancient Tea Set":23,"Burning Blood":0,"White Beast Statue":9,"Du-Vu Doll":6,"keyreminder:keyreminder":23,"Mummified Hand":10,"Ornamental Fan":30,"Bloody Idol":19,"Mark of Pain":17,"Red Mask":20,"Meat on the Bone":28},{"Potion Belt":12,"Golden Idol":8,"Eternal Feather":6,"Ancient Tea Set":13,"Burning Blood":0,"White Beast Statue":6,"Du-Vu Doll":5,"keyreminder:keyreminder":13,"Mummified Hand":7,"Ornamental Fan":16,"Bloody Idol":11,"Mark of Pain":10,"Red Mask":12,"Meat on the Bone":14},{"Potion Belt":55,"Golden Idol":35,"Eternal Feather":26,"Ancient Tea Set":60,"Burning Blood":0,"White Beast Statue":26,"Du-Vu Doll":19,"keyreminder:keyreminder":60,"Mummified Hand":31,"Ornamental Fan":80,"Bloody Idol":49,"Mark of Pain":46,"Red Mask":55,"Meat on the Bone":66}],"Burning Blood":68,"Meat on the Bone":0},"card_choices":[{"not_picked":["Perfected Strike","Sword Boomerang"],"picked":"Armaments","floor":1},{"not_picked":["Armaments","Perfected Strike"],"picked":"True Grit","floor":2},{"not_picked":["Thunderclap","Cleave"],"picked":"Iron Wave","floor":3},{"not_picked":["Twin Strike","Seeing Red"],"picked":"Iron Wave","floor":5},{"not_picked":["Thunderclap","Headbutt"],"picked":"Fire Breathing","floor":6},{"not_picked":["Flex","Disarm"],"picked":"Double Tap","floor":8},{"not_picked":["Clash","Headbutt"],"picked":"Reckless Charge","floor":10},{"not_picked":["Anger","Clothesline"],"picked":"Armaments","floor":11},{"not_picked":["Cleave","Shrug It Off"],"picked":"Shockwave","floor":14},{"not_picked":["Bludgeon","Limit Break"],"picked":"Juggernaut","floor":16},{"not_picked":["Hemokinesis","Clash+1"],"picked":"Blood for Blood","floor":18},{"not_picked":["Warcry","Anger","Twin Strike"],"picked":"SKIP","floor":23},{"not_picked":["Clothesline","Heavy Blade"],"picked":"Carnage+1","floor":25},{"not_picked":["Clothesline","Flex+1"],"picked":"Body Slam","floor":29},{"not_picked":["Perfected Strike","True Grit+1"],"picked":"Double Tap","floor":30}],"player_experience":18047,"relics_obtained":[{"floor":6,"key":"Du-Vu Doll"},{"floor":8,"key":"Eternal Feather"},{"floor":9,"key":"White Beast Statue"},{"floor":10,"key":"Mummified Hand"},{"floor":20,"key":"Red Mask"},{"floor":23,"key":"Ancient Tea Set"},{"floor":28,"key":"Meat on the Bone"},{"floor":30,"key":"Ornamental Fan"}],"event_choices":[{"damage_healed":0,"gold_gain":0,"player_choice":"Lose Max HP","damage_taken":0,"relics_obtained":["Golden Idol"],"max_hp_gain":0,"max_hp_loss":6,"event_name":"Golden Idol","floor":12,"gold_loss":0},{"cards_removed":["Strike_R"],"damage_healed":0,"gold_gain":0,"player_choice":"Card Removal","damage_taken":0,"max_hp_gain":0,"max_hp_loss":0,"event_name":"The Cleric","floor":13,"gold_loss":50},{"damage_healed":0,"gold_gain":0,"player_choice":"Gave Idol","damage_taken":0,"relics_obtained":["Bloody Idol"],"max_hp_gain":0,"max_hp_loss":0,"event_name":"Forgotten Altar","floor":19,"relics_lost":["Golden Idol"],"gold_loss":0},{"damage_healed":0,"gold_gain":0,"player_choice":"Fought Bandits","damage_taken":0,"max_hp_gain":0,"max_hp_loss":0,"event_name":"Masked Bandits","floor":20,"gold_loss":0},{"damage_healed":0,"gold_gain":0,"cards_transformed":["Strike_R","Strike_R"],"player_choice":"Became Test Subject","damage_taken":0,"max_hp_gain":0,"max_hp_loss":0,"event_name":"Drug Dealer","floor":21,"gold_loss":0,"cards_obtained":["Reckless Charge","Armaments"]},{"damage_healed":0,"gold_gain":0,"player_choice":"Became a Ghost","damage_taken":0,"max_hp_gain":0,"max_hp_loss":37,"event_name":"Ghosts","floor":24,"gold_loss":0,"cards_obtained":["Ghostly","Ghostly","Ghostly","Ghostly","Ghostly"]},{"damage_healed":0,"gold_gain":0,"player_choice":"Copied","damage_taken":0,"max_hp_gain":0,"max_hp_loss":0,"event_name":"Duplicator","floor":31,"gold_loss":0,"cards_obtained":["Ghostly"]}],"is_beta":false,"boss_relics":[{"not_picked":["Runic Pyramid","Astrolabe"],"picked":"Mark of Pain"}],"items_purged_floors":[22],"is_endless":false,"potions_floor_spawned":[1,5,8,10,11,14,16,18,20,23,25,29,30],"killed_by":"Automaton","ascension_level":1}}