{"host":"g2yp6paluzgljz05","time":1612766244,"event":{"mods":["BaseMod","Bestiary","Colored Powertips","DeckTracker","Highlight Path","Minty Spire (QoL Compilation)","Quick Restart"],"gold_per_floor":[111,39,55,74,74,109,109,133,133,165,20,39,39,54,54,150,150,166,166,166,177,196,196,228,228,228,5,5,37,48,59,59,161,161,177,177,225,30,47,77,77,104,104,17,17,17,34,54,54,54,54,54,6,31,31,31],"floor_reached":55,"language":"ENG","playtime":2604,"items_purged":["Strike_R+1","Strike_R+1"],"score":1222,"play_id":"dc5c8421-50c3-4b1e-b59d-e83e28c96add","local_time":"20210208173724","is_ascension_mode":true,"campfire_choices":[{"data":"Whirlwind","floor":7.0,"key":"SMITH"},{"floor":15,"key":"REST"},{"data":"Heavy Blade","floor":23,"key":"SMITH"},{"floor":25,"key":"REST"},{"floor":28,"key":"REST"},{"floor":32,"key":"REST"},{"floor":46,"key":"RECALL"},{"data":"Fiend Fire","floor":49,"key":"SMITH"},{"data":"Mayhem","floor":52,"key":"SMITH"}],"circlet_count":0,"master_deck":["AscendersBane","Strike_R+1","Strike_R+1","Strike_R+1","Defend_R+1","Defend_R+1","Defend_R+1","Defend_R+1","Bash+1","Cleave","Inflame","Whirlwind+1","Heavy Blade+1","Impervious","Fiend Fire+1","Battle Trance","Headbutt+1","Writhe","Blind","Mayhem+1"],"relics":["Burning Blood","NeowsBlessing","Nunchaku","Blood Vial","InkBottle","Whetstone","Brimstone","Velvet Choker","Pear","Paper Frog","Toolbox","Eternal Feather","Runic Pyramid","Incense Burner","Turnip","Ornamental Fan","Blue Candle"],"acts_visited":["Exordium","TheCity","TheBeyond","TheEnding"],"potions_floor_usage":[24,33,37,50,54,55],"damage_taken":[{"damage":0.0,"enemies":"Cultist","floor":1.0,"turns":1.0},{"damage":0.0,"enemies":"2 Louse","floor":3.0,"turns":1.0},{"damage":0.0,"enemies":"Jaw Worm","floor":4.0,"turns":1.0},{"damage":40.0,"enemies":"Lagavulin","floor":6.0,"turns":5.0},{"damage":35,"enemies":"3 Sentries","floor":10,"turns":4},{"damage":15,"enemies":"Red Slaver","floor":12,"turns":2},{"damage":21,"enemies":"Exordium Wildlife","floor":14,"turns":3},{"damage":1,"enemies":"Slime Boss","floor":16,"turns":4},{"damage":17,"enemies":"Shell Parasite","floor":18,"turns":3},{"damage":2,"enemies":"Spheric Guardian","floor":21,"turns":3},{"damage":25,"enemies":"Centurion and Healer","floor":22,"turns":4},{"damage":49,"enemies":"Book of Stabbing","floor":24,"turns":4},{"damage":57,"enemies":"Slavers","floor":29,"turns":4},{"damage":3,"enemies":"Snecko","floor":30,"turns":2},{"damage":27,"enemies":"Snake Plant","floor":31,"turns":3},{"damage":45,"enemies":"Automaton","floor":33,"turns":6},{"damage":12,"enemies":"Orb Walker","floor":35,"turns":2},{"damage":33,"enemies":"2 Orb Walkers","floor":37,"turns":4},{"damage":2,"enemies":"3 Darklings","floor":39,"turns":3},{"damage":28,"enemies":"Reptomancer","floor":40,"turns":4},{"damage":31,"enemies":"Giant Head","floor":42,"turns":5},{"damage":17,"enemies":"Writhing Mass","floor":47,"turns":3},{"damage":0,"enemies":"Spire Growth","floor":48,"turns":3},{"damage":63,"enemies":"Awakened One","floor":50,"turns":7},{"damage":69,"enemies":"Shield and Spear","floor":54,"turns":5},{"damage":32,"enemies":"The Heart","floor":55,"turns":2}],"seed_played":"3508402504660944024","potions_obtained":[{"floor":4.0,"key":"PowerPotion"},{"floor":6.0,"key":"CultistPotion"},{"floor":10,"key":"BlessingOfTheForge"},{"floor":16,"key":"PowerPotion"},{"floor":24,"key":"FearPotion"},{"floor":29,"key":"Block Potion"},{"floor":37,"key":"SpeedPotion"},{"floor":42,"key":"PowerPotion"}],"is_trial":false,"path_per_floor":["M","$","M","M","?","E","R","T","T","E","$","M","?","M","R","B",null,"M","?","?","M","M","R","E","R","T","$","R","E","M","M","R","B",null,"M","?","?","$","M","E","?","E","T","$","?","R","M","M","R","B",null,"R","$","E","B"],"character_chosen":"IRONCLAD","items_purchased":["Inflame","Brimstone","Toolbox","FairyPotion","Blind","ColorlessPotion"],"campfire_rested":4,"item_purchase_floors":[2,11,27,38,44,53],"current_hp_per_floor":[78,78,80,80,80,46,46,46,46,19,19,12,38,25,49,56,74,65,65,65,71,54,54,23,50,50,50,77,28,33,14,50,13,71,67,67,42,42,48,28,51,28,28,28,28,40,31,39,51,32,76,88,88,27,0,0],"gold":31,"neow_bonus":"THREE_ENEMY_KILL","is_daily":false,"chose_seed":false,"campfire_upgraded":4,"win_rate":0.0,"timestamp":1612766244,"path_taken":["M","$","?","M","?","E","R","?","T","E","$","?","?","M","R","BOSS","M","?","?","M","?","R","E","R","T","$","R","E","?","M","R","BOSS","M","?","?","$","M","E","?","E","T","?","?","R","M","?","R","BOSS","R","$","E","BOSS"],"items_purchased_type":["Card","Relic","Relic","Potion","Card","Potion"],"build_version":"2020-12-22","purchased_purges":2,"victory":false,"max_hp_per_floor":[80,80,80,80,80,80,80,80,80,80,80,80,80,80,80,80,80,80,80,80,80,80,80,90,90,90,90,90,90,90,90,90,90,90,90,90,90,90,90,90,90,90,90,90,90,90,90,90,90,90,90,90,90,90,90,90],"card_choices":[{"not_picked":["Twin Strike","Power Through"],"picked":"Cleave","floor":1.0},{"not_picked":["Combust","Rupture"],"picked":"Inflame","floor":3.0},{"not_picked":["Body Slam","Pummel"],"picked":"Whirlwind","floor":4.0},{"not_picked":["Cleave","Clothesline"],"picked":"Combust","floor":6.0},{"not_picked":["Warcry","Iron Wave","Searing Blow"],"picked":"SKIP","floor":10},{"not_picked":["True Grit","Searing Blow","Disarm"],"picked":"SKIP","floor":12},{"not_picked":["Anger","Flex"],"picked":"Heavy Blade","floor":14},{"not_picked":["Juggernaut","Feed"],"picked":"Impervious","floor":16},{"not_picked":["Dark Embrace","Clothesline","Flex"],"picked":"SKIP","floor":18},{"not_picked":["Pommel Strike+1","Carnage+1","Armaments"],"picked":"SKIP","floor":21},{"not_picked":["Iron Wave+1","Metallicize","Armaments"],"picked":"SKIP","floor":22},{"not_picked":["Infernal Blade","Armaments","Body Slam"],"picked":"SKIP","floor":24},{"not_picked":["Metallicize","Power Through+1","Feed"],"picked":"SKIP","floor":29},{"not_picked":["Warcry","Sword Boomerang","Twin Strike"],"picked":"SKIP","floor":30},{"not_picked":["Entrench+1","Thunderclap+1","Perfected Strike"],"picked":"SKIP","floor":31},{"not_picked":["Double Tap","Immolate"],"picked":"Fiend Fire","floor":33},{"not_picked":["Clash+1","Reckless Charge+1"],"picked":"Battle Trance","floor":35},{"not_picked":["Anger","Rupture+1"],"picked":"Headbutt+1","floor":37},{"not_picked":["Sword Boomerang+1","Flex+1","Perfected Strike+1"],"picked":"SKIP","floor":39},{"not_picked":["Wild Strike","Second Wind+1","Clothesline+1"],"picked":"SKIP","floor":40},{"not_picked":["Juggernaut","Hemokinesis+1","Entrench+1"],"picked":"SKIP","floor":42},{"not_picked":["Finesse","Deep Breath"],"picked":"Mayhem","floor":45},{"not_picked":["True Grit","Flex+1","Battle Trance"],"picked":"SKIP","floor":47},{"not_picked":["Rupture+1","Clash","Havoc+1"],"picked":"SKIP","floor":48},{"not_picked":["Iron Wave","Seeing Red","Burning Pact"],"picked":"SKIP","floor":54}],"player_experience":336614,"relics_obtained":[{"floor":6.0,"key":"Nunchaku"},{"floor":8.0,"key":"Blood Vial"},{"floor":9.0,"key":"InkBottle"},{"floor":10,"key":"Whetstone"},{"floor":24,"key":"Pear"},{"floor":26,"key":"Paper Frog"},{"floor":29,"key":"Eternal Feather"},{"floor":37,"key":"Incense Burner"},{"floor":40,"key":"Turnip"},{"floor":42,"key":"Ornamental Fan"},{"floor":54,"key":"Blue Candle"}],"event_choices":[{"damage_healed":0.0,"max_hp_gain":0.0,"max_hp_loss":0.0,"gold_gain":0.0,"event_name":"Golden Idol","player_choice":"Ignored","floor":5.0,"gold_loss":0.0,"damage_taken":0.0},{"damage_healed":26,"gold_gain":0,"player_choice":"Banana","damage_taken":0,"max_hp_gain":0,"max_hp_loss":0,"event_name":"Big Fish","floor":13,"gold_loss":0},{"damage_healed":0,"gold_gain":0,"player_choice":"Simplicity","damage_taken":0,"max_hp_gain":0,"max_hp_loss":0,"event_name":"Back to Basics","floor":19,"gold_loss":0,"cards_upgraded":["Strike_R","Strike_R","Strike_R","Strike_R","Defend_R","Defend_R","Defend_R","Defend_R"]},{"cards_removed":["Inflame"],"damage_healed":0,"gold_gain":0,"player_choice":"Purged","damage_taken":0,"max_hp_gain":0,"max_hp_loss":0,"event_name":"Purifier","floor":20,"gold_loss":0},{"cards_removed":["Combust"],"damage_healed":0,"gold_gain":0,"player_choice":"Removed Power","damage_taken":0,"max_hp_gain":0,"max_hp_loss":0,"event_name":"Falling","floor":36,"gold_loss":0},{"damage_healed":0,"gold_gain":0,"player_choice":"Fight","damage_taken":0,"max_hp_gain":0,"max_hp_loss":0,"event_name":"Mysterious Sphere","floor":37,"gold_loss":0},{"damage_healed":23,"gold_gain":0,"player_choice":"Writhe","damage_taken":0,"max_hp_gain":0,"max_hp_loss":0,"event_name":"Winding Halls","floor":41,"gold_loss":0,"cards_obtained":["Writhe"]},{"damage_healed":0,"gold_gain":0,"player_choice":"Memory 1","damage_taken":0,"max_hp_gain":0,"max_hp_loss":0,"event_name":"SensoryStone","floor":45,"gold_loss":0}],"is_beta":false,"boss_relics":[{"not_picked":["Runic Dome","Runic Cube"],"picked":"Velvet Choker"},{"not_picked":["SacredBark","Cursed Key"],"picked":"Runic Pyramid"}],"items_purged_floors":[27,38],"is_endless":false,"potions_floor_spawned":[4,6,10,14,16,18,22,24,29,37,40,42,48],"killed_by":"The Heart","ascension_level":10}}