{"host":"37ovcbjj1hsvrhbj","time":1612766334,"event":{"mods":["BaseMod","Better Vampires","Colored Powertips","Energized Spire","Good Game Mod","Marisa（F雨　魔理沙）","Minty Spire (QoL Compilation)","Reliquary","Remilia（蕾米莉亚）","Replay The Spire","RumiaBox-露米娅的神秘盒子","Spicy Shops","StSLib","The Servant 0.9.4","UnlockEverythingMod","【功能Mod】聪明的最终Boss"],"gold_per_floor":[99,99,99,99,99,126,188,267,279,321,347,391,435,499,511,600,612,639,651,681,716,738,805,844,930,966,978,978],"floor_reached":27,"language":"ZHS","playtime":2610,"items_purged":[],"score":755,"play_id":"c40639a9-0e2c-4087-a08e-dd6289add847","local_time":"20210208143854","daily_mods":["Draft","Insanity","Vintage","ControlledChaos","Diverse","Heirloom","Time Dilation","Flight","DeadlyEvents","Elite Swarm","Lethality"],"is_ascension_mode":true,"campfire_choices":[{"floor":15,"key":"RECALL"}],"circlet_count":0,"master_deck":["Demon Form","Wraith Form v2","Echo Form","DevaForm","BatForm","FlawlessForm","AscendersBane","Shrug It Off","Chill","Rebound","Dagger Spray","Flex","Defy Death","PathToVictory","BestPractice","PiercingWail","DarkSpark","Sucker Punch","BowlingBash","Swivel","Sunder","BlasphemousPunishment","ReplayTheSpireMod:Muscle Training","Backflip","Setup","PathToVictory","ManaConvection","EmergencyRegeneration","Darkness","StarBarrage","Spin+1","Nirvana","Flying Knee","BloodyTrap","ReplayTheSpireMod:Tripwire","TwelveNightmare","GrandCross","DragonMeteor","Quick Slash","Body Slam","Capacitor","SurpressingFire","BloodyMagicSquare","DualDimension","IllusionStar","Septette","Robbery+1","SuperPerseids","CharismaGuard","Ricochet","Shockwave","Clash","Perfected Strike","Anger","AsteroidBelt","Study","ForbiddenFruit","ScarletCoffin","CharismaGuard","MysteriousBeam","VampireKiss","ForbiddenFruit","Protect","UnstableMagic","UnstableBomb","Pommel Strike","BloodHunter","IllusionStar","Outmaneuver","Replay:BluntJabs","FavorOfDestiny","Footwork","Backstab","BombardNight","AlicesGift","VampireClaw","Genetic Algorithm","PowerUp","Bloodletting","Acceleration","ScarletNetherworld","UnderTheZenith","White Noise","Misdirection","BootSequence","LikeWater","LuminesStrike","Nirvana","Looming Evil","MaximisePower","MillisecondPulsars","MurderousAura","Exhume","ReplayTheSpireMod:Brewmster","Devotion","ReplaySolidLightProjector","QueenOfMidnight","KillingBlow","CurseOfVladTepes+1"],"relics":["ScarletHat","Frozen Eye","REME:ComplimentaryCards","Ring of Chaos","replay:Trail_Library","Bird Faced Urn","FairyMaid","PrismaticShard","MawBank","Peace Pipe","reliquary:WeakTea","CaptainsWheel","Centennial Puzzle","reliquary:HotPoker","InkBottle","Whetstone","Philosopher\u0027s Stone","Anchor","Incense Burner","Smiling Mask","Tiny Chest","Ornamental Fan","reliquary:Aerogel","Frozen Egg 2","Pet Ghost","Bronze Scales"],"acts_visited":["Exordium","TheCity"],"potions_floor_usage":[18,18,22],"damage_taken":[{"damage":44,"enemies":"3 Sentries","floor":6,"turns":8},{"damage":21,"enemies":"Replay:BlueRogue","floor":7,"turns":4},{"damage":11,"enemies":"3 Sentries","floor":8,"turns":5},{"damage":16,"enemies":"Lagavulin","floor":10,"turns":6},{"damage":0,"enemies":"Small Slimes","floor":11,"turns":2},{"damage":3,"enemies":"Jaw Worm","floor":12,"turns":5},{"damage":18,"enemies":"Gremlin Nob","floor":13,"turns":5},{"damage":48,"enemies":"3 Sentries","floor":14,"turns":6},{"damage":15,"enemies":"The Guardian","floor":16,"turns":4},{"damage":0,"enemies":"2 Thieves","floor":18,"turns":4},{"damage":1,"enemies":"Shell Parasite","floor":20,"turns":3},{"damage":38,"enemies":"3 Cultists","floor":22,"turns":4},{"damage":11,"enemies":"Replay:Snechameleon","floor":23,"turns":6},{"damage":10,"enemies":"Slavers","floor":24,"turns":5},{"damage":60,"enemies":"Replay:Snechameleon","floor":25,"turns":5}],"seed_played":"-36090719053059705","potions_obtained":[{"floor":7,"key":"Strength Potion"},{"floor":10,"key":"Flashbang"},{"floor":11,"key":"DistilledChaos"},{"floor":18,"key":"Dexterity Potion"},{"floor":22,"key":"AttackPotion"}],"is_trial":true,"path_per_floor":["WH","WH","WH","WH","?","E","E","E","T","E","M","M","E","E","R","B",null,"M","?","M","T","M","E","E","E","T","E"],"character_chosen":"REMILIA","items_purchased":[],"campfire_rested":0,"item_purchase_floors":[],"current_hp_per_floor":[63,70,77,85,85,88,74,82,82,76,78,92,92,61,61,65,85,92,92,92,92,72,75,85,37,37,0,0],"gold":978,"neow_bonus":"TEN_PERCENT_HP_BONUS","is_daily":false,"chose_seed":false,"campfire_upgraded":0,"win_rate":0.0,"timestamp":1612766334,"path_taken":["WH","WH","WH","WH","?","E","E","E","T","E","M","?","E","E","R","BOSS","M","?","M","?","M","E","E","E","T","E"],"items_purchased_type":[],"build_version":"2020-12-22","purchased_purges":0,"victory":false,"max_hp_per_floor":[70,77,84,92,92,92,92,92,92,92,92,92,92,92,92,92,92,92,92,92,92,92,92,92,92,92,92,92],"card_choices":[{"not_picked":["BombardNight","GrandCross"],"picked":"CharismaGuard","floor":0},{"not_picked":["Backstab","Acrobatics"],"picked":"MysteriousBeam","floor":0},{"not_picked":["SurpressingFire","Dropkick"],"picked":"VampireKiss","floor":0},{"not_picked":["MagicAbsorber","Bane"],"picked":"ForbiddenFruit","floor":0},{"not_picked":["Alleviate","Concentrate"],"picked":"Protect","floor":0},{"not_picked":["Slice","Steam"],"picked":"UnstableMagic","floor":0},{"not_picked":["Infinite Blades","Ball Lightning"],"picked":"UnstableBomb","floor":0},{"not_picked":["Dodge and Roll","Capacitor"],"picked":"Pommel Strike","floor":0},{"not_picked":["TimeWarp","Streamline"],"picked":"BloodHunter","floor":0},{"not_picked":["Reckless Charge","Sabotage"],"picked":"IllusionStar","floor":0},{"not_picked":["Prepared","Genetic Algorithm"],"picked":"Outmaneuver","floor":0},{"not_picked":["Cold Snap","Darkness"],"picked":"Replay:BluntJabs","floor":0},{"not_picked":["Disarm","Cold Snap"],"picked":"FavorOfDestiny","floor":0},{"not_picked":["ReplayGash","Draining Mist"],"picked":"Footwork","floor":0},{"not_picked":["Carnage","Stack"],"picked":"Backstab","floor":0},{"not_picked":["Hidden Blade","Rewind"],"picked":"BombardNight","floor":1},{"not_picked":["Underhanded Strike","WaveOfTheHand"],"picked":"AlicesGift","floor":1},{"not_picked":["Ball Lightning","WitchOfGreed"],"picked":"VampireClaw","floor":1},{"not_picked":["True Grit","Revamp"],"picked":"Genetic Algorithm","floor":1},{"not_picked":["Coolheaded","Hologram"],"picked":"PowerUp","floor":1},{"not_picked":["Hidden Blade","EmptyBody"],"picked":"Bloodletting","floor":1},{"not_picked":["ReplayTheSpireMod:Tripwire","BlasphemousPunishment"],"picked":"Acceleration","floor":1},{"not_picked":["ReplayTheSpireMod:Speed Training","Go for the Eyes"],"picked":"ScarletNetherworld","floor":1},{"not_picked":["Barrage","Sucker Punch"],"picked":"UnderTheZenith","floor":1},{"not_picked":["Dagger Spray","Blade Dance"],"picked":"White Noise","floor":1},{"not_picked":["Sucker Punch","Replay:Hum"],"picked":"Misdirection","floor":1},{"not_picked":["VampirishNight","Cloak And Dagger"],"picked":"BootSequence","floor":1},{"not_picked":["SashWhip","Starlight"],"picked":"LikeWater","floor":1},{"not_picked":["Cleave","Wallop"],"picked":"LuminesStrike","floor":1},{"not_picked":["Slice","Unruled"],"picked":"Nirvana","floor":1},{"not_picked":["Glass Knife","Sunlight"],"picked":"MaximisePower","floor":6},{"not_picked":["Establishment","Fission"],"picked":"MillisecondPulsars","floor":7},{"not_picked":["SuperNova","Malaise","FinalSpark"],"picked":"SKIP","floor":8},{"not_picked":["StarDustReverie","Juggernaut"],"picked":"MurderousAura","floor":10},{"not_picked":["Storm of Steel","Alpha"],"picked":"Exhume","floor":13},{"not_picked":["LessonLearned","Hemogenesis"],"picked":"ReplayTheSpireMod:Brewmster","floor":14},{"not_picked":["Secret Weapon","ForgedInTime"],"picked":"Devotion","floor":16},{"not_picked":["DemonKingCradle","Creative AI"],"picked":"QueenOfMidnight","floor":23},{"not_picked":["Solidify","Demonic Infusion"],"picked":"KillingBlow","floor":24},{"not_picked":["Malaise","ForecastOfChange"],"picked":"CurseOfVladTepes+1","floor":25}],"player_experience":229184,"relics_obtained":[{"floor":6,"key":"MawBank"},{"floor":7,"key":"Peace Pipe"},{"floor":8,"key":"reliquary:WeakTea"},{"floor":10,"key":"CaptainsWheel"},{"floor":11,"key":"Centennial Puzzle"},{"floor":12,"key":"reliquary:HotPoker"},{"floor":13,"key":"InkBottle"},{"floor":14,"key":"Whetstone"},{"floor":18,"key":"Anchor"},{"floor":20,"key":"Incense Burner"},{"floor":20,"key":"Smiling Mask"},{"floor":21,"key":"Tiny Chest"},{"floor":22,"key":"Ornamental Fan"},{"floor":23,"key":"reliquary:Aerogel"},{"floor":24,"key":"Frozen Egg 2"},{"floor":25,"key":"Pet Ghost"},{"floor":26,"key":"Bronze Scales"}],"event_choices":[],"is_beta":false,"boss_relics":[{"not_picked":["Coffee Dripper","SoulBox"],"picked":"Philosopher\u0027s Stone"}],"items_purged_floors":[],"is_endless":false,"potions_floor_spawned":[7,10,11,12,18,23,25],"killed_by":"Gremlin Leader","ascension_level":20}}