{"host":"pjgcdp3h1plnbocs","time":1612792295,"event":{"mods":["AchievementEnabler","BaseMod","Colored Map","Downfall","Highlight Path","Minty Spire (QoL Compilation)","StSLib"],"gold_per_floor":[118,128,203,203,220,248,248,96,96,96,124,135,145,171,171,171,171],"floor_reached":16,"language":"ENG","playtime":485,"items_purged":["Strike_G"],"score":210,"play_id":"0697cb08-5296-466a-af0f-872942a7f83f","local_time":"20210208145135","is_ascension_mode":true,"campfire_choices":[{"data":"Cloak And Dagger","floor":7.0,"key":"SMITH"},{"data":"Accuracy","floor":10.0,"key":"SMITH"},{"data":"Footwork","floor":15,"key":"SMITH"}],"circlet_count":0,"master_deck":["Strike_G","Strike_G","Strike_G","Strike_G","Defend_G","Defend_G","Defend_G","Defend_G","Defend_G","Survivor","Neutralize","Infinite Blades","Footwork+1","Footwork+1","Cloak And Dagger+1","Accuracy+1","Cloak And Dagger","Noxious Fumes"],"relics":["Ring of the Snake","NeowsBlessing","White Beast Statue","Letter Opener","Darkstone Periapt","Molten Egg 2"],"acts_visited":["Exordium"],"potions_floor_usage":[14,14,16,16],"damage_taken":[{"damage":0.0,"enemies":"Small Slimes","floor":1.0,"turns":1.0},{"damage":0.0,"enemies":"Jaw Worm","floor":2.0,"turns":1.0},{"damage":0.0,"enemies":"Cultist","floor":5.0,"turns":1.0},{"damage":20.0,"enemies":"3 Sentries","floor":6.0,"turns":13.0},{"damage":0.0,"enemies":"Lagavulin","floor":11.0,"turns":8.0},{"damage":12.0,"enemies":"Large Slime","floor":12.0,"turns":6.0},{"damage":3.0,"enemies":"Blue Slaver","floor":13.0,"turns":4.0},{"damage":2,"enemies":"Gremlin Nob","floor":14,"turns":6},{"damage":18,"enemies":"Hexaghost","floor":16,"turns":9}],"seed_played":"4401819051111181303","potions_obtained":[{"floor":2.0,"key":"Weak Potion"},{"floor":11.0,"key":"Block Potion"},{"floor":12.0,"key":"ColorlessPotion"},{"floor":13.0,"key":"AttackPotion"},{"floor":14,"key":"Slimebound:ThreeZeroPotion"}],"is_trial":false,"path_per_floor":["M","M","?","?","M","E","R","$","T","R","E","M","M","E","R","B"],"character_chosen":"THE_SILENT","items_purchased":["Accuracy"],"campfire_rested":0,"item_purchase_floors":[8],"current_hp_per_floor":[63,63,52,52,52,32,32,32,32,32,32,20,17,15,15,0,0],"gold":171,"neow_bonus":"THREE_ENEMY_KILL","is_daily":false,"chose_seed":false,"campfire_upgraded":3,"win_rate":0.0,"timestamp":1612792295,"path_taken":["M","M","?","?","M","E","R","?","T","R","E","?","M","E","R","BOSS"],"items_purchased_type":["Card"],"build_version":"2020-12-22","purchased_purges":1,"victory":false,"max_hp_per_floor":[70,70,70,70,70,70,70,70,70,70,70,70,70,70,70,70,70],"card_choices":[{"not_picked":["Dodge and Roll","Blade Dance"],"picked":"Infinite Blades","floor":1.0},{"not_picked":["Predator","Noxious Fumes"],"picked":"Footwork","floor":2.0},{"not_picked":["Choke","Blade Dance"],"picked":"Footwork","floor":5.0},{"not_picked":["Calculated Gamble","Infinite Blades"],"picked":"Cloak And Dagger","floor":6.0},{"not_picked":["Bouncing Flask","Bane","Prepared"],"picked":"SKIP","floor":11.0},{"not_picked":["Flying Knee","Deadly Poison"],"picked":"Cloak And Dagger","floor":12.0},{"not_picked":["Deflect","Escape Plan"],"picked":"Noxious Fumes","floor":13.0},{"not_picked":["Grand Finale+1","Endless Agony+1","Deadly Poison"],"picked":"SKIP","floor":14}],"player_experience":223271,"relics_obtained":[{"floor":6.0,"key":"White Beast Statue"},{"floor":9.0,"key":"Letter Opener"},{"floor":11.0,"key":"Darkstone Periapt"},{"floor":14,"key":"Molten Egg 2"}],"event_choices":[{"damage_healed":0.0,"max_hp_gain":0.0,"max_hp_loss":0.0,"gold_gain":75.0,"event_name":"World of Goop","player_choice":"Gather Gold","floor":3.0,"gold_loss":0.0,"damage_taken":11.0},{"damage_healed":0.0,"max_hp_gain":0.0,"max_hp_loss":0.0,"gold_gain":0.0,"event_name":"Living Wall","player_choice":"Grow","floor":4.0,"gold_loss":0.0,"damage_taken":0.0,"cards_upgraded":["Footwork"]}],"is_beta":false,"boss_relics":[],"items_purged_floors":[8],"is_endless":false,"potions_floor_spawned":[2,11,12,13,14],"killed_by":"Hexaghost","ascension_level":9}}