{"host":"mvtpegmks4ispacb","time":1612820942,"event":{"mods":["AchievementEnabler","Act Like it!","Aspiration","BaseMod","Beaked The Cultist","Clockwork Mod","Colored Map","Downfall","GifTheSpireLib","Gremlin Mod","Hubris","Infinite Spire","Minty Spire (QoL Compilation)","Permanent Neow","Replay The Spire","StSLib","Stuff the Spire"],"gold_per_floor":[113,113,113,58,93,93,125,135,162,162,187,36,64,84,84,84,84],"floor_reached":16,"language":"ENG","playtime":847,"items_purged":["Pain"],"score":232,"play_id":"fd1e343d-1da4-4a1e-afac-bdb8922c9e45","local_time":"20210208154902","is_ascension_mode":true,"campfire_choices":[{"data":"Rampage","floor":6,"key":"SMITH"},{"data":"Pommel Strike","floor":10,"key":"SMITH"},{"floor":15,"key":"REST"}],"circlet_count":0,"master_deck":["AscendersBane","Strike_R","Strike_R","Strike_R","Strike_R","Strike_R","Defend_R","Defend_R","Defend_R","Defend_R","Bash","Rampage+1","Uppercut","Injury","True Grit+1","Pommel Strike+1","Armaments+1","ReplayTheSpireMod:Private Reserves+1","Seeing Red+1"],"relics":["Burning Blood","infinitespire:CheckeredPen","Toxic Egg 2","StuffTheSpire:Barrel","ReplayTheSpireMod:Lightbulb","Smiling Mask","King of Hearts","Art of War"],"acts_visited":["Exordium"],"potions_floor_usage":[7,11,11,13,16],"damage_taken":[{"damage":2,"enemies":"Cultist","floor":1,"turns":4},{"damage":22,"enemies":"Replay:BlueRogue","floor":7,"turns":4},{"damage":9,"enemies":"Small Slimes","floor":8,"turns":3},{"damage":31,"enemies":"Lagavulin","floor":11,"turns":8},{"damage":26,"enemies":"Gremlin Nob","floor":13,"turns":4},{"damage":4,"enemies":"2 Louse","floor":14,"turns":2},{"damage":47,"enemies":"Hexaghost","floor":16,"turns":10}],"seed_played":"7651756929617875244","potions_obtained":[{"floor":1,"key":"Block Potion"},{"floor":5,"key":"Death Potion"},{"floor":8,"key":"hexamod:SoulburnPotion"},{"floor":11,"key":"LiquidBronze"},{"floor":13,"key":"Block Potion"}],"is_trial":false,"path_per_floor":["M","T","?","$","?","R","E","M","T","R","E","$","E","M","R","B"],"character_chosen":"IRONCLAD","items_purchased":["True Grit+1","ReplayTheSpireMod:Private Reserves+1"],"campfire_rested":1,"item_purchase_floors":[4,12],"current_hp_per_floor":[72,72,72,72,72,72,56,53,53,53,28,28,16,18,40,0,0],"gold":84,"neow_bonus":"THREE_CARDS","is_daily":false,"chose_seed":false,"campfire_upgraded":2,"win_rate":0.0,"timestamp":1612820942,"path_taken":["M","?","?","$","?","R","E","M","T","R","E","$","E","?","R","BOSS"],"items_purchased_type":["Card","Card"],"build_version":"2020-12-22","purchased_purges":1,"victory":false,"max_hp_per_floor":[75,75,75,75,75,75,75,75,75,75,75,75,75,75,75,75,75],"card_choices":[{"not_picked":["Thunderclap","Life Link"],"picked":"Rampage","floor":0},{"not_picked":["Flex","Carnage"],"picked":"Uppercut","floor":1},{"not_picked":["Clash","Thunderclap"],"picked":"Pommel Strike","floor":7},{"not_picked":["StuffTheSpire:BloodClot+1","Perfected Strike"],"picked":"Armaments+1","floor":8},{"not_picked":["StuffTheSpire:Slingshot","Iron Wave","Flex+1"],"picked":"SKIP","floor":11},{"not_picked":["Juggernaut","StuffTheSpire:RagingBull"],"picked":"Seeing Red+1","floor":13},{"not_picked":["Sword Boomerang","Pommel Strike","Heavy Blade"],"picked":"SKIP","floor":14}],"player_experience":687913,"relics_obtained":[{"floor":2,"key":"infinitespire:CheckeredPen"},{"floor":5,"key":"StuffTheSpire:Barrel"},{"floor":7,"key":"ReplayTheSpireMod:Lightbulb"},{"floor":9,"key":"Smiling Mask"},{"floor":11,"key":"King of Hearts"},{"floor":13,"key":"Art of War"}],"event_choices":[],"is_beta":false,"boss_relics":[],"items_purged_floors":[12],"is_endless":false,"potions_floor_spawned":[1,8,11,13],"killed_by":"Hexaghost","ascension_level":20}}