{"host":"bw00wb7p5bw58om7","time":1612816888,"event":{"mods":["100% Spire Juice","Act Like it!","BaseMod","Better Third Choice","CapriCore","Chen","Downfall","Gensokyo","Hermit","KinomotoSakuraMod(????)","Koishi","KomeijiMod","Mari Mod (Legacy)","Mari\u0027s V1 Patch","Marisa????????","Minty Spire (QoL Compilation)","MostiFishMod","Onozuka Komachi Mod","Permanent Neow","Prisma Mod","Railgun Mod","Reimu??????","Remilia_Scarlet Moed?????·?????3.3.5","Remilia??????","StSLib","The Administrix","The Alterego","The Death Knight","The Immortal","The Mystic","The Senshi","The Servant 0.9.4","TheSwordswoman","TheVelvet","WarShipGirlsR/????R mod","Yakumo Yukari mod","Youmu??????","Yuyuko"],"gold_per_floor":[117,70,87,37,53,100,111,124,124,124,172,172,197,209,209,327,327,360,374,374,385,439,519,519,535,582,596,596,596,596],"floor_reached":29,"language":"ENG","playtime":1202,"items_purged":[],"score":351,"play_id":"11fae24b-cb36-44ff-a4ed-55e9acc2cccf","local_time":"20210208204128","is_ascension_mode":true,"campfire_choices":[{"data":"MillisecondPulsars","floor":10,"key":"SMITH"},{"data":"EnergyFlow","floor":12,"key":"SMITH"},{"data":"OneTimeOff","floor":15,"key":"SMITH"},{"data":"SuperNova","floor":24,"key":"SMITH"}],"circlet_count":0,"master_deck":["Strike_MRS+1","Strike_MRS+1","Strike_MRS","Defend_MRS+1","Defend_MRS+1","Defend_MRS","MasterSpark","UpSweep","FairyDestructionRay","ShootTheMoon","6A","WitchOfGreed","ShootingEcho","Gensokyo:BlessingOfVigor","OortCloud","WitchLeyline+1","OneTimeOff+1","MillisecondPulsars+1","EnergyFlow+1","Orbital","DeepEcoloBomb","SuperNova+1","WitchLeyline+1","GalacticHalo","Robbery+1","IllusionStar","EnergyFlow+1","MysteriousBeam","Singularity+1"],"relics":["MiniHakkero","DaveBox","NightmareShop","SynthV:TestCard","Anchor","Smiling Mask","SynthV:C4","MariMod:MariFestivalBadge","Gensokyo:MosesMiracle","Mercury Hourglass","ScarletDevilRocket","Bag of Preparation"],"acts_visited":["Gensokyo:Gensokyo","Gensokyo:Gensokyoer"],"potions_floor_usage":[13],"damage_taken":[{"damage":0,"enemies":"Gensokyo:Python","floor":1,"turns":2},{"damage":0,"enemies":"Gensokyo:2_Kodama","floor":3,"turns":1},{"damage":0,"enemies":"Gensokyo:3_Fairies","floor":5,"turns":2},{"damage":18,"enemies":"Gensokyo:Cirno","floor":6,"turns":5},{"damage":5,"enemies":"Gensokyo:VengefulSpirit","floor":7,"turns":3},{"damage":0,"enemies":"Gensokyo:Python_and_Kodama","floor":8,"turns":2},{"damage":14,"enemies":"Gensokyo:Aya","floor":11,"turns":4},{"damage":0,"enemies":"Gensokyo:5_Fairies","floor":13,"turns":3},{"damage":0,"enemies":"Gensokyo:LivingMonolith","floor":14,"turns":1},{"damage":0,"enemies":"Gensokyo:Yukari","floor":16,"turns":7},{"damage":0,"enemies":"Gensokyo:3_Dogs","floor":18,"turns":3},{"damage":10,"enemies":"Gensokyo:AngelMirror","floor":19,"turns":2},{"damage":31,"enemies":"Gensokyo:Swordslinger","floor":21,"turns":3},{"damage":6,"enemies":"Gensokyo:Chomper_and_Gloop","floor":22,"turns":3},{"damage":0,"enemies":"Gensokyo:Reisen","floor":23,"turns":3},{"damage":0,"enemies":"Gensokyo:Mirror_and_Dog","floor":25,"turns":2},{"damage":0,"enemies":"Gensokyo:3_Gloops","floor":27,"turns":3},{"damage":21,"enemies":"Gensokyo:Tenshi","floor":29,"turns":1}],"seed_played":"3786036580467058379","potions_obtained":[{"floor":1,"key":"SneckoOil"},{"floor":6,"key":"DeathKnight:RimePotion"},{"floor":11,"key":"ZuzhouPotion:ReiMu"},{"floor":13,"key":"Fire Potion"},{"floor":18,"key":"BottledSpark"}],"is_trial":false,"path_per_floor":["M","$","M","?","M","E","M","M","T","R","E","R","M","M","R","B",null,"M","M","?","M","M","E","R","M","T","M","T","E"],"character_chosen":"MARISA","items_purchased":["WitchOfGreed"],"campfire_rested":0,"item_purchase_floors":[2],"current_hp_per_floor":[68,68,68,68,68,50,45,45,45,45,31,31,31,31,31,31,68,68,58,58,27,21,21,21,21,21,21,21,0,0],"gold":596,"neow_bonus":"TRANSFORM_TWO_CARDS","is_daily":false,"chose_seed":false,"campfire_upgraded":4,"win_rate":0.0,"timestamp":1612816888,"path_taken":["M","$","M","?","M","E","M","M","T","R","E","R","M","?","R","BOSS","M","M","?","M","M","E","R","M","T","?","?","E"],"items_purchased_type":["Card"],"build_version":"2020-12-22","purchased_purges":0,"victory":false,"max_hp_per_floor":[68,68,68,68,68,68,68,68,68,68,68,68,68,68,68,68,68,68,68,68,68,68,68,68,68,68,68,68,68,68],"card_choices":[{"not_picked":["SuperPerseids","DragonMeteor"],"picked":"6A","floor":1},{"not_picked":["UnstableBomb","GravityBeat","MeteoricShower","ManaConvection"],"picked":"ShootingEcho","floor":3},{"not_picked":["DarkSpark","SuperPerseids","LuminesStrike","UnstableBomb"],"picked":"OortCloud","floor":5},{"not_picked":["MachineGunSpark","StarlightTyphoon","LuminesStrike","OortCloud"],"picked":"WitchLeyline","floor":6},{"not_picked":["ShootingEcho","GalacticHalo","DoubleSpark","AsteroidBelt"],"picked":"OneTimeOff","floor":7},{"not_picked":["ShootingEcho","Acceleration","GravityBeat","UnstableBomb"],"picked":"MillisecondPulsars","floor":8},{"not_picked":["ChargingUp","WitchLeyline","DC","6A"],"picked":"EnergyFlow","floor":11},{"not_picked":["GalacticHalo","PropBag","IllusionStar","ShootTheMoon"],"picked":"Orbital","floor":13},{"not_picked":["LuminesStrike","MillisecondPulsars","ManaConvection","EarthLightRay"],"picked":"DeepEcoloBomb","floor":14},{"not_picked":["JA","BinaryStars","StarDustReverie","MillisecondPulsars"],"picked":"SuperNova","floor":16},{"not_picked":["RefractionSpark","EventHorizon","MysteriousBeam+1","FairyDestructionRay"],"picked":"WitchLeyline","floor":18},{"not_picked":["MysteriousBeam","DC","AsteroidBelt","PulseMagic+1"],"picked":"GalacticHalo","floor":19},{"not_picked":["WitchOfGreed","GravityBeat","DeepEcoloBomb","PropBag"],"picked":"Robbery+1","floor":21},{"not_picked":["MaximisePower","DarkSpark","Singularity","MysteriousBeam"],"picked":"IllusionStar","floor":22},{"not_picked":["ManaConvection","ChargingUp","WitchLeyline","FairyDestructionRay"],"picked":"EnergyFlow+1","floor":23},{"not_picked":["NonDirectionalLaser+1","RefractionSpark","AsteroidBelt","Robbery+1"],"picked":"MysteriousBeam","floor":25},{"not_picked":["WitchOfGreed","SprinkleStarSeal","FairyDestructionRay","NonDirectionalLaser"],"picked":"Singularity+1","floor":27}],"player_experience":324525,"relics_obtained":[{"floor":1,"key":"SynthV:TestCard"},{"floor":6,"key":"Anchor"},{"floor":9,"key":"Smiling Mask"},{"floor":11,"key":"SynthV:C4"},{"floor":23,"key":"Gensokyo:MosesMiracle"},{"floor":23,"key":"Mercury Hourglass"},{"floor":26,"key":"ScarletDevilRocket"},{"floor":28,"key":"Bag of Preparation"}],"event_choices":[],"is_beta":false,"boss_relics":[{"not_picked":["GreenFoldingFan","RhineFirstAidKit"],"picked":"MariMod:MariFestivalBadge"}],"items_purged_floors":[],"is_endless":false,"potions_floor_spawned":[1,11,14,18,21,25],"killed_by":"Gensokyo:Tenshi","ascension_level":1}}