{"host":"y7357sx8ps3jkgoj","time":1612766629,"event":{"mods":["BaseMod","Downfall","Friendly Minions","Minty Spire (QoL Compilation)","Permanent Neow","Relic Stats","Reliquary","Shop Mod","Spire Arcade","StSLib","The Alterego","The Animator","The Bladedancer","The Bug Knight","The Exalted","The Forsaken","The Mystic","The Necromancer","The Poker Player","The Runesmith","Uncapped","Unceasing Turn Reminder"],"gold_per_floor":[119,119,4,23,33,108,123,151,151,170,195,195,214,241,292,325,325,325,336,88,88,190,190,208,228,228,242,242,255,283,283,297,369,380,392,410,443,443,458,458,554,554,568,568,293,293,304,333,333,333,350,350,350,368,0,0,17,17,17,17],"floor_reached":61,"language":"ENG","playtime":3230,"items_purged":["Bromod:Strike_Bro","Bromod:Defend_Bro","Writhe","theForsaken:PlagueCurse"],"score":812,"play_id":"47a92f8c-69c4-49ab-af3c-d5102aa4fb7a","local_time":"20210208004349","is_ascension_mode":false,"campfire_choices":[{"data":"Bromod:ToxicBarrage","floor":9,"key":"SMITH"},{"floor":18,"key":"REST"},{"data":"Bromod:BloodRush","floor":21,"key":"SMITH"},{"floor":31,"key":"REST"},{"floor":40,"key":"REST"},{"floor":49,"key":"RECALL"},{"floor":56,"key":"REST"},{"data":"Bromod:Flow","floor":58,"key":"SMITH"},{"floor":59,"key":"REST"}],"circlet_count":0,"master_deck":["Bromod:Strike_Bro","Bromod:Strike_Bro+1","Bromod:Defend_Bro","Bromod:Defend_Bro","Bromod:Defend_Bro","Bromod:SlashDash","Bromod:SlashDash+1","Bromod:SlashDash","Bromod:ToxicBarrage+1","Bromod:OrganShatter","Bromod:NoReturn","Bromod:BloodRush+1","Bromod:HeatedCharge","Bromod:Flow+1","Bromod:ToxicBarrage+1","Bromod:OrganShatter+1","Bromod:ReflexCoil+1","Bromod:RadialBlind+1","Bromod:NoReturn+1","Bromod:ArchwingLauncher+1","Bromod:HellsChamber","Bromod:Fury+1","Bromod:BulletJump+1","Bromod:ChillingReload","Madness","Madness","Bromod:FastHands","Bromod:PointStrike+1","Bromod:FastHands+1","Sadistic Nature+1","Bromod:RelentlessCombination+1","Bromod:ContagiousSpread","Bromod:HeatedCharge+1","Bromod:RelentlessCombination+1"],"relics":["Bromod:Ordis","Bromod:AscarisDevice","Unceasing Top","Odd Mushroom","theForsaken:PlagueMask","reliquary:SilkGlove","Ginger","Vajra","Juzu Bracelet","SlaversCollar","Blue Candle","Whetstone","HollowMod:StagPassRelic","reliquary:Stiletto","HornCleat","Bromod:ArcaneEnergize","ClockworkSouvenir","Dream Catcher","Kunai","reliquary:NewFriend"],"acts_visited":["Exordium","TheCity","TheBeyond"],"potions_floor_usage":[22,37,60],"damage_taken":[{"damage":0,"enemies":"Small Slimes","floor":1,"turns":2},{"damage":0,"enemies":"Cultist","floor":4,"turns":3},{"damage":2,"enemies":"2 Louse","floor":5,"turns":2},{"damage":2,"enemies":"Large Slime","floor":7,"turns":5},{"damage":20,"enemies":"Lagavulin","floor":8,"turns":7},{"damage":0,"enemies":"2 Fungi Beasts","floor":10,"turns":1},{"damage":3,"enemies":"The Mushroom Lair","floor":11,"turns":2},{"damage":3,"enemies":"Exordium Wildlife","floor":13,"turns":3},{"damage":8,"enemies":"Gremlin Nob","floor":16,"turns":3},{"damage":0,"enemies":"Looter","floor":19,"turns":1},{"damage":27,"enemies":"The Guardian","floor":22,"turns":6},{"damage":28,"enemies":"2 Thieves","floor":24,"turns":3},{"damage":0,"enemies":"Snake Plant","floor":25,"turns":1},{"damage":11,"enemies":"Centurion and Healer","floor":27,"turns":2},{"damage":12,"enemies":"Sentry and Sphere","floor":29,"turns":5},{"damage":8,"enemies":"Slavers","floor":30,"turns":3},{"damage":7,"enemies":"Snake Plant","floor":32,"turns":2},{"damage":1,"enemies":"Snecko","floor":34,"turns":4},{"damage":0,"enemies":"Shelled Parasite and Fungi","floor":35,"turns":2},{"damage":1,"enemies":"Chosen and Byrds","floor":36,"turns":3},{"damage":1,"enemies":"Book of Stabbing","floor":37,"turns":3},{"damage":3,"enemies":"Cultist and Chosen","floor":39,"turns":4},{"damage":14,"enemies":"Champ","floor":41,"turns":5},{"damage":3,"enemies":"Orb Walker","floor":43,"turns":2},{"damage":0,"enemies":"3 Shapes","floor":47,"turns":3},{"damage":10,"enemies":"Nemesis","floor":48,"turns":5},{"damage":11,"enemies":"Sphere and 2 Shapes","floor":51,"turns":3},{"damage":23,"enemies":"Jaw Worm Horde","floor":54,"turns":3},{"damage":3,"enemies":"Transient","floor":57,"turns":5},{"damage":41,"enemies":"Donu and Deca","floor":60,"turns":6}],"seed_played":"3027446709026134636","potions_obtained":[{"floor":10,"key":"SpeedPotion"},{"floor":11,"key":"Slimebound:ThreeZeroPotion"},{"floor":13,"key":"Bromod:ClemClone"},{"floor":22,"key":"PowerPotion"},{"floor":29,"key":"Bromod:Forma"},{"floor":37,"key":"Explosive Potion"},{"floor":43,"key":"Energy Potion"}],"is_trial":false,"path_per_floor":["M","?","$","M","M","?","M","E","R","M","?","?","M","T","T","E","?","R","M","$","R","B",null,"M","M","?","M","?","M","E","R","M","T","M","M","M","E","?","M","R","B",null,"M","?","$","?","M","E","R","?","M","T","T","M","$","R","M","R","R","B",null],"character_chosen":"THE_EXALTED","items_purchased":["Bromod:NoReturn","Juzu Bracelet","ClockworkSouvenir","Sadistic Nature","Bromod:RelentlessCombination"],"campfire_rested":5,"item_purchase_floors":[3,20,45,55,55],"current_hp_per_floor":[75,75,75,75,73,62,60,40,40,40,37,37,34,34,34,26,19,41,41,41,41,14,75,47,47,47,36,31,19,11,33,26,26,25,25,24,23,23,20,42,28,75,72,65,65,56,56,46,46,46,35,35,35,12,12,34,31,31,53,12],"gold":17,"neow_bonus":"ONE_RANDOM_RARE_CARD","is_daily":false,"chose_seed":false,"campfire_upgraded":3,"win_rate":0.0,"timestamp":1612766629,"path_taken":["M","?","$","?","M","?","M","E","R","M","?","?","M","T","T","E","?","R","M","$","R","BOSS","M","M","?","M","?","M","E","R","M","T","M","M","M","E","?","M","R","BOSS","M","?","?","?","M","E","R","?","M","T","?","M","$","R","M","R","R","BOSS"],"items_purchased_type":["Card","Relic","Relic","Card","Card"],"build_version":"2020-12-22","purchased_purges":4,"victory":true,"max_hp_per_floor":[75,75,75,75,75,75,75,75,75,75,75,75,75,75,75,75,75,75,75,75,75,75,75,75,75,75,75,75,75,75,75,75,75,75,75,75,75,75,75,75,75,75,75,75,75,75,75,75,75,75,75,75,75,75,75,75,75,75,75,75],"relic_stats":{"Dream Catcher":2,"counters":[30,99],"Blue Candle":[13],"Juzu Bracelet":1,"Ginger":[6],"Whetstone":["Bromod:SlashDash","Bromod:Strike_Bro"],"Kunai":[6],"obtain_stats":[{"Bromod:AscarisDevice":0,"reliquary:SilkGlove":15,"Blue Candle":28,"Vajra":17,"Juzu Bracelet":20,"Ginger":16,"Whetstone":30,"Bromod:Ordis":0,"Odd Mushroom":11,"theForsaken:PlagueMask":12,"HollowMod:StagPassRelic":33,"ClockworkSouvenir":45,"SlaversCollar":23,"Dream Catcher":48,"HornCleat":38,"Bromod:ArcaneEnergize":42,"reliquary:NewFriend":53,"reliquary:Stiletto":37,"Kunai":52,"Unceasing Top":8},{"Bromod:AscarisDevice":0,"reliquary:SilkGlove":8,"Blue Candle":14,"Vajra":9,"Juzu Bracelet":10,"Ginger":9,"Whetstone":16,"Bromod:Ordis":0,"Odd Mushroom":7,"theForsaken:PlagueMask":7,"HollowMod:StagPassRelic":17,"ClockworkSouvenir":24,"SlaversCollar":11,"Dream Catcher":26,"HornCleat":21,"Bromod:ArcaneEnergize":23,"reliquary:NewFriend":27,"reliquary:Stiletto":21,"Kunai":27,"Unceasing Top":5},{"Bromod:AscarisDevice":0,"reliquary:SilkGlove":25,"Blue Candle":41,"Vajra":28,"Juzu Bracelet":29,"Ginger":28,"Whetstone":49,"Bromod:Ordis":0,"Odd Mushroom":22,"theForsaken:PlagueMask":22,"HollowMod:StagPassRelic":51,"ClockworkSouvenir":74,"SlaversCollar":35,"Dream Catcher":82,"HornCleat":63,"Bromod:ArcaneEnergize":72,"reliquary:NewFriend":85,"reliquary:Stiletto":63,"Kunai":85,"Unceasing Top":19}],"Unceasing Top":[94]},"card_choices":[{"not_picked":["Bromod:FastHands","Bromod:Reflection"],"picked":"Bromod:OrganShatter","floor":1},{"not_picked":["Bromod:Vitality","Bromod:PointStrike","Bromod:SteelFiber"],"picked":"SKIP","floor":4},{"not_picked":["Bromod:Provoked","Bromod:BulletJump","Bromod:EnergySiphon"],"picked":"SKIP","floor":5},{"not_picked":["Bromod:FastHands","Bromod:Provoked","Bromod:ShatteringImpact"],"picked":"SKIP","floor":7},{"not_picked":["Bromod:SlipMagazine","Bromod:Redirection"],"picked":"Bromod:BloodRush","floor":8},{"not_picked":["Bromod:QuickDraw","Bromod:BulletJump","Bromod:FastHands"],"picked":"SKIP","floor":10},{"not_picked":["Bromod:PointBlank","Bromod:Vitality"],"picked":"Bromod:HeatedCharge","floor":13},{"not_picked":["Bromod:Vitality","Bromod:QuickDraw","Bromod:SeismicWave"],"picked":"SKIP","floor":16},{"not_picked":["Bromod:NorthWind","Bromod:NoReturn"],"picked":"Bromod:Flow","floor":19},{"not_picked":["Bromod:Adaptation","Bromod:DriftingContact"],"picked":"Bromod:ToxicBarrage","floor":22},{"not_picked":["Bromod:Maglev+1","Bromod:Rejuvenation"],"picked":"Bromod:OrganShatter+1","floor":24},{"not_picked":["Bromod:PressurePoint","Bromod:SlashDash"],"picked":"Bromod:ReflexCoil+1","floor":25},{"not_picked":["Bromod:SlashDash+1","Bromod:PointBlank"],"picked":"Bromod:RadialBlind+1","floor":27},{"not_picked":["Bromod:SlashDash","Bromod:QuickDraw"],"picked":"Bromod:NoReturn+1","floor":29},{"not_picked":["Bromod:BulletJump","Bromod:Redirection+1"],"picked":"Bromod:ArchwingLauncher+1","floor":30},{"not_picked":["Bromod:SlashDash","Bromod:PointStrike","Bromod:Fury"],"picked":"SKIP","floor":32},{"not_picked":["Bromod:FastHands","Bromod:SteelFiber","Bromod:ArchwingLauncher"],"picked":"SKIP","floor":34},{"not_picked":["Bromod:SlashDash","Bromod:ShatteringImpact","Bromod:HornetStrike"],"picked":"SKIP","floor":35},{"not_picked":["Bromod:OrganShatter","Bromod:BodyCount"],"picked":"Bromod:HellsChamber","floor":36},{"not_picked":["Bromod:PointStrike","Bromod:Vitality"],"picked":"Bromod:Fury+1","floor":37},{"not_picked":["Bromod:SlipMagazine","Bromod:SteelFiber"],"picked":"Bromod:BulletJump+1","floor":39},{"not_picked":["Bromod:Rage","Bromod:LethalTorrent"],"picked":"Bromod:ChillingReload","floor":41},{"not_picked":["Bromod:Stretch","Bromod:RadialBlind+1","Bromod:OrganShatter"],"picked":"SKIP","floor":43},{"not_picked":["Bromod:SlashDash","Bromod:OrganShatter+1"],"picked":"Bromod:FastHands","floor":47},{"not_picked":["Bromod:FocusEnergy","Bromod:SlashDash+1"],"picked":"Bromod:PointStrike+1","floor":48},{"not_picked":["Bromod:PressurePoint","Bromod:ShatteringImpact+1"],"picked":"Bromod:FastHands+1","floor":51},{"not_picked":["Bromod:BulletJump","Bromod:PressurePoint","Bromod:SteelFiber"],"picked":"SKIP","floor":54},{"not_picked":["Bromod:Vitality+1","Bromod:QuickDraw"],"picked":"Bromod:ContagiousSpread","floor":56},{"not_picked":["Bromod:Stretch","Bromod:QuickDraw+1"],"picked":"Bromod:HeatedCharge+1","floor":57},{"not_picked":["Bromod:FashionFrame","Bromod:OrganShatter"],"picked":"Bromod:RelentlessCombination+1","floor":59}],"player_experience":535681,"relics_obtained":[{"floor":8,"key":"Unceasing Top"},{"floor":11,"key":"Odd Mushroom"},{"floor":15,"key":"reliquary:SilkGlove"},{"floor":16,"key":"Ginger"},{"floor":30,"key":"Whetstone"},{"floor":33,"key":"HollowMod:StagPassRelic"},{"floor":37,"key":"reliquary:Stiletto"},{"floor":48,"key":"Dream Catcher"},{"floor":52,"key":"Kunai"},{"floor":53,"key":"reliquary:NewFriend"}],"event_choices":[{"damage_healed":0,"gold_gain":0,"player_choice":"Bought 0 Potions","damage_taken":0,"max_hp_gain":0,"max_hp_loss":0,"event_name":"The Woman in Blue","floor":2,"gold_loss":0},{"damage_healed":0,"gold_gain":75,"player_choice":"Gather Gold","damage_taken":11,"max_hp_gain":0,"max_hp_loss":0,"event_name":"World of Goop","floor":6,"gold_loss":0},{"damage_healed":0,"gold_gain":0,"player_choice":"Fought Mushrooms","damage_taken":0,"max_hp_gain":0,"max_hp_loss":0,"event_name":"Mushrooms","floor":11,"gold_loss":0},{"damage_healed":0,"gold_gain":0,"player_choice":"Obtain Plague Curse","damage_taken":0,"max_hp_gain":0,"max_hp_loss":0,"event_name":"Plague Doctor","floor":12,"gold_loss":0,"cards_obtained":["theForsaken:PlagueCurse"]},{"damage_healed":0,"gold_gain":0,"player_choice":"Success","damage_taken":7,"relics_obtained":["Vajra"],"max_hp_gain":0,"max_hp_loss":0,"event_name":"Scrap Ooze","floor":17,"gold_loss":0},{"damage_healed":0,"gold_gain":0,"player_choice":"Opened","damage_taken":0,"relics_obtained":["HornCleat"],"max_hp_gain":0,"max_hp_loss":0,"event_name":"The Mausoleum","floor":38,"gold_loss":0,"cards_obtained":["Writhe"]},{"damage_healed":0,"gold_gain":0,"player_choice":"Damaged","damage_taken":7,"max_hp_gain":0,"max_hp_loss":0,"event_name":"Wheel of Change","floor":44,"gold_loss":0},{"damage_healed":0,"gold_gain":0,"player_choice":"Embrace Madness","damage_taken":9,"max_hp_gain":0,"max_hp_loss":0,"event_name":"Winding Halls","floor":46,"gold_loss":0,"cards_obtained":["Madness","Madness"]}],"is_beta":false,"boss_relics":[{"not_picked":["Fusion Hammer","Runesmith:UraniumAnvil"],"picked":"SlaversCollar"},{"not_picked":["reliquary:RedPaperclip","Sozu"],"picked":"Bromod:ArcaneEnergize"}],"items_purged_floors":[3,20,45,55],"is_endless":false,"potions_floor_spawned":[10,11,13,22,25,29,34,37,43,47],"ascension_level":0}}