{"host":"Krakhan","time":1612744193,"event":{"mods":["AchievementEnabler","BaseMod","Colored Map","Colored Powertips","Faster Ascension Climbing","Highlight Path","Minty Spire (QoL Compilation)","Rare Cards Sparkle","Relic Stats","StSLib"],"gold_per_floor":[116,133,58,208,33,33,64,64,64,80,80,80,98,129,129,129,129],"floor_reached":16,"language":"ENG","playtime":673,"items_purged":["Strike_R","Doubt"],"score":216,"play_id":"62650bf6-309c-422f-a9d4-5b4469d8b316","local_time":"20210207192953","is_ascension_mode":true,"campfire_choices":[{"data":"Searing Blow","floor":6,"key":"SMITH"},{"data":"True Grit","floor":8,"key":"SMITH"},{"data":"Searing Blow+1","floor":11,"key":"SMITH"},{"floor":15,"key":"REST"}],"circlet_count":0,"master_deck":["AscendersBane","Strike_R","Strike_R","Strike_R","Defend_R","Defend_R","Bash","Sword Boomerang+1","Rampage+1","Feel No Pain+1","True Grit","Clothesline","Searing Blow+3","True Grit+1","Entrench","Armaments","Shrug It Off"],"relics":["Astrolabe","MealTicket","Question Card","Smiling Mask"],"acts_visited":["Exordium"],"potions_floor_usage":[14,16],"damage_taken":[{"damage":6,"enemies":"2 Louse","floor":1,"turns":3},{"damage":10,"enemies":"Small Slimes","floor":2,"turns":3},{"damage":32,"enemies":"Gremlin Nob","floor":7,"turns":4},{"damage":0,"enemies":"Cultist","floor":10,"turns":4},{"damage":9,"enemies":"3 Louse","floor":13,"turns":4},{"damage":10,"enemies":"3 Sentries","floor":14,"turns":3},{"damage":28,"enemies":"Hexaghost","floor":16,"turns":9}],"seed_played":"-7894994662631802155","potions_obtained":[{"floor":10,"key":"ColorlessPotion"},{"floor":14,"key":"SkillPotion"}],"is_trial":false,"path_per_floor":["M","M","$","?","$","R","E","R","T","M","R","?","M","E","R","B"],"character_chosen":"IRONCLAD","items_purchased":["Searing Blow"],"campfire_rested":1,"item_purchase_floors":[5],"current_hp_per_floor":[62,52,52,52,52,52,20,20,20,20,20,20,11,1,23,0,0],"gold":129,"neow_bonus":"BOSS_RELIC","is_daily":false,"chose_seed":false,"campfire_upgraded":3,"win_rate":0.0,"timestamp":1612744193,"path_taken":["M","M","$","?","$","R","E","R","T","M","R","?","M","E","R","BOSS"],"items_purchased_type":["Card"],"build_version":"2020-12-18","purchased_purges":2,"victory":false,"max_hp_per_floor":[75,75,75,75,75,75,75,75,75,75,75,75,75,75,75,75,75],"relic_stats":{"counters":[7,30],"Astrolabe":["Sword Boomerang","Rampage","Feel No Pain"],"MealTicket":0,"Question Card":3,"Smiling Mask":0,"obtain_stats":[{"Astrolabe":0,"MealTicket":7,"Question Card":9,"Smiling Mask":14,"Burning Blood":0},{"Astrolabe":0,"MealTicket":3,"Question Card":3,"Smiling Mask":6,"Burning Blood":0},{"Astrolabe":0,"MealTicket":10,"Question Card":10,"Smiling Mask":21,"Burning Blood":0}]},"card_choices":[{"not_picked":["Headbutt","Anger"],"picked":"True Grit","floor":1},{"not_picked":["Warcry","Reckless Charge"],"picked":"Clothesline","floor":2},{"not_picked":["Flex","Shrug It Off"],"picked":"True Grit","floor":7},{"not_picked":["Clothesline","Sword Boomerang","Brutality"],"picked":"Entrench","floor":10},{"not_picked":["Clothesline","Carnage","Spot Weakness"],"picked":"Armaments","floor":13},{"not_picked":["Heavy Blade","Twin Strike","Headbutt"],"picked":"Shrug It Off","floor":14}],"player_experience":1381930,"relics_obtained":[{"floor":7,"key":"MealTicket"},{"floor":9,"key":"Question Card"},{"floor":14,"key":"Smiling Mask"}],"event_choices":[{"damage_healed":0,"gold_gain":150,"player_choice":"AGREE","damage_taken":0,"max_hp_gain":0,"max_hp_loss":0,"event_name":"Liars Game","floor":4,"gold_loss":0,"cards_obtained":["Doubt"]},{"damage_healed":0,"gold_gain":0,"player_choice":"Grow","damage_taken":0,"max_hp_gain":0,"max_hp_loss":0,"event_name":"Living Wall","floor":12,"gold_loss":0,"cards_upgraded":["Searing Blow"]}],"is_beta":true,"boss_relics":[],"items_purged_floors":[3,5],"is_endless":false,"potions_floor_spawned":[10,14],"killed_by":"Hexaghost","ascension_level":20}}