{"host":"zsf7u5n6ehqeseos","time":1612795432,"event":{"mods":["AchievementEnabler","BaseMod","Colored Map","Colored Powertips","Googly Eyes","Minty Spire (QoL Compilation)"],"gold_per_floor":[13,32,32,47,64,77,107,107,107,141,105,169,169,187,187,187,187],"floor_reached":16,"language":"ENG","playtime":597,"items_purged":[],"score":162,"play_id":"5e46434a-e257-4754-8777-6ae8829798d1","local_time":"20210208154352","is_ascension_mode":true,"campfire_choices":[{"floor":13,"key":"REST"},{"floor":15,"key":"REST"}],"circlet_count":0,"master_deck":["Strike_B","Strike_B","Strike_B","Defend_B","Defend_B","Defend_B","Defend_B","Zap","Dualcast","Hyperbeam","Hologram","Aggregate","Stack","Coolheaded","Rebound","Streamline","Consume","Hologram","Sunder","Beam Cell"],"relics":["Cracked Core","Pantograph","Bottled Flame","Sundial"],"acts_visited":["Exordium"],"potions_floor_usage":[10,16],"damage_taken":[{"damage":0.0,"enemies":"Cultist","floor":1.0,"turns":2.0},{"damage":0.0,"enemies":"2 Louse","floor":2.0,"turns":1.0},{"damage":7.0,"enemies":"Jaw Worm","floor":4.0,"turns":3.0},{"damage":3.0,"enemies":"Exordium Wildlife","floor":5.0,"turns":2.0},{"damage":14.0,"enemies":"Large Slime","floor":6.0,"turns":4.0},{"damage":18.0,"enemies":"Lagavulin","floor":7.0,"turns":4.0},{"damage":5,"enemies":"3 Sentries","floor":10,"turns":3},{"damage":0,"enemies":"3 Louse","floor":14,"turns":1},{"damage":79,"enemies":"Hexaghost","floor":16,"turns":9}],"seed_played":"-2491619338880715190","potions_obtained":[{"floor":2.0,"key":"DistilledChaos"},{"floor":4.0,"key":"Strength Potion"},{"floor":7.0,"key":"Energy Potion"},{"floor":10,"key":"Fire Potion"}],"is_trial":false,"path_per_floor":["M","M","$","M","M","M","E","?","T","E","$","?","R","M","R","B"],"character_chosen":"DEFECT","items_purchased":["Sunder"],"campfire_rested":2,"item_purchase_floors":[11],"current_hp_per_floor":[68,68,68,61,58,44,26,26,26,21,21,21,43,43,65,0,0],"gold":187,"neow_bonus":"THREE_RARE_CARDS","is_daily":false,"chose_seed":false,"campfire_upgraded":0,"win_rate":0.0,"timestamp":1612795432,"path_taken":["M","M","?","M","M","M","E","?","T","E","$","?","R","M","R","BOSS"],"items_purchased_type":["Card"],"build_version":"2020-12-22","purchased_purges":0,"victory":false,"max_hp_per_floor":[75,75,75,75,75,75,75,75,75,75,75,75,75,75,75,75,75],"card_choices":[{"not_picked":["Buffer","Thunder Strike"],"picked":"Hyperbeam","floor":0.0},{"not_picked":["Leap","Compile Driver"],"picked":"Hologram","floor":1.0},{"not_picked":["Fusion","Steam"],"picked":"Aggregate","floor":2.0},{"not_picked":["Go for the Eyes","Heatsinks"],"picked":"Stack","floor":4.0},{"not_picked":["Rip and Tear","Redo"],"picked":"Coolheaded","floor":5.0},{"not_picked":["Gash","Streamline"],"picked":"Rebound","floor":6.0},{"not_picked":["Creative AI","Leap"],"picked":"Streamline","floor":7.0},{"not_picked":["Aggregate","Compile Driver"],"picked":"Hologram","floor":10},{"not_picked":["Rebound","Ball Lightning"],"picked":"Beam Cell","floor":14}],"player_experience":217327,"relics_obtained":[{"floor":7.0,"key":"Pantograph"},{"floor":9.0,"key":"Bottled Flame"},{"floor":10,"key":"Sundial"}],"event_choices":[{"damage_healed":0.0,"max_hp_gain":0.0,"max_hp_loss":0.0,"gold_gain":0.0,"cards_transformed":["Strike_B"],"event_name":"Living Wall","player_choice":"Change","floor":8.0,"gold_loss":0.0,"damage_taken":0.0,"cards_obtained":["Consume"]},{"damage_healed":0,"gold_gain":64,"player_choice":"Gained Gold","damage_taken":0,"max_hp_gain":0,"max_hp_loss":0,"event_name":"Golden Wing","floor":12,"gold_loss":0}],"is_beta":false,"boss_relics":[],"items_purged_floors":[],"is_endless":false,"potions_floor_spawned":[2,4,7,10],"killed_by":"Hexaghost","ascension_level":9}}