{"host":"11728qvdvolffudn","time":1612781261,"event":{"mods":["BaseMod","Block Reminder","Colored Powertips","Curses Come First","Custom Start","Displayed Cursed Tome","Highlight Path","Minty Spire (QoL Compilation)","Permanent Neow","Quick Restart","Rare Cards Sparkle","Relic Stats","StSLib","Weighted Paths"],"gold_per_floor":[114,114,64,64,64,64,97,16,40,59,75,85,85,98,98,196,196,215,215,233,233,122,122,122,122],"floor_reached":24,"language":"ENG","playtime":900,"items_purged":[],"score":223,"play_id":"dd781606-79f9-4990-9c0c-fec3dad87153","local_time":"20210208104741","is_ascension_mode":true,"campfire_choices":[{"data":"Flex","floor":6,"key":"SMITH"},{"data":"Whirlwind","floor":13,"key":"SMITH"},{"data":"Inflame","floor":15,"key":"SMITH"},{"data":"Whirlwind","floor":23,"key":"SMITH"}],"circlet_count":0,"master_deck":["Strike_R","Strike_R","Strike_R","Defend_R","Defend_R","Defend_R","Defend_R","Bash","Flex+1","Flex+1","Whirlwind+1","Inflame+1","RitualDagger","Shrug It Off","Whirlwind+1","Inflame"],"relics":["Burning Blood","Bottled Lightning","Omamori","MealTicket","Calling Bell","Potion Belt","White Beast Statue","Girya","Paper Frog"],"acts_visited":["Exordium","TheCity"],"potions_floor_usage":[16,20],"damage_taken":[{"damage":10,"enemies":"Small Slimes","floor":1,"turns":4},{"damage":36,"enemies":"Lagavulin","floor":7,"turns":8},{"damage":2,"enemies":"Jaw Worm","floor":10,"turns":3},{"damage":0,"enemies":"2 Louse","floor":11,"turns":3},{"damage":0,"enemies":"Large Slime","floor":12,"turns":4},{"damage":8,"enemies":"Blue Slaver","floor":14,"turns":2},{"damage":50,"enemies":"Hexaghost","floor":16,"turns":8},{"damage":1,"enemies":"3 Byrds","floor":18,"turns":4},{"damage":67,"enemies":"Chosen","floor":20,"turns":8},{"damage":77,"enemies":"Slavers","floor":24,"turns":4}],"seed_played":"-6346114832037107921","potions_obtained":[{"floor":7,"key":"FairyPotion"},{"floor":12,"key":"Swift Potion"},{"floor":16,"key":"LiquidBronze"},{"floor":18,"key":"Regen Potion"},{"floor":20,"key":"SmokeBomb"}],"is_trial":false,"path_per_floor":["M","?","?","T","?","R","E","$","T","M","M","M","R","M","R","B",null,"M","?","M","?","$","R","E"],"character_chosen":"IRONCLAD","items_purchased":["Whirlwind","Whirlwind","Inflame"],"campfire_rested":0,"item_purchase_floors":[8,22,22],"current_hp_per_floor":[76,69,69,69,69,69,39,39,39,43,49,55,55,53,53,9,80,80,74,27,27,42,42,0,0],"gold":122,"neow_bonus":"THREE_CARDS","is_daily":false,"chose_seed":false,"campfire_upgraded":4,"win_rate":0.0,"timestamp":1612781261,"path_taken":["M","?","?","?","?","R","E","$","T","M","M","M","R","M","R","BOSS","M","?","M","?","?","R","E"],"items_purchased_type":["Card","Card","Card"],"build_version":"2020-12-22","purchased_purges":0,"victory":false,"max_hp_per_floor":[80,80,80,80,80,80,80,80,80,80,80,80,80,80,80,80,80,80,80,80,80,80,80,80,80],"relic_stats":{"counters":[10,48],"MealTicket":15,"obtain_stats":[{"Calling Bell":17,"Potion Belt":17,"Girya":17,"MealTicket":9,"Omamori":7,"Bottled Lightning":4,"Burning Blood":0,"White Beast Statue":17,"Paper Frog":21},{"Calling Bell":7,"Potion Belt":7,"Girya":7,"MealTicket":2,"Omamori":2,"Bottled Lightning":1,"Burning Blood":0,"White Beast Statue":7,"Paper Frog":9},{"Calling Bell":32,"Potion Belt":32,"Girya":32,"MealTicket":12,"Omamori":12,"Bottled Lightning":4,"Burning Blood":0,"White Beast Statue":32,"Paper Frog":44}],"Burning Blood":49},"card_choices":[{"not_picked":["Clothesline","Iron Wave"],"picked":"Flex","floor":0},{"not_picked":["Sword Boomerang","Thunderclap"],"picked":"Flex","floor":1},{"not_picked":["Iron Wave","Sever Soul","Bloodletting"],"picked":"SKIP","floor":7},{"not_picked":["Rampage","Carnage","Cleave"],"picked":"SKIP","floor":10},{"not_picked":["Perfected Strike","Clash","Hemokinesis"],"picked":"SKIP","floor":11},{"not_picked":["Sword Boomerang","Shockwave","Clothesline"],"picked":"SKIP","floor":12},{"not_picked":["Entrench","Ghostly Armor"],"picked":"Inflame","floor":14},{"not_picked":["Wild Strike","Rampage","Perfected Strike"],"picked":"SKIP","floor":18},{"not_picked":["Clash","Headbutt"],"picked":"Shrug It Off","floor":20}],"player_experience":183916,"relics_obtained":[{"floor":4,"key":"Bottled Lightning"},{"floor":7,"key":"Omamori"},{"floor":9,"key":"MealTicket"},{"floor":17,"key":"Potion Belt"},{"floor":17,"key":"White Beast Statue"},{"floor":17,"key":"Girya"}],"event_choices":[{"cards_removed":["Strike_R"],"damage_healed":0,"gold_gain":0,"player_choice":"Card Removal","damage_taken":7,"max_hp_gain":0,"max_hp_loss":0,"event_name":"Golden Wing","floor":2,"gold_loss":0},{"cards_removed":["Strike_R"],"damage_healed":0,"gold_gain":0,"player_choice":"Card Removal","damage_taken":0,"max_hp_gain":0,"max_hp_loss":0,"event_name":"The Cleric","floor":3,"gold_loss":50},{"damage_healed":0,"gold_gain":0,"player_choice":"Grow","damage_taken":0,"max_hp_gain":0,"max_hp_loss":0,"event_name":"Living Wall","floor":5,"gold_loss":0,"cards_upgraded":["Flex"]},{"damage_healed":0,"gold_gain":0,"player_choice":"Joined the Cult","damage_taken":6,"max_hp_gain":0,"max_hp_loss":0,"event_name":"Nest","floor":19,"gold_loss":0,"cards_obtained":["RitualDagger"]},{"damage_healed":0,"gold_gain":0,"player_choice":"Opened","damage_taken":0,"relics_obtained":["Paper Frog"],"max_hp_gain":0,"max_hp_loss":0,"event_name":"The Mausoleum","floor":21,"gold_loss":0}],"is_beta":false,"boss_relics":[{"not_picked":["Astrolabe","Fusion Hammer"],"picked":"Calling Bell"}],"items_purged_floors":[],"is_endless":false,"potions_floor_spawned":[7,12,16,18,20],"killed_by":"Slavers","ascension_level":3}}