{"host":"yuoancq4cku3x8wq","time":1612790805,"event":{"mods":["AchievementEnabler","BaseMod","Minty Spire (QoL Compilation)","Quick Restart","StSLib","SuperFastMode"],"gold_per_floor":[111,286,15,90,90,90,117,117,117,117,117,127,162,62,62,163,163,176,176,176,188,63,63,89,89,89,102,137,147,147,147],"floor_reached":30,"language":"ZHS","playtime":816,"items_purged":["Doubt","Strike_R","Strike_R"],"score":330,"play_id":"9c637628-d0b6-4329-9dc7-b55821bf2f72","local_time":"20210208212645","is_ascension_mode":true,"campfire_choices":[{"data":"Armaments","floor":6.0,"key":"SMITH"},{"data":"Burning Pact","floor":8.0,"key":"SMITH"},{"floor":11.0,"key":"RECALL"},{"data":"Rupture","floor":15.0,"key":"SMITH"},{"data":"Feed","floor":23.0,"key":"SMITH"},{"floor":25.0,"key":"REST"}],"circlet_count":0,"master_deck":["Strike_R+1","Strike_R","Strike_R","Defend_R+1","Defend_R","Defend_R","Defend_R","Bash","Armaments+1","Burning Pact+1","Rupture+1","Hemokinesis","Feed+1","Intimidate+1","Rupture+1","Pommel Strike","Battle Trance+1"],"relics":["Burning Blood","NeowsBlessing","ClockworkSouvenir","Regal Pillow","Darkstone Periapt","Potion Belt","Velvet Choker","Du-Vu Doll","Blood Vial","Dream Catcher","Red Mask"],"acts_visited":["Exordium","TheCity"],"potions_floor_usage":[28,29,30],"damage_taken":[{"damage":0.0,"enemies":"Small Slimes","floor":1.0,"turns":1.0},{"damage":0.0,"enemies":"Gremlin Nob","floor":7.0,"turns":1.0},{"damage":0.0,"enemies":"Jaw Worm","floor":12.0,"turns":1.0},{"damage":23.0,"enemies":"Lagavulin","floor":13.0,"turns":6.0},{"damage":50.0,"enemies":"Hexaghost","floor":16.0,"turns":8.0},{"damage":10.0,"enemies":"Shell Parasite","floor":18.0,"turns":7.0},{"damage":18.0,"enemies":"3 Byrds","floor":21.0,"turns":6.0},{"damage":46.0,"enemies":"Slavers","floor":24.0,"turns":7.0},{"damage":56.0,"enemies":"Sentry and Sphere","floor":27.0,"turns":8.0},{"damage":14,"enemies":"Masked Bandits","floor":28,"turns":4},{"damage":19,"enemies":"Cultist and Chosen","floor":29,"turns":6},{"damage":28,"enemies":"Gremlin Leader","floor":30,"turns":4}],"seed_played":"-4937000185004109498","potions_obtained":[{"floor":1.0,"key":"BloodPotion"},{"floor":12.0,"key":"ColorlessPotion"},{"floor":13.0,"key":"ColorlessPotion"},{"floor":21.0,"key":"GamblersBrew"},{"floor":24.0,"key":"GamblersBrew"},{"floor":27.0,"key":"SkillPotion"}],"is_trial":false,"path_per_floor":["M","?","$","?","T","R","E","R","T","?","R","M","E","$","R","B",null,"M","?","?","M","$","R","E","R","T","M","?","M","E"],"character_chosen":"IRONCLAD","items_purchased":["ClockworkSouvenir","Armaments"],"campfire_rested":1,"item_purchase_floors":[3,3],"current_hp_per_floor":[80,80,80,69,69,69,75,75,75,59,59,65,48,48,48,20,80,79,79,79,70,70,70,34,76,76,32,30,23,0,0],"gold":147,"neow_bonus":"THREE_ENEMY_KILL","is_daily":false,"chose_seed":false,"campfire_upgraded":4,"win_rate":0.0,"timestamp":1612790805,"path_taken":["M","?","$","?","?","R","E","R","T","?","R","M","E","?","R","BOSS","M","?","?","?","$","R","E","R","T","M","?","M","E"],"items_purchased_type":["Relic","Card"],"build_version":"2020-12-22","purchased_purges":3,"victory":false,"max_hp_per_floor":[80,80,80,80,80,80,80,80,80,80,80,80,80,80,80,80,80,83,83,83,86,86,86,90,90,90,94,98,102,102,102],"card_choices":[{"not_picked":["Fire Breathing","Sword Boomerang","True Grit"],"picked":"SKIP","floor":1.0},{"not_picked":["Flame Barrier","Flex"],"picked":"Burning Pact","floor":7.0},{"not_picked":["Iron Wave","Evolve"],"picked":"Rupture","floor":12.0},{"not_picked":["Heavy Blade","Anger"],"picked":"Hemokinesis","floor":13.0},{"not_picked":["Bludgeon","Demon Form"],"picked":"Feed","floor":16.0},{"not_picked":["Burning Pact+1","Armaments+1"],"picked":"Intimidate+1","floor":18.0},{"not_picked":["Searing Blow","Thunderclap","Sever Soul"],"picked":"SKIP","floor":21.0},{"not_picked":["Shockwave+1","Iron Wave+1"],"picked":"Pommel Strike","floor":24.0},{"not_picked":["Armaments","Thunderclap"],"picked":"Battle Trance+1","floor":27.0},{"not_picked":["Body Slam","Inflame","Flex"],"picked":"SKIP","floor":29}],"player_experience":242866,"relics_obtained":[{"floor":5.0,"key":"Regal Pillow"},{"floor":7.0,"key":"Darkstone Periapt"},{"floor":13.0,"key":"Potion Belt"},{"floor":24.0,"key":"Blood Vial"},{"floor":26.0,"key":"Dream Catcher"},{"floor":28,"key":"Red Mask"}],"event_choices":[{"damage_healed":0.0,"max_hp_gain":0.0,"max_hp_loss":0.0,"gold_gain":175.0,"event_name":"Liars Game","player_choice":"AGREE","floor":2.0,"gold_loss":0.0,"damage_taken":0.0,"cards_obtained":["Doubt"]},{"damage_healed":0.0,"max_hp_gain":0.0,"max_hp_loss":0.0,"gold_gain":75.0,"event_name":"World of Goop","player_choice":"Gather Gold","floor":4.0,"gold_loss":0.0,"damage_taken":11.0},{"damage_healed":0.0,"max_hp_gain":0.0,"max_hp_loss":0.0,"gold_gain":0.0,"event_name":"Shining Light","player_choice":"Entered Light","floor":10.0,"gold_loss":0.0,"damage_taken":16.0,"cards_upgraded":["Strike_R","Defend_R"]},{"damage_healed":0.0,"max_hp_gain":0.0,"max_hp_loss":0.0,"gold_gain":0.0,"event_name":"The Mausoleum","player_choice":"Opened","floor":19.0,"gold_loss":0.0,"damage_taken":0.0,"relics_obtained":["Du-Vu Doll"]},{"damage_healed":0.0,"max_hp_gain":0.0,"max_hp_loss":0.0,"gold_gain":0.0,"event_name":"Duplicator","player_choice":"Copied","floor":20.0,"gold_loss":0.0,"damage_taken":0.0,"cards_obtained":["Rupture"]},{"damage_healed":0,"gold_gain":0,"player_choice":"Fought Bandits","damage_taken":0,"max_hp_gain":0,"max_hp_loss":0,"event_name":"Masked Bandits","floor":28,"gold_loss":0}],"is_beta":false,"boss_relics":[{"not_picked":["Ectoplasm","Busted Crown"],"picked":"Velvet Choker"}],"items_purged_floors":[3,14,22],"is_endless":false,"potions_floor_spawned":[1,12,13,21,24,27],"killed_by":"Gremlin Leader","ascension_level":2}}