{"host":"x8sam8fprezugive","time":1612799077,"event":{"mods":["A Magickal Journey","Bard","BaseMod","Colored Powertips","Downfall","Hero for Fun","Minty Spire (QoL Compilation)","Replay The Spire","StSLib","The Necromancer"],"gold_per_floor":[99,114,114,114,133,133,156,156,187,187,187,199,217,117,117,142,162,267,267,267,267,117,134,36,50,75,75,75,36,36,68,68,85,96,96,96,96],"floor_reached":35,"language":"ENG","playtime":2104,"items_purged":["Pain"],"score":383,"play_id":"6de9f1a9-34c4-47b9-8a08-62425c1016d4","local_time":"20210208164437","is_ascension_mode":false,"campfire_choices":[{"data":"Guardian:CurlUp","floor":1,"key":"SMITH"},{"data":"Neutralize","floor":6,"key":"SMITH"},{"floor":14,"key":"REST"},{"data":"Guardian:ConstructionForm","floor":20,"key":"SMITH"},{"floor":30,"key":"RECALL"},{"data":"Guardian:ArmoredProtocol","floor":32,"key":"SMITH"}],"circlet_count":0,"master_deck":["Guardian:Strike_Guardian","Guardian:Strike_Guardian","Guardian:Strike_Guardian","Guardian:Strike_Guardian","Guardian:Defend_Guardian","Guardian:Defend_Guardian","Guardian:Defend_Guardian","Guardian:Defend_Guardian","Guardian:CurlUp+1","Guardian:TemporalStrike","Survivor","Neutralize+1","Parasite","Guardian:Planning","Guardian:Incinerate","Guardian:ArmoredProtocol+1","Guardian:RollAttack","Guardian:StasisStrike","Guardian:ConstructionForm+1","Parasite","ReplayTheSpireMod:Faulty Equipment","ReplayTheSpireMod:IOU","Ghostly","Guardian:EvasiveProtocol+1","Guardian:ArmoredProtocol+1","Guardian:WalkerClaw","Slimebound:CheckThePlaybook","downfall:Icky","Guardian:Gem_Green","Guardian:PiercingHide+1"],"relics":["Guardian:ModeShifter","Blue Doll","Ring of Peace","Ring of Hypnosis","Smiling Mask","WarpedTongs","Gambling Chip","downfall:HeartBlessingGreen","Bird Faced Urn","Replay:Ancient Bell","Toy Ornithopter","The Courier","Du-Vu Doll","Tiny Chest","Singing Bowl","Toxic Egg 2"],"acts_visited":["Exordium","TheCity"],"potions_floor_usage":[16,18,18,31,35],"damage_taken":[{"damage":2,"enemies":"Small Slimes","floor":2,"turns":4},{"damage":0,"enemies":"2 Louse","floor":5,"turns":4},{"damage":25,"enemies":"Replay:BlueRogue","floor":9,"turns":11},{"damage":6,"enemies":"Cultist","floor":12,"turns":4},{"damage":22,"enemies":"Gremlin Gang","floor":13,"turns":7},{"damage":7,"enemies":"Lagavulin","floor":16,"turns":6},{"damage":3,"enemies":"3 Louse","floor":17,"turns":4},{"damage":25,"enemies":"IC_STATUS_ARCHETYPE","floor":18,"turns":9},{"damage":6,"enemies":"Shell Parasite","floor":23,"turns":7},{"damage":0,"enemies":"downfall:FleeingMerchant","floor":24,"turns":4},{"damage":0,"enemies":"Spheric Guardian","floor":25,"turns":6},{"damage":0,"enemies":"downfall:FleeingMerchant","floor":29,"turns":4},{"damage":12,"enemies":"Slavers","floor":31,"turns":7},{"damage":0,"enemies":"Snake Plant","floor":33,"turns":5},{"damage":7,"enemies":"Centurion and Healer","floor":34,"turns":7},{"damage":80,"enemies":"SI_MIRROR_ARCHETYPE","floor":35,"turns":12}],"seed_played":"-1242740089785366455","potions_obtained":[{"floor":9,"key":"champ:CounterPotion"},{"floor":15,"key":"Strength Potion"},{"floor":15,"key":"Guardian:DefensiveModePotion"},{"floor":15,"key":"CultistPotion"},{"floor":16,"key":"CultistPotion"},{"floor":25,"key":"Block Potion"},{"floor":33,"key":"LifebloodPotion"},{"floor":34,"key":"Fire Potion"}],"is_trial":false,"path_per_floor":["R","M","?","?","M","R","T","?","E","PTL","PTL","M","M","R","?","E","M","B",null,"R","?","?","M","$","M","T","?","T","$","R","E","R","M","M","B"],"character_chosen":"GUARDIAN","items_purchased":["Guardian:ArmoredProtocol+1","Guardian:Gem_Blue"],"campfire_rested":1,"item_purchase_floors":[24,29],"current_hp_per_floor":[80,78,78,78,78,78,78,78,53,53,53,47,25,49,49,42,41,18,80,80,80,80,78,80,80,80,80,80,80,80,69,69,75,73,0,0,0],"gold":96,"neow_bonus":"RANDOM_COMMON_RELIC","is_daily":false,"chose_seed":false,"campfire_upgraded":4,"win_rate":0.0,"timestamp":1612799077,"path_taken":["R","M","?","?","M","R","T","?","E","PTL","PTL","?","?","R","?","E","M","BOSS","R","?","?","?","$","M","T","?","?","$","R","E","R","M","M","BOSS"],"items_purchased_type":["Card","Card"],"build_version":"2020-12-22","purchased_purges":1,"victory":false,"max_hp_per_floor":[80,80,80,80,80,80,80,80,80,80,80,80,80,80,80,80,80,80,80,80,80,80,80,80,80,80,80,80,80,80,80,80,80,80,80,80,80],"card_choices":[{"not_picked":["Guardian:Emergency","Guardian:ChargeCore"],"picked":"Guardian:TemporalStrike","floor":2},{"not_picked":["Guardian:DonusPower","Guardian:ShieldSpikes"],"picked":"Guardian:Planning","floor":5},{"not_picked":["Guardian:ChargeCore","Guardian:VentSteam"],"picked":"Guardian:Incinerate","floor":9},{"not_picked":["Guardian:Suspension","Guardian:CrystalBeam"],"picked":"Guardian:ArmoredProtocol","floor":12},{"not_picked":["Guardian:ChargeCore","Guardian:Suspension"],"picked":"Guardian:RollAttack","floor":13},{"not_picked":["Guardian:RollAttack","Guardian:VentSteam"],"picked":"Guardian:StasisStrike","floor":16},{"not_picked":["Guardian:ChargeCore","Guardian:Reroute"],"picked":"Guardian:Gem_Lightblue","floor":17},{"not_picked":["Guardian:TimeSifter","Guardian:Gem_Orange"],"picked":"Guardian:ConstructionForm","floor":18},{"not_picked":["downfall:Malfunctioning","AbeCurse"],"picked":"Parasite","floor":19},{"not_picked":["ReplayTheSpireMod:Restless Dread","downfall:Malfunctioning"],"picked":"ReplayTheSpireMod:Faulty Equipment","floor":19},{"not_picked":["Sickly","Decay"],"picked":"ReplayTheSpireMod:IOU","floor":19},{"not_picked":["Guardian:BronzeArmor","Guardian:ExploitGems"],"picked":"Guardian:EvasiveProtocol+1","floor":23},{"not_picked":["Guardian:Emergency","Guardian:PrimingBeam"],"picked":"Guardian:Gem_White","floor":24},{"not_picked":["Guardian:Recover","Guardian:Planning"],"picked":"Guardian:WalkerClaw","floor":25},{"not_picked":["Guardian:Reroute+1","Guardian:TemporalStrike"],"picked":"Guardian:Gem_Lightblue","floor":29},{"not_picked":["Guardian:MultiBeam","Guardian:BaubleBeam"],"picked":"Guardian:Gem_Cyan","floor":31},{"not_picked":["Guardian:Gem_Cyan","Guardian:PolyBeam+1"],"picked":"Guardian:Gem_Green","floor":33},{"not_picked":["Guardian:SentryBeam","Guardian:MultiBeam"],"picked":"Guardian:PiercingHide+1","floor":34}],"player_experience":246440,"relics_obtained":[{"floor":4,"key":"Ring of Peace"},{"floor":4,"key":"Ring of Hypnosis"},{"floor":7,"key":"Smiling Mask"},{"floor":9,"key":"Gambling Chip"},{"floor":16,"key":"Bird Faced Urn"},{"floor":28,"key":"Singing Bowl"},{"floor":31,"key":"Toxic Egg 2"}],"event_choices":[{"damage_healed":0,"gold_gain":0,"player_choice":"Got Potions","damage_taken":0,"max_hp_gain":0,"max_hp_loss":0,"event_name":"Lab","floor":15,"gold_loss":0}],"is_beta":false,"boss_relics":[{"not_picked":["Cursed Key","Astrolabe"],"picked":"Replay:Ancient Bell"},{"not_picked":["Replay:Baseball","Centennial Puzzle"],"picked":"Toy Ornithopter"},{"not_picked":["ReplayTheSpireMod:Shallot","Frozen Egg 2"],"picked":"The Courier"},{"not_picked":["Guardian:SackOfGems","Unceasing Top"],"picked":"Du-Vu Doll"}],"items_purged_floors":[24],"is_endless":false,"potions_floor_spawned":[9,16,25,33,34],"killed_by":"SI_MIRROR_ARCHETYPE","ascension_level":0}}