{"host":"bg8va46pgqgvtzim","time":1612775720,"event":{"mods":["BaseMod","Minty Spire (QoL Compilation)","Quick Restart","StSLib","SuperFastMode"],"gold_per_floor":[112,129,54,74,84,159,59,70,70,89,89,89,89,89,105,120,151,151,165,193,209,209,313,313,331,206,206,225,236,270,280,280,280,280,307,407,432,452,482,493,493,593,593,607,621,621,638,481,495,513,513,541,541,571,571,594,594,623,318,338,163,163,175,224,224,224,224,224,24,54,54],"floor_reached":72,"language":"ZHS","playtime":4378,"items_purged":["Strike_G","Strike_G","Defend_G","Defend_G","Defend_G","Defend_G"],"score":1922,"play_id":"7905aaa3-5046-467d-8b95-a4e2a6b70973","local_time":"20210208171520","is_ascension_mode":true,"campfire_choices":[{"data":"Tactician","floor":9.0,"key":"SMITH"},{"data":"Acrobatics","floor":11.0,"key":"SMITH"},{"data":"Malaise","floor":18.0,"key":"SMITH"},{"data":"Neutralize","floor":22.0,"key":"SMITH"},{"data":"Phantasmal Killer","floor":32.0,"key":"SMITH"},{"data":"Tactician","floor":41,"key":"SMITH"},{"floor":51,"key":"DIG"},{"data":"Impatience","floor":62,"key":"SMITH"},{"floor":65,"key":"RECALL"},{"floor":68,"key":"DIG"}],"circlet_count":0,"master_deck":["Defend_G","Survivor","Neutralize+1","Blade Dance","Tactician+1","Acrobatics+1","Malaise+1","Acrobatics","Phantasmal Killer+1","Wraith Form v2+1","Terror+1","Calculated Gamble+1","Calculated Gamble+1","Acrobatics+1","Blur+1","Prepared+1","Tactician+1","Adrenaline","Secret Technique","Impatience+1","Well Laid Plans+1","Prepared+1","Backflip+1","Adrenaline"],"relics":["Ring of the Snake","NeowsBlessing","Omamori","Tingsha","Akabeko","Question Card","Astrolabe","Matryoshka","Bag of Preparation","Centennial Puzzle","Kunai","Juzu Bracelet","Shovel","Molten Egg 2","Blood Vial","HoveringKite","OrangePellets","Bag of Marbles","Letter Opener","Oddly Smooth Stone","CaptainsWheel","Snake Skull","Bronze Scales","Anchor","Nunchaku","InkBottle","Orichalcum"],"acts_visited":["Exordium","TheCity","TheBeyond","TheEnding"],"potions_floor_usage":[],"damage_taken":[{"damage":0.0,"enemies":"Small Slimes","floor":1.0,"turns":1.0},{"damage":0.0,"enemies":"Jaw Worm","floor":2.0,"turns":1.0},{"damage":0.0,"enemies":"Cultist","floor":4.0,"turns":1.0},{"damage":3.0,"enemies":"Gremlin Gang","floor":5.0,"turns":7.0},{"damage":0.0,"enemies":"Blue Slaver","floor":8.0,"turns":6.0},{"damage":3.0,"enemies":"Large Slime","floor":10.0,"turns":5.0},{"damage":0.0,"enemies":"Looter","floor":15.0,"turns":3.0},{"damage":0.0,"enemies":"Blue Slaver","floor":16.0,"turns":3.0},{"damage":4.0,"enemies":"3 Sentries","floor":17.0,"turns":6.0},{"damage":0.0,"enemies":"Large Slime","floor":19.0,"turns":3.0},{"damage":9.0,"enemies":"Gremlin Nob","floor":20.0,"turns":5.0},{"damage":0.0,"enemies":"2 Fungi Beasts","floor":21.0,"turns":2.0},{"damage":0.0,"enemies":"The Guardian","floor":23.0,"turns":13.0},{"damage":3.0,"enemies":"2 Thieves","floor":25.0,"turns":4.0},{"damage":0.0,"enemies":"Spheric Guardian","floor":28.0,"turns":2.0},{"damage":0.0,"enemies":"3 Cultists","floor":29.0,"turns":1.0},{"damage":0.0,"enemies":"Book of Stabbing","floor":30.0,"turns":3.0},{"damage":0.0,"enemies":"Cultist and Chosen","floor":31.0,"turns":1.0},{"damage":0.0,"enemies":"Gremlin Leader","floor":35.0,"turns":1.0},{"damage":0.0,"enemies":"Colosseum Slavers","floor":36.0,"turns":1.0},{"damage":0.0,"enemies":"Colosseum Nobs","floor":36.0,"turns":2.0},{"damage":0.0,"enemies":"Book of Stabbing","floor":37.0,"turns":1.0},{"damage":0.0,"enemies":"Centurion and Healer","floor":38.0,"turns":1.0},{"damage":0.0,"enemies":"Slavers","floor":39.0,"turns":2.0},{"damage":0,"enemies":"Snecko","floor":40,"turns":1},{"damage":0,"enemies":"Collector","floor":42,"turns":1},{"damage":0,"enemies":"3 Shapes","floor":44,"turns":1},{"damage":0,"enemies":"Orb Walker","floor":45,"turns":1},{"damage":0,"enemies":"Jaw Worm Horde","floor":47,"turns":1},{"damage":0,"enemies":"Transient","floor":49,"turns":5},{"damage":0,"enemies":"3 Darklings","floor":50,"turns":2},{"damage":0,"enemies":"Nemesis","floor":52,"turns":1},{"damage":0,"enemies":"Reptomancer","floor":54,"turns":1},{"damage":0,"enemies":"Nemesis","floor":58,"turns":1},{"damage":0,"enemies":"Maw","floor":60,"turns":1},{"damage":0,"enemies":"Writhing Mass","floor":63,"turns":1},{"damage":0,"enemies":"Donu and Deca","floor":66,"turns":1},{"damage":0,"enemies":"Shield and Spear","floor":70,"turns":1},{"damage":0,"enemies":"The Heart","floor":71,"turns":3}],"seed_played":"7355146381088166186","potions_obtained":[{"floor":2.0,"key":"FearPotion"},{"floor":5.0,"key":"Poison Potion"},{"floor":8.0,"key":"Strength Potion"},{"floor":19.0,"key":"Energy Potion"},{"floor":23.0,"key":"SteroidPotion"},{"floor":36.0,"key":"GamblersBrew"},{"floor":42,"key":"LiquidMemories"},{"floor":54,"key":"PowerPotion"}],"is_trial":false,"path_per_floor":["M","M","$","M","M","?","$","M","R","M","R","?","T","?","M","M","E","R","M","E","M","R","B",null,"M","$","?","M","M","E","M","R","T","T","E","?","E","M","E","M","R","B",null,"M","M","?","M","$","M","M","R","E","?","E","T","T","?","E","$","M","$","R","M","T","R","B",null,"R","$","E","B",null],"character_chosen":"THE_SILENT","items_purchased":["OrangePellets","Anchor"],"campfire_rested":0,"item_purchase_floors":[48,59],"current_hp_per_floor":[70,70,70,70,67,56,56,56,56,53,53,53,53,28,28,28,24,24,24,15,15,15,15,70,67,67,67,67,67,67,67,67,67,67,67,67,67,69,70,70,70,70,70,70,70,66,66,66,66,66,66,66,56,58,58,58,58,60,60,62,62,62,64,64,64,66,66,66,66,66,66],"gold":54,"neow_bonus":"THREE_ENEMY_KILL","is_daily":false,"chose_seed":false,"campfire_upgraded":7,"win_rate":0.0,"timestamp":1612775720,"path_taken":["M","M","$","M","M","?","$","M","R","M","R","?","T","?","M","M","E","R","M","E","M","R","BOSS","M","$","?","?","M","E","M","R","T","T","E","?","E","M","E","M","R","BOSS","M","M","?","M","$","M","M","R","E","?","E","T","T","?","E","?","M","?","R","M","?","R","BOSS","R","$","E","BOSS"],"items_purchased_type":["Relic","Relic"],"build_version":"2020-12-22","purchased_purges":6,"victory":true,"max_hp_per_floor":[70,70,70,70,70,70,70,70,70,70,70,70,70,70,70,70,70,70,70,70,70,70,70,70,70,70,70,70,70,70,70,70,70,70,70,70,70,70,70,70,70,70,70,70,70,66,66,66,66,66,66,66,66,66,66,66,66,66,66,66,66,66,66,66,66,66,66,66,66,66,66],"card_choices":[{"not_picked":["Skewer","Endless Agony"],"picked":"Blade Dance","floor":1.0},{"not_picked":["Dagger Throw","Underhanded Strike"],"picked":"Tactician","floor":2.0},{"not_picked":["Dodge and Roll","Slice"],"picked":"Dagger Throw","floor":4.0},{"not_picked":["Calculated Gamble","Concentrate"],"picked":"Acrobatics","floor":5.0},{"not_picked":["Outmaneuver","Grand Finale","Dodge and Roll"],"picked":"SKIP","floor":8.0},{"not_picked":["Dodge and Roll","Poisoned Stab","Cloak And Dagger"],"picked":"SKIP","floor":10.0},{"not_picked":["Blur","Skewer","Crippling Poison"],"picked":"SKIP","floor":15.0},{"not_picked":["Sucker Punch","Blade Dance"],"picked":"Acrobatics","floor":16.0},{"not_picked":["Corpse Explosion","Bane","Flying Knee"],"picked":"SKIP","floor":17.0},{"not_picked":["Quick Slash","Dodge and Roll","Outmaneuver"],"picked":"SKIP","floor":19.0},{"not_picked":["Poisoned Stab","Dagger Spray","Crippling Poison"],"picked":"SKIP","floor":20.0},{"not_picked":["Deflect","Deadly Poison","Poisoned Stab","Slice"],"picked":"SKIP","floor":21.0},{"not_picked":["Unload","Venomology","Burst"],"picked":"Phantasmal Killer","floor":23.0},{"not_picked":["Riddle With Holes","Slice","Bane","Deadly Poison+1"],"picked":"SKIP","floor":25.0},{"not_picked":["Riddle With Holes","Outmaneuver","Deflect"],"picked":"Acrobatics+1","floor":28.0},{"not_picked":["Masterful Stab","Flying Knee","Caltrops"],"picked":"Blur+1","floor":29.0},{"not_picked":["Poisoned Stab","Finisher","Backflip","Dash"],"picked":"SKIP","floor":30.0},{"not_picked":["Dagger Spray+1","Poisoned Stab","Deadly Poison","Dagger Throw"],"picked":"SKIP","floor":31.0},{"not_picked":["Underhanded Strike+1","Dodge and Roll","Outmaneuver+1","PiercingWail"],"picked":"SKIP","floor":35.0},{"not_picked":["Masterful Stab+1","Flechettes+1","Deadly Poison+1","Leg Sweep"],"picked":"SKIP","floor":37.0},{"not_picked":["PiercingWail","Crippling Poison","Finisher+1","Footwork"],"picked":"SKIP","floor":38.0},{"not_picked":["Caltrops","Blur","Leg Sweep"],"picked":"Prepared+1","floor":39},{"not_picked":["Underhanded Strike+1","Bouncing Flask+1","Skewer+1"],"picked":"Tactician","floor":40},{"not_picked":["Deflect","Dash+1","Prepared","Tactician+1"],"picked":"SKIP","floor":44},{"not_picked":["Deflect+1","Poisoned Stab+1","Deadly Poison+1","Sucker Punch+1"],"picked":"SKIP","floor":45},{"not_picked":["Poisoned Stab+1","Flying Knee+1","Underhanded Strike+1","Dagger Spray+1"],"picked":"SKIP","floor":47},{"not_picked":["Noxious Fumes+1","Choke+1","Outmaneuver+1","Caltrops+1"],"picked":"SKIP","floor":49},{"not_picked":["Quick Slash+1","Blur","Expertise"],"picked":"Adrenaline","floor":50},{"not_picked":["Grand Finale+1","Calculated Gamble","Tactician+1","Concentrate+1"],"picked":"SKIP","floor":52},{"not_picked":["PanicButton","Magnetism","Chrysalis"],"picked":"Secret Technique","floor":53},{"not_picked":["Metamorphosis","Dramatic Entrance+1","Bandage Up"],"picked":"Impatience","floor":53},{"not_picked":["Quick Slash+1","Grand Finale+1","Masterful Stab+1"],"picked":"Well Laid Plans+1","floor":54},{"not_picked":["Dodge and Roll+1","Flying Knee+1","Acrobatics"],"picked":"Prepared+1","floor":58},{"not_picked":["Heel Hook+1","Bouncing Flask+1","Crippling Poison","Terror"],"picked":"SKIP","floor":60},{"not_picked":["Backflip+1","Calculated Gamble+1","Deflect+1","Blade Dance+1"],"picked":"SKIP","floor":63},{"not_picked":["Calculated Gamble+1","Deflect+1","Blade Dance+1"],"picked":"Backflip+1","floor":63},{"not_picked":["Blur","Dagger Throw+1","Blade Dance"],"picked":"Adrenaline","floor":70}],"player_experience":2429134,"relics_obtained":[{"floor":13.0,"key":"Omamori"},{"floor":17.0,"key":"Akabeko"},{"floor":20.0,"key":"Question Card"},{"floor":30.0,"key":"Matryoshka"},{"floor":33.0,"key":"Bag of Preparation"},{"floor":34.0,"key":"Centennial Puzzle"},{"floor":34.0,"key":"Kunai"},{"floor":35.0,"key":"Juzu Bracelet"},{"floor":36.0,"key":"Shovel"},{"floor":36.0,"key":"Molten Egg 2"},{"floor":37.0,"key":"Blood Vial"},{"floor":51,"key":"Bag of Marbles"},{"floor":52,"key":"Letter Opener"},{"floor":54,"key":"Oddly Smooth Stone"},{"floor":55,"key":"CaptainsWheel"},{"floor":56,"key":"Snake Skull"},{"floor":58,"key":"Bronze Scales"},{"floor":64,"key":"Nunchaku"},{"floor":68,"key":"InkBottle"},{"floor":70,"key":"Orichalcum"}],"event_choices":[{"damage_healed":0.0,"max_hp_gain":0.0,"max_hp_loss":0.0,"gold_gain":75.0,"event_name":"World of Goop","player_choice":"Gather Gold","floor":6.0,"gold_loss":0.0,"damage_taken":11.0},{"damage_healed":0.0,"max_hp_gain":0.0,"max_hp_loss":0.0,"gold_gain":0.0,"cards_transformed":["Strike_G"],"event_name":"Living Wall","player_choice":"Change","floor":12.0,"gold_loss":0.0,"damage_taken":0.0,"cards_obtained":["Malaise"]},{"damage_healed":0.0,"max_hp_gain":0.0,"max_hp_loss":0.0,"gold_gain":0.0,"event_name":"Scrap Ooze","player_choice":"Success","floor":14.0,"gold_loss":0.0,"damage_taken":25.0,"relics_obtained":["Tingsha"]},{"damage_healed":0.0,"max_hp_gain":0.0,"max_hp_loss":0.0,"gold_gain":0.0,"event_name":"Duplicator","player_choice":"Copied","floor":27.0,"gold_loss":0.0,"damage_taken":0.0,"cards_obtained":["Calculated Gamble"]},{"damage_healed":0.0,"max_hp_gain":0.0,"max_hp_loss":0.0,"gold_gain":0.0,"event_name":"Colosseum","player_choice":"Fight","floor":36.0,"gold_loss":0.0,"damage_taken":0.0},{"damage_healed":0.0,"max_hp_gain":0.0,"max_hp_loss":0.0,"gold_gain":0.0,"event_name":"Colosseum","player_choice":"Fought Nobs","floor":36.0,"gold_loss":0.0,"damage_taken":0.0},{"damage_healed":0,"gold_gain":0,"player_choice":"Max HP","damage_taken":0,"max_hp_gain":0,"max_hp_loss":4,"event_name":"Winding Halls","floor":46,"gold_loss":0},{"damage_healed":0,"gold_gain":0,"player_choice":"Memory 3","damage_taken":10,"max_hp_gain":0,"max_hp_loss":0,"event_name":"SensoryStone","floor":53,"gold_loss":0},{"damage_healed":0,"gold_gain":0,"player_choice":"Ignored","damage_taken":0,"max_hp_gain":0,"max_hp_loss":0,"event_name":"Tomb of Lord Red Mask","floor":57,"gold_loss":0}],"is_beta":false,"boss_relics":[{"not_picked":["Sozu","WristBlade"],"picked":"Astrolabe"},{"not_picked":["Tiny House","Runic Pyramid"],"picked":"HoveringKite"}],"items_purged_floors":[3,7,26,59,61,69],"is_endless":false,"potions_floor_spawned":[2,5,8,19,21,23,28,36,36,38,39,42,45,54,58],"ascension_level":1}}