{"host":"y3h3n3f7seyagppx","time":1612814049,"event":{"mods":["AlwaysNeverKeys","BaseMod","Better Vampires","Colored Powertips","DeckTracker","Emptier Cage","Minty Spire (QoL Compilation)","Permanent Neow","Quick Restart","Rare Cards Sparkle","Relic Sorter","Relic Stats","StSLib","Transform Curses"],"gold_per_floor":[15,15,15,29,44,44,84,109,154,173,173,15,51,74,74,168,168,183,183,98,113,140,140,180,180,180,180,203,236,259,283,283,372,372,395,409,26,359,378,378,404,404,404,436,455,485,217,236,236,236,236,236,236,8,40,40],"floor_reached":57,"language":"ENG","playtime":9802,"items_purged":["Bash","Strike_R+1"],"score":2809,"play_id":"5ca7a830-a87d-43eb-8e21-ff7ba1428c43","local_time":"20210208145409","is_ascension_mode":true,"campfire_choices":[{"data":"Uppercut","floor":6.0,"key":"SMITH"},{"data":"Twin Strike","floor":11.0,"key":"SMITH"},{"data":"Bludgeon","floor":15.0,"key":"SMITH"},{"data":"Rage","floor":23.0,"key":"SMITH"},{"data":"Flame Barrier","floor":25.0,"key":"SMITH"},{"floor":27.0,"key":"REST"},{"data":"Disarm","floor":32.0,"key":"SMITH"},{"data":"Body Slam","floor":40.0,"key":"SMITH"},{"data":"Shrug It Off","floor":42.0,"key":"SMITH"},{"floor":49.0,"key":"REST"},{"data":"Barricade","floor":53,"key":"SMITH"}],"circlet_count":0,"master_deck":["AscendersBane","Strike_R+1","Strike_R+1","Strike_R+1","Defend_R+1","Defend_R+1","Defend_R+1","Defend_R+1","Master of Strategy","Dropkick","Uppercut+1","Twin Strike+1","Flame Barrier+1","Bludgeon+1","Rage+1","Barricade+1","Disarm+1","Whirlwind+1","Battle Trance","Uppercut+1","Double Tap","Body Slam+1","Shrug It Off+1","Evolve","Feel No Pain","Shrug It Off"],"relics":["Burning Blood","Kunai","Toy Ornithopter","HandDrill","Bag of Marbles","Mark of Pain","Singing Bowl","Regal Pillow","Happy Flower","Blood Vial","Smiling Mask","Philosopher\u0027s Stone","Pen Nib","OrangePellets","PreservedInsect","Shuriken","Gambling Chip","Molten Egg 2","Frozen Eye","Bronze Scales","Strawberry"],"acts_visited":["Exordium","TheCity","TheBeyond","TheEnding"],"potions_floor_usage":[54,56,56],"damage_taken":[{"damage":1.0,"enemies":"Small Slimes","floor":1.0,"turns":5.0},{"damage":3.0,"enemies":"2 Louse","floor":4.0,"turns":4.0},{"damage":0.0,"enemies":"Cultist","floor":5.0,"turns":3.0},{"damage":22.0,"enemies":"Gremlin Nob","floor":7.0,"turns":4.0},{"damage":6.0,"enemies":"Red Slaver","floor":8.0,"turns":3.0},{"damage":1.0,"enemies":"Large Slime","floor":10.0,"turns":5.0},{"damage":10.0,"enemies":"Lagavulin","floor":13.0,"turns":5.0},{"damage":3.0,"enemies":"Blue Slaver","floor":14.0,"turns":2.0},{"damage":28.0,"enemies":"The Guardian","floor":16.0,"turns":12.0},{"damage":10.0,"enemies":"Shell Parasite","floor":18.0,"turns":5.0},{"damage":3.0,"enemies":"Spheric Guardian","floor":21.0,"turns":4.0},{"damage":62.0,"enemies":"Gremlin Leader","floor":24.0,"turns":8.0},{"damage":0.0,"enemies":"Chosen and Byrds","floor":28.0,"turns":4.0},{"damage":17.0,"enemies":"Book of Stabbing","floor":29.0,"turns":5.0},{"damage":8.0,"enemies":"Centurion and Healer","floor":30.0,"turns":5.0},{"damage":5.0,"enemies":"Snecko","floor":31.0,"turns":6.0},{"damage":15.0,"enemies":"Champ","floor":33.0,"turns":23.0},{"damage":7.0,"enemies":"Orb Walker","floor":35.0,"turns":3.0},{"damage":34.0,"enemies":"3 Darklings","floor":36.0,"turns":3.0},{"damage":6.0,"enemies":"Spire Growth","floor":39.0,"turns":4.0},{"damage":22.0,"enemies":"Nemesis","floor":41.0,"turns":5.0},{"damage":17.0,"enemies":"Reptomancer","floor":44.0,"turns":6.0},{"damage":10.0,"enemies":"4 Shapes","floor":45.0,"turns":11.0},{"damage":0.0,"enemies":"Giant Head","floor":46.0,"turns":4.0},{"damage":17.0,"enemies":"Maw","floor":48.0,"turns":5.0},{"damage":53,"enemies":"Donu and Deca","floor":50,"turns":10},{"damage":21,"enemies":"Time Eater","floor":51,"turns":13},{"damage":26,"enemies":"Shield and Spear","floor":55,"turns":6},{"damage":47,"enemies":"The Heart","floor":56,"turns":9}],"seed_played":"612108647750267144","potions_obtained":[{"floor":4.0,"key":"BlessingOfTheForge"},{"floor":5.0,"key":"GamblersBrew"},{"floor":8.0,"key":"SteroidPotion"},{"floor":14.0,"key":"DistilledChaos"},{"floor":21.0,"key":"SkillPotion"},{"floor":28.0,"key":"SkillPotion"},{"floor":31.0,"key":"Dexterity Potion"},{"floor":33.0,"key":"Energy Potion"},{"floor":36.0,"key":"BlessingOfTheForge"},{"floor":44.0,"key":"SpeedPotion"},{"floor":45.0,"key":"BloodPotion"}],"is_trial":false,"path_per_floor":["M","?","?","M","M","R","E","M","T","M","R","$","E","M","R","B",null,"M","?","?","M","T","R","E","R","T","R","M","E","M","M","R","B",null,"M","M","$","?","M","R","E","R","T","E","M","E","$","M","R","B","B",null,"R","$","E","B",null],"character_chosen":"IRONCLAD","items_purchased":["HandDrill","Pen Nib","OrangePellets","Feel No Pain","Frozen Eye","SpeedPotion","Bronze Scales"],"campfire_rested":2,"item_purchase_floors":[12,37,37,47,47,54,54],"current_hp_per_floor":[73,68,68,68,68,68,52,52,52,57,57,57,53,56,56,34,60,61,61,61,66,66,66,14,14,14,50,58,59,61,64,64,57,68,71,46,46,46,50,50,41,41,41,32,32,42,42,33,72,27,14,64,64,80,69,40],"gold":40,"neow_bonus":"RANDOM_COLORLESS_2","is_daily":false,"chose_seed":false,"campfire_upgraded":9,"win_rate":0.0,"timestamp":1612814049,"path_taken":["M","?","?","M","M","R","E","M","T","?","R","?","E","M","R","BOSS","M","?","?","M","?","R","E","R","T","R","M","E","?","M","R","BOSS","M","M","$","?","M","R","E","R","T","E","M","E","$","M","R","BOSS","BOSS","R","$","E","BOSS"],"items_purchased_type":["Relic","Relic","Relic","Card","Relic","Potion","Relic"],"build_version":"2020-12-22","purchased_purges":2,"victory":true,"max_hp_per_floor":[75,68,68,68,68,68,68,68,68,68,68,68,68,68,68,68,68,68,68,68,70,70,70,70,70,70,70,70,70,72,72,72,72,72,74,74,74,74,76,76,76,76,76,76,78,80,80,80,80,80,80,80,80,80,89,89],"relic_stats":{"Regal Pillow":30,"Singing Bowl":14,"Happy Flower":[40],"counters":[29,182],"Pen Nib":[14],"PreservedInsect":268,"Smiling Mask":75,"Burning Blood":165,"Blood Vial":32,"OrangePellets":[7],"Shuriken":[22],"Gambling Chip":[17],"Bronze Scales":[177],"HandDrill":[72],"Kunai":[54],"obtain_stats":[{"Regal Pillow":22,"Singing Bowl":20,"Happy Flower":24,"Golden Idol":2,"Pen Nib":37,"PreservedInsect":41,"Smiling Mask":29,"Burning Blood":0,"Blood Vial":26,"OrangePellets":37,"Frozen Eye":47,"Shuriken":43,"Gambling Chip":44,"Bronze Scales":54,"Strawberry":55,"Philosopher\u0027s Stone":34,"Molten Egg 2":46,"Mark of Pain":17,"HandDrill":12,"Bag of Marbles":13,"Kunai":7,"Toy Ornithopter":9},{"Regal Pillow":11,"Singing Bowl":10,"Happy Flower":12,"Golden Idol":1,"Pen Nib":19,"PreservedInsect":21,"Smiling Mask":14,"Burning Blood":0,"Blood Vial":12,"OrangePellets":19,"Frozen Eye":24,"Shuriken":21,"Gambling Chip":22,"Bronze Scales":27,"Strawberry":28,"Philosopher\u0027s Stone":17,"Molten Egg 2":24,"Mark of Pain":9,"HandDrill":6,"Bag of Marbles":7,"Kunai":4,"Toy Ornithopter":5},{"Regal Pillow":52,"Singing Bowl":48,"Happy Flower":60,"Golden Idol":5,"Pen Nib":109,"PreservedInsect":118,"Smiling Mask":69,"Burning Blood":0,"Blood Vial":60,"OrangePellets":109,"Frozen Eye":139,"Shuriken":118,"Gambling Chip":124,"Bronze Scales":167,"Strawberry":173,"Philosopher\u0027s Stone":103,"Molten Egg 2":139,"Mark of Pain":43,"HandDrill":24,"Bag of Marbles":29,"Kunai":16,"Toy Ornithopter":19}],"Toy Ornithopter":35},"card_choices":[{"not_picked":["Metamorphosis","Secret Technique"],"picked":"Master of Strategy","floor":0.0},{"not_picked":["Disarm","Reckless Charge"],"picked":"Dropkick","floor":1.0},{"not_picked":["Clothesline","Ghostly Armor"],"picked":"Uppercut","floor":4.0},{"not_picked":["Rage","Cleave"],"picked":"Twin Strike","floor":5.0},{"not_picked":["True Grit","Headbutt","Thunderclap"],"picked":"SKIP","floor":7.0},{"not_picked":["Burning Pact","Demon Form"],"picked":"Flame Barrier","floor":8.0},{"not_picked":["Iron Wave","Rupture","True Grit"],"picked":"SKIP","floor":10.0},{"not_picked":["Iron Wave","Combust"],"picked":"Bludgeon","floor":13.0},{"not_picked":["Iron Wave","Clash"],"picked":"Rage","floor":14.0},{"not_picked":["Exhume","Juggernaut"],"picked":"Barricade","floor":16.0},{"not_picked":["Havoc","Heavy Blade","Iron Wave"],"picked":"SKIP","floor":18.0},{"not_picked":["Clash","Fire Breathing","Heavy Blade"],"picked":"Singing Bowl","floor":21.0},{"not_picked":["Fire Breathing","Cleave"],"picked":"Disarm","floor":24.0},{"not_picked":["Flame Barrier","Body Slam"],"picked":"Whirlwind+1","floor":28.0},{"not_picked":["Sever Soul","Cleave"],"picked":"Battle Trance","floor":29.0},{"not_picked":["Carnage","Sword Boomerang+1","Pommel Strike"],"picked":"Singing Bowl","floor":30.0},{"not_picked":["Flex","Armaments"],"picked":"Uppercut+1","floor":31.0},{"not_picked":["Barricade","Berserk"],"picked":"Double Tap","floor":33.0},{"not_picked":["Sword Boomerang+1","Pommel Strike","Thunderclap"],"picked":"Singing Bowl","floor":35.0},{"not_picked":["Wild Strike+1","Clash"],"picked":"Body Slam","floor":36.0},{"not_picked":["True Grit","Anger","Cleave"],"picked":"Singing Bowl","floor":39.0},{"not_picked":["Rage+1","Anger"],"picked":"Shrug It Off","floor":41.0},{"not_picked":["Immolate","Blood for Blood"],"picked":"Evolve","floor":44.0},{"not_picked":["Havoc+1","Cleave","Heavy Blade+1"],"picked":"Singing Bowl","floor":45.0},{"not_picked":["Rage","Havoc","Combust"],"picked":"Singing Bowl","floor":46.0},{"not_picked":["Twin Strike+1","Dark Embrace"],"picked":"Shrug It Off","floor":48.0},{"not_picked":["Fire Breathing","Inflame","Headbutt+1"],"picked":"Singing Bowl","floor":55}],"player_experience":21991331,"relics_obtained":[{"floor":7.0,"key":"Kunai"},{"floor":9.0,"key":"Toy Ornithopter"},{"floor":13.0,"key":"Bag of Marbles"},{"floor":22.0,"key":"Regal Pillow"},{"floor":24.0,"key":"Happy Flower"},{"floor":26.0,"key":"Blood Vial"},{"floor":29.0,"key":"Smiling Mask"},{"floor":41.0,"key":"PreservedInsect"},{"floor":43.0,"key":"Shuriken"},{"floor":44.0,"key":"Gambling Chip"},{"floor":46.0,"key":"Molten Egg 2"},{"floor":55,"key":"Strawberry"}],"event_choices":[{"damage_healed":0.0,"max_hp_gain":0.0,"max_hp_loss":7.0,"gold_gain":0.0,"event_name":"Golden Idol","player_choice":"Lose Max HP","floor":2.0,"gold_loss":0.0,"damage_taken":0.0,"relics_obtained":["Golden Idol"]},{"cards_removed":["Strike_R"],"damage_healed":0.0,"max_hp_gain":0.0,"max_hp_loss":0.0,"gold_gain":0.0,"event_name":"Bonfire Elementals","player_choice":"Offered Basic","floor":3.0,"gold_loss":0.0,"damage_taken":0.0},{"damage_healed":0.0,"max_hp_gain":0.0,"max_hp_loss":0.0,"gold_gain":0.0,"event_name":"Back to Basics","player_choice":"Simplicity","floor":19.0,"gold_loss":0.0,"damage_taken":0.0,"cards_upgraded":["Strike_R","Strike_R","Strike_R","Strike_R","Defend_R","Defend_R","Defend_R","Defend_R"]},{"damage_healed":0.0,"max_hp_gain":0.0,"max_hp_loss":0.0,"gold_gain":0.0,"event_name":"Addict","player_choice":"Obtained Relic","floor":20.0,"gold_loss":85.0,"damage_taken":0.0,"relics_obtained":["Singing Bowl"]},{"damage_healed":0.0,"max_hp_gain":0.0,"max_hp_loss":0.0,"gold_gain":333.0,"event_name":"The Moai Head","player_choice":"Gave Idol","floor":38.0,"relics_lost":["Golden Idol"],"gold_loss":0.0,"damage_taken":0.0}],"is_beta":false,"boss_relics":[{"not_picked":["Runic Cube","Empty Cage"],"picked":"Mark of Pain"},{"not_picked":["Fusion Hammer","Busted Crown"],"picked":"Philosopher\u0027s Stone"}],"items_purged_floors":[37,47],"is_endless":false,"potions_floor_spawned":[4,5,8,13,14,21,28,31,33,36,44,45,55],"ascension_level":20}}