{"host":"alk2ftu785mujiir","time":1612810559,"event":{"mods":["BaseMod","Bossed Relics","Colored Map","Downfall","Minty Spire (QoL Compilation)","StSLib"],"gold_per_floor":[0,300,375,389,401,416,416,426,326,358,358,392,392,392,410,506,506,506,516,616,626,644,670,744,744,744,744,777,788,489,506,521,616,616,516,526,536,555,571,606,631,631,648,648,674,674,686,706,717,717],"floor_reached":51,"language":"ENG","playtime":2408,"items_purged":["downfall:Icky"],"score":981,"play_id":"832e3ac1-f51c-419f-8a61-ddb340d3990c","local_time":"20210208135559","is_ascension_mode":true,"campfire_choices":[{"floor":1.0,"key":"RECALL"},{"data":"Guardian:RollAttack","floor":9.0,"key":"SMITH"},{"data":"Guardian:Orbwalk","floor":11.0,"key":"SMITH"},{"floor":13.0,"key":"REST"},{"data":"Guardian:WalkerClaw","floor":18.0,"key":"SMITH"},{"floor":25.0,"key":"REST"},{"data":"Guardian:ConstructionForm","floor":27.0,"key":"SMITH"},{"data":"Guardian:DecasProtection","floor":35.0,"key":"SMITH"},{"floor":42.0,"key":"REST"},{"floor":46,"key":"REST"}],"circlet_count":0,"master_deck":["Guardian:Strike_Guardian","Guardian:Strike_Guardian","Guardian:Strike_Guardian","Guardian:Defend_Guardian","Guardian:Defend_Guardian","Guardian:Defend_Guardian","Guardian:CurlUp","Guardian:TwinSlam","Guardian:RollAttack+1","Guardian:SpikerProtocol","Guardian:VentSteam","Guardian:Orbwalk+1","Guardian:WalkerClaw+1","Guardian:DecasProtection+1","Guardian:PolyBeam","Guardian:ConstructionForm+1","Guardian:Suspension+1","Guardian:TemporalShield+1","Guardian:PiercingHide+1","Guardian:SpikerProtocol","Guardian:AncientConstruct","Parasite","Guardian:ArmoredProtocol+1","Guardian:DonusPower+1","Guardian:BronzeArmor+1","Guardian:EvasiveProtocol+1","Guardian:Gem_Cyan"],"relics":["Guardian:ModeShifter","hexamod:BolsterEngine","downfall:HeartBlessingRed","Potion Belt","Letter Opener","Guardian:StasisSlotReductionRelic","Incense Burner","Pear","Toxic Egg 2","Pantograph","Happy Flower","Tiny Chest","expansioncontent:StudyCardRelic","downfall:HeartBlessingGreen","Guardian:DefensiveModeMoreBlock","Blood Vial","Darkstone Periapt"],"acts_visited":["Exordium","TheCity","TheBeyond"],"potions_floor_usage":[50,50,50,50],"damage_taken":[{"damage":8.0,"enemies":"Jaw Worm","floor":4.0,"turns":5.0},{"damage":10.0,"enemies":"2 Louse","floor":5.0,"turns":4.0},{"damage":0.0,"enemies":"Cultist","floor":6.0,"turns":4.0},{"damage":7.0,"enemies":"Large Slime","floor":8.0,"turns":7.0},{"damage":2.0,"enemies":"Gremlin Nob","floor":10.0,"turns":3.0},{"damage":10.0,"enemies":"3 Sentries","floor":12.0,"turns":8.0},{"damage":0.0,"enemies":"2 Fungi Beasts","floor":15.0,"turns":3.0},{"damage":1.0,"enemies":"SI_SHIV_ARCHETYPE","floor":16.0,"turns":5.0},{"damage":0.0,"enemies":"Chosen","floor":19.0,"turns":3.0},{"damage":6.0,"enemies":"WA_ARCHETYPE_RETAIN","floor":20.0,"turns":4.0},{"damage":18.0,"enemies":"3 Cultists","floor":21.0,"turns":5.0},{"damage":13.0,"enemies":"Shelled Parasite and Fungi","floor":22.0,"turns":4.0},{"damage":20.0,"enemies":"Gremlin Leader","floor":23.0,"turns":9.0},{"damage":24.0,"enemies":"Slavers","floor":28.0,"turns":4.0},{"damage":12.0,"enemies":"Centurion and Healer","floor":29.0,"turns":5.0},{"damage":4.0,"enemies":"downfall:FleeingMerchant","floor":30.0,"turns":4.0},{"damage":8.0,"enemies":"Snake Plant","floor":31.0,"turns":4.0},{"damage":0.0,"enemies":"Sentry and Sphere","floor":32.0,"turns":5.0},{"damage":23.0,"enemies":"IC_MUSHROOM_ARCHETYPE","floor":33.0,"turns":7.0},{"damage":0.0,"enemies":"3 Shapes","floor":36.0,"turns":9.0},{"damage":5.0,"enemies":"Orb Walker","floor":37.0,"turns":3.0},{"damage":0.0,"enemies":"4 Shapes","floor":38.0,"turns":5.0},{"damage":9.0,"enemies":"Writhing Mass","floor":39.0,"turns":5.0},{"damage":47.0,"enemies":"Nemesis","floor":40.0,"turns":7.0},{"damage":14.0,"enemies":"Jaw Worm Horde","floor":43.0,"turns":2.0},{"damage":3,"enemies":"Reptomancer","floor":45,"turns":7},{"damage":7,"enemies":"Sphere and 2 Shapes","floor":47,"turns":5},{"damage":0,"enemies":"3 Darklings","floor":48,"turns":3},{"damage":0,"enemies":"Transient","floor":49,"turns":5},{"damage":0,"enemies":"WA_ARCHETYPE_DIVINITY","floor":50,"turns":8}],"seed_played":"599861745161454934","potions_obtained":[{"floor":3.0,"key":"downfall:CursedFountainPotion"},{"floor":5.0,"key":"DuplicationPotion"},{"floor":10.0,"key":"BlessingOfTheForge"},{"floor":15.0,"key":"bronze:BurnAndBuffPotion"},{"floor":16.0,"key":"Block Potion"},{"floor":19.0,"key":"Guardian:AcceleratePotion"},{"floor":20.0,"key":"ColorlessPotion"},{"floor":21.0,"key":"Energy Potion"},{"floor":26.0,"key":"CultistPotion"},{"floor":31.0,"key":"EssenceOfSteel"},{"floor":32.0,"key":"LiquidBronze"},{"floor":33.0,"key":"Fire Potion"},{"floor":36.0,"key":"GamblersBrew"},{"floor":43.0,"key":"champ:CounterPotion"},{"floor":47,"key":"Guardian:BlockOnCardUsePotion"}],"is_trial":false,"path_per_floor":["R","?","?","M","M","M","T","M","R","E","R","E","R","?","M","B",null,"R","M","?","M","M","E","T","R","?","R","E","M","$","M","M","B",null,"R","M","M","M","M","E","T","R","M","?","E","R","M","M","M","B",null],"character_chosen":"GUARDIAN","items_purchased":["Guardian:PiercingHide+1","Tiny Chest"],"campfire_rested":4,"item_purchase_floors":[30,30],"current_hp_per_floor":[80,80,80,72,62,62,62,55,55,53,53,43,67,67,67,66,80,80,80,84,66,53,33,33,60,60,60,36,24,20,12,12,14,90,90,90,85,85,76,29,29,56,44,44,43,70,65,67,69,90],"gold":717,"neow_bonus":"REMOVE_TWO","is_daily":false,"chose_seed":false,"campfire_upgraded":5,"win_rate":0.0,"timestamp":1612810559,"path_taken":["R","?","?","M","?","M","T","M","R","E","R","E","R","?","M","BOSS","R","M","?","M","M","E","T","R","?","R","E","M","?","?","M","BOSS","R","M","M","M","M","E","T","R","M","?","E","R","M","M","M","BOSS"],"items_purchased_type":["Card","Relic"],"build_version":"2020-12-22","purchased_purges":1,"victory":true,"max_hp_per_floor":[80,80,80,80,80,80,80,80,80,80,80,80,80,80,80,80,80,80,80,90,90,90,90,90,90,90,90,90,90,90,90,90,90,90,90,90,90,90,90,90,90,90,90,90,90,90,90,90,90,90],"card_choices":[{"not_picked":["Guardian:CrystalBeam","Guardian:Gem_Green"],"picked":"Guardian:RollAttack","floor":4.0},{"not_picked":["Guardian:Recover","Guardian:Reroute"],"picked":"Guardian:SpikerProtocol","floor":5.0},{"not_picked":["Guardian:Gem_Lightblue","Guardian:FloatingOrbs"],"picked":"Guardian:VentSteam","floor":6.0},{"not_picked":["Guardian:VentSteam","Guardian:Incinerate"],"picked":"Guardian:Gem_Fragmented","floor":8.0},{"not_picked":["Guardian:Gem_Red","Guardian:Suspension"],"picked":"Guardian:Orbwalk","floor":10.0},{"not_picked":["Guardian:VentSteam","Guardian:TemporalStrike","Guardian:CrystalBeam"],"picked":"SKIP","floor":12.0},{"not_picked":["Guardian:CrystalBeam","Guardian:Planning"],"picked":"Guardian:WalkerClaw","floor":15.0},{"not_picked":["Guardian:PrimingBeam","Guardian:VentSteam"],"picked":"Guardian:Gem_Crimson","floor":19.0},{"not_picked":["Guardian:ShieldCharger","Guardian:Recover+1"],"picked":"Guardian:DecasProtection","floor":20.0},{"not_picked":["Guardian:Gem_Yellow","Guardian:VentSteam"],"picked":"Guardian:PolyBeam","floor":21.0},{"not_picked":["Guardian:PrismaticBeam","Guardian:TemporalShield"],"picked":"Guardian:Gem_Crimson","floor":22.0},{"not_picked":["Guardian:Incinerate","Guardian:SentryBeam"],"picked":"Guardian:ConstructionForm","floor":23.0},{"not_picked":["Guardian:PrismaticBeam","Guardian:Incinerate+1"],"picked":"Guardian:Suspension+1","floor":28.0},{"not_picked":["Guardian:Incinerate+1","Guardian:ChargeCore+1","Guardian:Reroute"],"picked":"SKIP","floor":29.0},{"not_picked":["Guardian:Reroute","Guardian:MultiBeam+1"],"picked":"Guardian:TemporalShield+1","floor":30.0},{"not_picked":["Guardian:Gem_Lightblue","Guardian:Suspension+1"],"picked":"Guardian:SpikerProtocol","floor":31.0},{"not_picked":["Guardian:PrismaticBeam+1","Guardian:PrimingBeam"],"picked":"Guardian:AncientConstruct","floor":32.0},{"not_picked":["Guardian:Incinerate","Guardian:RefractedBeam"],"picked":"Guardian:Gem_Green","floor":36.0},{"not_picked":["Guardian:SentryBeam","Guardian:Gem_Lightblue"],"picked":"Guardian:Gem_Red","floor":37.0},{"not_picked":["Guardian:TemporalShield+1","Guardian:ChargeCore+1"],"picked":"Guardian:Gem_Orange","floor":38.0},{"not_picked":["Guardian:CrystalBeam+1","Guardian:Gem_Cyan"],"picked":"Guardian:ArmoredProtocol+1","floor":39.0},{"not_picked":["Guardian:Emergency+1","Guardian:PrismaticBeam"],"picked":"Guardian:DonusPower+1","floor":40.0},{"not_picked":["Guardian:SentryBeam+1","Guardian:Planning+1"],"picked":"Guardian:BronzeArmor+1","floor":43.0},{"not_picked":["Guardian:ShieldSpikes+1","Guardian:Gem_Lightblue"],"picked":"Guardian:EvasiveProtocol+1","floor":45},{"not_picked":["Guardian:Planning+1","Guardian:EvasiveProtocol+1","Guardian:CrystalBeam+1"],"picked":"SKIP","floor":47},{"not_picked":["Guardian:WalkerClaw+1","Guardian:DecasProtection+1","Guardian:PiercingHide+1"],"picked":"SKIP","floor":48},{"not_picked":["Guardian:MultiBeam","Guardian:Reroute+1"],"picked":"Guardian:Gem_Cyan","floor":49}],"player_experience":1817044,"relics_obtained":[{"floor":7.0,"key":"hexamod:BolsterEngine"},{"floor":10.0,"key":"Potion Belt"},{"floor":12.0,"key":"Letter Opener"},{"floor":20.0,"key":"Incense Burner"},{"floor":20.0,"key":"Pear"},{"floor":23.0,"key":"Toxic Egg 2"},{"floor":24.0,"key":"Pantograph"},{"floor":28.0,"key":"Happy Flower"},{"floor":40.0,"key":"Guardian:DefensiveModeMoreBlock"},{"floor":41.0,"key":"Blood Vial"},{"floor":45,"key":"Darkstone Periapt"}],"event_choices":[{"cards_removed":["downfall:Icky"],"damage_healed":0.0,"max_hp_gain":0.0,"max_hp_loss":0.0,"gold_gain":0.0,"event_name":"Living Wall","player_choice":"Forget","floor":14.0,"gold_loss":0.0,"damage_taken":0.0}],"is_beta":false,"boss_relics":[{"not_picked":["Runic Pyramid","Empty Cage"],"picked":"Guardian:StasisSlotReductionRelic"},{"not_picked":["Runic Dome","Cursed Key"],"picked":"expansioncontent:StudyCardRelic"}],"items_purged_floors":[30],"is_endless":false,"potions_floor_spawned":[5,10,15,16,19,20,21,31,32,33,36,43,47,48],"ascension_level":3}}