{"host":"lehbxtjrpalkmwwj","time":1612795703,"event":{"mods":["Aspiration","BaseMod","Colored Map","Colored Powertips","Conspire","GungeonMod","KomeijiMod","Lobotomy","Minty Spire (QoL Compilation)","Quick Restart","Replay The Spire","Shop Mod","StSLib","The Cursed","The Poker Player","[IsaacMod]ÒÔÈö¼âËþ"],"gold_per_floor":[214,214,224,224,242,274,274,303,382,394,410,438,456,486,486,584,584,604,617,617,617,637,637,637],"floor_reached":23,"language":"ZHS","playtime":738,"items_purged":[],"score":323,"play_id":"0a84340a-50b6-406b-a1e4-9143e18c2238","local_time":"20210208224823","is_ascension_mode":true,"campfire_choices":[{"floor":7.0,"key":"RECALL"},{"data":"Inflame","floor":15.0,"key":"SMITH"}],"circlet_count":0,"master_deck":["Strike_R","Strike_R","Strike_R","Strike_R","Strike_R","Defend_R","Defend_R","Defend_R","Defend_R","Bash","EpicFetus+1","Clothesline","Clash","Intimidate","Inflame+1","Impervious","Clash","Cleave","Twin Strike","Carnage","Bludgeon","Perfected Strike","Strike_R","Strike_R","Strike_R","Strike_R","Strike_R","Defend_R","Defend_R","Defend_R","Defend_R","Bash","EpicFetus+1","Clothesline","Clash","Intimidate","Inflame+1","Impervious","Clash","Cleave","Twin Strike","Carnage","Bludgeon","Perfected Strike","Exhaustion","Rupture"],"relics":["Burning Blood","HushsDoor","DeadEye","Paper Frog","GuppysTail","DemoMod:Orange","PokeGo","HowToJump","Mark of Pain"],"acts_visited":["Exordium","TheCity"],"potions_floor_usage":[],"damage_taken":[{"damage":7.0,"enemies":"2 Louse","floor":1.0,"turns":3.0},{"damage":0.0,"enemies":"Cultist","floor":3.0,"turns":3.0},{"damage":6.0,"enemies":"Jaw Worm","floor":5.0,"turns":3.0},{"damage":7.0,"enemies":"Gremlin Nob","floor":6.0,"turns":3.0},{"damage":7.0,"enemies":"Lagavulin","floor":8.0,"turns":4.0},{"damage":0.0,"enemies":"Large Slime","floor":10.0,"turns":5.0},{"damage":14.0,"enemies":"Lots of Slimes","floor":11.0,"turns":5.0},{"damage":0.0,"enemies":"3 Sentries","floor":12.0,"turns":2.0},{"damage":6.0,"enemies":"Looter","floor":13.0,"turns":2.0},{"damage":36.0,"enemies":"Lagavulin","floor":14.0,"turns":5.0},{"damage":34.0,"enemies":"The Guardian","floor":16.0,"turns":11.0},{"damage":18.0,"enemies":"Chosen","floor":18.0,"turns":5.0},{"damage":0.0,"enemies":"Spheric Guardian","floor":19.0,"turns":1.0},{"damage":57,"enemies":"Centurion and Healer","floor":22,"turns":10},{"damage":3,"enemies":"Gremlin Leader","floor":23,"turns":6}],"seed_played":"341018754286990625","potions_obtained":[{"floor":1.0,"key":"Block Potion"},{"floor":5.0,"key":"PowerPotion"},{"floor":12.0,"key":"Toxic Potion"},{"floor":16.0,"key":"DuplicationPotion"},{"floor":19.0,"key":"DemoMod:LeadSkinPotion"}],"is_trial":false,"path_per_floor":["M","?","M","?","M","E","R","E","T","M","M","E","M","E","R","B",null,"M","M","?","?","M","E"],"character_chosen":"IRONCLAD","items_purchased":[],"campfire_rested":0,"item_purchase_floors":[],"current_hp_per_floor":[79,79,80,62,62,61,61,72,72,78,70,76,76,46,46,18,92,80,86,86,86,35,32,32],"gold":637,"neow_bonus":"HUNDRED_GOLD","is_daily":false,"chose_seed":false,"campfire_upgraded":1,"win_rate":0.0,"timestamp":1612795703,"path_taken":["M","?","?","?","M","E","R","E","T","M","M","E","M","E","R","BOSS","M","M","?","?","M","E"],"items_purchased_type":[],"build_version":"2020-12-22","purchased_purges":0,"victory":false,"max_hp_per_floor":[80,80,80,80,80,80,80,92,92,92,92,92,92,92,92,92,92,92,92,92,92,92,92,92],"card_choices":[{"not_picked":[],"picked":"EpicFetus","floor":0.0},{"not_picked":["conspire:Purge","Rage"],"picked":"Clothesline","floor":1.0},{"not_picked":["Heavy Blade","ReplayTheSpireMod:Strike From Hell"],"picked":"Clash","floor":3.0},{"not_picked":["Havoc","Clothesline"],"picked":"Intimidate","floor":5.0},{"not_picked":["Clash","Run Through"],"picked":"Inflame","floor":6.0},{"not_picked":["Heavy Blade","Shrug It Off"],"picked":"Impervious","floor":8.0},{"not_picked":["Rage","Sword Boomerang"],"picked":"Clash","floor":10.0},{"not_picked":["Rage","Run Through"],"picked":"Bomb","floor":11.0},{"not_picked":["Armaments","Abandon"],"picked":"Cleave","floor":12.0},{"not_picked":["Pommel Strike","Wild Strike"],"picked":"Twin Strike","floor":13.0},{"not_picked":["Spot Weakness","Cleave"],"picked":"Carnage","floor":14.0},{"not_picked":["Double Tap","Eclipse"],"picked":"Bludgeon","floor":16.0},{"not_picked":["ReplayReversal","Battle Trance","Havoc"],"picked":"SKIP","floor":18.0},{"not_picked":["ReplayTheSpireMod:Strike From Hell","Havoc"],"picked":"Perfected Strike","floor":19.0},{"not_picked":["True Grit","conspire:Charge"],"picked":"Rupture","floor":22}],"player_experience":142354,"relics_obtained":[{"floor":6.0,"key":"GuppysTail"},{"floor":8.0,"key":"DemoMod:Orange"},{"floor":12.0,"key":"PokeGo"},{"floor":14.0,"key":"HowToJump"}],"event_choices":[{"damage_healed":0.0,"max_hp_gain":0.0,"max_hp_loss":0.0,"gold_gain":0.0,"event_name":"Living Wall","player_choice":"Grow","floor":2.0,"gold_loss":0.0,"damage_taken":0.0,"cards_upgraded":["EpicFetus"]},{"damage_healed":0.0,"max_hp_gain":0.0,"max_hp_loss":0.0,"gold_gain":0.0,"event_name":"Scrap Ooze","player_choice":"Success","floor":4.0,"gold_loss":0.0,"damage_taken":18.0,"relics_obtained":["Paper Frog"]}],"is_beta":false,"boss_relics":[{"not_picked":["SacredBark","Ring of Chaos"],"picked":"Mark of Pain"},{"not_picked":[]}],"items_purged_floors":[],"is_endless":false,"potions_floor_spawned":[1,5,12,16,19],"killed_by":"Gremlin Leader","ascension_level":2}}