{"host":"tetq3wi5anb97imq","time":1612814400,"event":{"mods":["BaseMod","Block Reminder","Minty Spire (QoL Compilation)","Quick Restart","StSLib","SuperFastMode"],"gold_per_floor":[117,117,129,129,54,82,82,112,112,112,124,124,158,169,169,246,246,260,185,185,185,48,48,75,75,100,111,111,130,157,137,137,215,215,232,232,245,256,20,20,50,50,50,96,130,155,167,167],"floor_reached":47,"language":"ENG","playtime":970,"items_purged":["Regret"],"score":1199,"play_id":"e0e1ca9a-cbe9-4c10-8dc1-16bdb198eb72","local_time":"20210208180000","is_ascension_mode":true,"campfire_choices":[{"data":"Dash","floor":7,"key":"SMITH"},{"data":"Neutralize","floor":10,"key":"SMITH"},{"data":"Blade Dance","floor":15,"key":"SMITH"},{"data":"Skewer","floor":23,"key":"SMITH"},{"data":"Sucker Punch","floor":25,"key":"SMITH"},{"floor":28,"key":"REST"},{"data":"Blade Dance","floor":32,"key":"SMITH"},{"floor":40,"key":"REST"},{"floor":42,"key":"REST"}],"circlet_count":0,"master_deck":["AscendersBane","Strike_G","Strike_G","Strike_G","Strike_G","Defend_G","Defend_G","Defend_G+1","Defend_G","Defend_G","Survivor+1","Neutralize+1","Flying Knee","Dash+1","Unload","Dagger Spray","Blade Dance+1","Backstab","Sucker Punch+1","Adrenaline","Skewer+1","Endless Agony","Clumsy","Footwork+1","Blade Dance+1","Escape Plan","Die Die Die","Cloak And Dagger","Blur","Endless Agony+1","Backstab","Masterful Stab+1","Heel Hook+1","Writhe","Shame","Poisoned Stab","Infinite Blades"],"relics":["Ring of the Snake","NeowsBlessing","InkBottle","Du-Vu Doll","Orichalcum","Blue Candle","CultistMask","Ornamental Fan","Cursed Key","Enchiridion","Letter Opener","War Paint","Gremlin Horn","Sozu","MealTicket","Dream Catcher","Akabeko","MawBank"],"acts_visited":["Exordium","TheCity","TheBeyond"],"potions_floor_usage":[8,16,16,24,30,46],"damage_taken":[{"damage":0,"enemies":"2 Louse","floor":1,"turns":1},{"damage":0,"enemies":"Small Slimes","floor":3,"turns":1},{"damage":0,"enemies":"Lagavulin","floor":6,"turns":1},{"damage":23,"enemies":"Gremlin Nob","floor":8,"turns":4},{"damage":0,"enemies":"Cultist","floor":11,"turns":3},{"damage":17,"enemies":"Lagavulin","floor":13,"turns":5},{"damage":0,"enemies":"Looter","floor":14,"turns":2},{"damage":10,"enemies":"Slime Boss","floor":16,"turns":7},{"damage":0,"enemies":"2 Thieves","floor":18,"turns":3},{"damage":7,"enemies":"Book of Stabbing","floor":24,"turns":4},{"damage":0,"enemies":"Chosen","floor":27,"turns":2},{"damage":1,"enemies":"3 Cultists","floor":29,"turns":3},{"damage":1,"enemies":"Gremlin Leader","floor":30,"turns":2},{"damage":7,"enemies":"Collector","floor":33,"turns":10},{"damage":0,"enemies":"3 Darklings","floor":35,"turns":1},{"damage":36,"enemies":"3 Shapes","floor":37,"turns":4},{"damage":1,"enemies":"3 Darklings","floor":38,"turns":3},{"damage":23,"enemies":"Giant Head","floor":41,"turns":7},{"damage":17,"enemies":"Nemesis","floor":45,"turns":4},{"damage":3,"enemies":"Spire Growth","floor":46,"turns":3},{"damage":16,"enemies":"Maw","floor":47,"turns":4}],"seed_played":"-9015895950249906786","potions_obtained":[{"floor":3,"key":"DuplicationPotion"},{"floor":8,"key":"Fire Potion"},{"floor":11,"key":"SmokeBomb"},{"floor":14,"key":"Swift Potion"},{"floor":29,"key":"GhostInAJar"},{"floor":30,"key":"Energy Potion"},{"floor":33,"key":"Fire Potion"}],"is_trial":false,"path_per_floor":["M","?","M","?","$","E","R","E","T","R","M","?","E","M","R","B",null,"M","?","?","?","$","R","E","R","T","M","R","M","E","?","R","B",null,"M","?","M","M","$","R","E","R","T","T","E","M","M"],"character_chosen":"THE_SILENT","items_purchased":["CunningPotion","AttackPotion","Backstab","MealTicket"],"campfire_rested":3,"item_purchase_floors":[22,22,39,39],"current_hp_per_floor":[59,59,59,59,59,59,59,36,36,36,36,36,19,19,19,9,52,52,52,31,31,31,31,24,24,24,24,43,42,41,41,41,34,58,58,58,22,21,21,40,17,36,36,36,19,16,0,0],"gold":167,"neow_bonus":"THREE_ENEMY_KILL","is_daily":false,"chose_seed":false,"campfire_upgraded":6,"win_rate":0.0,"timestamp":1612814400,"path_taken":["M","?","M","?","$","E","R","E","T","R","M","?","E","M","R","BOSS","M","?","?","?","$","R","E","R","T","M","R","?","E","?","R","BOSS","M","?","M","?","$","R","E","R","T","?","E","M","M"],"items_purchased_type":["Potion","Potion","Card","Relic"],"build_version":"2020-12-22","purchased_purges":1,"victory":false,"max_hp_per_floor":[66,66,66,66,66,66,66,66,66,66,66,66,66,66,66,66,66,66,66,66,66,66,66,66,66,66,66,66,66,66,66,66,66,66,66,66,66,66,66,66,66,66,66,66,66,66,66,66],"card_choices":[{"not_picked":["Backflip","Slice"],"picked":"Flying Knee","floor":1},{"not_picked":["Blade Dance","Bullet Time"],"picked":"Dash","floor":3},{"not_picked":["Backflip","Acrobatics"],"picked":"Unload","floor":6},{"not_picked":["Flechettes","Poisoned Stab"],"picked":"Dagger Spray","floor":8},{"not_picked":["Escape Plan","Heel Hook"],"picked":"Blade Dance","floor":11},{"not_picked":["Endless Agony","Crippling Poison"],"picked":"Backstab","floor":13},{"not_picked":["Deadly Poison","Bouncing Flask"],"picked":"Sucker Punch","floor":14},{"not_picked":["Doppelganger","Tools of the Trade"],"picked":"Adrenaline","floor":16},{"not_picked":["Deadly Poison","Dagger Throw"],"picked":"Skewer","floor":18},{"not_picked":["Dagger Throw","Slice"],"picked":"Endless Agony","floor":24},{"not_picked":["Tactician+1","Sucker Punch"],"picked":"Footwork+1","floor":27},{"not_picked":["Slice","Dagger Throw"],"picked":"Blade Dance","floor":29},{"not_picked":["Unload","Underhanded Strike"],"picked":"Escape Plan","floor":30},{"not_picked":["Corpse Explosion","Wraith Form v2"],"picked":"Die Die Die","floor":33},{"not_picked":["Noxious Fumes","Leg Sweep"],"picked":"Cloak And Dagger","floor":35},{"not_picked":["Backflip","Sucker Punch+1"],"picked":"Blur","floor":37},{"not_picked":["Poisoned Stab","Deadly Poison"],"picked":"Endless Agony+1","floor":38},{"not_picked":["Caltrops","Expertise"],"picked":"Masterful Stab+1","floor":41},{"not_picked":["PiercingWail","Crippling Poison"],"picked":"Heel Hook+1","floor":42},{"not_picked":["Acrobatics","Heel Hook"],"picked":"Poisoned Stab","floor":45},{"not_picked":["Quick Slash","Setup"],"picked":"Infinite Blades","floor":46}],"player_experience":1650854,"relics_obtained":[{"floor":6,"key":"Du-Vu Doll"},{"floor":8,"key":"Orichalcum"},{"floor":9,"key":"Blue Candle"},{"floor":13,"key":"Ornamental Fan"},{"floor":20,"key":"Enchiridion"},{"floor":24,"key":"Letter Opener"},{"floor":26,"key":"War Paint"},{"floor":30,"key":"Gremlin Horn"},{"floor":41,"key":"Dream Catcher"},{"floor":44,"key":"Akabeko"},{"floor":45,"key":"MawBank"}],"event_choices":[{"damage_healed":0,"gold_gain":0,"player_choice":"Leave","damage_taken":0,"max_hp_gain":0,"max_hp_loss":0,"event_name":"The Cleric","floor":2,"gold_loss":0},{"damage_healed":0,"gold_gain":0,"player_choice":"Box","damage_taken":0,"relics_obtained":["InkBottle"],"max_hp_gain":0,"max_hp_loss":0,"event_name":"Big Fish","floor":4,"gold_loss":0,"cards_obtained":["Regret"]},{"damage_healed":0,"gold_gain":0,"player_choice":"Trade","damage_taken":0,"relics_obtained":["CultistMask"],"max_hp_gain":0,"max_hp_loss":0,"event_name":"FaceTrader","floor":12,"gold_loss":0},{"cards_removed":["Strike_G"],"damage_healed":0,"gold_gain":0,"player_choice":"Gave Gold","damage_taken":0,"max_hp_gain":0,"max_hp_loss":0,"event_name":"Beggar","floor":19,"gold_loss":75},{"damage_healed":0,"gold_gain":0,"player_choice":"Obtained Book","damage_taken":21,"max_hp_gain":0,"max_hp_loss":0,"event_name":"Cursed Tome","floor":20,"gold_loss":0},{"damage_healed":0,"gold_gain":0,"player_choice":"Ignored","damage_taken":0,"max_hp_gain":0,"max_hp_loss":0,"event_name":"N\u0027loth","floor":21,"gold_loss":0},{"damage_healed":0,"gold_gain":0,"player_choice":"Bought 1 Potion","damage_taken":0,"max_hp_gain":0,"max_hp_loss":0,"event_name":"The Woman in Blue","floor":31,"gold_loss":0},{"damage_healed":0,"gold_gain":0,"player_choice":"Ignored","damage_taken":0,"max_hp_gain":0,"max_hp_loss":0,"event_name":"Fountain of Cleansing","floor":36,"gold_loss":0}],"is_beta":false,"boss_relics":[{"not_picked":["Fusion Hammer","Velvet Choker"],"picked":"Cursed Key"},{"not_picked":["Empty Cage","Snecko Eye"],"picked":"Sozu"}],"items_purged_floors":[5],"is_endless":false,"potions_floor_spawned":[3,8,11,14,29,30,33,37,38],"killed_by":"Maw","ascension_level":20}}