{"host":"zwezhz46a5cjkxff","time":1612775161,"event":{"mods":["AchievementEnabler","BaseMod","Colored Map","Colored Powertips","DeckTracker","Minty Spire (QoL Compilation)","Permanent Neow","Quick Restart","Rare Cards Sparkle","Relic Stats","StSLib","SuperFastMode"],"gold_per_floor":[113,129,129,142,152,180,180,213,239,414,414,414,339,359,359,359,359],"floor_reached":16,"language":"ENG","playtime":437,"items_purged":["Strike_B"],"score":121,"play_id":"e94aef89-356e-4d9d-8199-1b9223edefaf","local_time":"20210208030601","is_ascension_mode":true,"campfire_choices":[{"data":"Darkness","floor":7,"key":"SMITH"},{"floor":12,"key":"REST"},{"floor":15,"key":"RECALL"}],"circlet_count":0,"master_deck":["Strike_B","Strike_B","Strike_B","Defend_B","Defend_B","Defend_B","Defend_B","Zap","Dualcast","Darkness+1","Coolheaded","Redo","Lockon","Electrodynamics","Doubt","Machine Learning","Hologram"],"relics":["Philosopher\u0027s Stone","Orichalcum","Art of War","Pen Nib"],"acts_visited":["Exordium"],"potions_floor_usage":[5,8,16],"damage_taken":[{"damage":2,"enemies":"Cultist","floor":1,"turns":3},{"damage":0,"enemies":"Small Slimes","floor":2,"turns":3},{"damage":7,"enemies":"Jaw Worm","floor":4,"turns":4},{"damage":5,"enemies":"Exordium Wildlife","floor":5,"turns":4},{"damage":25,"enemies":"Lagavulin","floor":6,"turns":6},{"damage":21,"enemies":"Gremlin Nob","floor":8,"turns":4},{"damage":7,"enemies":"Large Slime","floor":14,"turns":3},{"damage":28,"enemies":"The Guardian","floor":16,"turns":7}],"seed_played":"8332261819575972563","potions_obtained":[{"floor":1,"key":"GamblersBrew"},{"floor":2,"key":"Fire Potion"},{"floor":14,"key":"Swift Potion"}],"is_trial":false,"path_per_floor":["M","M","?","M","M","E","R","E","T","?","?","R","$","M","R","B"],"character_chosen":"DEFECT","items_purchased":[],"campfire_rested":1,"item_purchase_floors":[],"current_hp_per_floor":[73,73,66,59,54,29,29,8,8,8,8,30,30,23,23,0,0],"gold":359,"neow_bonus":"BOSS_RELIC","is_daily":false,"chose_seed":false,"campfire_upgraded":1,"win_rate":0.0,"timestamp":1612775161,"path_taken":["M","?","?","M","M","E","R","E","T","?","?","R","$","?","R","BOSS"],"items_purchased_type":[],"build_version":"2020-12-22","purchased_purges":1,"victory":false,"max_hp_per_floor":[75,75,75,75,75,75,75,75,75,75,75,75,75,75,75,75,75],"relic_stats":{"counters":[8,34],"Pen Nib":[0],"Art of War":[5],"Orichalcum":[36],"obtain_stats":[{"Philosopher\u0027s Stone":0,"Pen Nib":8,"Art of War":6,"Orichalcum":3,"Cracked Core":0},{"Philosopher\u0027s Stone":0,"Pen Nib":6,"Art of War":5,"Orichalcum":2,"Cracked Core":0},{"Philosopher\u0027s Stone":0,"Pen Nib":24,"Art of War":20,"Orichalcum":6,"Cracked Core":0}]},"card_choices":[{"not_picked":["Storm","Rebound"],"picked":"Darkness","floor":1},{"not_picked":["Genetic Algorithm","Stack"],"picked":"Coolheaded","floor":2},{"not_picked":["Beam Cell","Tempest","Recycle"],"picked":"SKIP","floor":4},{"not_picked":["Stack","Conserve Battery"],"picked":"Redo","floor":5},{"not_picked":["Aggregate","Conserve Battery"],"picked":"Lockon","floor":6},{"not_picked":["Stack","Cold Snap"],"picked":"Electrodynamics","floor":8},{"not_picked":["Gash","Coolheaded"],"picked":"Hologram","floor":14}],"player_experience":81701,"relics_obtained":[{"floor":6,"key":"Art of War"},{"floor":8,"key":"Pen Nib"}],"event_choices":[{"damage_healed":0,"gold_gain":0,"player_choice":"Success","damage_taken":7,"relics_obtained":["Orichalcum"],"max_hp_gain":0,"max_hp_loss":0,"event_name":"Scrap Ooze","floor":3,"gold_loss":0},{"damage_healed":0,"gold_gain":175,"player_choice":"AGREE","damage_taken":0,"max_hp_gain":0,"max_hp_loss":0,"event_name":"Liars Game","floor":10,"gold_loss":0,"cards_obtained":["Doubt"]},{"damage_healed":0,"gold_gain":0,"player_choice":"1 cards matched","damage_taken":0,"max_hp_gain":0,"max_hp_loss":0,"event_name":"Match and Keep!","floor":11,"gold_loss":0,"cards_obtained":["Machine Learning"]}],"is_beta":false,"boss_relics":[],"items_purged_floors":[13],"is_endless":false,"potions_floor_spawned":[1,2,14],"killed_by":"The Guardian","ascension_level":2}}