{"host":"yml0ux6c8lqydjlc","time":1612816354,"event":{"mods":["Aspiration","BaseMod","Conspire","Downfall","Hermit","Jedi Mod","Minty Spire (QoL Compilation)","Robot Space Explorer","StSLib"],"gold_per_floor":[110,110,126,46,61,61,95,108,163,238,79,89,89,99,99,203,203,218,317,37,39,58,58,92,7,56,68,86,36,54,70,70,173,173,192,67,84,84,84,84,103,103,103],"floor_reached":42,"language":"ENG","playtime":5626,"items_purged":["RobotSpaceExplorer:Strike","RobotSpaceExplorer:Strike","RobotSpaceExplorer:Pulsar"],"score":422,"play_id":"7e37da5b-8b8c-4a96-904a-55385192d5c4","local_time":"20210208153234","is_ascension_mode":false,"campfire_choices":[{"floor":6.0,"key":"REST"},{"floor":13.0,"key":"REST"},{"data":"RobotSpaceExplorer:StarLightning","floor":15.0,"key":"SMITH"},{"floor":23,"key":"REST"},{"floor":32,"key":"REST"},{"floor":40,"key":"REST"}],"circlet_count":0,"master_deck":["RobotSpaceExplorer:Strike+1","RobotSpaceExplorer:Strike+1","RobotSpaceExplorer:Defend","RobotSpaceExplorer:Defend","RobotSpaceExplorer:Defend","RobotSpaceExplorer:Defend","RobotSpaceExplorer:Scan","RobotSpaceExplorer:MiniLasers","RobotSpaceExplorer:GlueShot","RobotSpaceExplorer:Calculate","RobotSpaceExplorer:StarLightning","RobotSpaceExplorer:PlasmaMissile","RobotSpaceExplorer:TurboDodge","RobotSpaceExplorer:StarLightning+1","RobotSpaceExplorer:GlueShot","RobotSpaceExplorer:ToxicBomb","RobotSpaceExplorer:StunGrenade","RobotSpaceExplorer:TrailblazerForm","RobotSpaceExplorer:PlasmaMissile+1","RobotSpaceExplorer:BigMissile+1","RobotSpaceExplorer:Pulsar+1","RobotSpaceExplorer:DoubleFind","RobotSpaceExplorer:SurgingStrike","RobotSpaceExplorer:MiniDrones+1","RobotSpaceExplorer:Probe+1","RobotSpaceExplorer:Probe+1","RobotSpaceExplorer:SurgingShield","RobotSpaceExplorer:ChargingLaser","RobotSpaceExplorer:SwiftStep","Dramatic Entrance","RobotSpaceExplorer:Probe"],"relics":["RobotSpaceExplorer:RoboCore","conspire:Boomerang","Orichalcum","jedi:shrinkray","Whetstone","Centennial Puzzle","Happy Flower","conspire:SlowCooker"],"acts_visited":["TheCity","TheBeyond"],"potions_floor_usage":[33,33],"damage_taken":[{"damage":2.0,"enemies":"Jaw Worm","floor":1.0,"turns":4.0},{"damage":10.0,"enemies":"conspire:RoseBush","floor":3.0,"turns":3.0},{"damage":4.0,"enemies":"2 Louse","floor":5.0,"turns":3.0},{"damage":13.0,"enemies":"3 Sentries","floor":7.0,"turns":8.0},{"damage":0.0,"enemies":"Large Slime","floor":8.0,"turns":4.0},{"damage":3.0,"enemies":"Exordium Wildlife","floor":12.0,"turns":5.0},{"damage":3.0,"enemies":"2 Fungi Beasts","floor":14.0,"turns":3.0},{"damage":23.0,"enemies":"The Guardian","floor":16.0,"turns":9.0},{"damage":12.0,"enemies":"Spheric Guardian","floor":18.0,"turns":6.0},{"damage":25.0,"enemies":"2 Thieves","floor":21.0,"turns":5.0},{"damage":7.0,"enemies":"Centurion and Healer","floor":22.0,"turns":7.0},{"damage":47,"enemies":"Book of Stabbing","floor":24,"turns":7},{"damage":7,"enemies":"conspire:HollyBat","floor":27,"turns":7},{"damage":4,"enemies":"Shelled Parasite and Fungi","floor":28,"turns":5},{"damage":2,"enemies":"Snecko","floor":30,"turns":5},{"damage":11,"enemies":"Chosen and Byrds","floor":31,"turns":5},{"damage":38,"enemies":"Collector","floor":33,"turns":12},{"damage":24,"enemies":"3 Shapes","floor":35,"turns":3},{"damage":12,"enemies":"Orb Walker","floor":37,"turns":4},{"damage":48,"enemies":"Sphere and 2 Shapes","floor":41,"turns":4},{"damage":29,"enemies":"Writhing Mass","floor":42,"turns":5}],"seed_played":"-4921910515803164006","potions_obtained":[{"floor":3.0,"key":"FairyPotion"},{"floor":5.0,"key":"champ:CounterPotion"},{"floor":7.0,"key":"Ancient Potion"},{"floor":21.0,"key":"champ:CounterPotion"},{"floor":24,"key":"AttackPotion"},{"floor":28,"key":"Weak Potion"},{"floor":33,"key":"Strength Potion"},{"floor":35,"key":"DistilledChaos"}],"is_trial":false,"path_per_floor":["M","?","M","$","M","R","E","M","T","?","$","M","R","M","R","B",null,"M","?","$","M","M","R","E","?","T","M","M","$","M","M","R","B",null,"M","$","M","?","?","R","M","M"],"character_chosen":"RobotSpaceExplorer","items_purchased":["RobotSpaceExplorer:StarLightning","RobotSpaceExplorer:StarLightning","RobotSpaceExplorer:GlueShot","RobotSpaceExplorer:BigMissile","jedi:shrinkray","RobotSpaceExplorer:Pulsar"],"campfire_rested":5,"item_purchase_floors":[4,11,11,20,20,29],"current_hp_per_floor":[80,64,54,54,50,74,61,61,61,50,50,47,71,68,68,45,82,70,70,70,45,38,62,15,15,15,8,4,4,2,24,48,10,82,58,58,46,46,46,70,22,0,0],"gold":103,"neow_bonus":"TEN_PERCENT_HP_BONUS","is_daily":false,"chose_seed":false,"campfire_upgraded":1,"win_rate":0.0,"timestamp":1612816354,"path_taken":["M","?","M","$","M","R","E","M","T","?","?","M","R","M","R","BOSS","M","?","$","M","M","R","E","?","T","M","M","$","M","M","R","BOSS","M","$","M","?","?","R","M","M"],"items_purchased_type":["Card","Card","Card","Card","Relic","Card"],"build_version":"2020-12-22","purchased_purges":3,"victory":false,"max_hp_per_floor":[82,82,82,82,82,82,82,82,82,82,82,82,82,82,82,82,82,82,82,82,82,82,82,82,82,82,82,82,82,82,82,82,82,82,82,82,82,82,82,82,82,82,82],"card_choices":[{"not_picked":["RobotSpaceExplorer:FranticSearch","RobotSpaceExplorer:SlimeMissile"],"picked":"RobotSpaceExplorer:GlueShot","floor":1.0},{"not_picked":["RobotSpaceExplorer:Ammunition","RobotSpaceExplorer:SurgingShield"],"picked":"RobotSpaceExplorer:Calculate","floor":3.0},{"not_picked":["RobotSpaceExplorer:Discharger","RobotSpaceExplorer:ImprovisedAttack","RobotSpaceExplorer:Ammunition"],"picked":"SKIP","floor":5.0},{"not_picked":["RobotSpaceExplorer:ShockKick","RobotSpaceExplorer:PowerCollector"],"picked":"RobotSpaceExplorer:PlasmaMissile","floor":7.0},{"not_picked":["RobotSpaceExplorer:SurgingShield","RobotSpaceExplorer:FrostMissile"],"picked":"RobotSpaceExplorer:TurboDodge","floor":8.0},{"not_picked":["RobotSpaceExplorer:FranticSearch","RobotSpaceExplorer:SurgingShield"],"picked":"RobotSpaceExplorer:ToxicBomb","floor":12.0},{"not_picked":["RobotSpaceExplorer:StarDust","RobotSpaceExplorer:PlasmaMissile"],"picked":"RobotSpaceExplorer:StunGrenade","floor":14.0},{"not_picked":["RobotSpaceExplorer:Scanner","RobotSpaceExplorer:BlastShield"],"picked":"RobotSpaceExplorer:TrailblazerForm","floor":16.0},{"not_picked":["RobotSpaceExplorer:Counterblock","RobotSpaceExplorer:ShockKick+1"],"picked":"RobotSpaceExplorer:PlasmaMissile","floor":18.0},{"not_picked":["RobotSpaceExplorer:ScrapToss","RobotSpaceExplorer:FrostMissile"],"picked":"RobotSpaceExplorer:Pulsar+1","floor":21.0},{"not_picked":["RobotSpaceExplorer:ShockKick","RobotSpaceExplorer:PlasmaMissile"],"picked":"RobotSpaceExplorer:DoubleFind","floor":22.0},{"not_picked":["RobotSpaceExplorer:FrostMissile","RobotSpaceExplorer:LaserBurst"],"picked":"RobotSpaceExplorer:SurgingStrike","floor":24},{"not_picked":["RobotSpaceExplorer:PowerGlove","RobotSpaceExplorer:FrostMissile"],"picked":"RobotSpaceExplorer:MiniDrones+1","floor":27},{"not_picked":["RobotSpaceExplorer:TrailblazerForm","RobotSpaceExplorer:ShockKick"],"picked":"RobotSpaceExplorer:Probe+1","floor":28},{"not_picked":["RobotSpaceExplorer:MakeshiftVolley","RobotSpaceExplorer:ShockKick+1"],"picked":"RobotSpaceExplorer:Probe+1","floor":30},{"not_picked":["RobotSpaceExplorer:Ammunition","RobotSpaceExplorer:GlueShot"],"picked":"RobotSpaceExplorer:SurgingShield","floor":31},{"not_picked":["RobotSpaceExplorer:TrailblazerForm","RobotSpaceExplorer:Wormhole"],"picked":"RobotSpaceExplorer:ChargingLaser","floor":33},{"not_picked":["RobotSpaceExplorer:RigExplosive","RobotSpaceExplorer:GlueShot+1"],"picked":"RobotSpaceExplorer:SwiftStep","floor":35},{"not_picked":["RobotSpaceExplorer:PowerGlove","RobotSpaceExplorer:TurboDodge","RobotSpaceExplorer:ToxicBomb"],"picked":"SKIP","floor":37},{"not_picked":["Thinking Ahead","Master of Strategy"],"picked":"Dramatic Entrance","floor":38},{"not_picked":["RobotSpaceExplorer:MiniBoosters","RobotSpaceExplorer:StarDust"],"picked":"RobotSpaceExplorer:Probe","floor":41}],"player_experience":15837,"relics_obtained":[{"floor":7.0,"key":"conspire:Boomerang"},{"floor":9.0,"key":"Orichalcum"},{"floor":24,"key":"Whetstone"},{"floor":26,"key":"Happy Flower"}],"event_choices":[{"damage_healed":0.0,"max_hp_gain":0.0,"max_hp_loss":0.0,"gold_gain":0.0,"event_name":"Shining Light","player_choice":"Entered Light","floor":2.0,"gold_loss":0.0,"damage_taken":16.0,"cards_upgraded":["RobotSpaceExplorer:Strike","RobotSpaceExplorer:Strike"]},{"damage_healed":0.0,"max_hp_gain":0.0,"max_hp_loss":0.0,"gold_gain":75.0,"event_name":"World of Goop","player_choice":"Gather Gold","floor":10.0,"gold_loss":0.0,"damage_taken":11.0},{"damage_healed":0.0,"max_hp_gain":0.0,"max_hp_loss":0.0,"gold_gain":99.0,"event_name":"Nest","player_choice":"Stole From Cult","floor":19.0,"gold_loss":0.0,"damage_taken":0.0},{"damage_healed":0,"gold_gain":0,"player_choice":"Obtained Relic","damage_taken":0,"relics_obtained":["Centennial Puzzle"],"max_hp_gain":0,"max_hp_loss":0,"event_name":"Addict","floor":25,"gold_loss":85},{"damage_healed":0,"gold_gain":0,"player_choice":"Memory 1","damage_taken":0,"max_hp_gain":0,"max_hp_loss":0,"event_name":"SensoryStone","floor":38,"gold_loss":0},{"damage_healed":0,"gold_gain":0,"player_choice":"Ignored","damage_taken":0,"max_hp_gain":0,"max_hp_loss":0,"event_name":"Mysterious Sphere","floor":39,"gold_loss":0}],"is_beta":false,"boss_relics":[{"not_picked":["conspire:SeveredTorchhead","Ectoplasm","aspiration:RunicSpoon"]},{"not_picked":["SacredBark","aspiration:WatcherSkillbook"],"picked":"conspire:SlowCooker"}],"items_purged_floors":[11,20,36],"is_endless":false,"potions_floor_spawned":[3,5,7,21,24,28,33,35],"killed_by":"Writhing Mass","ascension_level":0}}