{"host":"853vx6s5mj9srtgy","time":1612773820,"event":{"mods":["2.2 Compatiblity","Act Like it!","Aspiration","BaseMod","Better Skull","Better Vampires","CCEM2","CapriCore","Colored Powertips","Conspire","Downfall","Energized Spire","Friendly Minions","Gensokyo","GifTheSpireLib","Halation","HornydragonMod","Hubris","Infinite Spire","Koishi","LagranYue(©Ô®æ®Ô¡P¤ë)","Marisa¡]Ãú«B¡@Å]²z¨F¡^","Minty Spire (QoL Compilation)","MostiFishMod","Permanent Neow","Quick Restart","Rare Cards Sparkle","Red Circlet Mod","Reimu¡]³Õ???¡^","Relic Sorter","Relic Stats","Remilia¡]Á¢¦Ì²ú?¡^","RumiaBox-ÅS¦Ì?ªº¯«¯µ²°¤l","Ryuuou?¤ý","Small Relic Pack","Spicy Shops","Spikes Relics","StSLib","TestMod","The Immortal","The Servant 0.9.4","Unknown Chances","Yakumo Yukari mod","Youmu¡]»î¾z§¯?¡^","Yuyuko","noobMod","yUi","¡i¥\¯àMod¡j²V¨P¤§?­×Î`?¤B"],"gold_per_floor":[115,327,327,340,340,9,24,24,24,44,44,44],"floor_reached":11,"language":"ZHS","playtime":523,"items_purged":["Defend_MRS","Defend_MRS","Defend_MRS"],"score":72,"play_id":"0b173a35-6e24-4e0c-97c4-3f0cb6b3794e","local_time":"20210208164340","is_ascension_mode":true,"campfire_choices":[],"circlet_count":0,"master_deck":["Strike_MRS","Strike_MRS","Strike_MRS","Strike_MRS","Defend_MRS","MasterSpark","UpSweep","ShootingEcho","DoubleSpark","PropBag"],"relics":["MiniHakkero","testmod-TestBox","DaveBox","ice","BirthdayGift-Tetrahedron","testmod-LifeArmor","LagranYue:RandomDrawCardRelic","testmod-Antiphasic","Baka","SynthV:TestCard","Happy Flower","Strawberry","hubris:EvacipatedBox","hubris:FruitBowl","SuspiciousGoo","RoseTintedShades","Mummified Hand"],"acts_visited":["Gensokyo:Gensokyo"],"potions_floor_usage":[11,11],"damage_taken":[{"damage":2,"enemies":"Gensokyo:Python","floor":1,"turns":2},{"damage":11,"enemies":"Gensokyo:Gryphon","floor":2,"turns":2},{"damage":4,"enemies":"Gensokyo:3_Fairies","floor":4,"turns":2},{"damage":2,"enemies":"Gensokyo:VengefulSpirit","floor":7,"turns":2},{"damage":0,"enemies":"Gensokyo:LivingMonolith","floor":10,"turns":1},{"damage":6,"enemies":"Gensokyo:Cirno","floor":11,"turns":3}],"seed_played":"-8654131386175426533","potions_obtained":[{"floor":1,"key":"Swift Potion"},{"floor":7,"key":"LiquidMemories"},{"floor":10,"key":"DistilledChaos"}],"is_trial":false,"path_per_floor":["M","M","?","M","?","$","M","$","T","M","E"],"character_chosen":"MARISA","items_purchased":["Strawberry","hubris:EvacipatedBox","hubris:FruitBowl","SuspiciousGoo"],"campfire_rested":0,"item_purchase_floors":[6,8,8,8],"current_hp_per_floor":[73,62,65,61,61,68,66,2,2,6,0,0],"gold":44,"neow_bonus":"RANDOM_COMMON_RELIC","is_daily":false,"chose_seed":false,"campfire_upgraded":0,"win_rate":0.0,"timestamp":1612773820,"path_taken":["M","M","?","M","?","$","M","?","T","M","E"],"items_purchased_type":["Relic","Relic","Relic","Relic"],"build_version":"2020-12-22","purchased_purges":3,"victory":false,"max_hp_per_floor":[75,75,78,78,78,85,85,85,85,89,89,89],"relic_stats":{"Happy Flower":[2],"counters":[6,11],"Mummified Hand":[0],"obtain_stats":[{"testmod-TestBox":0,"DaveBox":0,"LagranYue:RandomDrawCardRelic":0,"Happy Flower":5,"SuspiciousGoo":8,"hubris:FruitBowl":8,"RoseTintedShades":9,"testmod-LifeArmor":0,"ice":0,"Baka":1,"hubris:EvacipatedBox":8,"testmod-Antiphasic":0,"SynthV:TestCard":1,"Mummified Hand":11,"Strawberry":6,"MiniHakkero":0,"BirthdayGift-Tetrahedron":0},{"testmod-TestBox":0,"DaveBox":0,"LagranYue:RandomDrawCardRelic":0,"Happy Flower":3,"SuspiciousGoo":4,"hubris:FruitBowl":4,"RoseTintedShades":4,"testmod-LifeArmor":0,"ice":0,"Baka":1,"hubris:EvacipatedBox":4,"testmod-Antiphasic":0,"SynthV:TestCard":1,"Mummified Hand":5,"Strawberry":3,"MiniHakkero":0,"BirthdayGift-Tetrahedron":0},{"testmod-TestBox":0,"DaveBox":0,"LagranYue:RandomDrawCardRelic":0,"Happy Flower":6,"SuspiciousGoo":8,"hubris:FruitBowl":8,"RoseTintedShades":8,"testmod-LifeArmor":0,"ice":0,"Baka":2,"hubris:EvacipatedBox":8,"testmod-Antiphasic":0,"SynthV:TestCard":2,"Mummified Hand":9,"Strawberry":6,"MiniHakkero":0,"BirthdayGift-Tetrahedron":0}]},"card_choices":[{"not_picked":["EnergyFlow","PowerUp"],"picked":"WitchLeyline","floor":1},{"not_picked":["SporeBomb","StarDustReverie","WitchOfGreed","AsteroidBelt"],"picked":"ShootingEcho","floor":2},{"not_picked":["UnstableBomb","BlazeAway","MaximisePower","Singularity","AsteroidBelt"],"picked":"SKIP","floor":4},{"not_picked":["UnstableBomb","BlazeAway","MaximisePower","Singularity","AsteroidBelt"],"picked":"SKIP","floor":4},{"not_picked":["GalacticHalo","6A","IllusionStar","UnstableBomb"],"picked":"DoubleSpark","floor":7},{"not_picked":["ShootingEcho","DragonMeteor","DeepEcoloBomb","FairyDestructionRay"],"picked":"PropBag","floor":10}],"player_experience":360520,"relics_obtained":[{"floor":1,"key":"Baka"},{"floor":1,"key":"SynthV:TestCard"},{"floor":9,"key":"RoseTintedShades"}],"event_choices":[],"is_beta":false,"boss_relics":[],"items_purged_floors":[6,6,8],"is_endless":false,"potions_floor_spawned":[1,7,10],"killed_by":"Gensokyo:Cirno","ascension_level":2}}