{"host":"yg1n0qads92lo9wl","time":1612764544,"event":{"mods":["BaseMod","Downfall","Luminous","Minty Spire (QoL Compilation)","StSLib","Warlord Emblem"],"gold_per_floor":[99,116,116,116,2,35,35,46,74,74,94,119,134,154,174,279,279,279,298,498,514,525,552,552,587,349,349,349,349],"floor_reached":27,"language":"ZHS","playtime":5749,"items_purged":["Guardian:ArmoredProtocol+1"],"score":364,"play_id":"822e6925-c9de-4bf6-9870-ddccb2468048","local_time":"20210208140904","is_ascension_mode":true,"campfire_choices":[{"data":"Guardian:TwinSlam","floor":1.0,"key":"SMITH"},{"data":"Guardian:FastForward","floor":18.0,"key":"SMITH"}],"circlet_count":0,"master_deck":["Guardian:Strike_Guardian","Guardian:Strike_Guardian","Guardian:Defend_Guardian","Guardian:Defend_Guardian","Guardian:TwinSlam+1","Guardian:ShieldCharger","Guardian:ConstructionForm","Guardian:Suspension","Guardian:ShieldCharger","Guardian:SentryBeam","Guardian:VentSteam","Guardian:ShieldCharger","Guardian:SentryBeam","Guardian:GatlingBeam","Guardian:Incinerate","Guardian:Suspension","Guardian:FastForward+1","Guardian:BaubleBeam+1","Guardian:TimeCapacitor+1","Guardian:Recover","Guardian:ShieldCharger","Guardian:ExploitGems","Guardian:Gem_Blue"],"relics":["Snecko Eye","Blue Candle","Oddly Smooth Stone","Question Card","Ancient Tea Set","Peace Pipe","Astrolabe","PreservedInsect","Matryoshka","Bag of Marbles","Tiny Chest"],"acts_visited":["Exordium","TheCity"],"potions_floor_usage":[],"damage_taken":[{"damage":0.0,"enemies":"Small Slimes","floor":2.0,"turns":3.0},{"damage":5.0,"enemies":"downfall:FleeingMerchant","floor":5.0,"turns":4.0},{"damage":0.0,"enemies":"Lagavulin","floor":6.0,"turns":8.0},{"damage":1.0,"enemies":"2 Louse","floor":8.0,"turns":4.0},{"damage":12.0,"enemies":"3 Sentries","floor":9.0,"turns":9.0},{"damage":0.0,"enemies":"Jaw Worm","floor":11.0,"turns":4.0},{"damage":0.0,"enemies":"Gremlin Nob","floor":12.0,"turns":5.0},{"damage":13.0,"enemies":"Gremlin Gang","floor":13.0,"turns":6.0},{"damage":0.0,"enemies":"2 Fungi Beasts","floor":14.0,"turns":3.0},{"damage":10.0,"enemies":"Exordium Wildlife","floor":15.0,"turns":3.0},{"damage":22.0,"enemies":"SI_SHIV_ARCHETYPE","floor":16.0,"turns":11.0},{"damage":10.0,"enemies":"Chosen","floor":19.0,"turns":5.0},{"damage":0.0,"enemies":"Spheric Guardian","floor":21.0,"turns":3.0},{"damage":3.0,"enemies":"Snake Plant","floor":22.0,"turns":6.0},{"damage":30.0,"enemies":"Book of Stabbing","floor":23.0,"turns":6.0},{"damage":33.0,"enemies":"Slavers","floor":25.0,"turns":5.0},{"damage":0.0,"enemies":"downfall:FleeingMerchant","floor":26.0,"turns":4.0},{"damage":14,"enemies":"3 Cultists","floor":27,"turns":5}],"seed_played":"3693311623676623035","potions_obtained":[{"floor":6.0,"key":"Weak Potion"},{"floor":8.0,"key":"SmokeBomb"},{"floor":9.0,"key":"Block Potion"},{"floor":12.0,"key":"DuplicationPotion"},{"floor":14.0,"key":"PowerPotion"},{"floor":21.0,"key":"CultistPotion"},{"floor":25.0,"key":"Guardian:BlockOnCardUsePotion"}],"is_trial":false,"path_per_floor":["R","M","?","?","$","E","T","M","E","?","M","E","M","M","M","B",null,"R","M","?","M","M","E","T","E","$","M"],"character_chosen":"GUARDIAN","items_purchased":["Guardian:Suspension","Guardian:ShieldCharger","Tiny Chest"],"campfire_rested":0,"item_purchase_floors":[5,5,26],"current_hp_per_floor":[80,80,75,75,70,70,70,69,57,57,57,57,44,44,34,12,80,80,70,70,70,67,37,37,4,4,0,0,0],"gold":349,"neow_bonus":"BOSS_RELIC","is_daily":false,"chose_seed":false,"campfire_upgraded":2,"win_rate":0.0,"timestamp":1612764544,"path_taken":["R","M","?","?","$","E","T","M","E","?","M","E","M","M","M","BOSS","R","M","?","?","M","E","T","E","$","M"],"items_purchased_type":["Card","Card","Relic"],"build_version":"2020-12-22","purchased_purges":1,"victory":false,"max_hp_per_floor":[80,80,80,80,80,80,80,80,80,80,80,80,80,80,80,80,80,80,80,80,80,80,80,80,80,80,80,80,80],"card_choices":[{"not_picked":["Guardian:Recover","Guardian:PrismaticBeam"],"picked":"Guardian:ShieldCharger","floor":2.0},{"not_picked":["Guardian:Gem_Red","Guardian:BronzeArmor"],"picked":"Guardian:ConstructionForm","floor":5.0},{"not_picked":["Guardian:Gem_Cyan","Guardian:ShieldCharger"],"picked":"Guardian:SentryBeam","floor":6.0},{"not_picked":["Guardian:RollAttack","Guardian:PrimingBeam","Guardian:Gem_Lightblue"],"picked":"Guardian:VentSteam","floor":8.0},{"not_picked":["Guardian:Gem_Red","Guardian:PrimingBeam","Guardian:Gem_Green"],"picked":"Guardian:ShieldCharger","floor":9.0},{"not_picked":["Guardian:PrismaticBeam","Guardian:GuardianWhirl","Guardian:Gem_White"],"picked":"Guardian:Gem_Crimson","floor":11.0},{"not_picked":["Guardian:Recover","Guardian:ArmoredProtocol","Guardian:RollAttack"],"picked":"Guardian:SentryBeam","floor":12.0},{"not_picked":["Guardian:Gem_Lightblue","Guardian:CrystalBeam","Guardian:Emergency"],"picked":"Guardian:GatlingBeam","floor":13.0},{"not_picked":["Guardian:WalkerClaw","Guardian:Gem_Cyan","Guardian:PrismaticBeam"],"picked":"Guardian:Incinerate","floor":14.0},{"not_picked":["Guardian:RollAttack","Guardian:ArmoredProtocol","Guardian:TemporalStrike"],"picked":"Guardian:Suspension","floor":15.0},{"not_picked":["Guardian:RevengeProtocol","Guardian:GatlingBeam","Guardian:StasisEngine"],"picked":"Guardian:FastForward","floor":16.0},{"not_picked":["Guardian:TimeCapacitor+1","Guardian:WalkerClaw","Guardian:Gem_White"],"picked":"Guardian:Recover","floor":19.0},{"not_picked":["Guardian:Recover","Guardian:PrismaticBeam","Guardian:Gem_Green"],"picked":"Guardian:ShieldCharger","floor":21.0},{"not_picked":["Guardian:Preprogram+1","Guardian:ShieldCharger+1","Guardian:CrystalBeam"],"picked":"Guardian:ExploitGems","floor":22.0},{"not_picked":["Guardian:RollAttack+1","Guardian:Gem_Lightblue","Guardian:WalkerClaw"],"picked":"Guardian:Gem_Blue","floor":23.0},{"not_picked":["Guardian:WalkerClaw","Guardian:PrismaticBarrier+1","Guardian:ArmoredProtocol","Guardian:PiercingHide"],"picked":"SKIP","floor":25.0},{"not_picked":["Guardian:RollAttack+1","Guardian:PiercingHide","Guardian:ShieldCharger+1","Guardian:Gem_Blue"],"picked":"SKIP","floor":26}],"player_experience":425667,"relics_obtained":[{"floor":6.0,"key":"Oddly Smooth Stone"},{"floor":7.0,"key":"Question Card"},{"floor":9.0,"key":"Ancient Tea Set"},{"floor":12.0,"key":"Peace Pipe"},{"floor":23.0,"key":"PreservedInsect"},{"floor":24.0,"key":"Matryoshka"},{"floor":25.0,"key":"Bag of Marbles"}],"event_choices":[{"cards_removed":["Guardian:Strike_Guardian"],"damage_healed":0.0,"max_hp_gain":0.0,"max_hp_loss":0.0,"gold_gain":0.0,"event_name":"The Cleric","player_choice":"Card Removal","floor":10.0,"gold_loss":0.0,"damage_taken":0.0}],"is_beta":false,"boss_relics":[{"not_picked":["Runic Dome","Velvet Choker"],"picked":"Astrolabe"}],"items_purged_floors":[26],"is_endless":false,"potions_floor_spawned":[6,8,9,12,14,21,25],"killed_by":"3 Cultists","ascension_level":1}}