{"host":"640uue19m79c7wbt","time":1612751983,"event":{"mods":["BaseMod","Colored Map","Googly Eyes","Highlight Path","Minty Spire (QoL Compilation)","Quick Restart","StSLib"],"gold_per_floor":[115,265,265,23,23,23,57,57,57,57,76,32,51,69,69,148,148,168,179,191,191,191,191,220,28,28,45,62,62,62,82,82,157,157,172,182,182,182,200,200,200],"floor_reached":40,"language":"ENG","playtime":1631,"items_purged":["Doubt","Strike_G"],"score":840,"play_id":"2885e5d5-9571-4c76-9d36-51bb43946b69","local_time":"20210207213943","is_ascension_mode":true,"campfire_choices":[{"data":"Envenom","floor":6.0,"key":"SMITH"},{"data":"Venomology","floor":8.0,"key":"SMITH"},{"data":"Blade Dance","floor":10.0,"key":"SMITH"},{"data":"Accuracy","floor":15.0,"key":"SMITH"},{"floor":23.0,"key":"REST"},{"floor":30.0,"key":"REST"},{"data":"Blade Dance","floor":32.0,"key":"SMITH"}],"circlet_count":0,"master_deck":["AscendersBane","Strike_G","Strike_G","Defend_G","Defend_G","Defend_G","Defend_G","Defend_G","Survivor","Neutralize","Blade Dance+1","Envenom+1","Venomology+1","Terror","Accuracy","Calculated Gamble","Accuracy+1","PiercingWail","Blade Dance+1","After Image","Trip","PiercingWail","Finisher","Corpse Explosion","Unload","After Image"],"relics":["Ring of the Snake","Ninja Scroll","TwistedFunnel","Lantern","Gremlin Horn","Nloth\u0027s Gift","Blue Candle","Turnip","SacredBark"],"acts_visited":["Exordium","TheCity","TheBeyond"],"potions_floor_usage":[40,40],"damage_taken":[{"damage":0.0,"enemies":"2 Louse","floor":1.0,"turns":1.0},{"damage":0.0,"enemies":"3 Sentries","floor":7.0,"turns":1.0},{"damage":0.0,"enemies":"Jaw Worm","floor":11.0,"turns":1.0},{"damage":0.0,"enemies":"Cultist","floor":13.0,"turns":1.0},{"damage":0.0,"enemies":"Exordium Wildlife","floor":14.0,"turns":2.0},{"damage":9.0,"enemies":"The Guardian","floor":16.0,"turns":7.0},{"damage":8.0,"enemies":"Chosen","floor":18.0,"turns":4.0},{"damage":17.0,"enemies":"2 Thieves","floor":19.0,"turns":4.0},{"damage":20.0,"enemies":"Chosen and Byrds","floor":20.0,"turns":7.0},{"damage":16.0,"enemies":"Book of Stabbing","floor":24.0,"turns":3.0},{"damage":1.0,"enemies":"Cultist and Chosen","floor":27.0,"turns":4.0},{"damage":0.0,"enemies":"3 Cultists","floor":28.0,"turns":4.0},{"damage":0.0,"enemies":"Chosen and Byrds","floor":31.0,"turns":3.0},{"damage":18.0,"enemies":"Collector","floor":33.0,"turns":6.0},{"damage":0.0,"enemies":"3 Darklings","floor":35.0,"turns":2.0},{"damage":0.0,"enemies":"Orb Walker","floor":36.0,"turns":1.0},{"damage":16.0,"enemies":"Jaw Worm Horde","floor":39.0,"turns":2.0},{"damage":42,"enemies":"Nemesis","floor":40,"turns":4}],"seed_played":"-1700721233177310876","potions_obtained":[{"floor":1.0,"key":"Ancient Potion"},{"floor":13.0,"key":"AttackPotion"},{"floor":20.0,"key":"Dexterity Potion"},{"floor":24.0,"key":"GamblersBrew"},{"floor":28.0,"key":"AttackPotion"},{"floor":31.0,"key":"Explosive Potion"},{"floor":35.0,"key":"SmokeBomb"},{"floor":39.0,"key":"Strength Potion"}],"is_trial":false,"path_per_floor":["M","?","T","$","?","R","E","R","T","R","M","$","M","M","R","B",null,"M","M","M","?","?","R","E","$","T","M","M","?","R","M","R","B",null,"M","M","?","?","M","E"],"character_chosen":"THE_SILENT","items_purchased":["TwistedFunnel","Accuracy","Trip"],"campfire_rested":2,"item_purchase_floors":[4,12,25],"current_hp_per_floor":[59,59,59,59,59,59,59,59,59,59,59,59,59,59,59,50,62,54,37,17,30,30,49,33,33,33,32,32,32,51,51,51,33,58,58,58,58,58,42,0,0],"gold":200,"neow_bonus":"THREE_ENEMY_KILL","is_daily":false,"chose_seed":false,"campfire_upgraded":5,"win_rate":0.0,"timestamp":1612751983,"path_taken":["M","?","?","$","?","R","E","R","T","R","M","$","?","M","R","BOSS","M","?","M","?","?","R","E","$","T","M","?","?","R","M","R","BOSS","M","M","?","?","M","E"],"items_purchased_type":["Relic","Card","Card"],"build_version":"2020-12-22","purchased_purges":2,"victory":false,"max_hp_per_floor":[66,66,66,66,66,66,66,66,66,66,66,66,66,66,66,66,66,66,66,66,66,66,66,66,66,66,66,66,66,66,66,66,66,66,66,66,66,66,66,66,66],"card_choices":[{"not_picked":["Dodge and Roll","Acrobatics"],"picked":"Blade Dance","floor":1.0},{"not_picked":["Leg Sweep","Dodge and Roll"],"picked":"Venomology","floor":7.0},{"not_picked":["Deadly Poison","Expertise"],"picked":"Terror","floor":11.0},{"not_picked":["Dash","Flying Knee"],"picked":"Calculated Gamble","floor":13.0},{"not_picked":["Flechettes","Cloak And Dagger"],"picked":"Accuracy","floor":14.0},{"not_picked":["Grand Finale","Glass Knife"],"picked":"Malaise","floor":16.0},{"not_picked":["Flying Knee","Setup","Dodge and Roll"],"picked":"SKIP","floor":18.0},{"not_picked":["Slice","Dagger Spray"],"picked":"PiercingWail","floor":19.0},{"not_picked":["Deadly Poison","Dagger Spray"],"picked":"Blade Dance","floor":20.0},{"not_picked":["Dash","Terror+1"],"picked":"After Image","floor":24.0},{"not_picked":["Prepared","Slice"],"picked":"PiercingWail","floor":27.0},{"not_picked":["Catalyst","Accuracy"],"picked":"Finisher","floor":28.0},{"not_picked":["Outmaneuver+1","Backflip","Prepared"],"picked":"SKIP","floor":31.0},{"not_picked":["Tools of the Trade","Unload"],"picked":"Corpse Explosion","floor":33.0},{"not_picked":["Prepared","Deflect"],"picked":"Unload","floor":35.0},{"not_picked":["Blade Dance","Acrobatics"],"picked":"After Image","floor":36.0},{"not_picked":["Backflip","Slice+1","Quick Slash"],"picked":"SKIP","floor":39.0}],"player_experience":674244,"relics_obtained":[{"floor":3.0,"key":"Ninja Scroll"},{"floor":7.0,"key":"Lantern"},{"floor":9.0,"key":"Gremlin Horn"},{"floor":24.0,"key":"Blue Candle"},{"floor":26.0,"key":"Turnip"}],"event_choices":[{"damage_healed":0.0,"max_hp_gain":0.0,"max_hp_loss":0.0,"gold_gain":150.0,"event_name":"Liars Game","player_choice":"AGREE","floor":2.0,"gold_loss":0.0,"damage_taken":0.0,"cards_obtained":["Doubt"]},{"damage_healed":0.0,"max_hp_gain":0.0,"max_hp_loss":0.0,"gold_gain":0.0,"cards_transformed":["Strike_G"],"event_name":"Living Wall","player_choice":"Change","floor":5.0,"gold_loss":0.0,"damage_taken":0.0,"cards_obtained":["Envenom"]},{"damage_healed":13.0,"max_hp_gain":0.0,"max_hp_loss":0.0,"gold_gain":0.0,"event_name":"The Library","player_choice":"Heal","floor":21.0,"gold_loss":0.0,"damage_taken":0.0},{"damage_healed":0.0,"max_hp_gain":0.0,"max_hp_loss":0.0,"gold_gain":0.0,"event_name":"N\u0027loth","player_choice":"Traded Relic","floor":22.0,"relics_lost":["NeowsBlessing"],"gold_loss":0.0,"damage_taken":0.0,"relics_obtained":["Nloth\u0027s Gift"]},{"cards_removed":["Strike_G"],"damage_healed":0.0,"max_hp_gain":0.0,"max_hp_loss":0.0,"gold_gain":0.0,"event_name":"Back to Basics","player_choice":"Elegance","floor":29.0,"gold_loss":0.0,"damage_taken":0.0},{"damage_healed":0.0,"max_hp_gain":0.0,"max_hp_loss":0.0,"gold_gain":0.0,"event_name":"Mysterious Sphere","player_choice":"Ignored","floor":37.0,"gold_loss":0.0,"damage_taken":0.0},{"cards_removed":["Malaise"],"damage_healed":0.0,"max_hp_gain":0.0,"max_hp_loss":0.0,"gold_gain":0.0,"event_name":"Falling","player_choice":"Removed Skill","floor":38.0,"gold_loss":0.0,"damage_taken":0.0}],"is_beta":false,"boss_relics":[{"not_picked":["Coffee Dripper","Snecko Eye","Busted Crown"]},{"not_picked":["Pandora\u0027s Box","HoveringKite"],"picked":"SacredBark"}],"items_purged_floors":[4,25],"is_endless":false,"potions_floor_spawned":[1,13,20,24,28,31,35,39],"killed_by":"Nemesis","ascension_level":19}}