{"host":"x730sfaw5rd1mxd8","time":1612756908,"event":{"mods":["BaseMod","BetterRewards","Colored Powertips","Highlight Path","Minty Spire (QoL Compilation)","Relic Sorter","Relic Stats","Replay The Spire","StSLib"],"gold_per_floor":[115,127,147,147,147,147,181,195,195,213,6,41,71,88,88,163,163,173,185,185,135,148,148,161,192,267,279,297,326,326,326,326,398,398,417,433,444,456,475,503,503,517,517,552,552,580,580,594,594,594,594,594,594,43,73,73],"floor_reached":57,"language":"ENG","playtime":4152,"items_purged":["Strike_R","Strike_R","Strike_R","Strike_R","Strike_R","Defend_R"],"score":3571,"play_id":"e9a4334b-19ff-4066-a11b-b2a80a910781","local_time":"20210207230148","is_ascension_mode":true,"campfire_choices":[{"data":"True Grit","floor":6,"key":"SMITH"},{"data":"Whirlwind","floor":15,"key":"SMITH"},{"data":"Demon Form","floor":23,"key":"SMITH"},{"data":"Evolve","floor":30,"key":"SMITH"},{"floor":32,"key":"RECALL"},{"floor":47,"key":"REST"},{"data":"Limit Break","floor":49,"key":"SMITH"},{"data":"Flame Barrier","floor":53,"key":"SMITH"}],"circlet_count":0,"master_deck":["AscendersBane","Defend_R","Defend_R","Bash","Shrug It Off","Inflame","Feel No Pain","Disarm","True Grit+1","Feed+1","Feed+1","Shrug It Off","Combust","Battle Trance","Thunderclap","Inflame","Spot Weakness","Power Through","Demonic Infusion","Pommel Strike","Disarm","ReplayTheSpireMod:Stacked","Flame Barrier+1","Whirlwind+1","Whirlwind","Demon Form+1","Heavy Blade+1","Power Through+1","Pummel","Evolve+1","Juggernaut","Uppercut+1","Heavy Blade+1","Limit Break+1","Heavy Blade+1","Impervious","Barricade"],"relics":["Burning Blood","Vajra","Medical Kit","InkBottle","Regal Pillow","Guide Book","Oddly Smooth Stone","Smiling Mask","Unceasing Top","Eternal Feather","Chemical X","Bronze Scales","Odd Mushroom","Replay:Grab Bag","Painkiller Herb","Mark of Pain","Snecko Eye","Red Skull","Blue Candle","Replay:Mystery Machine","SlaversCollar","Replay:Towering Pillar of Hats","Bag of Preparation","Pantograph","Lantern","King of Hearts","Replay:Kaleidoscope","Bird Faced Urn"],"acts_visited":["Exordium","TheCity","TheBeyond","TheEnding"],"potions_floor_usage":[24,25,35,39,56,56],"damage_taken":[{"damage":2,"enemies":"2 Louse","floor":1,"turns":2},{"damage":0,"enemies":"Jaw Worm","floor":2,"turns":5},{"damage":0,"enemies":"Small Slimes","floor":3,"turns":6},{"damage":2,"enemies":"3 Sentries","floor":7,"turns":12},{"damage":8,"enemies":"Exordium Wildlife","floor":8,"turns":6},{"damage":3,"enemies":"Red Slaver","floor":10,"turns":6},{"damage":14,"enemies":"Replay:BlueRogue","floor":12,"turns":10},{"damage":4,"enemies":"The Mushroom Lair","floor":13,"turns":5},{"damage":0,"enemies":"Lots of Slimes","floor":14,"turns":1},{"damage":4,"enemies":"The Guardian","floor":16,"turns":7},{"damage":0,"enemies":"3 Byrds","floor":18,"turns":3},{"damage":0,"enemies":"Shell Parasite","floor":19,"turns":3},{"damage":6,"enemies":"Snake Plant","floor":22,"turns":4},{"damage":10,"enemies":"Sentry and Sphere","floor":24,"turns":5},{"damage":0,"enemies":"Slavers","floor":25,"turns":1},{"damage":3,"enemies":"Centurion and Healer","floor":27,"turns":3},{"damage":0,"enemies":"3 Cultists","floor":28,"turns":3},{"damage":4,"enemies":"Replay:Snechameleon","floor":29,"turns":5},{"damage":9,"enemies":"Champ","floor":33,"turns":8},{"damage":0,"enemies":"Orb Walker","floor":35,"turns":2},{"damage":11,"enemies":"3 Darklings","floor":36,"turns":3},{"damage":11,"enemies":"Sphere and 2 Shapes","floor":37,"turns":4},{"damage":32,"enemies":"4 Shapes","floor":38,"turns":8},{"damage":27,"enemies":"Transient","floor":39,"turns":6},{"damage":0,"enemies":"Giant Head","floor":40,"turns":5},{"damage":0,"enemies":"3 Darklings","floor":42,"turns":3},{"damage":43,"enemies":"Reptomancer","floor":44,"turns":6},{"damage":23,"enemies":"R_Hoarder","floor":46,"turns":6},{"damage":24,"enemies":"Sphere and 2 Shapes","floor":48,"turns":5},{"damage":65,"enemies":"Awakened One","floor":50,"turns":8},{"damage":21,"enemies":"Time Eater","floor":51,"turns":6},{"damage":21,"enemies":"Shield and Spear","floor":55,"turns":5},{"damage":76,"enemies":"The Heart","floor":56,"turns":8}],"seed_played":"6971309660499225360","potions_obtained":[{"floor":8,"key":"Adrenaline Potion"},{"floor":24,"key":"Adrenaline Potion"},{"floor":27,"key":"Fire Potion"},{"floor":35,"key":"Venom Potion"},{"floor":36,"key":"Dexterity Potion"},{"floor":44,"key":"Dexterity Potion"},{"floor":48,"key":"DuplicationPotion"}],"is_trial":false,"path_per_floor":["M","M","M","?","?","R","E","M","T","M","$","E","?","M","R","B",null,"?","?","?","T","?","T","?","E","T","?","?","E","T","?","T","B",null,"?","?","?","?","?","E","T","?","T","E","T","E","T","?","T","B","B",null,"T","T","E","B",null],"character_chosen":"IRONCLAD","items_purchased":["Vajra","Shrug It Off","Medical Kit","InkBottle","Inflame","Feel No Pain","Regal Pillow","Disarm","True Grit","Feed","Guide Book","Shrug It Off","Combust","Oddly Smooth Stone","Battle Trance","Thunderclap","Inflame","Spot Weakness","LifebloodPotion","Chemical X","Flame Barrier","King of Hearts","Replay:Kaleidoscope"],"campfire_rested":1,"item_purchase_floors":[0,0,0,0,0,0,0,0,0,0,0,0,0,0,0,0,0,0,0,11,11,54,54],"current_hp_per_floor":[80,87,95,69,69,69,81,87,87,94,94,90,100,106,121,123,126,127,127,127,127,127,127,127,135,135,139,139,143,143,143,143,140,142,147,142,145,127,106,116,116,122,122,89,89,72,159,145,166,120,130,167,179,179,164,116],"gold":73,"neow_bonus":"","is_daily":false,"chose_seed":false,"campfire_upgraded":6,"win_rate":0.0,"timestamp":1612756908,"path_taken":["M","M","M","?","?","R","E","M","T","M","?","E","?","M","R","BOSS","?","?","?","T","?","T","?","E","T","?","?","E","T","?","T","BOSS","?","?","?","?","?","E","T","?","T","E","?","E","T","?","T","BOSS","BOSS","T","T","E","BOSS"],"items_purchased_type":["Relic","Card","Relic","Relic","Card","Card","Relic","Card","Card","Card","Relic","Card","Card","Relic","Card","Card","Card","Card","Potion","Relic","Card","Relic","Relic"],"build_version":"2020-12-22","purchased_purges":6,"victory":true,"max_hp_per_floor":[83,87,95,95,95,95,103,111,111,115,115,119,127,127,127,127,127,127,127,127,127,127,127,131,135,135,139,139,143,143,143,143,143,143,147,147,155,163,163,167,167,167,167,171,171,171,171,175,175,179,179,179,179,179,179,179],"relic_stats":{"Regal Pillow":66,"counters":[543,2528],"Blue Candle":[0],"Eternal Feather":69,"Bag of Preparation":[12],"Medical Kit":[103],"Smiling Mask":388,"Burning Blood":1795,"Bronze Scales":[438],"Pantograph":49,"Bird Faced Urn":[7],"Snecko Eye":[183,188,217,193],"Chemical X":[39],"obtain_stats":[{"Golden Egg":8,"Replay:Accelerometer":52,"Whetstone":14,"Ginger":6,"Bottled Tornado":44,"Boot":53,"Sling":0,"Old Coin":47,"Blood Vial":20,"Replay:Wanted Poster":34,"Replay:Ringing Soul":54,"Sundial":28,"Replay:Bronze Core":34,"MealTicket":27,"Fusion Hammer":19,"Replay:Bottled Flurry":0,"Kunai":53,"Replay:Wax Seal":43,"Electric Blood":17,"Replay:Bottled Steam":6,"Pear":9,"Blue Candle":30,"Counterbalance":11,"Velvet Choker":19,"Eternal Feather":9,"Akabeko":27,"SlaversCollar":17,"Bird Faced Urn":12,"Snecko Eye":17,"Pandora\u0027s Box":34,"Mark of Pain":0,"Kintsugi":17,"Abe\u0027s Treasure":17,"Unceasing Top":49,"Regal Pillow":9,"Lantern":14,"Singing Bowl":10,"Torii":0,"Magic Flower":11,"StoneCalendar":14,"Painkiller Herb":17,"Blue Doll":27,"King of Hearts":12,"Bag of Preparation":9,"Cursed Key":34,"Smiling Mask":24,"Ancient Tea Set":40,"Burning Blood":0,"Pet Ghost":23,"Replay:Rubber Ducky":0,"Matryoshka":0,"Shovel":46,"WingedGreaves":8,"Chemical X":41,"Replay:Bottled Eggs":27,"InkBottle":26,"Paper Frog":9,"Potion Belt":48,"Lee\u0027s Waffle":20,"Golden Idol":11,"Self Forming Clay":7,"Thread and Needle":50,"The Courier":14,"PreservedInsect":22,"Omamori":40,"Frozen Egg 2":0,"MawBank":26,"Busted Crown":17,"Ornamental Fan":50,"Orrery":0,"Turnip":46,"Art of War":40,"Garlic":32,"Champion Belt":56,"Bottled Lightning":9,"ReplayTheSpireMod:Lightbulb":0,"Toy Ornithopter":25,"Ice Cream":14,"Divine Protection":42,"Calipers":6,"Gremlin Horn":9,"CeramicFish":43,"Vajra":0,"Sozu":17,"Centennial Puzzle":9,"DollysMirror":43,"Strawberry":28,"Honey Jar":17,"Philosopher\u0027s Stone":17,"Iron Hammer":0,"Toxic Egg 2":9,"Girya":19,"Happy Flower":27,"ReplayTheSpireMod:CursedCoin":0,"Dead Branch":13,"Replay:Grab Bag":17,"Oddly Smooth Stone":26,"Charon\u0027s Ashes":39,"Letter Opener":25,"Replay:Kaleidoscope":50,"War Paint":8,"Question Card":0,"OrangePellets":53,"Replay:Baseball":38,"ReplayTheSpireMod:Spearhead":24,"ReplayTheSpireMod:Shallot":30,"Shuriken":55,"Bronze Scales":12,"Simple Rune":28,"Onion Ring":45,"Molten Egg 2":7,"ReplayTheSpireMod:TigerMarble":13,"Black Star":17,"Grinning Jar":25,"Pocketwatch":0,"Darkstone Periapt":5,"ReplayFunnel":19,"Iron Core":3,"Replay:PocketPolymizer":34,"Black Blood":17,"Mango":6,"Juzu Bracelet":42,"Incense Burner":12,"Replay:Mystery Machine":0,"ClockworkSouvenir":0,"Dream Catcher":43,"Nunchaku":38,"Replay:Bandana":0,"TheAbacus":0,"Chameleon Ring":24,"Mummified Hand":0,"Pantograph":23,"Gambling Chip":24,"Replay:Bottled Snecko":6,"Red Skull":6,"Runic Pyramid":34,"Gremlin Food":0,"BargainBundle":0,"ReplayTheSpireMod:Ninjato":0,"Replay:Towering Pillar of Hats":0,"Quantum Egg":32,"Guide Book":53,"Replay:WaspNest":0,"Orichalcum":48,"Odd Mushroom":10,"Medical Kit":53,"White Beast Statue":0,"Mercury Hourglass":43,"Calling Bell":34,"Anchor":10,"CaptainsWheel":49,"ChewingGum":17,"Another Sword":42,"Snack Pack":8,"Bag of Marbles":12,"Membership Card":0,"TungstenRod":40,"FossilizedHelix":28},{"Golden Egg":68,"Replay:Accelerometer":153,"Whetstone":70,"Ginger":401,"Bottled Tornado":247,"Boot":153,"Sling":360,"Old Coin":88,"Blood Vial":26,"Replay:Wanted Poster":241,"Replay:Ringing Soul":220,"Sundial":108,"Replay:Bronze Core":311,"MealTicket":58,"Fusion Hammer":456,"Replay:Bottled Flurry":251,"Kunai":153,"Replay:Wax Seal":438,"Electric Blood":51,"Replay:Bottled Steam":364,"Pear":347,"Blue Candle":30,"Counterbalance":349,"Velvet Choker":72,"Eternal Feather":255,"Akabeko":138,"SlaversCollar":24,"Bird Faced Urn":22,"Snecko Eye":520,"Pandora\u0027s Box":208,"Mark of Pain":0,"Kintsugi":352,"Abe\u0027s Treasure":102,"Unceasing Top":120,"Regal Pillow":275,"Lantern":324,"Singing Bowl":21,"Torii":186,"Magic Flower":49,"StoneCalendar":166,"Painkiller Herb":259,"Blue Doll":358,"King of Hearts":277,"Bag of Preparation":68,"Cursed Key":31,"Smiling Mask":106,"Ancient Tea Set":437,"Burning Blood":0,"Pet Ghost":56,"Replay:Rubber Ducky":93,"Matryoshka":93,"Shovel":151,"WingedGreaves":255,"Chemical X":114,"Replay:Bottled Eggs":78,"InkBottle":377,"Paper Frog":226,"Potion Belt":119,"Lee\u0027s Waffle":340,"Golden Idol":5,"Self Forming Clay":97,"Thread and Needle":90,"The Courier":7,"PreservedInsect":11,"Omamori":245,"Frozen Egg 2":14,"MawBank":106,"Busted Crown":8,"Ornamental Fan":120,"Orrery":330,"Turnip":38,"Art of War":36,"Garlic":109,"Champion Belt":92,"Bottled Lightning":129,"ReplayTheSpireMod:Lightbulb":93,"Toy Ornithopter":306,"Ice Cream":23,"Divine Protection":148,"Calipers":294,"Gremlin Horn":20,"CeramicFish":115,"Vajra":221,"Sozu":338,"Centennial Puzzle":5,"DollysMirror":469,"Strawberry":13,"Honey Jar":231,"Philosopher\u0027s Stone":167,"Iron Hammer":155,"Toxic Egg 2":192,"Girya":134,"Happy Flower":203,"ReplayTheSpireMod:CursedCoin":155,"Dead Branch":165,"Replay:Grab Bag":279,"Oddly Smooth Stone":57,"Charon\u0027s Ashes":213,"Letter Opener":266,"Replay:Kaleidoscope":474,"War Paint":163,"Question Card":221,"OrangePellets":219,"Replay:Baseball":83,"ReplayTheSpireMod:Spearhead":202,"ReplayTheSpireMod:Shallot":206,"Shuriken":91,"Bronze Scales":6,"Simple Rune":78,"Onion Ring":116,"Molten Egg 2":226,"ReplayTheSpireMod:TigerMarble":132,"Black Star":407,"Grinning Jar":137,"Pocketwatch":41,"Darkstone Periapt":18,"ReplayFunnel":103,"Iron Core":188,"Replay:PocketPolymizer":433,"Black Blood":279,"Mango":19,"Juzu Bracelet":87,"Incense Burner":131,"Replay:Mystery Machine":93,"ClockworkSouvenir":123,"Dream Catcher":37,"Nunchaku":83,"Replay:Bandana":123,"TheAbacus":61,"Chameleon Ring":170,"Mummified Hand":155,"Pantograph":12,"Gambling Chip":27,"Replay:Bottled Snecko":161,"Red Skull":47,"Runic Pyramid":142,"Gremlin Food":155,"BargainBundle":251,"ReplayTheSpireMod:Ninjato":477,"Replay:Towering Pillar of Hats":444,"Quantum Egg":80,"Guide Book":249,"Replay:WaspNest":93,"Orichalcum":218,"Odd Mushroom":422,"Medical Kit":394,"White Beast Statue":155,"Mercury Hourglass":181,"Calling Bell":433,"Anchor":69,"CaptainsWheel":152,"ChewingGum":279,"Another Sword":181,"Snack Pack":48,"Bag of Marbles":257,"Membership Card":93,"TungstenRod":214,"FossilizedHelix":239},{"Golden Egg":270,"Replay:Accelerometer":693,"Whetstone":276,"Ginger":1860,"Bottled Tornado":1111,"Boot":693,"Sling":1690,"Old Coin":374,"Blood Vial":107,"Replay:Wanted Poster":1084,"Replay:Ringing Soul":1002,"Sundial":475,"Replay:Bronze Core":1396,"MealTicket":230,"Fusion Hammer":2097,"Replay:Bottled Flurry":1133,"Kunai":693,"Replay:Wax Seal":2016,"Electric Blood":208,"Replay:Bottled Steam":1707,"Pear":1608,"Blue Candle":123,"Counterbalance":1619,"Velvet Choker":287,"Eternal Feather":1149,"Akabeko":613,"SlaversCollar":100,"Bird Faced Urn":86,"Snecko Eye":2418,"Pandora\u0027s Box":935,"Mark of Pain":0,"Kintsugi":1635,"Abe\u0027s Treasure":449,"Unceasing Top":539,"Regal Pillow":1226,"Lantern":1469,"Singing Bowl":82,"Torii":830,"Magic Flower":200,"StoneCalendar":746,"Painkiller Herb":1169,"Blue Doll":1675,"King of Hearts":1234,"Bag of Preparation":270,"Cursed Key":130,"Smiling Mask":466,"Ancient Tea Set":2011,"Burning Blood":0,"Pet Ghost":224,"Replay:Rubber Ducky":411,"Matryoshka":411,"Shovel":679,"WingedGreaves":1149,"Chemical X":510,"Replay:Bottled Eggs":311,"InkBottle":1760,"Paper Frog":1023,"Potion Belt":538,"Lee\u0027s Waffle":1566,"Golden Idol":17,"Self Forming Clay":425,"Thread and Needle":385,"The Courier":25,"PreservedInsect":40,"Omamori":1101,"Frozen Egg 2":51,"MawBank":466,"Busted Crown":30,"Ornamental Fan":539,"Orrery":1509,"Turnip":156,"Art of War":146,"Garlic":481,"Champion Belt":400,"Bottled Lightning":578,"ReplayTheSpireMod:Lightbulb":411,"Toy Ornithopter":1366,"Ice Cream":93,"Divine Protection":660,"Calipers":1310,"Gremlin Horn":78,"CeramicFish":521,"Vajra":1010,"Sozu":1554,"Centennial Puzzle":17,"DollysMirror":2147,"Strawberry":48,"Honey Jar":1045,"Philosopher\u0027s Stone":751,"Iron Hammer":713,"Toxic Egg 2":857,"Girya":598,"Happy Flower":908,"ReplayTheSpireMod:CursedCoin":713,"Dead Branch":743,"Replay:Grab Bag":1251,"Oddly Smooth Stone":226,"Charon\u0027s Ashes":957,"Letter Opener":1198,"Replay:Kaleidoscope":2176,"War Paint":736,"Question Card":1010,"OrangePellets":999,"Replay:Baseball":343,"ReplayTheSpireMod:Spearhead":903,"ReplayTheSpireMod:Shallot":922,"Shuriken":395,"Bronze Scales":20,"Simple Rune":311,"Onion Ring":524,"Molten Egg 2":1023,"ReplayTheSpireMod:TigerMarble":589,"Black Star":1894,"Grinning Jar":609,"Pocketwatch":170,"Darkstone Periapt":65,"ReplayFunnel":454,"Iron Core":838,"Replay:PocketPolymizer":1997,"Black Blood":1251,"Mango":73,"Juzu Bracelet":367,"Incense Burner":585,"Replay:Mystery Machine":411,"ClockworkSouvenir":554,"Dream Catcher":151,"Nunchaku":343,"Replay:Bandana":554,"TheAbacus":244,"Chameleon Ring":764,"Mummified Hand":713,"Pantograph":44,"Gambling Chip":111,"Replay:Bottled Snecko":730,"Red Skull":189,"Runic Pyramid":629,"Gremlin Food":713,"BargainBundle":1133,"ReplayTheSpireMod:Ninjato":2194,"Replay:Towering Pillar of Hats":2046,"Quantum Egg":320,"Guide Book":1122,"Replay:WaspNest":411,"Orichalcum":988,"Odd Mushroom":1954,"Medical Kit":1829,"White Beast Statue":713,"Mercury Hourglass":808,"Calling Bell":1997,"Anchor":273,"CaptainsWheel":682,"ChewingGum":1251,"Another Sword":808,"Snack Pack":196,"Bag of Marbles":1159,"Membership Card":411,"TungstenRod":963,"FossilizedHelix":1074}],"InkBottle":[59],"Unceasing Top":[0]},"card_choices":[{"not_picked":["Perfected Strike","Thunderclap"],"picked":"Power Through","floor":1},{"not_picked":["True Grit","Warcry","Abandon"],"picked":"SKIP","floor":2},{"not_picked":["ReplayTheSpireMod:Strike From Hell","Flex","Thunderclap"],"picked":"SKIP","floor":3},{"not_picked":["Armaments","Metallicize"],"picked":"Pommel Strike","floor":7},{"not_picked":["Anger","Demonic Infusion"],"picked":"Disarm","floor":8},{"not_picked":["Pommel Strike","Blood for Blood"],"picked":"ReplayTheSpireMod:Stacked","floor":10},{"not_picked":["Intimidate","Headbutt"],"picked":"Whirlwind","floor":12},{"not_picked":["Body Slam","Impervious"],"picked":"Whirlwind","floor":13},{"not_picked":["Iron Wave","Twin Strike","Body Slam"],"picked":"SKIP","floor":14},{"not_picked":["Hemogenesis","Exhume"],"picked":"Demon Form","floor":16},{"not_picked":["Replay:Undeath\u0027s Touch","Armaments","Spot Weakness"],"picked":"SKIP","floor":18},{"not_picked":["Replay:Undeath\u0027s Touch","Sentinel"],"picked":"Heavy Blade+1","floor":19},{"not_picked":["Bludgeon","Disarm+1"],"picked":"Power Through+1","floor":22},{"not_picked":["Heavy Blade","Bloodletting","Pommel Strike"],"picked":"SKIP","floor":24},{"not_picked":["Wild Strike","Warcry","Perfected Strike"],"picked":"SKIP","floor":25},{"not_picked":["Dropkick","Disarm"],"picked":"Pummel","floor":27},{"not_picked":["Cleave","Second Wind","Shrug It Off"],"picked":"SKIP","floor":28},{"not_picked":["Shrug It Off","ReplayTheSpireMod:Muscle Training"],"picked":"Evolve","floor":29},{"not_picked":["Berserk","Bludgeon"],"picked":"Juggernaut","floor":33},{"not_picked":["Shrug It Off","Warcry","Perfected Strike+1"],"picked":"SKIP","floor":35},{"not_picked":["Shrug It Off","Flex+1","Armaments"],"picked":"SKIP","floor":36},{"not_picked":["Heavy Blade","Flex"],"picked":"Uppercut+1","floor":37},{"not_picked":["Flex","Shrug It Off","Ghostly Armor"],"picked":"SKIP","floor":38},{"not_picked":["Flame Barrier","ReplayTheSpireMod:LeadingStrike"],"picked":"Heavy Blade+1","floor":39},{"not_picked":["Armaments","Iron Wave"],"picked":"Limit Break","floor":40},{"not_picked":["Rampage","Warcry","True Grit+1"],"picked":"SKIP","floor":42},{"not_picked":["Wild Strike","Dual Wield"],"picked":"Heavy Blade+1","floor":44},{"not_picked":["Reckless Charge+1","Intimidate","Dual Wield"],"picked":"SKIP","floor":46},{"not_picked":["Cleave+1","Sever Soul+1"],"picked":"Impervious","floor":48},{"not_picked":["Burning Pact","Infernal Blade+1"],"picked":"Barricade","floor":55}],"player_experience":4114663,"relics_obtained":[{"floor":7,"key":"Unceasing Top"},{"floor":9,"key":"Eternal Feather"},{"floor":12,"key":"Bronze Scales"},{"floor":13,"key":"Odd Mushroom"},{"floor":25,"key":"Red Skull"},{"floor":26,"key":"Blue Candle"},{"floor":29,"key":"Replay:Mystery Machine"},{"floor":40,"key":"Replay:Towering Pillar of Hats"},{"floor":44,"key":"Bag of Preparation"},{"floor":45,"key":"Pantograph"},{"floor":46,"key":"Lantern"},{"floor":55,"key":"Bird Faced Urn"}],"event_choices":[{"damage_healed":0,"gold_gain":0,"player_choice":"Success","damage_taken":26,"relics_obtained":["Smiling Mask"],"max_hp_gain":0,"max_hp_loss":0,"event_name":"Scrap Ooze","floor":4,"gold_loss":0},{"damage_healed":0,"gold_gain":0,"cards_transformed":["Defend_R"],"player_choice":"Change","damage_taken":0,"max_hp_gain":0,"max_hp_loss":0,"event_name":"Living Wall","floor":5,"gold_loss":0,"cards_obtained":["Demonic Infusion"]},{"damage_healed":0,"gold_gain":0,"player_choice":"Fought Mushrooms","damage_taken":0,"max_hp_gain":0,"max_hp_loss":0,"event_name":"Mushrooms","floor":13,"gold_loss":0},{"damage_healed":0,"gold_gain":0,"player_choice":"Got Potions","damage_taken":0,"max_hp_gain":0,"max_hp_loss":0,"event_name":"Lab","floor":20,"gold_loss":0},{"damage_healed":0,"gold_gain":0,"player_choice":"0 cards matched","damage_taken":0,"max_hp_gain":0,"max_hp_loss":0,"event_name":"Match and Keep!","floor":31,"gold_loss":0,"cards_obtained":[]}],"is_beta":false,"boss_relics":[{"not_picked":["Cursed Key","Tiny House"],"picked":"Replay:Grab Bag"},{"not_picked":["Fusion Hammer","Sozu"],"picked":"Painkiller Herb"},{"not_picked":["Electric Blood","ReplayTheSpireMod:Onyx Gauntlets"],"picked":"Mark of Pain"},{"not_picked":["Calling Bell","Pandora\u0027s Box"],"picked":"Snecko Eye"},{"not_picked":["Honey Jar","Runic Cube"],"picked":"SlaversCollar"}],"items_purged_floors":[0,0,0,0,21,54],"is_endless":false,"potions_floor_spawned":[8,10,16,22,24,27,33,35,36,38,44,48],"ascension_level":20}}