{"host":"qje7bge8e4rv32w4","time":1612795780,"event":{"mods":["BaseMod","KinomotoSakuraMod(ƒæ÷Æ±æ”£)","Marisa£®ÏF”Í°°ƒß¿Ì…≥£©","Minty Spire (QoL Compilation)","Remilia£®¿Ÿ√◊¿Ú—«£©","StSLib","The Bug Knight","The Servant 0.9.4","Youmu£®ªÍ∆«—˝√Œ£©"],"gold_per_floor":[116,66,66,141,141,141,157,157,157,175,189,201,211,226,226,321,321,338,354,170,170,170,170,170],"floor_reached":23,"language":"ZHS","playtime":978,"items_purged":["Pain"],"score":192,"play_id":"b67b166b-005d-4324-9dd6-f2122b78a588","local_time":"20210208224940","is_ascension_mode":true,"campfire_choices":[{"data":"ClowCardTheWave","floor":6.0,"key":"SMITH"},{"data":"SpellCardSeal","floor":8.0,"key":"SMITH"},{"data":"ClowCardTheMove","floor":15,"key":"SMITH"}],"circlet_count":0,"master_deck":["SakuraCardTheSword+","ClowCardTheSword","ClowCardTheShield","ClowCardTheShield","SpellCardSeal+1","SpellCardRelease","ClowCardTheWave+1","ClowCardTheSnow","ClowCardTheMove+1","ClowCardTheLight","ClowCardTheShot","ClowCardTheGlow","ClowCardTheWave","Envy_TH"],"relics":["KSMOD_SealedBook","KSMOD_SealedWand","NeowsBlessing","WarpedTongs","White Beast Statue","Cursed Key"],"acts_visited":["Exordium","TheCity"],"potions_floor_usage":[16],"damage_taken":[{"damage":0.0,"enemies":"Jaw Worm","floor":1.0,"turns":1.0},{"damage":3.0,"enemies":"Small Slimes","floor":7.0,"turns":5.0},{"damage":0.0,"enemies":"Cultist","floor":10.0,"turns":1.0},{"damage":13.0,"enemies":"Lots of Slimes","floor":11.0,"turns":10.0},{"damage":5,"enemies":"Red Slaver","floor":12,"turns":2},{"damage":0,"enemies":"Blue Slaver","floor":13,"turns":1},{"damage":3,"enemies":"2 Fungi Beasts","floor":14,"turns":4},{"damage":25,"enemies":"Hexaghost","floor":16,"turns":8},{"damage":17,"enemies":"3 Byrds","floor":18,"turns":7},{"damage":10,"enemies":"Chosen","floor":19,"turns":3},{"damage":22,"enemies":"Slavers","floor":23,"turns":2}],"seed_played":"202375560323037799","potions_obtained":[{"floor":7.0,"key":"Explosive Potion"},{"floor":10.0,"key":"Dexterity Potion"},{"floor":11.0,"key":"DuplicationPotion"},{"floor":12,"key":"SpeedPotion"},{"floor":13,"key":"AttackPotion"},{"floor":16,"key":"Block Potion"}],"is_trial":false,"path_per_floor":["M","?","$","?","?","R","M","R","T","M","M","M","M","M","R","B",null,"M","M","$","?","?","E"],"character_chosen":"KINOMOTOSAKURA","items_purchased":["ClowCardTheGlow","ClowCardTheWave"],"campfire_rested":0,"item_purchase_floors":[20,20],"current_hp_per_floor":[70,70,70,59,59,59,56,56,56,56,43,38,38,35,35,10,70,53,43,43,43,43,21,21],"gold":170,"neow_bonus":"THREE_ENEMY_KILL","is_daily":false,"chose_seed":false,"campfire_upgraded":3,"win_rate":0.0,"timestamp":1612795780,"path_taken":["M","?","$","?","?","R","M","R","T","M","M","?","?","M","R","BOSS","M","M","$","?","?","E"],"items_purchased_type":["Card","Card"],"build_version":"2020-12-22","purchased_purges":1,"victory":false,"max_hp_per_floor":[70,70,70,70,70,70,70,70,70,70,70,70,70,70,70,70,70,70,70,70,70,70,70,70],"card_choices":[{"not_picked":["ClowCardTheMist","ClowCardTheCloud"],"picked":"ClowCardTheWave","floor":1.0},{"not_picked":["ClowCardTheMaze","ClowCardTheWood"],"picked":"ClowCardTheSnow","floor":7.0},{"not_picked":["ClowCardTheMaze","ClowCardTheVoice","ClowCardTheCloud"],"picked":"SKIP","floor":10.0},{"not_picked":["ClowCardTheMist","ClowCardTheIllusion"],"picked":"ClowCardTheMove","floor":11.0},{"not_picked":["ClowCardTheWood","ClowCardTheDark","ClowCardTheSong"],"picked":"SKIP","floor":12},{"not_picked":["ClowCardTheLibra","ClowCardTheJump","ClowCardTheArrow"],"picked":"SKIP","floor":13},{"not_picked":["ClowCardTheMist","ClowCardTheChange","ClowCardTheBig"],"picked":"SKIP","floor":14},{"not_picked":["ClowCardTheTwin","ClowCardTheDash"],"picked":"ClowCardTheLight","floor":16},{"not_picked":["ClowCardTheCloud+1","ClowCardTheVoice+1","ClowCardTheShadow"],"picked":"SKIP","floor":18},{"not_picked":["ClowCardTheFloat+1","ClowCardTheLock"],"picked":"ClowCardTheShot","floor":19}],"player_experience":1048816,"relics_obtained":[{"floor":9.0,"key":"White Beast Statue"}],"event_choices":[{"cards_removed":["ClowCardTheSword"],"damage_healed":0.0,"max_hp_gain":0.0,"max_hp_loss":0.0,"gold_gain":0.0,"event_name":"The Cleric","player_choice":"Card Removal","floor":2.0,"gold_loss":50.0,"damage_taken":0.0},{"damage_healed":0.0,"max_hp_gain":0.0,"max_hp_loss":0.0,"gold_gain":75.0,"event_name":"World of Goop","player_choice":"Gather Gold","floor":4.0,"gold_loss":0.0,"damage_taken":11.0},{"damage_healed":0.0,"max_hp_gain":0.0,"max_hp_loss":0.0,"gold_gain":0.0,"event_name":"Accursed Blacksmith","player_choice":"Rummage","floor":5.0,"gold_loss":0.0,"damage_taken":0.0,"relics_obtained":["WarpedTongs"],"cards_obtained":["Pain"]},{"cards_removed":["ClowCardTheShield"],"damage_healed":0,"gold_gain":0,"player_choice":"Purged","damage_taken":0,"max_hp_gain":0,"max_hp_loss":0,"event_name":"Purifier","floor":22,"gold_loss":0}],"is_beta":false,"boss_relics":[{"not_picked":["Busted Crown","Coffee Dripper"],"picked":"Cursed Key"}],"items_purged_floors":[20],"is_endless":false,"potions_floor_spawned":[7,10,11,12,13,14,16,18,19],"killed_by":"Slavers","ascension_level":1}}