{"host":"55pw4wkcpu7yyu5e","time":1612751069,"event":{"mods":["AchievementEnabler","Aspiration","BaseMod","Colored Powertips","Conspire","Downfall","Duelist Mod","Hermit","Hubris","Minty Spire (QoL Compilation)","Quick Restart","Rare Cards Sparkle","Replay The Spire","StSLib","The Cursed","The Servant 0.9.4"],"gold_per_floor":[113,113,133,143,157,182,182,200,200,200,220,240,258,278,278,278,278],"floor_reached":16,"language":"ENG","playtime":2859,"items_purged":[],"score":108,"play_id":"eaa88fc1-9f8c-4f48-ad5e-befb62babe72","local_time":"20210208022429","is_ascension_mode":false,"campfire_choices":[{"floor":10,"key":"REST"},{"floor":15,"key":"REST"}],"circlet_count":0,"master_deck":["TheCursedMod:Strike_TheCursed","TheCursedMod:Strike_TheCursed","TheCursedMod:Strike_TheCursed","TheCursedMod:Defend_TheCursed","TheCursedMod:Defend_TheCursed","TheCursedMod:Defend_TheCursed","TheCursedMod:Defend_TheCursed","TheCursedMod:CursedWand","TheCursedMod:CleanUpWorkshop","TheCursedMod:Dregs","TheCursedMod:CursedSpellbook","TheCursedMod:Stigma","TheCursedMod:Obscuration","TheCursedMod:SpitefulStrike","TheCursedMod:CursedMace","TheCursedMod:CursedBlade","TheCursedMod:SmokeScreen","TheCursedMod:Stigma","TheCursedMod:AshesToAshes","TheCursedMod:CursedAmulet"],"relics":["TheCursedMod:BlackMagic101","ReplayTheSpireMod:Lightbulb","hubris:SlimyHat","Replay:Bottled Steam"],"acts_visited":["Exordium"],"potions_floor_usage":[14,16,16],"damage_taken":[{"damage":0,"enemies":"Cultist","floor":1,"turns":5},{"damage":0,"enemies":"Small Slimes","floor":3,"turns":4},{"damage":0,"enemies":"Jaw Worm","floor":4,"turns":3},{"damage":36,"enemies":"Gremlin Gang","floor":5,"turns":10},{"damage":31,"enemies":"3 Sentries","floor":6,"turns":11},{"damage":5,"enemies":"2 Fungi Beasts","floor":8,"turns":4},{"damage":0,"enemies":"Looter","floor":11,"turns":3},{"damage":0,"enemies":"Large Slime","floor":12,"turns":5},{"damage":4,"enemies":"Blue Slaver","floor":13,"turns":4},{"damage":0,"enemies":"Gremlin Gang","floor":14,"turns":3},{"damage":61,"enemies":"Slime Boss","floor":16,"turns":7}],"seed_played":"510445449569608232","potions_obtained":[{"floor":1,"key":"SteroidPotion"},{"floor":8,"key":"CultistPotion"},{"floor":11,"key":"Explosive Potion"},{"floor":12,"key":"Regen Potion"},{"floor":14,"key":"Toxic Potion"}],"is_trial":false,"path_per_floor":["M","?","M","M","M","E","?","M","T","R","M","M","M","M","R","B"],"character_chosen":"THE_CURSED","items_purchased":[],"campfire_rested":2,"item_purchase_floors":[],"current_hp_per_floor":[82,82,82,82,46,15,15,10,10,34,34,34,30,30,54,0,0],"gold":278,"neow_bonus":"TEN_PERCENT_HP_BONUS","is_daily":false,"chose_seed":false,"campfire_upgraded":0,"win_rate":0.0,"timestamp":1612751069,"path_taken":["M","?","?","M","M","E","?","?","T","R","M","M","M","M","R","BOSS"],"items_purchased_type":[],"build_version":"2020-12-22","purchased_purges":0,"victory":false,"max_hp_per_floor":[82,82,82,82,82,82,82,82,82,82,82,82,82,82,82,82,82],"card_choices":[{"not_picked":["TheCursedMod:WearCloak","TheCursedMod:CircleOfFocus"],"picked":"TheCursedMod:CursedSpellbook","floor":1},{"not_picked":["TheCursedMod:LuckyCharm","TheCursedMod:RavingStaff"],"picked":"TheCursedMod:Stigma","floor":3},{"not_picked":["TheCursedMod:TroublousMinions","TheCursedMod:SpitefulPray"],"picked":"TheCursedMod:Obscuration","floor":4},{"not_picked":["TheCursedMod:CursedMace","TheCursedMod:CircleOfCorruption"],"picked":"TheCursedMod:SpitefulStrike","floor":5},{"not_picked":["TheCursedMod:PrepareRite","TheCursedMod:HellsGateOpen"],"picked":"TheCursedMod:CursedMace","floor":6},{"not_picked":["TheCursedMod:CircleOfBlood","TheCursedMod:SoulReap"],"picked":"TheCursedMod:CursedBlade","floor":8},{"not_picked":["TheCursedMod:CollectTribute","TheCursedMod:Grudge"],"picked":"TheCursedMod:SmokeScreen","floor":11},{"not_picked":["TheCursedMod:SurpriseAttack","TheCursedMod:Neurasthenia"],"picked":"TheCursedMod:Stigma","floor":12},{"not_picked":["TheCursedMod:CircleOfWindfury","TheCursedMod:CircleOfFlame"],"picked":"TheCursedMod:AshesToAshes","floor":13},{"not_picked":["TheCursedMod:CursedBoomerang","TheCursedMod:TacticalStrike"],"picked":"TheCursedMod:CursedAmulet","floor":14}],"player_experience":73680,"relics_obtained":[{"floor":6,"key":"hubris:SlimyHat"},{"floor":9,"key":"Replay:Bottled Steam"}],"event_choices":[{"damage_healed":0,"gold_gain":0,"player_choice":"Gave Potion","damage_taken":0,"relics_obtained":["ReplayTheSpireMod:Lightbulb"],"max_hp_gain":0,"max_hp_loss":0,"event_name":"WeMeetAgain","floor":2,"gold_loss":0},{"cards_removed":["TheCursedMod:Strike_TheCursed"],"damage_healed":0,"gold_gain":0,"player_choice":"Purged","damage_taken":0,"max_hp_gain":0,"max_hp_loss":0,"event_name":"Purifier","floor":7,"gold_loss":0}],"is_beta":false,"boss_relics":[],"items_purged_floors":[],"is_endless":false,"potions_floor_spawned":[1,8,11,12,14],"killed_by":"Slime Boss","ascension_level":0}}