{"host":"xgo7i0560n9mwvr8","time":1612818955,"event":{"mods":["BaseMod","Colored Map","Downfall","Minty Spire (QoL Compilation)","Permanent Neow","StSLib"],"gold_per_floor":[99,117,128,228,403,403,429,529,529,429,442,476,551,4,16,117,117,17,29,14,14,29,43,70,170,204,219,236,236,236,247,266,266,266,266],"floor_reached":33,"language":"ENG","playtime":3381,"items_purged":[],"score":292,"play_id":"35e17766-f5aa-472d-8c30-cc3961aeed7d","local_time":"20210208161555","is_ascension_mode":false,"campfire_choices":[{"data":"Slimebound:Split","floor":1.0,"key":"SMITH"},{"data":"Slimebound:GrowthPunch","floor":10.0,"key":"SMITH"},{"floor":18.0,"key":"DIG"},{"floor":29.0,"key":"REST"}],"circlet_count":0,"master_deck":["Slimebound:Strike_Slimebound","Slimebound:Tackle","Slimebound:Defend_Slimebound","Slimebound:Defend_Slimebound","Slimebound:Defend_Slimebound","Slimebound:Defend_Slimebound","Slimebound:Split+1","Slimebound:CorrosiveSpit","Slimebound:Schlurp","Slimebound:Replication+1","Doubt","Slimebound:FormOfPuddle","Slimebound:GrowthPunch+1","Slimebound:LivingWall","Slimebound:RainOfGoop","Slimebound:FinishingTackle","Slimebound:RollThrough","Slimebound:ServeAndProtect","Slimebound:SplitBruiser","Slimebound:Overexert","Slimebound:Prepare","Slimebound:Chomp+1","Slimebound:SelfFormingGoo","Slimebound:SplitMire+1","Slimebound:Prepare","Slimebound:Repurpose","Slimebound:SelfFormingGoo","Slimebound:ComboTackle","Slimebound:DivideAndConquer","Necronomicurse","Slimebound:ComboTackle+1","Slimebound:ComboTackle+1"],"relics":["Slimebound:AbsorbEndCombat","Turnip","Calipers","Torii","downfall:HeartBlessingBlue","Shovel","TungstenRod","Slimebound:SelfDamagePreventRelic","Black Star","downfall:HeartBlessingGreen","Bottled Flame","Strawberry","Toy Ornithopter","The Courier","Dream Catcher","Necronomicon"],"acts_visited":["Exordium","TheCity"],"potions_floor_usage":[33],"damage_taken":[{"damage":4.0,"enemies":"Cultist","floor":2.0,"turns":3.0},{"damage":0.0,"enemies":"Jaw Worm","floor":3.0,"turns":4.0},{"damage":24.0,"enemies":"downfall:Heads","floor":8.0,"turns":7.0},{"damage":0.0,"enemies":"2 Louse","floor":11.0,"turns":4.0},{"damage":21.0,"enemies":"3 Sentries","floor":12.0,"turns":13.0},{"damage":5.0,"enemies":"downfall:FleeingMerchant","floor":14.0,"turns":4.0},{"damage":10.0,"enemies":"Large Slime","floor":15.0,"turns":6.0},{"damage":26.0,"enemies":"IC_STATUS_ARCHETYPE","floor":16.0,"turns":13.0},{"damage":12.0,"enemies":"Chosen","floor":19.0,"turns":6.0},{"damage":0.0,"enemies":"downfall:FleeingMerchant","floor":20.0,"turns":4.0},{"damage":0.0,"enemies":"3 Byrds","floor":22.0,"turns":5.0},{"damage":0.0,"enemies":"Snecko","floor":23.0,"turns":6.0},{"damage":16.0,"enemies":"downfall:LadyInBlue","floor":25.0,"turns":10.0},{"damage":41.0,"enemies":"Slavers","floor":26.0,"turns":8.0},{"damage":19.0,"enemies":"Cultist and Chosen","floor":27.0,"turns":7.0},{"damage":19.0,"enemies":"Chosen and Byrds","floor":28.0,"turns":5.0},{"damage":0.0,"enemies":"Centurion and Healer","floor":31.0,"turns":7.0},{"damage":55.0,"enemies":"3 Cultists","floor":32.0,"turns":8.0},{"damage":23,"enemies":"WA_ARCHETYPE_CALM","floor":33,"turns":5}],"seed_played":"6518298086894640306","potions_obtained":[{"floor":3.0,"key":"SkillPotion"},{"floor":15.0,"key":"Guardian:BlockOnCardUsePotion"},{"floor":16.0,"key":"PowerPotion"},{"floor":22.0,"key":"Strength Potion"},{"floor":25.0,"key":"PowerPotion"},{"floor":25.0,"key":"Dexterity Potion"},{"floor":31.0,"key":"Weak Potion"},{"floor":32.0,"key":"LiquidBronze"}],"is_trial":false,"path_per_floor":["R","M","M","?","?","?","T","?","T","R","M","E","?","$","M","B",null,"R","M","$","?","M","M","T","?","E","M","M","R","?","M","M","B"],"character_chosen":"SLIMEBOUND","items_purchased":["TungstenRod","Slimebound:SelfDamagePreventRelic","Slimebound:RollThrough","Slimebound:ServeAndProtect"],"campfire_rested":1,"item_purchase_floors":[14,14,14,14],"current_hp_per_floor":[47,45,51,51,51,48,48,32,32,42,44,31,31,28,20,2,75,75,63,69,69,75,75,82,72,44,43,30,54,39,47,5,0,0,0],"gold":266,"neow_bonus":"ONE_RARE_RELIC","is_daily":false,"chose_seed":false,"campfire_upgraded":2,"win_rate":0.0,"timestamp":1612818955,"path_taken":["R","M","M","?","?","?","T","?","?","R","M","E","?","?","M","BOSS","R","M","$","?","M","M","T","?","E","?","?","R","?","M","M","BOSS"],"items_purchased_type":["Relic","Relic","Card","Card"],"build_version":"2020-12-22","purchased_purges":0,"victory":false,"max_hp_per_floor":[65,65,65,65,65,65,65,65,65,75,75,75,75,75,75,75,75,75,75,75,75,75,75,82,82,82,82,82,82,82,82,82,82,82,82],"card_choices":[{"not_picked":["Slimebound:RejuvenatingLick","Slimebound:LeechingTouch"],"picked":"Slimebound:Schlurp","floor":2.0},{"not_picked":["Slimebound:HauntingLick","Slimebound:FlameTackle"],"picked":"Slimebound:Replication","floor":3.0},{"not_picked":["Slimebound:LeechEnergy","Slimebound:PressTheAttack"],"picked":"Slimebound:GrowthPunch","floor":8.0},{"not_picked":["Slimebound:TongueLash","Slimebound:BestDefense"],"picked":"Slimebound:LivingWall","floor":11.0},{"not_picked":["Slimebound:ItLooksTasty","Slimebound:Repurpose"],"picked":"Slimebound:RainOfGoop","floor":12.0},{"not_picked":["Slimebound:ItLooksTasty","Slimebound:BestDefense"],"picked":"Slimebound:FinishingTackle","floor":14.0},{"not_picked":["Slimebound:FormOfPuddle","Slimebound:LeechEnergy"],"picked":"Slimebound:SplitBruiser","floor":15.0},{"not_picked":["Slimebound:DuplicatedForm","Slimebound:OozeBath"],"picked":"Slimebound:Overexert","floor":16.0},{"not_picked":["Slimebound:SplitLeeching","Slimebound:ProtectTheBoss"],"picked":"Slimebound:Prepare","floor":19.0},{"not_picked":["Slimebound:Schlurp","Slimebound:LeechEnergy"],"picked":"Slimebound:Chomp+1","floor":20.0},{"not_picked":["Slimebound:SplitBruiser+1","Slimebound:GoopSpray"],"picked":"Slimebound:SelfFormingGoo","floor":22.0},{"not_picked":["Slimebound:SplitLeeching","Slimebound:Schlurp"],"picked":"Slimebound:SplitMire+1","floor":23.0},{"not_picked":["Slimebound:LeechingTouch","Slimebound:Dissolve"],"picked":"Slimebound:Prepare","floor":25.0},{"not_picked":["Slimebound:Chomp","Slimebound:GoopSpray"],"picked":"Slimebound:Repurpose","floor":26.0},{"not_picked":["Slimebound:ForwardTackle","Slimebound:GoopTackle"],"picked":"Slimebound:SelfFormingGoo","floor":27.0},{"not_picked":["Slimebound:MegaLick","Slimebound:GoopSpray"],"picked":"Slimebound:ComboTackle","floor":28.0},{"not_picked":["Slimebound:Nibble","Slimebound:Schlurp"],"picked":"Slimebound:DivideAndConquer","floor":29.0},{"not_picked":["Slimebound:SamplingLick","Slimebound:MegaLick+1"],"picked":"Slimebound:ComboTackle+1","floor":31.0},{"not_picked":["Slimebound:MegaLick","Slimebound:RollThrough"],"picked":"Slimebound:ComboTackle+1","floor":32.0}],"player_experience":1014798,"relics_obtained":[{"floor":9.0,"key":"Torii"},{"floor":12.0,"key":"Shovel"},{"floor":18.0,"key":"Bottled Flame"},{"floor":24.0,"key":"Strawberry"},{"floor":25.0,"key":"Toy Ornithopter"},{"floor":26.0,"key":"The Courier"},{"floor":26.0,"key":"Dream Catcher"},{"floor":30.0,"key":"Necronomicon"}],"event_choices":[{"damage_healed":0.0,"max_hp_gain":0.0,"max_hp_loss":0.0,"gold_gain":0.0,"event_name":"Scrap Ooze","player_choice":"Success","floor":6.0,"gold_loss":0.0,"damage_taken":3.0,"relics_obtained":["Calipers"]}],"is_beta":false,"boss_relics":[{"not_picked":["Busted Crown","Fusion Hammer"],"picked":"Black Star"}],"items_purged_floors":[],"is_endless":false,"potions_floor_spawned":[3,15,16,22,25,31,32],"killed_by":"WA_ARCHETYPE_CALM","ascension_level":0}}