{"host":"3j24k6gtmfx6ynrk","time":1612816678,"event":{"mods":["AchievementEnabler","BaseMod","Colored Powertips","Hermit","Highlight Path","Minty Spire (QoL Compilation)","StSLib","The Cursed","The Servant 0.9.4"],"gold_per_floor":[118,118,135,33,51,51,76,76,76,92,111,111,65,65,65,161,161,172,186,186,186,42,73,73,73,98,117,117,150,6,25,25,25,25],"floor_reached":33,"language":"DEU","playtime":4372,"items_purged":["Defend_P"],"score":253,"play_id":"7d4ae62c-e9c7-48a6-a6c8-ef376fcdb05d","local_time":"20210208213758","is_ascension_mode":false,"campfire_choices":[{"data":"Protect","floor":6,"key":"SMITH"},{"data":"Vigilance","floor":8,"key":"SMITH"},{"floor":12,"key":"RECALL"},{"data":"EmptyBody","floor":15,"key":"SMITH"},{"floor":24,"key":"REST"},{"data":"LikeWater","floor":28,"key":"SMITH"},{"floor":32,"key":"REST"}],"circlet_count":0,"master_deck":["Strike_P","Strike_P","Strike_P","Strike_P","Defend_P","Defend_P","Defend_P","Eruption","Vigilance+1","WheelKick","FlurryOfBlows","EmptyFist","Consecrate","Protect+1","Tantrum","FlurryOfBlows","Evaluate","EmptyBody+1","Establishment","FlyingSleeves","WindmillStrike+1","PathToVictory","LikeWater+1","SignatureMove","FearNoEvil+1","Collect"],"relics":["PureWater","Odd Mushroom","Sozu","Incense Burner","MutagenicStrength","Anchor","Red Mask","Pen Nib"],"acts_visited":["Exordium","TheCity"],"potions_floor_usage":[16,19,33],"damage_taken":[{"damage":0,"enemies":"2 Louse","floor":1,"turns":3},{"damage":1,"enemies":"Cultist","floor":3,"turns":3},{"damage":0,"enemies":"Small Slimes","floor":5,"turns":2},{"damage":16,"enemies":"The Mushroom Lair","floor":7,"turns":5},{"damage":0,"enemies":"3 Louse","floor":10,"turns":3},{"damage":0,"enemies":"Exordium Wildlife","floor":11,"turns":3},{"damage":27,"enemies":"Hexaghost","floor":16,"turns":10},{"damage":0,"enemies":"Chosen","floor":18,"turns":6},{"damage":0,"enemies":"Spheric Guardian","floor":19,"turns":4},{"damage":35,"enemies":"Book of Stabbing","floor":23,"turns":7},{"damage":5,"enemies":"Centurion and Healer","floor":27,"turns":6},{"damage":22,"enemies":"Masked Bandits","floor":29,"turns":6},{"damage":18,"enemies":"Sentry and Sphere","floor":31,"turns":9},{"damage":65,"enemies":"Collector","floor":33,"turns":5}],"seed_played":"-639603568727496186","potions_obtained":[{"floor":1,"key":"Strength Potion"},{"floor":10,"key":"DuplicationPotion"},{"floor":11,"key":"DistilledChaos"}],"is_trial":false,"path_per_floor":["M","?","M","$","M","R","?","R","T","M","M","R","$","?","R","B",null,"M","M","?","?","$","E","R","?","T","M","R","?","$","M","R","B"],"character_chosen":"WATCHER","items_purchased":["EmptyFist","Consecrate","EmptyBody","LikeWater","Pen Nib"],"campfire_rested":2,"item_purchase_floors":[4,4,13,22,30],"current_hp_per_floor":[79,79,78,78,78,78,62,62,62,62,62,62,62,62,62,35,79,79,79,79,79,79,44,67,67,67,62,62,40,40,22,45,0,0],"gold":25,"neow_bonus":"TEN_PERCENT_HP_BONUS","is_daily":false,"chose_seed":false,"campfire_upgraded":4,"win_rate":0.0,"timestamp":1612816678,"path_taken":["M","?","M","$","M","R","?","R","T","M","M","R","$","?","R","BOSS","M","M","?","?","$","E","R","?","T","M","R","?","$","M","R","BOSS"],"items_purchased_type":["Card","Card","Card","Card","Relic"],"build_version":"2020-12-22","purchased_purges":1,"victory":false,"max_hp_per_floor":[79,79,79,79,79,79,79,79,79,79,79,79,79,79,79,79,79,79,79,79,79,79,79,79,79,79,79,79,79,79,79,79,79,79],"card_choices":[{"not_picked":["ReachHeaven","Crescendo"],"picked":"WheelKick","floor":1},{"not_picked":["Indignation","BowlingBash"],"picked":"FlurryOfBlows","floor":3},{"not_picked":["EmptyBody","Fasting2"],"picked":"Protect","floor":5},{"not_picked":["Wallop","Study"],"picked":"Tantrum","floor":7},{"not_picked":["CarveReality","Adaptation"],"picked":"FlurryOfBlows","floor":10},{"not_picked":["Fasting2","Crescendo"],"picked":"Evaluate","floor":11},{"not_picked":["ConjureBlade","Brilliance"],"picked":"Establishment","floor":16},{"not_picked":["Evaluate","FlurryOfBlows"],"picked":"FlyingSleeves","floor":18},{"not_picked":["Crescendo+1","FlyingSleeves"],"picked":"WindmillStrike+1","floor":19},{"not_picked":["LessonLearned","BowlingBash"],"picked":"SignatureMove","floor":23},{"not_picked":["FollowUp","ThirdEye"],"picked":"FearNoEvil+1","floor":27},{"not_picked":["JustLucky","Halt"],"picked":"Collect","floor":31}],"player_experience":28496,"relics_obtained":[{"floor":7,"key":"Odd Mushroom"},{"floor":23,"key":"Incense Burner"},{"floor":26,"key":"Anchor"},{"floor":29,"key":"Red Mask"}],"event_choices":[{"damage_healed":0,"gold_gain":0,"player_choice":"Ignored","damage_taken":0,"max_hp_gain":0,"max_hp_loss":0,"event_name":"Shining Light","floor":2,"gold_loss":0},{"damage_healed":0,"gold_gain":0,"player_choice":"Fought Mushrooms","damage_taken":0,"max_hp_gain":0,"max_hp_loss":0,"event_name":"Mushrooms","floor":7,"gold_loss":0},{"damage_healed":0,"gold_gain":0,"player_choice":"Bought 0 Potions","damage_taken":0,"max_hp_gain":0,"max_hp_loss":0,"event_name":"The Woman in Blue","floor":14,"gold_loss":0},{"damage_healed":0,"gold_gain":0,"player_choice":"Ignored","damage_taken":0,"max_hp_gain":0,"max_hp_loss":0,"event_name":"Vampires","floor":20,"gold_loss":0},{"damage_healed":0,"gold_gain":0,"player_choice":"Read","damage_taken":0,"max_hp_gain":0,"max_hp_loss":0,"event_name":"The Library","floor":21,"gold_loss":0,"cards_obtained":["PathToVictory"]},{"damage_healed":0,"gold_gain":0,"player_choice":"Inject Mutagens","damage_taken":0,"relics_obtained":["MutagenicStrength"],"max_hp_gain":0,"max_hp_loss":0,"event_name":"Drug Dealer","floor":25,"gold_loss":0},{"damage_healed":0,"gold_gain":0,"player_choice":"Fought Bandits","damage_taken":0,"max_hp_gain":0,"max_hp_loss":0,"event_name":"Masked Bandits","floor":29,"gold_loss":0}],"is_beta":false,"boss_relics":[{"not_picked":["Ectoplasm","VioletLotus"],"picked":"Sozu"}],"items_purged_floors":[22],"is_endless":false,"potions_floor_spawned":[1,10,11,19,29],"killed_by":"Collector","ascension_level":0}}