{"host":"qljq6nt1bltq73k9","time":1612761096,"event":{"mods":["BaseMod","Colored Map","Colored Powertips","Downfall","Minty Spire (QoL Compilation)","Quick Restart","Replay The Spire","StSLib","[IsaacMod]ÒÔÈö¼âËþ"],"gold_per_floor":[116,132,82,97024,97024,97050,97062,97062,97062,97062,97086,95824,95841,95861,95861,94080,94080,94179,94179,94195,92296,92296,92296,91214,91239,91255,91267,91267,91294,91309,91321,91356,91356,91356,91457,91457,91470,91480,89652,89668,89695,89707,88780,88797,88797,88797,88879,88911,87404,87465,87465,87465,87465,87465,86283,86315,86315,86315],"floor_reached":57,"language":"ZHS","playtime":5600,"items_purged":["Strike_B","Strike_B","downfall:Icky","Injury","Dualcast","BloodyBrimstone","Deadly Poison","Sweeping Beam"],"score":815,"play_id":"54c62ad3-bb01-441a-ba25-066fa3cbdaf4","local_time":"20210208131136","is_ascension_mode":false,"campfire_choices":[{"floor":15.0,"key":"RECALL"},{"floor":34.0,"key":"DIG"},{"data":"ElectricPowerLearning","floor":42.0,"key":"SMITH"},{"data":"Apotheosis","floor":42.0,"key":"SMITH"},{"data":"Streamline","floor":51.0,"key":"SMITH"},{"data":"Streamline","floor":51.0,"key":"SMITH"},{"data":"Defragment","floor":54.0,"key":"SMITH"},{"data":"Static Discharge","floor":54.0,"key":"SMITH"}],"circlet_count":0,"master_deck":["Streamline+1","Secret Technique","Electrodynamics+1","Double Energy","Meteor Strike","Double Energy","Apotheosis+1","Panacea","Static Discharge","Double Energy","Self Repair","Master of Strategy+1","Echo Form","Crystallizer","Defragment","Static Discharge+1","Heatsinks","Sweeping Beam","Crystallizer+1","All For One","RitualDagger","Core Surge+1","Loop+1","ElectricPowerLearning+1","Defragment+1","Force Field+1","Creative AI","Compile Driver","White Noise","Streamline+1","Fan+1","Defragment","Defragment+1"],"relics":["HushsDoor","Chaos","Coffee Dripper","expansioncontent:StudyCardRelic","Replay:Towering Pillar of Hats","Tiny Chest","PreservedInsect","MegaBlast","Burning Blood","Replay:Arrowhead","Shuriken","Orichalcum","Replay:Multitool","Kintsugi","Ring of the Snake","Omamori","GuppysHairball","GuppysTail","TheBible","Tough Bandages","Tiny House","MutagenicStrength","SacredBark","PokeGo","Calipers","Replay:Bottled Flurry","TuHaoJin","StoneCalendar","Prayer Wheel","EdensBlessing","BFFS","Prayer Wheel","Turnip","InkBottle","hexamod:BolsterEngine","ReplayTheSpireMod:TigerMarble","Replay:Bronze Core","MawBank","Kunai","FossilizedHelix","Runic Capacitor","Art of War","DoctorsRemote","Solar Panel","Pantograph","hexamod:CandleOfCauterizing","Philosopher\u0027s Stone","Garlic","SharpPlug","Guide Book","UnicornStump","Replay:Accelerometer","Replay:PocketPolymizer","AnarchistCookbook"],"acts_visited":["Exordium","TheCity","TheBeyond","TheEnding"],"potions_floor_usage":[57,57,57],"damage_taken":[{"damage":9.0,"enemies":"2 Louse","floor":1.0,"turns":3.0},{"damage":1.0,"enemies":"Jaw Worm","floor":2.0,"turns":3.0},{"damage":16.0,"enemies":"Gremlin Nob","floor":6.0,"turns":4.0},{"damage":0.0,"enemies":"Small Slimes","floor":7.0,"turns":1.0},{"damage":0.0,"enemies":"Exordium Thugs","floor":13.0,"turns":3.0},{"damage":12.0,"enemies":"Blue Slaver","floor":14.0,"turns":2.0},{"damage":0.0,"enemies":"The Guardian","floor":18.0,"turns":1.0},{"damage":14.0,"enemies":"2 Thieves","floor":20.0,"turns":2.0},{"damage":13.0,"enemies":"Slavers","floor":25.0,"turns":2.0},{"damage":0.0,"enemies":"Spheric Guardian","floor":26.0,"turns":2.0},{"damage":4.0,"enemies":"Cultist and Chosen","floor":27.0,"turns":3.0},{"damage":0.0,"enemies":"Replay:Snechameleon","floor":29.0,"turns":2.0},{"damage":7.0,"enemies":"Snake Plant","floor":30.0,"turns":3.0},{"damage":12.0,"enemies":"Shelled Parasite and Fungi","floor":31.0,"turns":2.0},{"damage":10.0,"enemies":"Slavers","floor":32.0,"turns":2.0},{"damage":0.0,"enemies":"Automaton","floor":35.0,"turns":4.0},{"damage":9.0,"enemies":"Orb Walker","floor":37.0,"turns":2.0},{"damage":1.0,"enemies":"3 Darklings","floor":38.0,"turns":2.0},{"damage":26.0,"enemies":"Spire Growth","floor":40.0,"turns":3.0},{"damage":0.0,"enemies":"Maw","floor":41.0,"turns":1.0},{"damage":0.0,"enemies":"Writhing Mass","floor":44.0,"turns":3.0},{"damage":39.0,"enemies":"Nemesis","floor":48.0,"turns":3.0},{"damage":0.0,"enemies":"Replay:Hell Engine","floor":52.0,"turns":5.0},{"damage":41.0,"enemies":"Shield and Spear","floor":56.0,"turns":4.0},{"damage":68,"enemies":"Delirium","floor":57,"turns":17}],"seed_played":"-5534365639084283055","potions_obtained":[{"floor":1.0,"key":"Toxic Potion"},{"floor":7.0,"key":"Fire Potion"},{"floor":27.0,"key":"SpeedPotion"},{"floor":31.0,"key":"SteroidPotion"},{"floor":40.0,"key":"FearPotion"},{"floor":48.0,"key":"Regen Potion"},{"floor":56.0,"key":"SkillPotion"}],"is_trial":false,"path_per_floor":["M","M","?","$","?","E","M","?","PTL","PTL","T","$","M","M","R","$","R_BF","B",null,"M","$","?","T","$","E","M","M","T","E","M","M","E","?","R","B",null,"M","M","$","M","M","R","$","M","T","?","T","E","$","?","R","B",null,"R","$","E","B"],"character_chosen":"DEFECT","items_purchased":["Secret Technique","Coffee Dripper","expansioncontent:StudyCardRelic","Replay:Towering Pillar of Hats","Fire Potion","DuplicationPotion","Electrodynamics","Double Energy","Meteor Strike","Burning Blood","Replay:Arrowhead","Shuriken","Apotheosis","Panacea","Static Discharge","Orichalcum","Replay:Multitool","Self Repair","Kintsugi","Master of Strategy","GuppysHairball","GuppysTail","TheBible","Tough Bandages","Defragment","Tiny House","ChaosCard","PokeGo","Calipers","Static Discharge","Replay:Bottled Flurry","Damocles","FairyPotion","hexamod:BolsterEngine","ReplayTheSpireMod:TigerMarble","Replay:Bronze Core","ElectricPowerLearning","ChaosCard","FossilizedHelix","Runic Capacitor","Art of War","DuplicationPotion","Compile Driver","Philosopher\u0027s Stone","Garlic","SharpPlug","Streamline","UnicornStump","Replay:Accelerometer","Replay:PocketPolymizer","Defragment","SteroidPotion"],"campfire_rested":0,"item_purchase_floors":[4,4,4,4,4,4,4,4,4,12,12,12,12,12,12,16,16,16,16,16,19,19,21,21,21,21,21,24,24,24,24,36,36,39,39,39,39,39,43,43,43,43,43,49,49,49,49,55,55,55,55,55],"current_hp_per_floor":[73,72,72,72,72,56,56,49,49,49,49,49,55,49,49,49,49,55,62,62,67,67,67,67,67,67,67,67,67,66,67,63,57,57,67,53,53,50,50,37,43,43,43,50,50,50,50,35,35,35,35,50,50,50,50,30,0,0],"gold":86315,"neow_bonus":"TEN_PERCENT_HP_BONUS","is_daily":false,"chose_seed":false,"campfire_upgraded":6,"win_rate":0.0,"timestamp":1612761096,"path_taken":["M","M","?","$","?","E","M","?","PTL","PTL","T","$","?","M","R","$","R_BF","BOSS","M","$","?","?","$","E","?","M","T","E","M","M","E","?","R","BOSS","M","M","$","M","M","R","$","M","T","?","?","E","$","?","R","BOSS","R","$","E","BOSS"],"items_purchased_type":["Card","Relic","Relic","Relic","Potion","Potion","Card","Card","Card","Relic","Relic","Relic","Card","Card","Card","Relic","Relic","Card","Relic","Card","Relic","Relic","Relic","Relic","Card","Relic","Card","Relic","Relic","Card","Relic","Relic","Potion","Relic","Relic","Relic","Card","Card","Relic","Relic","Relic","Potion","Card","Relic","Relic","Relic","Card","Relic","Relic","Relic","Card","Potion"],"build_version":"2020-12-22","purchased_purges":8,"victory":false,"max_hp_per_floor":[82,82,82,82,82,82,82,82,82,82,82,82,82,82,82,82,82,82,62,62,67,67,67,67,67,67,67,67,67,67,67,67,67,67,67,53,53,50,50,50,50,50,50,50,50,50,50,50,50,50,50,50,50,50,50,50,50,50],"card_choices":[{"not_picked":[],"picked":"BloodyBrimstone","floor":0.0},{"not_picked":["Go for the Eyes","Turbo"],"picked":"Streamline","floor":1.0},{"not_picked":["BasicCrystalCard","ReplayTheSpireMod:Repulse"],"picked":"Sweeping Beam","floor":2.0},{"not_picked":["ReplayTheSpireMod:Calculation Training","Steam"],"picked":"Double Energy","floor":6.0},{"not_picked":["Gash","ReplayTheSpireMod:Repulse"],"picked":"Pulse","floor":7.0},{"not_picked":["Hologram","BootSequence"],"picked":"Double Energy","floor":13.0},{"not_picked":["Panic Button","Scrape","ReplayTheSpireMod:Repulse"],"picked":"SKIP","floor":14.0},{"not_picked":["Meteor Strike","Electrodynamics"],"picked":"Echo Form","floor":18.0},{"not_picked":["Redo","Leap+1"],"picked":"Crystallizer","floor":20.0},{"not_picked":["Ball Lightning","Steam"],"picked":"Heatsinks","floor":25.0},{"not_picked":["Panic Button","Stack+1","Double Energy"],"picked":"SKIP","floor":26.0},{"not_picked":["Stack","Turbo","Leap"],"picked":"SKIP","floor":27.0},{"not_picked":["Genetic Algorithm","Electrodynamics"],"picked":"Sweeping Beam","floor":29.0},{"not_picked":["Go for the Eyes","Scrape+1","Leap"],"picked":"SKIP","floor":30.0},{"not_picked":["Barrage","Cancel"],"picked":"Crystallizer+1","floor":31.0},{"not_picked":["ReplaySort","Ball Lightning"],"picked":"All For One","floor":32.0},{"not_picked":["ReplayRNGCard","ReplayTheSpireMod:Omega Cannon"],"picked":"ReplayTheSpireMod:Fabricate Wheel","floor":35.0},{"not_picked":["ReplaySort+1","Barrage+1"],"picked":"Loop+1","floor":37.0},{"not_picked":["Auto Shields","Coolheaded","Time Bomb"],"picked":"SKIP","floor":37.0},{"not_picked":["Conserve Battery","ReplayTheSpireMod:Reroute Power","Ball Lightning+1"],"picked":"SKIP","floor":37.0},{"not_picked":["ReplayTheSpireMod:GoodbyeWorld","Coolheaded","Cold Snap+1"],"picked":"SKIP","floor":38.0},{"not_picked":["Darkness+1","Leap+1","Sunder+1"],"picked":"SKIP","floor":38.0},{"not_picked":["Hologram+1","Chill","Sweeping Beam+1"],"picked":"SKIP","floor":38.0},{"not_picked":["Hologram","Barrage"],"picked":"Defragment","floor":40.0},{"not_picked":["Steam+1","Lockon+1"],"picked":"Force Field+1","floor":40.0},{"not_picked":["Go for the Eyes+1","Tempest","Ball Lightning"],"picked":"SKIP","floor":40.0},{"not_picked":["Reinforced Body+1","Leap"],"picked":"Creative AI","floor":41.0},{"not_picked":["Go for the Eyes","Cold Snap","Rebound"],"picked":"SKIP","floor":41.0},{"not_picked":["BootSequence+1","Ball Lightning+1","Cold Snap+1"],"picked":"SKIP","floor":41.0},{"not_picked":["Cold Snap+1","Leap"],"picked":"White Noise","floor":44.0},{"not_picked":["Chaos","Fusion+1","Turbo+1"],"picked":"SKIP","floor":44.0},{"not_picked":["Turbo","Consume","Steam+1"],"picked":"SKIP","floor":44.0},{"not_picked":["Reinforced Body+1","Redo+1","Panic Button+1"],"picked":"SKIP","floor":48.0},{"not_picked":["Hyperbeam","Rebound"],"picked":"Fan+1","floor":50.0},{"not_picked":["Tempest+1","Coolheaded+1"],"picked":"Defragment+1","floor":56.0}],"player_experience":447541,"relics_obtained":[{"floor":6.0,"key":"Tiny Chest"},{"floor":11.0,"key":"MegaBlast"},{"floor":23.0,"key":"SacredBark"},{"floor":25.0,"key":"TuHaoJin"},{"floor":29.0,"key":"StoneCalendar"},{"floor":32.0,"key":"Prayer Wheel"},{"floor":34.0,"key":"EdensBlessing"},{"floor":37.0,"key":"Turnip"},{"floor":38.0,"key":"InkBottle"},{"floor":40.0,"key":"MawBank"},{"floor":41.0,"key":"Kunai"},{"floor":44.0,"key":"DoctorsRemote"},{"floor":45.0,"key":"Solar Panel"},{"floor":47.0,"key":"Pantograph"},{"floor":48.0,"key":"hexamod:CandleOfCauterizing"},{"floor":50.0,"key":"Guide Book"},{"floor":56.0,"key":"AnarchistCookbook"}],"event_choices":[{"cards_removed":["Defend_B"],"damage_healed":0.0,"max_hp_gain":0.0,"max_hp_loss":0.0,"gold_gain":0.0,"event_name":"The Cleric","player_choice":"Card Removal","floor":3.0,"gold_loss":50.0,"damage_taken":0.0},{"damage_healed":0.0,"max_hp_gain":0.0,"max_hp_loss":0.0,"gold_gain":0.0,"event_name":"Liars Game","player_choice":"Ignored","floor":5.0,"gold_loss":0.0,"damage_taken":0.0},{"damage_healed":0.0,"max_hp_gain":0.0,"max_hp_loss":0.0,"gold_gain":0.0,"event_name":"Scrap Ooze","player_choice":"Success","floor":8.0,"gold_loss":0.0,"damage_taken":7.0,"relics_obtained":["PreservedInsect"]},{"damage_healed":0.0,"max_hp_gain":0.0,"max_hp_loss":0.0,"gold_gain":0.0,"event_name":"Drug Dealer","player_choice":"Inject Mutagens","floor":22.0,"gold_loss":0.0,"damage_taken":0.0,"relics_obtained":["MutagenicStrength"]},{"damage_healed":0.0,"max_hp_gain":0.0,"max_hp_loss":0.0,"gold_gain":0.0,"event_name":"Nest","player_choice":"Joined the Cult","floor":33.0,"gold_loss":0.0,"damage_taken":6.0,"cards_obtained":["RitualDagger"]},{"cards_removed":["Pulse"],"damage_healed":0.0,"max_hp_gain":0.0,"max_hp_loss":0.0,"gold_gain":0.0,"event_name":"Falling","player_choice":"Removed Skill","floor":46.0,"gold_loss":0.0,"damage_taken":0.0}],"is_beta":false,"boss_relics":[{"not_picked":["King of Hearts","GnawedLeaf"],"picked":"Omamori"},{"not_picked":[]},{"not_picked":["Replay:Mystery Machine","HandDrill"],"picked":"BFFS"},{"not_picked":[]}],"items_purged_floors":[4,12,16,21,24,39,43,55],"is_endless":false,"potions_floor_spawned":[1,7,13,18,27,29,31,40,48,56],"killed_by":"Delirium","ascension_level":0}}