{"host":"cvxanxept80h7z3t","time":1612810045,"event":{"mods":["Aspiration","BaseMod","Beaked The Cultist","BetterRewards","Colored Map","Colored Powertips","Conspire","Downfall","Duelist Mod","Hermit","Infinite Spire","Mad Scientist","Marisa????????","Mimic Mod","Minty Spire (QoL Compilation)","READ ME - Snecko Mod","SOS???????","StSLib","Td1madao Mod","The Administrix","The Animator","The Bug Knight","The Construct","The Cursed","The Disciple","The Jungle","The Mystic","The Necromancer","The Runesmith","The Servant 0.9.4","The Valiant","The Witch"],"gold_per_floor":[99,111,111,111,111,223,223,235,235,260,271,335,335,355,382,487,487,487,503,503,515,515,534,566,240,401,401,401,418,451,463,477,574,574,574,654,671,671,684,697,765,70,70,101,127,168,180,212,237,249],"floor_reached":51,"language":"ENG","playtime":3594,"items_purged":["animator:Strike","animator:Strike"],"score":719,"play_id":"355e0912-ae9c-4f82-9557-d86a54b2b00b","local_time":"20210208194725","is_ascension_mode":false,"campfire_choices":[{"data":"animator:DolaSchwi","floor":1,"key":"SMITH"},{"data":"infinitespire:Gouge","floor":9,"key":"SMITH"},{"data":"animator:GoblinSlayer","floor":18,"key":"SMITH"},{"data":"animator:DolaCouronne","floor":35,"key":"SMITH"},{"floor":43,"key":"RECALL"},{"floor":47,"key":"REST"}],"circlet_count":0,"master_deck":["animator:Strike_NoGameNoLife","animator:Defend_NoGameNoLife","animator:Defend","animator:Defend","animator:Defend","animator:DolaSchwi+1","animator:DolaCouronne+1","animator:ElricAlphonse","animator:ElricEdward","infinitespire:Gouge+1","animator:RoyMustang","animator:DolaRiku","animator:DwarfShaman","animator:Scar","animator:Tatsumaki","animator:GoblinSlayer+1","RitualDagger","infinitespire:Starlight","animator:PandorasActor+1","infinitespire:Gouge+1","downfall:Bewildered","Turbo","Reboot","animator:Patchouli","animator:CowGirl","animator:CowGirl+1","animator:DolaSchwi+1"],"relics":["animator:LivingPicture","animator:TheMissingPiece","downfall:HeartsMalice","Potion Belt","infinitespire:Eraser","aspiration:DefectSkillbook","beaked:ShinyBauble","infinitespire:ShieldingShard","animator:WornHelmet","DollysMirror","sneckomod:BabySnecko","Toy Ornithopter","Philosopher\u0027s Stone","animator:CursedBlade","Shuriken","Blue Candle","infinitespire:Golems Mask","HandDrill","MawBank","Bag of Preparation"],"acts_visited":["Exordium","TheCity","TheBeyond"],"potions_floor_usage":[12,12,15,16,23,33,33,33,40,44,46,46,50],"damage_taken":[{"damage":0,"enemies":"Cultist","floor":2,"turns":1},{"damage":0,"enemies":"Small Slimes","floor":3,"turns":1},{"damage":0,"enemies":"infinitespire:Voidling","floor":4,"turns":1},{"damage":17,"enemies":"downfall:LadyInBlue","floor":6,"turns":11},{"damage":2,"enemies":"3 Louse","floor":8,"turns":3},{"damage":1,"enemies":"2 Fungi Beasts","floor":10,"turns":3},{"damage":6,"enemies":"Lots of Slimes","floor":11,"turns":4},{"damage":0,"enemies":"Lagavulin Event","floor":12,"turns":5},{"damage":4,"enemies":"Large Slime","floor":14,"turns":3},{"damage":10,"enemies":"Exordium Thugs","floor":15,"turns":3},{"damage":1,"enemies":"WA_ARCHETYPE_RETAIN","floor":16,"turns":4},{"damage":0,"enemies":"Spheric Guardian","floor":19,"turns":3},{"damage":12,"enemies":"Shelled Parasite and Fungi","floor":21,"turns":4},{"damage":0,"enemies":"Snake Plant","floor":23,"turns":3},{"damage":1,"enemies":"3 Cultists","floor":24,"turns":7},{"damage":2,"enemies":"downfall:FleeingMerchant","floor":25,"turns":4},{"damage":8,"enemies":"downfall:FleeingMerchant","floor":26,"turns":4},{"damage":6,"enemies":"3 Cultists","floor":29,"turns":4},{"damage":13,"enemies":"Gremlin Leader","floor":30,"turns":5},{"damage":0,"enemies":"conspire:HollyBat","floor":31,"turns":8},{"damage":0,"enemies":"Chosen and Byrds","floor":32,"turns":3},{"damage":12,"enemies":"SI_MIRROR_ARCHETYPE","floor":33,"turns":5},{"damage":0,"enemies":"3 Darklings","floor":37,"turns":3},{"damage":4,"enemies":"3 Shapes","floor":39,"turns":4},{"damage":0,"enemies":"Sphere and 2 Shapes","floor":40,"turns":3},{"damage":26,"enemies":"Nightmare","floor":44,"turns":5},{"damage":0,"enemies":"Spire Growth","floor":45,"turns":3},{"damage":28,"enemies":"Reptomancer","floor":46,"turns":5},{"damage":0,"enemies":"Jaw Worm Horde","floor":48,"turns":3},{"damage":0,"enemies":"Maw","floor":49,"turns":3},{"damage":27,"enemies":"DF_ARCHETYPE_ORBS","floor":50,"turns":6}],"seed_played":"-2334942264997147656","potions_obtained":[{"floor":6,"key":"Dexterity Potion"},{"floor":6,"key":"SpeedPotion"},{"floor":6,"key":"DuplicationPotion"},{"floor":6,"key":"ColorlessPotion"},{"floor":8,"key":"LiquidMemories"},{"floor":14,"key":"SpeedPotion"},{"floor":15,"key":"Block Potion"},{"floor":19,"key":"SmokeBomb"},{"floor":30,"key":"animator:GrowthPotion"},{"floor":31,"key":"CultistPotion"},{"floor":32,"key":"champ:CounterPotion"},{"floor":33,"key":"Fire Potion"},{"floor":44,"key":"LiquidMemories"},{"floor":45,"key":"Strength Potion"},{"floor":48,"key":"Explosive Potion"}],"is_trial":false,"path_per_floor":["R","M","M","M","?","?","T","M","R","M","M","?","?","M","M","B",null,"R","M","?","M","AVR","M","MIM","$","$","?","?","M","E","M","M","B",null,"R","?","M","?","M","M","T","$","R","NM","M","E","R","M","M","B",null],"character_chosen":"THE_ANIMATOR","items_purchased":["animator:WornHelmet","animator:Father","DollysMirror","animator:Patchouli","infinitespire:Golems Mask","HandDrill"],"campfire_rested":1,"item_purchase_floors":[25,25,26,42,42,42],"current_hp_per_floor":[66,66,66,67,52,35,35,33,33,32,26,27,27,23,13,12,68,68,68,62,50,50,50,59,67,59,59,59,53,50,60,60,34,34,34,34,34,34,30,34,34,34,34,13,23,6,16,26,34,22],"gold":261,"neow_bonus":"THREE_ENEMY_KILL","is_daily":false,"chose_seed":false,"campfire_upgraded":4,"win_rate":0.0,"timestamp":1612810045,"path_taken":["R","M","M","M","?","?","T","?","R","M","?","?","?","?","M","BOSS","R","M","?","M","AVR","M","MIM","?","$","?","?","M","E","M","M","BOSS","R","?","M","?","M","M","T","$","R","NM","M","E","R","M","M","BOSS"],"items_purchased_type":["Relic","Card","Relic","Card","Relic","Relic"],"build_version":"2020-12-22","purchased_purges":2,"victory":true,"max_hp_per_floor":[66,66,66,67,67,67,67,67,67,67,67,68,68,68,68,68,68,68,68,68,68,68,68,68,68,68,68,68,68,68,68,68,34,34,34,34,34,34,34,34,34,34,34,34,34,34,34,34,34,34],"card_choices":[{"not_picked":["animator:Genos","animator:Ara"],"picked":"animator:ElricAlphonse","floor":2},{"not_picked":["animator:SilverFang","animator:MetalKnight","animator:LizardPriest"],"picked":"SKIP","floor":3},{"not_picked":["animator:DolaCouronne","animator:Kaijin"],"picked":"animator:ElricEdward","floor":4},{"not_picked":["infinitespire:Execution","infinitespire:SevenWalls"],"picked":"infinitespire:Gouge","floor":5},{"not_picked":["animator:Gluttony","animator:MaesHughes"],"picked":"animator:RoyMustang","floor":6},{"not_picked":["animator:IzunaHatsuse","animator:Chung","animator:ChlammyZell"],"picked":"SKIP","floor":8},{"not_picked":["animator:FielNirvalen","animator:Pride"],"picked":"animator:DolaRiku","floor":10},{"not_picked":["animator:Ain","animator:Sebas"],"picked":"animator:DwarfShaman","floor":11},{"not_picked":["animator:RoyMustang","animator:Pride"],"picked":"animator:Scar","floor":12},{"not_picked":["animator:IzunaHatsuse","animator:Shuna","animator:Pride"],"picked":"SKIP","floor":14},{"not_picked":["animator:DolaSchwi","animator:Hakurou"],"picked":"animator:Tatsumaki","floor":15},{"not_picked":["animator:Ainz","animator:Shizu"],"picked":"animator:GoblinSlayer","floor":16},{"not_picked":["animator:Add","conspire:SharedLibrary","animator:GazelDwargon+1","animator:MaesHughes+1"],"picked":"SKIP","floor":19},{"not_picked":["animator:SilverFang","Sweeping Beam","animator:Souei","animator:ChlammyZell"],"picked":"SKIP","floor":23},{"not_picked":["animator:RoyMustang+1","Core Surge","Melter"],"picked":"animator:PandorasActor+1","floor":24},{"not_picked":["animator:Shiro","Coolheaded+1","Recycle+1","Turbo"],"picked":"SKIP","floor":25},{"not_picked":["Streamline","Gash","animator:RoyMustang","Compile Driver"],"picked":"SKIP","floor":26},{"not_picked":["Ball Lightning+1","Creative AI","Biased Cognition","animator:Ciel"],"picked":"SKIP","floor":30},{"not_picked":["animator:Jibril","Capacitor","animator:LizardPriest","animator:HighElfArcher"],"picked":"SKIP","floor":31},{"not_picked":["animator:DolaSchwi","animator:Priestess","animator:Genos+1","animator:Shion+1"],"picked":"SKIP","floor":32},{"not_picked":["All For One","Hyperbeam","Meteor Strike"],"picked":"Reboot","floor":33},{"not_picked":["animator:Entoma+1","Leap","White Noise+1","Stack"],"picked":"SKIP","floor":39},{"not_picked":["Compile Driver","animator:PandorasActor","animator:MaesHughes","Stack"],"picked":"SKIP","floor":40},{"not_picked":["animator:PandorasActor+1","Glacier","Consume","White Noise+1"],"picked":"SKIP","floor":44},{"not_picked":["animator:Kaijin","animator:GuildGirl+1","Aggregate"],"picked":"animator:CowGirl","floor":46},{"not_picked":["Consume+1","Defragment","animator:SilverFang+1"],"picked":"animator:CowGirl+1","floor":48},{"not_picked":["animator:Tet","Streamline+1","animator:Lu"],"picked":"animator:DolaSchwi+1","floor":49}],"player_experience":315024,"relics_obtained":[{"floor":6,"key":"Potion Belt"},{"floor":12,"key":"infinitespire:Eraser"},{"floor":24,"key":"infinitespire:ShieldingShard"},{"floor":30,"key":"Toy Ornithopter"},{"floor":36,"key":"Shuriken"},{"floor":41,"key":"Blue Candle"},{"floor":44,"key":"MawBank"},{"floor":46,"key":"Bag of Preparation"}],"event_choices":[{"damage_healed":0,"gold_gain":0,"player_choice":"Read","damage_taken":0,"max_hp_gain":0,"max_hp_loss":0,"event_name":"The Library","floor":28,"gold_loss":0,"cards_obtained":["Turbo"]},{"damage_healed":0,"gold_gain":0,"player_choice":"Leave","damage_taken":0,"max_hp_gain":0,"max_hp_loss":0,"event_name":"conspire:Investor","floor":38,"gold_loss":0}],"is_beta":false,"boss_relics":[{"not_picked":["conspire:RunicOctahedron","construct:WeddingRing"],"picked":"aspiration:DefectSkillbook"},{"not_picked":["construct:ClawGrip","Fusion Hammer"],"picked":"animator:CursedBlade"}],"items_purged_floors":[22,42],"is_endless":false,"potions_floor_spawned":[6,8,10,14,15,19,30,31,32,33,44,45,48],"ascension_level":0}}