{"host":"n7gt2lywuauec2nz","time":1612761755,"event":{"mods":["100% Spire Juice","2.2 Compatiblity","Act Like it!","Aspiration","BaseMod","Better Third Choice","Colored Powertips","DeckTracker","GifTheSpireLib","Highlight Path","HololiveMod","Hubris","Infinite Spire","Minty Spire (QoL Compilation)","Quick Restart","Random Character Button","Relic Sorter","Replay The Spire","Retaliation","StSLib","Synergy Search","The IronCluck"],"gold_per_floor":[115,129,129,145,145,173,173,173,199,52,52,52,52,52,52,153,153,171,171,171,23,35,35,35],"floor_reached":23,"language":"ENG","playtime":842,"items_purged":["Writhe"],"score":185,"play_id":"32eb250c-a554-44db-b623-22a6021dd673","local_time":"20210207212235","is_ascension_mode":false,"campfire_choices":[{"floor":11,"key":"REST"},{"floor":13,"key":"REST"},{"data":"Moonworks:ExtendedPhotonRifle","floor":15,"key":"SMITH"}],"circlet_count":0,"master_deck":["Moonworks:Strike","Moonworks:Strike","Moonworks:Strike","Moonworks:Strike","Moonworks:Defend","Moonworks:Defend","Moonworks:Defend","Moonworks:Defend","Moonworks:Ambush","Moonworks:LongDistanceShot","Moonworks:StiffCrystal","Moonworks:ExtendedPhotonRifle+1","Storm of Steel+1","Moonworks:LulusLuckyEgg","Moonworks:AnotherUltimateWeapon+1","Injury","Moonworks:SubspaceTunnel+1","Moonworks:JonathanRush+1","Moonworks:RagingMadness","Moonworks:BigMagnum"],"relics":["Moonworks:BrokenBomb","Moonworks:Homemark","Ancient Tea Set","Bird Faced Urn","hubris:SlimyHat","Replay:Baseball","Molten Egg 2","SacredBark","Replay:Kaleidoscope"],"acts_visited":["Exordium","TheCity"],"potions_floor_usage":[4,6,22],"damage_taken":[{"damage":6,"enemies":"Cultist","floor":1,"turns":4},{"damage":5,"enemies":"Small Slimes","floor":2,"turns":4},{"damage":1,"enemies":"Jaw Worm","floor":4,"turns":3},{"damage":33,"enemies":"3 Sentries","floor":6,"turns":9},{"damage":35,"enemies":"Slime Boss","floor":16,"turns":7},{"damage":6,"enemies":"Spheric Guardian","floor":18,"turns":5},{"damage":11,"enemies":"Chosen","floor":22,"turns":5},{"damage":55,"enemies":"Gremlin Leader","floor":23,"turns":4}],"seed_played":"-1451657941885966178","potions_obtained":[{"floor":2,"key":"Reflective Coating"},{"floor":4,"key":"BlessingOfTheForge"},{"floor":18,"key":"Adrenaline Potion"}],"is_trial":false,"path_per_floor":["M","M","?","M","?","E","?","?","T","$","R","?","R","?","R","B",null,"M","?","?","$","M","E"],"character_chosen":"THE_STARBREAKER","items_purchased":["Replay:Baseball","Moonworks:RagingMadness"],"campfire_rested":2,"item_purchase_floors":[10,21],"current_hp_per_floor":[60,55,43,42,42,9,9,9,9,9,28,28,47,47,47,14,66,60,60,60,60,53,0,0],"gold":35,"neow_bonus":"TEN_PERCENT_HP_BONUS","is_daily":false,"chose_seed":false,"campfire_upgraded":1,"win_rate":0.0,"timestamp":1612761755,"path_taken":["M","?","?","M","?","E","?","?","T","?","R","?","R","?","R","BOSS","M","?","?","$","?","E"],"items_purchased_type":["Relic","Card"],"build_version":"2020-12-22","purchased_purges":1,"victory":false,"max_hp_per_floor":[66,66,66,66,66,66,66,66,66,66,66,66,66,66,66,66,66,66,66,66,66,66,66,66],"card_choices":[{"not_picked":["Moonworks:EvilSpyWorkPreparation","Moonworks:ImOnFire"],"picked":"Moonworks:StiffCrystal","floor":1},{"not_picked":["Moonworks:JonathanRush","Moonworks:EvilSpyWorkPreparation"],"picked":"Moonworks:ExtendedPhotonRifle","floor":2},{"not_picked":["Moonworks:CookingTime","Moonworks:EvilSpyWorkPreparation"],"picked":"Moonworks:LulusLuckyEgg","floor":4},{"not_picked":["Moonworks:Dinner","Moonworks:ShieldCounter"],"picked":"Moonworks:AnotherUltimateWeapon","floor":6},{"not_picked":["Moonworks:SinkOrSwim","Moonworks:StarBlastingFuse"],"picked":"Moonworks:SubspaceTunnel","floor":16},{"not_picked":["Moonworks:EvilSpyWorkPreparation","Moonworks:MixPhenomenon"],"picked":"Moonworks:JonathanRush+1","floor":18},{"not_picked":["Moonworks:LuckyCharm","Moonworks:ReproductionOfRecords"],"picked":"Moonworks:BigMagnum","floor":22}],"player_experience":129794,"relics_obtained":[{"floor":6,"key":"Bird Faced Urn"},{"floor":9,"key":"hubris:SlimyHat"}],"event_choices":[{"damage_healed":28,"gold_gain":0,"player_choice":"Leave","damage_taken":0,"max_hp_gain":0,"max_hp_loss":66,"event_name":"betterThird:BetterShining","floor":12,"gold_loss":0},{"damage_healed":0,"gold_gain":0,"player_choice":"Opened","damage_taken":0,"relics_obtained":["Replay:Kaleidoscope"],"max_hp_gain":0,"max_hp_loss":0,"event_name":"The Mausoleum","floor":19,"gold_loss":0,"cards_obtained":["Writhe"]},{"damage_healed":0,"gold_gain":0,"player_choice":"Upgraded","damage_taken":0,"max_hp_gain":0,"max_hp_loss":0,"event_name":"Upgrade Shrine","floor":20,"gold_loss":0,"cards_upgraded":["Moonworks:SubspaceTunnel"]}],"is_beta":false,"boss_relics":[{"not_picked":["Kintsugi","Painkiller Herb"],"picked":"SacredBark"}],"items_purged_floors":[21],"is_endless":false,"potions_floor_spawned":[2,4,18],"killed_by":"Gremlin Leader","ascension_level":0}}