{"host":"2fcuechlb8c23yrb","time":1612816083,"event":{"mods":["2.2 Compatiblity","AchievementEnabler","BaseMod","Bestiary","Better Match","Block Reminder","Colored Map","Colored Powertips","DeckTracker","Displayed Cursed Tome","GifTheSpireLib","Highlight Path","Minty Spire (QoL Compilation)","Quick Restart","Rare Cards Sparkle","Relic Sorter","Relic Stats","StSLib"],"gold_per_floor":[115,115,115,131,131,131,131,150,230,230,261,277,296,84,84,184,184,202,220,235,57,57,92,105,105,105,119,119,131,150,165,165,263,313,328,328,342,267,267,267,300,300,325,375,130,143,156,170,170,170,170],"floor_reached":50,"language":"ENG","playtime":2833,"items_purged":["Strike_G","Strike_G"],"score":526,"play_id":"324eb5e2-d2c0-40cb-bdaa-efc52c58d235","local_time":"20210208152803","is_ascension_mode":false,"campfire_choices":[{"data":"Cloak And Dagger","floor":6.0,"key":"SMITH"},{"floor":15.0,"key":"REST"},{"floor":28.0,"key":"REST"},{"floor":32.0,"key":"REST"},{"floor":40.0,"key":"RECALL"},{"floor":42.0,"key":"REST"},{"floor":49.0,"key":"REST"}],"circlet_count":0,"master_deck":["Strike_G","Strike_G","Strike_G","Defend_G","Defend_G","Defend_G","Defend_G","Defend_G+1","Survivor+1","Neutralize","Dagger Spray+1","Cloak And Dagger+1","Terror","Dagger Throw+1","Bane+1","Adrenaline","PiercingWail","Heel Hook+1","Terror","Burst","Endless Agony+1","Flying Knee+1","Dodge and Roll+1","Dagger Throw+1","Unload+1","Blade Dance","Accuracy+1","Cloak And Dagger+1","Flying Knee+1","A Thousand Cuts+1","Blade Dance+1","Secret Technique","PiercingWail+1"],"relics":["Ring of the Snake","NeowsBlessing","Molten Egg 2","WristBlade","Red Mask","Bag of Marbles","Tiny House","Question Card","Pantograph","Dream Catcher","Lizard Tail","Ancient Tea Set"],"acts_visited":["Exordium","TheCity","TheBeyond"],"potions_floor_usage":[50,50,50,50,50],"damage_taken":[{"damage":0.0,"enemies":"Jaw Worm","floor":1.0,"turns":1.0},{"damage":0.0,"enemies":"2 Louse","floor":4.0,"turns":1.0},{"damage":0.0,"enemies":"Small Slimes","floor":8.0,"turns":1.0},{"damage":14.0,"enemies":"3 Sentries","floor":11.0,"turns":13.0},{"damage":2.0,"enemies":"Looter","floor":12.0,"turns":2.0},{"damage":1.0,"enemies":"Gremlin Gang","floor":13.0,"turns":2.0},{"damage":32.0,"enemies":"The Guardian","floor":16.0,"turns":10.0},{"damage":35.0,"enemies":"Spheric Guardian","floor":18.0,"turns":6.0},{"damage":0.0,"enemies":"Chosen","floor":19.0,"turns":3.0},{"damage":0.0,"enemies":"Centurion and Healer","floor":20.0,"turns":4.0},{"damage":7.0,"enemies":"Masked Bandits","floor":23.0,"turns":3.0},{"damage":16.0,"enemies":"Chosen and Byrds","floor":24.0,"turns":6.0},{"damage":9.0,"enemies":"Snecko","floor":27.0,"turns":4.0},{"damage":15.0,"enemies":"Snake Plant","floor":29.0,"turns":3.0},{"damage":5.0,"enemies":"Sentry and Sphere","floor":30.0,"turns":4.0},{"damage":0.0,"enemies":"Chosen and Byrds","floor":31.0,"turns":3.0},{"damage":19.0,"enemies":"Collector","floor":33.0,"turns":7.0},{"damage":3.0,"enemies":"3 Shapes","floor":35.0,"turns":4.0},{"damage":6.0,"enemies":"Orb Walker","floor":37.0,"turns":2.0},{"damage":12.0,"enemies":"Reptomancer","floor":41.0,"turns":2.0},{"damage":0.0,"enemies":"Mind Bloom Boss Battle","floor":44.0,"turns":5.0},{"damage":13.0,"enemies":"Transient","floor":46.0,"turns":5.0},{"damage":2.0,"enemies":"Writhing Mass","floor":47.0,"turns":4.0},{"damage":19.0,"enemies":"4 Shapes","floor":48.0,"turns":4.0},{"damage":168,"enemies":"Time Eater","floor":50,"turns":12}],"seed_played":"-8707478874742874268","potions_obtained":[{"floor":4.0,"key":"DuplicationPotion"},{"floor":12.0,"key":"SteroidPotion"},{"floor":16.0,"key":"PowerPotion"},{"floor":18.0,"key":"Weak Potion"},{"floor":19.0,"key":"Block Potion"},{"floor":23.0,"key":"GamblersBrew"},{"floor":33.0,"key":"EssenceOfSteel"},{"floor":34.0,"key":"Energy Potion"},{"floor":37.0,"key":"SteroidPotion"},{"floor":44.0,"key":"LiquidMemories"},{"floor":48.0,"key":"EntropicBrew"}],"is_trial":false,"path_per_floor":["M","?","?","M","?","R","?","M","T","?","E","M","M","$","R","B",null,"M","M","M","$","?","?","M","?","T","M","R","M","M","M","R","B",null,"M","?","M","?","T","R","E","R","T","?","$","M","M","M","R","B"],"character_chosen":"THE_SILENT","items_purchased":["AttackPotion","PiercingWail","Heel Hook+1","Terror","SkillPotion","Dagger Throw+1","Ancient Tea Set"],"campfire_rested":5,"item_purchase_floors":[14,14,14,14,21,21,45],"current_hp_per_floor":[70,70,56,56,56,56,61,61,61,61,47,45,44,44,66,34,75,40,40,40,40,65,58,42,28,28,19,43,28,23,23,47,28,85,82,82,76,76,76,76,64,85,85,85,85,72,70,51,76,0,0],"gold":170,"neow_bonus":"THREE_ENEMY_KILL","is_daily":false,"chose_seed":false,"campfire_upgraded":1,"win_rate":0.0,"timestamp":1612816083,"path_taken":["M","?","?","?","?","R","?","M","T","?","E","M","M","?","R","BOSS","M","?","M","$","?","?","?","?","T","M","R","M","M","M","R","BOSS","M","?","M","?","?","R","E","R","T","?","$","M","M","M","R","BOSS"],"items_purchased_type":["Potion","Card","Card","Card","Potion","Card","Relic"],"build_version":"2020-12-22","purchased_purges":2,"victory":false,"max_hp_per_floor":[70,70,70,70,70,70,75,75,75,75,75,75,75,75,75,75,75,75,75,75,75,75,75,75,80,80,80,80,80,80,80,80,80,85,85,85,85,85,85,85,85,85,85,85,85,85,85,85,85,85,85],"relic_stats":{"Dream Catcher":1,"Lizard Tail":42,"counters":[25,111],"Pantograph":9,"Question Card":6,"obtain_stats":[{"Dream Catcher":43,"Lizard Tail":44,"Tiny House":34,"NeowsBlessing":0,"WristBlade":17,"Pantograph":41,"Molten Egg 2":11,"Red Mask":23,"Bag of Marbles":26,"Question Card":39,"Ancient Tea Set":45,"Ring of the Snake":0},{"Dream Catcher":20,"Lizard Tail":21,"Tiny House":17,"NeowsBlessing":0,"WristBlade":7,"Pantograph":20,"Molten Egg 2":4,"Red Mask":11,"Bag of Marbles":12,"Question Card":19,"Ancient Tea Set":21,"Ring of the Snake":0},{"Dream Catcher":81,"Lizard Tail":86,"Tiny House":73,"NeowsBlessing":0,"WristBlade":30,"Pantograph":81,"Molten Egg 2":16,"Red Mask":46,"Bag of Marbles":52,"Question Card":79,"Ancient Tea Set":86,"Ring of the Snake":0}],"Ring of the Snake":[51]},"card_choices":[{"not_picked":["Acrobatics","Calculated Gamble"],"picked":"Dagger Spray","floor":1.0},{"not_picked":["Backflip","Masterful Stab"],"picked":"Cloak And Dagger","floor":4.0},{"not_picked":["Catalyst","Deflect"],"picked":"Terror","floor":8.0},{"not_picked":["Noxious Fumes","Tactician"],"picked":"Dagger Throw+1","floor":11.0},{"not_picked":["Caltrops","Dash+1"],"picked":"Bane+1","floor":12.0},{"not_picked":["Cloak And Dagger","Dash+1"],"picked":"Adrenaline","floor":13.0},{"not_picked":["Envenom","Bullet Time"],"picked":"Burst","floor":16.0},{"not_picked":["Crippling Poison","Cloak And Dagger"],"picked":"Endless Agony+1","floor":18.0},{"not_picked":["Finisher+1","Poisoned Stab+1"],"picked":"Flying Knee+1","floor":19.0},{"not_picked":["Quick Slash+1","Prepared"],"picked":"Dodge and Roll+1","floor":20.0},{"not_picked":["PiercingWail","Dodge and Roll"],"picked":"Unload+1","floor":23.0},{"not_picked":["Expertise","Eviscerate+1"],"picked":"Blade Dance","floor":24.0},{"not_picked":["Backstab+1","Underhanded Strike+1"],"picked":"Accuracy+1","floor":27.0},{"not_picked":["Quick Slash+1","Prepared"],"picked":"Cloak And Dagger+1","floor":29.0},{"not_picked":["Noxious Fumes","Terror"],"picked":"Flying Knee+1","floor":30.0},{"not_picked":["Poisoned Stab+1","Dagger Throw+1","Tools of the Trade"],"picked":"SKIP","floor":31.0},{"not_picked":["Tools of the Trade","Venomology"],"picked":"A Thousand Cuts","floor":33.0},{"not_picked":["Footwork","Deflect"],"picked":"Blade Dance+1","floor":34.0},{"not_picked":["Dodge and Roll+1","Reflex+1","PiercingWail+1"],"picked":"SKIP","floor":35.0},{"not_picked":["Secret Weapon","Panache"],"picked":"Secret Technique","floor":36.0},{"not_picked":["Sucker Punch+1","Underhanded Strike+1","Dodge and Roll+1"],"picked":"SKIP","floor":37.0},{"not_picked":["All Out Attack+1","Choke+1","Sucker Punch+1","Blade Dance+1"],"picked":"SKIP","floor":41.0},{"not_picked":["Skewer+1","PiercingWail","Catalyst","Slice+1"],"picked":"SKIP","floor":46.0},{"not_picked":["Backstab+1","Bouncing Flask+1","All Out Attack+1"],"picked":"PiercingWail+1","floor":47.0},{"not_picked":["Quick Slash+1","Tools of the Trade","Leg Sweep+1","Dagger Throw+1"],"picked":"SKIP","floor":48.0}],"player_experience":78497,"relics_obtained":[{"floor":11.0,"key":"Molten Egg 2"},{"floor":23.0,"key":"Red Mask"},{"floor":26.0,"key":"Bag of Marbles"},{"floor":39.0,"key":"Question Card"},{"floor":41.0,"key":"Pantograph"},{"floor":43.0,"key":"Dream Catcher"},{"floor":44.0,"key":"Lizard Tail"}],"event_choices":[{"damage_healed":0.0,"max_hp_gain":0.0,"max_hp_loss":0.0,"gold_gain":0.0,"event_name":"The Cleric","player_choice":"Leave","floor":2.0,"gold_loss":0.0,"damage_taken":0.0},{"damage_healed":0.0,"max_hp_gain":0.0,"max_hp_loss":0.0,"gold_gain":0.0,"event_name":"Shining Light","player_choice":"Entered Light","floor":3.0,"gold_loss":0.0,"damage_taken":14.0,"cards_upgraded":["Survivor","Defend_G"]},{"damage_healed":0.0,"max_hp_gain":0.0,"max_hp_loss":0.0,"gold_gain":0.0,"event_name":"Liars Game","player_choice":"Ignored","floor":5.0,"gold_loss":0.0,"damage_taken":0.0},{"damage_healed":0.0,"max_hp_gain":5.0,"max_hp_loss":0.0,"gold_gain":0.0,"event_name":"Big Fish","player_choice":"Donut","floor":7.0,"gold_loss":0.0,"damage_taken":0.0},{"damage_healed":0.0,"max_hp_gain":0.0,"max_hp_loss":0.0,"gold_gain":0.0,"event_name":"Living Wall","player_choice":"Grow","floor":10.0,"gold_loss":0.0,"damage_taken":0.0,"cards_upgraded":["Dagger Spray"]},{"damage_healed":25.0,"max_hp_gain":0.0,"max_hp_loss":0.0,"gold_gain":0.0,"event_name":"The Library","player_choice":"Heal","floor":22.0,"gold_loss":0.0,"damage_taken":0.0},{"damage_healed":0.0,"max_hp_gain":0.0,"max_hp_loss":0.0,"gold_gain":0.0,"event_name":"Masked Bandits","player_choice":"Fought Bandits","floor":23.0,"gold_loss":0.0,"damage_taken":0.0},{"damage_healed":0.0,"max_hp_gain":5.0,"max_hp_loss":0.0,"gold_gain":0.0,"event_name":"Forgotten Altar","player_choice":"Shed Blood","floor":25.0,"gold_loss":0.0,"damage_taken":19.0},{"damage_healed":0.0,"max_hp_gain":0.0,"max_hp_loss":0.0,"gold_gain":0.0,"event_name":"SensoryStone","player_choice":"Memory 1","floor":36.0,"gold_loss":0.0,"damage_taken":0.0},{"damage_healed":0.0,"max_hp_gain":0.0,"max_hp_loss":0.0,"gold_gain":0.0,"event_name":"betterMatch:BetterMatch","player_choice":"1","floor":38.0,"gold_loss":0.0,"damage_taken":0.0,"cards_obtained":["betterMatch:CommonCard","betterMatch:UncommonCard"]},{"damage_healed":0.0,"max_hp_gain":0.0,"max_hp_loss":0.0,"gold_gain":0.0,"event_name":"MindBloom","player_choice":"Fight","floor":44.0,"gold_loss":0.0,"damage_taken":0.0}],"is_beta":false,"boss_relics":[{"not_picked":["Empty Cage","Coffee Dripper"],"picked":"WristBlade"},{"not_picked":["Velvet Choker","Snecko Eye"],"picked":"Tiny House"}],"items_purged_floors":[21,45],"is_endless":false,"potions_floor_spawned":[4,12,16,18,19,23,33,37,44,48],"killed_by":"Time Eater","ascension_level":0}}