{"host":"vgnj3owxn2tq7mop","time":1612796662,"event":{"mods":["Act Like it!","BaseMod","Colored Map","Downfall","Hallownest","Minty Spire (QoL Compilation)","StSLib","SuperFastMode","The Bug Knight","The Servant 0.9.4"],"gold_per_floor":[0,37,81,142,211,44,68,0,0,0,36,62,73,118,153,255,255,55,65,102,35,35,71,71,22,73,85,85,129,29,29,69,195,195,195,267,317,331,348,348,348,348,368,382,382,382,382,382],"floor_reached":46,"language":"ZHS","playtime":4401,"items_purged":[],"score":521,"play_id":"55541b9e-1a50-4782-8c28-3c6e862c39cd","local_time":"20210208230422","is_ascension_mode":false,"campfire_choices":[{"data":"HandOfGreed","floor":1,"key":"SMITH"},{"data":"champ:BerserkersShout","floor":9,"key":"SMITH"},{"data":"champ:StrikeOfGenius","floor":18,"key":"SMITH"},{"floor":28,"key":"RECALL"},{"floor":30,"key":"REST"},{"data":"champ:StanceDance","floor":35,"key":"SMITH"},{"data":"champ:ArenaPreparation","floor":42,"key":"SMITH"},{"data":"champ:FaceSlap","floor":45,"key":"SMITH"}],"circlet_count":0,"master_deck":["champ:Strike","champ:Strike","champ:Strike","champ:Strike","champ:Defend","champ:Defend","champ:Defend","champ:Defend","champ:Execute","champ:Taunt","HandOfGreed+1","champ:ShieldSlam","champ:Endure","champ:EnragedBash","champ:StanceDance+1","champ:FanOfKnives","champ:Endure","champ:BerserkersShout+1","champ:FaceSlap+1","champ:Devastate","champ:ArenaPreparation+1","champ:FancyFootwork","champ:StrikeOfGenius+1","champ:CrookedStrike","champ:FocusedDefense","champ:EnGarde+1","champ:GutPunch+1","champ:Devastate","champ:BringItOn","champ:StanceDance","champ:StrikeOfGenius"],"relics":["champ:ChampionCrownUpgraded","Lee\u0027s Waffle","Ancient Tea Set","downfall:HeartBlessingBlue","downfall:HeartBlessingGreen","Mercury Hourglass","Bottled Flame","InkBottle","ClockworkSouvenir","Oddly Smooth Stone","downfall:HeartBlessingRed","Busted Crown","HornCleat","Unceasing Top","Shuriken"],"acts_visited":["Exordium","TheCity","TheBeyond"],"potions_floor_usage":[6,12,12,16,21,25,27,29,32,43],"damage_taken":[{"damage":10,"enemies":"Cultist","floor":2,"turns":3},{"damage":10,"enemies":"2 Louse","floor":3,"turns":2},{"damage":11,"enemies":"Small Slimes","floor":4,"turns":5},{"damage":36,"enemies":"Exordium Thugs","floor":5,"turns":7},{"damage":25,"enemies":"downfall:FleeingMerchant","floor":6,"turns":4},{"damage":20,"enemies":"downfall:FleeingMerchant","floor":8,"turns":4},{"damage":50,"enemies":"downfall:FleeingMerchant","floor":10,"turns":4},{"damage":10,"enemies":"2 Fungi Beasts","floor":11,"turns":3},{"damage":25,"enemies":"Gremlin Nob","floor":12,"turns":3},{"damage":50,"enemies":"Exordium Thugs","floor":13,"turns":5},{"damage":53,"enemies":"Exordium Wildlife","floor":14,"turns":5},{"damage":39,"enemies":"Gremlin Gang","floor":15,"turns":3},{"damage":49,"enemies":"SI_SHIV_ARCHETYPE","floor":16,"turns":7},{"damage":48,"enemies":"Chosen","floor":19,"turns":5},{"damage":40,"enemies":"Shell Parasite","floor":20,"turns":4},{"damage":45,"enemies":"downfall:FleeingMerchant","floor":21,"turns":4},{"damage":40,"enemies":"Snake Plant","floor":23,"turns":4},{"damage":35,"enemies":"downfall:FleeingMerchant","floor":25,"turns":4},{"damage":76,"enemies":"HollowMod:Nosk","floor":26,"turns":6},{"damage":35,"enemies":"Snecko","floor":27,"turns":5},{"damage":35,"enemies":"Centurion and Healer","floor":29,"turns":3},{"damage":10,"enemies":"Cultist and Chosen","floor":32,"turns":3},{"damage":109,"enemies":"IC_MUSHROOM_ARCHETYPE","floor":33,"turns":9},{"damage":72,"enemies":"IC_MUSHROOM_ARCHETYPE","floor":37,"turns":6},{"damage":68,"enemies":"3 Darklings","floor":38,"turns":5},{"damage":35,"enemies":"Orb Walker","floor":39,"turns":3},{"damage":55,"enemies":"Maw","floor":43,"turns":5},{"damage":53,"enemies":"3 Darklings","floor":44,"turns":3},{"damage":78,"enemies":"Transient","floor":46,"turns":3}],"seed_played":"6642835736948994857","potions_obtained":[{"floor":2,"key":"Explosive Potion"},{"floor":3,"key":"FearPotion"},{"floor":11,"key":"Guardian:BlockOnCardUsePotion"},{"floor":15,"key":"SteroidPotion"},{"floor":16,"key":"Guardian:BlockOnCardUsePotion"},{"floor":19,"key":"AttackPotion"},{"floor":23,"key":"GamblersBrew"},{"floor":27,"key":"SkillPotion"},{"floor":33,"key":"SpeedPotion"},{"floor":37,"key":"Swift Potion"},{"floor":44,"key":"SpeedPotion"}],"is_trial":false,"path_per_floor":["R","M","M","M","M","$","T","$","R","$","M","E","M","M","M","B",null,"R","M","M","$","?","M","T","$","E","M","R","M","R","?","M","B",null,"R","?","?","M","M","?","T","R","M","M","R","M"],"character_chosen":"THE_CHAMP","items_purchased":["Lee\u0027s Waffle","champ:BerserkersShout","PowerPotion","InkBottle","ClockworkSouvenir"],"campfire_rested":1,"item_purchase_floors":[6,8,21,25,25],"current_hp_per_floor":[90,90,90,89,73,97,97,97,97,82,82,82,62,44,40,16,97,107,79,79,79,79,69,69,69,48,38,38,38,70,70,70,4,107,107,107,100,77,77,77,77,77,77,64,64,0,0,0],"gold":382,"neow_bonus":"RANDOM_COLORLESS_2","is_daily":false,"chose_seed":false,"campfire_upgraded":6,"win_rate":0.0,"timestamp":1612796662,"path_taken":["R","M","M","?","M","$","T","$","R","$","M","E","?","?","M","BOSS","R","M","M","$","?","M","T","$","E","M","R","M","R","?","M","BOSS","R","?","?","M","M","?","T","R","M","M","R","M"],"items_purchased_type":["Relic","Card","Potion","Relic","Relic"],"build_version":"2020-12-22","purchased_purges":0,"victory":false,"max_hp_per_floor":[90,90,90,90,90,97,97,97,97,97,97,97,97,97,97,97,97,107,107,107,107,107,107,107,107,107,107,107,107,107,107,107,107,107,107,107,107,107,107,107,107,107,107,107,107,107,107,107],"card_choices":[{"not_picked":["Mayhem","Chrysalis"],"picked":"HandOfGreed","floor":0},{"not_picked":["champ:SetATrap","champ:GutPunch"],"picked":"champ:ShieldSlam","floor":2},{"not_picked":["champ:RecklessLeap","champ:Backstep"],"picked":"champ:Endure","floor":3},{"not_picked":["champ:DefensiveShout","champ:PreciseThrust"],"picked":"champ:EnragedBash","floor":4},{"not_picked":["champ:BladeFlurry","champ:EnGarde"],"picked":"champ:StanceDance","floor":5},{"not_picked":["champ:CrownThrow","champ:GutPunch"],"picked":"champ:FanOfKnives","floor":6},{"not_picked":["champ:PreemptiveStrike","champ:Parry"],"picked":"champ:Endure","floor":8},{"not_picked":["champ:ShieldWall","champ:FlashCut"],"picked":"champ:FaceSlap","floor":10},{"not_picked":["champ:Circumvent","champ:PreciseThrust","champ:Backstep"],"picked":"SKIP","floor":11},{"not_picked":["champ:FaceSlap","champ:Shatter"],"picked":"champ:Devastate","floor":12},{"not_picked":["champ:Backstep","champ:PreciseThrust","champ:PerfectedStrike"],"picked":"SKIP","floor":13},{"not_picked":["champ:BladeFlurry","champ:Encircle"],"picked":"champ:ArenaPreparation","floor":14},{"not_picked":["champ:IronFortress","champ:PreemptiveStrike"],"picked":"champ:FancyFootwork","floor":15},{"not_picked":["champ:UltimateStance","champ:ShieldThrow"],"picked":"champ:StrikeOfGenius","floor":16},{"not_picked":["champ:AdrenalArmor","champ:Shatter"],"picked":"champ:CrookedStrike","floor":19},{"not_picked":["champ:TornadoPunch","champ:IronFortress"],"picked":"champ:FocusedDefense","floor":20},{"not_picked":["champ:StanceDance","champ:GutPunch"],"picked":"champ:EnGarde+1","floor":21},{"not_picked":["champ:BerserkersShout","champ:BringItOn"],"picked":"champ:GutPunch+1","floor":23},{"not_picked":["champ:Circumvent+1","champ:EnGarde+1","champ:Duel"],"picked":"SKIP","floor":25},{"not_picked":["champ:ShieldSlam","champ:FalseCounter"],"picked":"champ:Devastate","floor":26},{"not_picked":["champ:PreemptiveStrike+1","champ:FlashCut+1"],"picked":"champ:BringItOn","floor":27},{"not_picked":["champ:Circumvent","champ:EnGarde"],"picked":"champ:StanceDance","floor":29},{"not_picked":["champ:SkillfulDodge","champ:PreemptiveStrike+1","champ:FancyFootwork"],"picked":"SKIP","floor":32},{"not_picked":["champ:ShieldThrow","champ:HeavySlash"],"picked":"champ:StrikeOfGenius","floor":33},{"not_picked":["champ:Circumvent+1"],"picked":"SKIP","floor":38},{"not_picked":["champ:DefensiveShout+1"],"picked":"SKIP","floor":39},{"not_picked":["champ:Haymaker+1"],"picked":"SKIP","floor":43},{"not_picked":["champ:BringItOn"],"picked":"SKIP","floor":44}],"player_experience":1178709,"relics_obtained":[{"floor":12,"key":"Ancient Tea Set"},{"floor":24,"key":"Bottled Flame"},{"floor":26,"key":"Oddly Smooth Stone"},{"floor":36,"key":"HornCleat"},{"floor":37,"key":"Unceasing Top"},{"floor":41,"key":"Shuriken"}],"event_choices":[{"damage_healed":0,"gold_gain":0,"player_choice":"Stole Relic","damage_taken":0,"relics_obtained":["Mercury Hourglass"],"max_hp_gain":0,"max_hp_loss":0,"event_name":"Addict","floor":22,"gold_loss":0,"cards_obtained":["Pride"]}],"is_beta":false,"boss_relics":[{"not_picked":["bronze:MakeshiftBattery","Sozu"],"picked":"champ:ChampionCrownUpgraded"},{"not_picked":["Fusion Hammer","Empty Cage"],"picked":"Busted Crown"}],"items_purged_floors":[],"is_endless":false,"potions_floor_spawned":[2,3,11,15,16,19,23,27,33,37,44],"killed_by":"Transient","ascension_level":0}}