{"host":"aaqofma31c3gm2hj","time":1612774259,"event":{"mods":["BaseMod","GungeonMod","Minty Spire (QoL Compilation)","Replay The Spire","Spicy Shops","StSLib"],"gold_per_floor":[111,205,205,218,2,28,28,28,28],"floor_reached":8,"language":"ZHS","playtime":112,"items_purged":["Strike_B"],"score":158,"play_id":"aa57cd6d-3f6d-4d70-80fb-7155036a4a06","local_time":"20210208165059","is_ascension_mode":true,"campfire_choices":[{"data":"Apotheosis","floor":7.0,"key":"SMITH"}],"circlet_count":0,"master_deck":["AscendersBane","Strike_B","Strike_B","Strike_B","Defend_B","Defend_B","Defend_B","Defend_B","Zap","Dualcast","ReplayTheSpireMod:Calculation Training","Turbo","Loop","Ball Lightning","Master of Strategy","Apotheosis+1","DemoMod:Deposit","FIFO Queue"],"relics":["Cracked Core","NeowsBlessing","ReplayTheSpireMod:ShopPack","Replay:Baseball"],"acts_visited":["Exordium"],"potions_floor_usage":[8],"damage_taken":[{"damage":0.0,"enemies":"Small Slimes","floor":1.0,"turns":1.0},{"damage":0.0,"enemies":"2 Louse","floor":4.0,"turns":1.0},{"damage":0.0,"enemies":"Lagavulin","floor":6.0,"turns":1.0},{"damage":54,"enemies":"Gremlin Nob","floor":8,"turns":3}],"seed_played":"-351038986296575303","potions_obtained":[{"floor":1.0,"key":"Venom Potion"}],"is_trial":false,"path_per_floor":["M","?","?","M","$","E","R","E"],"character_chosen":"DEFECT","items_purchased":["ReplayTheSpireMod:ShopPack"],"campfire_rested":0,"item_purchase_floors":[5],"current_hp_per_floor":[64,41,41,41,41,41,41,0,0],"gold":28,"neow_bonus":"THREE_ENEMY_KILL","is_daily":false,"chose_seed":false,"campfire_upgraded":1,"win_rate":0.0,"timestamp":1612774259,"path_taken":["M","?","?","M","$","E","R","E"],"items_purchased_type":["Relic"],"build_version":"2020-12-22","purchased_purges":1,"victory":false,"max_hp_per_floor":[71,71,71,71,71,71,71,71,71],"card_choices":[{"not_picked":["Barrage","Hologram","Auto Shields"],"picked":"SKIP","floor":1.0},{"not_picked":["Force Field","BasicCrystalCard"],"picked":"ReplayTheSpireMod:Calculation Training","floor":2.0},{"not_picked":["Self Repair","Streamline"],"picked":"Turbo","floor":2.0},{"not_picked":["Gash","Melter"],"picked":"Loop","floor":2.0},{"not_picked":["Undo","Tempest"],"picked":"Ball Lightning","floor":4.0},{"not_picked":["Forethought","Trip"],"picked":"Master of Strategy","floor":5.0},{"not_picked":["Poisoned Strike","Dark Shackles"],"picked":"Apotheosis","floor":5.0},{"not_picked":["Chrysalis","Mayhem"],"picked":"DemoMod:Deposit","floor":5.0},{"not_picked":["Panic Button","Go for the Eyes"],"picked":"FIFO Queue","floor":6.0}],"player_experience":657685,"relics_obtained":[{"floor":6.0,"key":"Replay:Baseball"}],"event_choices":[{"damage_healed":0.0,"max_hp_gain":0.0,"max_hp_loss":0.0,"gold_gain":0.0,"event_name":"Scrap Ooze","player_choice":"Fled","floor":3.0,"gold_loss":0.0,"damage_taken":0.0}],"is_beta":false,"boss_relics":[],"items_purged_floors":[5],"is_endless":false,"potions_floor_spawned":[1],"killed_by":"Gremlin Nob","ascension_level":20}}