{"host":"22ezjknwheybwqtz","time":1612797594,"event":{"mods":["BaseMod","Downfall","Minty Spire (QoL Compilation)","Shop Mod","StSLib","The Necromancer","The Poker Player"],"gold_per_floor":[110,60,60,79,98,98,115,149,175,188,208,208,208,283,283,388,388,400,400,400,416,98,112,112,112,112,112,112,112,124,136,136,241,241,258,275,26,26,26,26,26,26],"floor_reached":41,"language":"ENG","playtime":1604,"items_purged":["Strike_W","Whirlwind_of_Bones+1"],"score":389,"play_id":"44eb7e5f-74b4-4f80-b3a9-84eb9d079222","local_time":"20210208231954","is_ascension_mode":false,"campfire_choices":[{"data":"Finger_Of_Death","floor":6,"key":"SMITH"},{"data":"Negative_Energy_Mist","floor":13,"key":"SMITH"},{"floor":15,"key":"REST"},{"data":"Life_Drain","floor":24,"key":"SMITH"},{"data":"Whirlwind_of_Bones","floor":27,"key":"SMITH"},{"data":"Negative_Energy_Arrows","floor":29,"key":"SMITH"},{"floor":32,"key":"REST"},{"floor":40,"key":"REST"}],"circlet_count":0,"master_deck":["Strike_W","Defend_W","Defend_W","Negative_Energy_Arrows+1","Bone_Wall","Negative_Energy_Mist+1","Finger_Of_Death+1","Negative_Energy_Shield","Negative_Energy_Sphere","Blood_Curse","Life_Drain+1","Requiem","Spectral_Armor","Negative_Energy_Bomb","Negative_Energy_Shield+1","downfall:Bewildered","Negative_Energy_Javelin+1","Summon_Undead+1","Summon_Death_Knight","Uncharnel+1"],"relics":["Vampire_Amulet","NeowsBlessing","Lantern","Tiny Chest","Odd Mushroom","Empty Cage","Matryoshka","sneckomod:BabySnecko","Toy Ornithopter","Bird Faced Urn","PreservedInsect","Black Star","MealTicket","Pantograph","Bottled Flame"],"acts_visited":["Exordium","TheCity","TheBeyond"],"potions_floor_usage":[16,23,33],"damage_taken":[{"damage":0,"enemies":"Jaw Worm","floor":1,"turns":1},{"damage":0,"enemies":"Small Slimes","floor":4,"turns":1},{"damage":0,"enemies":"2 Louse","floor":5,"turns":1},{"damage":7,"enemies":"2 Fungi Beasts","floor":7,"turns":5},{"damage":23,"enemies":"3 Sentries","floor":8,"turns":9},{"damage":7,"enemies":"Large Slime","floor":10,"turns":4},{"damage":21,"enemies":"The Mushroom Lair","floor":11,"turns":4},{"damage":29,"enemies":"The Guardian","floor":16,"turns":12},{"damage":7,"enemies":"Chosen","floor":18,"turns":6},{"damage":51,"enemies":"Spheric Guardian","floor":21,"turns":10},{"damage":3,"enemies":"Snecko","floor":23,"turns":4},{"damage":56,"enemies":"Sentry and Sphere","floor":30,"turns":10},{"damage":19,"enemies":"Centurion and Healer","floor":31,"turns":11},{"damage":58,"enemies":"Automaton","floor":33,"turns":10},{"damage":18,"enemies":"3 Shapes","floor":35,"turns":2},{"damage":63,"enemies":"3 Darklings","floor":36,"turns":8},{"damage":65,"enemies":"2 Orb Walkers","floor":41,"turns":3}],"seed_played":"7401926482479255290","potions_obtained":[{"floor":1,"key":"sneckomod:MuddlingPotion"},{"floor":5,"key":"CultistPotion"},{"floor":16,"key":"bronze:BurnAndBuffPotion"},{"floor":18,"key":"SpeedPotion"},{"floor":21,"key":"DistilledChaos"},{"floor":33,"key":"Ancient Potion"}],"is_trial":false,"path_per_floor":["M","?","$","M","M","R","M","E","T","M","?","?","R","?","R","B",null,"M","T","?","M","$","M","R","?","T","R","?","R","M","M","R","B",null,"M","M","$","T","$","R","?"],"character_chosen":"NECROMANCER","items_purchased":["FairyPotion","Negative_Energy_Bomb","MealTicket"],"campfire_rested":3,"item_purchase_floors":[22,22,37],"current_hp_per_floor":[75,75,75,75,75,75,72,55,55,52,37,30,30,19,41,26,75,75,75,75,36,36,41,41,41,41,41,41,41,24,21,43,6,75,63,11,11,11,26,48,0,0],"gold":26,"neow_bonus":"THREE_ENEMY_KILL","is_daily":false,"chose_seed":false,"campfire_upgraded":5,"win_rate":0.0,"timestamp":1612797594,"path_taken":["M","?","$","M","M","R","M","E","T","M","?","?","R","?","R","BOSS","M","?","?","M","$","M","R","?","T","R","?","R","M","M","R","BOSS","M","M","$","?","$","R","?"],"items_purchased_type":["Potion","Card","Relic"],"build_version":"2020-12-22","purchased_purges":2,"victory":false,"max_hp_per_floor":[75,75,75,75,75,75,75,75,75,75,75,75,75,75,75,75,75,75,75,75,75,75,75,75,75,75,75,75,75,75,75,75,75,75,75,75,75,75,75,75,75,75],"card_choices":[{"not_picked":["Siphon_Strength","Negative_Energy_Javelin"],"picked":"Negative_Energy_Mist","floor":1},{"not_picked":["Bone_Bullets","Shackles_Of_Pain"],"picked":"Finger_Of_Death","floor":4},{"not_picked":["Uncharnel","Bone_Spikes"],"picked":"Negative_Energy_Shield","floor":5},{"not_picked":["Bone_Shift","Death_Coil"],"picked":"Negative_Energy_Sphere","floor":7},{"not_picked":["Negative_Energy_Shield","Chill_Blood"],"picked":"Blood_Curse","floor":8},{"not_picked":["Toxic_Smoke_Screen","Bones_to_Steel","Consume_Illness"],"picked":"SKIP","floor":10},{"not_picked":["Deaths_Shadow","Life_Tap"],"picked":"Life_Drain","floor":11},{"not_picked":["Cloudkill","Summon_Death_Knight"],"picked":"Requiem","floor":16},{"not_picked":["Scare","Negative_Energy_Mist"],"picked":"Spectral_Armor","floor":18},{"not_picked":["Bone_Armor","Exploit"],"picked":"Whirlwind_of_Bones","floor":21},{"not_picked":["Blood_Curse","Chill_Blood"],"picked":"Negative_Energy_Shield+1","floor":23},{"not_picked":["Slay_Living+1","Exploit"],"picked":"Negative_Energy_Javelin+1","floor":30},{"not_picked":["Blood_Is_Power","Summon_Undead_Army"],"picked":"Summon_Undead+1","floor":31},{"not_picked":["Reap_The_Weak","Negative_Energy_Bomb"],"picked":"Summon_Death_Knight","floor":33},{"not_picked":["Bones_to_Steel","Bone_Armory"],"picked":"Uncharnel+1","floor":35},{"not_picked":["Death_Coil+1","Acid_Javelin+1","Bone_Shift+1"],"picked":"SKIP","floor":36}],"player_experience":103980,"relics_obtained":[{"floor":8,"key":"Lantern"},{"floor":9,"key":"Tiny Chest"},{"floor":11,"key":"Odd Mushroom"},{"floor":19,"key":"Matryoshka"},{"floor":26,"key":"Toy Ornithopter"},{"floor":26,"key":"Bird Faced Urn"},{"floor":38,"key":"Pantograph"},{"floor":38,"key":"Bottled Flame"}],"event_choices":[{"cards_removed":["Strike_W"],"damage_healed":0,"gold_gain":0,"player_choice":"Card Removal","damage_taken":0,"max_hp_gain":0,"max_hp_loss":0,"event_name":"The Cleric","floor":2,"gold_loss":50},{"damage_healed":0,"gold_gain":0,"player_choice":"Fought Mushrooms","damage_taken":0,"max_hp_gain":0,"max_hp_loss":0,"event_name":"Mushrooms","floor":11,"gold_loss":0},{"cards_removed":["Defend_W"],"damage_healed":0,"gold_gain":0,"player_choice":"Card Removal","damage_taken":7,"max_hp_gain":0,"max_hp_loss":0,"event_name":"Golden Wing","floor":12,"gold_loss":0},{"damage_healed":0,"gold_gain":75,"player_choice":"Gather Gold","damage_taken":11,"max_hp_gain":0,"max_hp_loss":0,"event_name":"World of Goop","floor":14,"gold_loss":0},{"damage_healed":0,"gold_gain":0,"player_choice":"Ignored","damage_taken":0,"max_hp_gain":0,"max_hp_loss":0,"event_name":"Vampires","floor":20,"gold_loss":0},{"damage_healed":0,"gold_gain":0,"player_choice":"Opened","damage_taken":0,"relics_obtained":["PreservedInsect"],"max_hp_gain":0,"max_hp_loss":0,"event_name":"The Mausoleum","floor":28,"gold_loss":0},{"damage_healed":0,"gold_gain":0,"player_choice":"Fight","damage_taken":0,"max_hp_gain":0,"max_hp_loss":0,"event_name":"Mysterious Sphere","floor":41,"gold_loss":0}],"is_beta":false,"boss_relics":[{"not_picked":["Coffee Dripper","Busted Crown"],"picked":"Empty Cage"},{"not_picked":["Snecko Eye","Runic Dome"],"picked":"Black Star"}],"items_purged_floors":[22,37],"is_endless":false,"potions_floor_spawned":[1,5,16,18,21,33],"killed_by":"2 Orb Walkers","ascension_level":0}}