{"host":"81h68oe4mr04pk3r","time":1612767482,"event":{"mods":["Act Like it!","Aspiration","BaseMod","BetterRewards","Colored Map","Colored Powertips","Conspire","Downfall","Gensokyo","Hallownest","Hermit","Hubris","Infinite Spire","Jorbs\u0027s Wanderer Trilogy","Koishi","Lobotomy","LobotomyExtend","Marisa????????","Minty Spire (QoL Compilation)","Quick Restart","Reimu??????","Remilia??????","StSLib","The Bug Knight","The Construct","The Cursed","The Disciple","The Servant 0.9.4"],"gold_per_floor":[115,133,143,57,75,105,105,13,13,13,48,48,80,95,95,198,198,198,210,210,222,232,232,252,252,252,281,281,308,308,308,308,410,410,428,163,175,195,214,214,228,228,228,242,259,259,259,259],"floor_reached":47,"language":"ENG","playtime":2188,"items_purged":["DragonMeteor"],"score":612,"play_id":"afec91ca-fb81-4886-a8f2-943fcc6e959c","local_time":"20210207225802","is_ascension_mode":false,"campfire_choices":[{"floor":10,"key":"REST"},{"data":"TheCursedMod:DemonicPact","floor":12,"key":"SMITH"},{"floor":15,"key":"REST"},{"data":"TheCursedMod:CursedStaff","floor":23,"key":"SMITH"},{"floor":25,"key":"REST"},{"floor":30,"key":"REST"},{"floor":32,"key":"REST"},{"floor":40,"key":"REST"},{"floor":42,"key":"REST"}],"circlet_count":0,"master_deck":["TheCursedMod:Strike_TheCursed","TheCursedMod:Strike_TheCursed","TheCursedMod:Strike_TheCursed","TheCursedMod:Strike_TheCursed","TheCursedMod:Defend_TheCursed","TheCursedMod:Defend_TheCursed","TheCursedMod:Defend_TheCursed","TheCursedMod:Defend_TheCursed","TheCursedMod:CursedWand","TheCursedMod:CleanUpWorkshop","TheCursedMod:Dregs","TheCursedMod:Hemoplague","TheCursedMod:HellfireBreathing","TheCursedMod:Torture","TheCursedMod:CircleOfCorruption","TheCursedMod:CursedStaff","TheCursedMod:RapidMovement","TheCursedMod:DemonicPact+1","Gensokyo:RustyChest","TheCursedMod:Torture","TheCursedMod:TacticalStrike","TheCursedMod:CursedShiv","TheCursedMod:VoidForm","TheCursedMod:SpitefulStrike","TheCursedMod:CursedStaff+1","TheCursedMod:CursedBlade","TheCursedMod:SmokeScreen","TheCursedMod:UltimatePain","TheCursedMod:Torture","TheCursedMod:HellsGateOpen","TheCursedMod:Torture","hubris:DuctTapeCard","TheCursedMod:CursedBlade"],"relics":["TheCursedMod:BlackMagic101","NeowsBlessing","LetterFromLob","Anchor","conspire:Boomerang","TheCursedMod:Tack","Unceasing Top","aspiration:MarisaSkillbook","Thread and Needle","Blood Vial","Juzu Bracelet","Gensokyo:DirgeOfMelancholy","Nunchaku","conspire:SlowCooker","HollowMod:PaleOreRelic","hubris:64BitClover","hubris:DuctTape"],"acts_visited":["Gensokyo:Gensokyo","Gensokyo:Gensokyoer","Gensokyo:Gensokyoest"],"potions_floor_usage":[29,33,35,45,45],"damage_taken":[{"damage":0,"enemies":"Gensokyo:Gryphon","floor":1,"turns":1},{"damage":0,"enemies":"Gensokyo:2_Kodama","floor":2,"turns":1},{"damage":0,"enemies":"Gensokyo:Python","floor":3,"turns":1},{"damage":0,"enemies":"Gensokyo:LivingMonolith","floor":5,"turns":3},{"damage":17,"enemies":"Gensokyo:Mamizou","floor":6,"turns":9},{"damage":0,"enemies":"Gensokyo:Aya","floor":11,"turns":1},{"damage":4,"enemies":"Gensokyo:Mamizou","floor":13,"turns":3},{"damage":0,"enemies":"Gensokyo:VengefulSpirit","floor":14,"turns":1},{"damage":0,"enemies":"Gensokyo:Reimu","floor":16,"turns":2},{"damage":10,"enemies":"Gensokyo:CosmicMonolith","floor":19,"turns":3},{"damage":10,"enemies":"Gensokyo:2_Gloops","floor":21,"turns":4},{"damage":0,"enemies":"Gensokyo:Monolith_and_Dog","floor":22,"turns":2},{"damage":14,"enemies":"Gensokyo:Chomper_and_Gloop","floor":24,"turns":4},{"damage":17,"enemies":"Gensokyo:Koishi","floor":27,"turns":3},{"damage":19,"enemies":"Gensokyo:Tenshi","floor":29,"turns":3},{"damage":2,"enemies":"Gensokyo:Eiki","floor":33,"turns":4},{"damage":3,"enemies":"Gensokyo:3_Bats","floor":35,"turns":3},{"damage":14,"enemies":"Gensokyo:AncientGuardian","floor":37,"turns":4},{"damage":4,"enemies":"Gensokyo:Sharpion","floor":38,"turns":2},{"damage":33,"enemies":"Gensokyo:4_Bats","floor":39,"turns":5},{"damage":10,"enemies":"Gensokyo:Dusk_and_Dawn","floor":41,"turns":3},{"damage":16,"enemies":"Gensokyo:SeedOfUnknown","floor":44,"turns":4},{"damage":43,"enemies":"Gensokyo:4_Bats","floor":45,"turns":6},{"damage":17,"enemies":"Gensokyo:Rafflesia","floor":47,"turns":2}],"seed_played":"8289091850471764324","potions_obtained":[{"floor":3,"key":"FearPotion"},{"floor":5,"key":"DuplicationPotion"},{"floor":6,"key":"infinitespire:BlackPotion"},{"floor":33,"key":"AttackPotion"},{"floor":37,"key":"AttackPotion"},{"floor":38,"key":"BlessingOfTheForge"}],"is_trial":false,"path_per_floor":["M","M","M","$","M","E","?","COS","T","R","E","R","E","M","R","B",null,"M","M","AVR","M","M","R","M","R","T","E","?","E","R","?","R","B",null,"M","$","M","M","M","R","M","R","T","M","M","?","M"],"character_chosen":"THE_CURSED","items_purchased":["TheCursedMod:CircleOfCorruption","TheCursedMod:CursedStaff","TheCursedMod:HellsGateOpen","HollowMod:PaleOreRelic"],"campfire_rested":7,"item_purchase_floors":[4,4,36,36],"current_hp_per_floor":[75,75,75,75,75,58,40,40,40,62,62,62,58,58,75,75,75,75,65,65,55,55,55,41,63,63,48,48,31,53,53,75,73,75,72,72,60,58,27,49,41,63,63,49,8,8,0,0],"gold":259,"neow_bonus":"THREE_ENEMY_KILL","is_daily":false,"chose_seed":false,"campfire_upgraded":2,"win_rate":0.0,"timestamp":1612767482,"path_taken":["M","M","M","$","M","E","?","COS","T","R","E","R","E","M","R","BOSS","M","M","AVR","M","M","R","M","R","T","E","?","E","R","?","R","BOSS","M","$","M","M","M","R","M","R","T","M","M","?","M"],"items_purchased_type":["Card","Card","Card","Relic"],"build_version":"2020-12-22","purchased_purges":1,"victory":false,"max_hp_per_floor":[75,75,75,75,75,75,75,75,75,75,75,75,75,75,75,75,75,75,75,75,75,75,75,75,75,75,75,75,75,75,75,75,75,75,75,75,75,75,75,75,75,75,75,75,75,75,75,75],"card_choices":[{"not_picked":["TheCursedMod:SpitefulStrike","TheCursedMod:Mangle"],"picked":"TheCursedMod:Hemoplague","floor":1},{"not_picked":["TheCursedMod:CursedArmor","TheCursedMod:Grudge"],"picked":"TheCursedMod:HellfireBreathing","floor":2},{"not_picked":["TheCursedMod:Obscuration","TheCursedMod:FuryStrike"],"picked":"TheCursedMod:Torture","floor":3},{"not_picked":["TheCursedMod:SoulCrush","TheCursedMod:OutForBlood"],"picked":"TheCursedMod:RapidMovement","floor":5},{"not_picked":["TheCursedMod:Obscuration","TheCursedMod:TacticalStrike"],"picked":"TheCursedMod:DemonicPact","floor":6},{"not_picked":["hubris:Fate","infinitespire:NeuralNetwork"],"picked":"hubris:InfiniteBlow+15","floor":7},{"not_picked":["TheCursedMod:RapidMovement","TheCursedMod:BloodBarrier"],"picked":"TheCursedMod:Torture","floor":11},{"not_picked":["TheCursedMod:CircleOfCorruption","TheCursedMod:WearCloak"],"picked":"TheCursedMod:TacticalStrike","floor":13},{"not_picked":["TheCursedMod:RavingStaff","TheCursedMod:AshesToAshes"],"picked":"TheCursedMod:CursedShiv","floor":14},{"not_picked":["TheCursedMod:DemonicPact","TheCursedMod:ManaCirculation"],"picked":"TheCursedMod:VoidForm","floor":16},{"not_picked":["TheCursedMod:Hemoplague","EarthLightRay","TheCursedMod:BloodBarrier"],"picked":"DragonMeteor","floor":19},{"not_picked":["WitchLeyline","TheCursedMod:DoubleShield","Acceleration+1"],"picked":"TheCursedMod:SpitefulStrike","floor":21},{"not_picked":["TheCursedMod:SpitefulPlan","TheCursedMod:BlessingInDisguise","StarBarrage"],"picked":"TheCursedMod:CursedStaff","floor":22},{"not_picked":["TheCursedMod:CircleOfCorruption+1","MachineGunSpark","TheCursedMod:PrepareRite"],"picked":"TheCursedMod:CursedBlade","floor":24},{"not_picked":["MysteriousBeam","OortCloud","TheCursedMod:Hemoplague"],"picked":"TheCursedMod:SmokeScreen","floor":27},{"not_picked":["TheCursedMod:Stretching","DC","TheCursedMod:ReleasedKnowledge+1","StarBarrage"],"picked":"SKIP","floor":29},{"not_picked":["TheCursedMod:ShockAndAwe","EscapeVelocity","BigCrunch"],"picked":"TheCursedMod:UltimatePain","floor":33},{"not_picked":["Acceleration","TheCursedMod:SpitefulStrike","TheCursedMod:CircleOfCorruption"],"picked":"TheCursedMod:Torture","floor":35},{"not_picked":["TheCursedMod:SpitefulPlan","MysteriousBeam","Acceleration+1","PowerUp"],"picked":"SKIP","floor":37},{"not_picked":["TheCursedMod:CursedAmulet+1","OneTimeOff","PulseMagic","OrrerysSun+1"],"picked":"SKIP","floor":38},{"not_picked":["DC","TheCursedMod:RapidMovement","SporeBomb"],"picked":"TheCursedMod:Torture","floor":39},{"not_picked":["DeepEcoloBomb+1","StarBarrage","ShootTheMoon","Orbital"],"picked":"SKIP","floor":41},{"not_picked":["TheCursedMod:CursedSpellbook","DragonMeteor+1","TheCursedMod:CursedBoomerang"],"picked":"TheCursedMod:CursedBlade","floor":44},{"not_picked":["TheCursedMod:CircleOfCorruption+1","ShootingEcho","TheCursedMod:Stigma","TheCursedMod:SurpriseAttack"],"picked":"SKIP","floor":45}],"player_experience":229490,"relics_obtained":[{"floor":1,"key":"LetterFromLob"},{"floor":6,"key":"Anchor"},{"floor":9,"key":"conspire:Boomerang"},{"floor":11,"key":"TheCursedMod:Tack"},{"floor":13,"key":"Unceasing Top"},{"floor":26,"key":"Blood Vial"},{"floor":27,"key":"Juzu Bracelet"},{"floor":29,"key":"Nunchaku"},{"floor":43,"key":"hubris:DuctTape"}],"event_choices":[{"damage_healed":0,"gold_gain":0,"player_choice":"Leave","damage_taken":0,"max_hp_gain":0,"max_hp_loss":0,"event_name":"conspire:Investor","floor":46,"gold_loss":0}],"is_beta":false,"boss_relics":[{"not_picked":["SlaversCollar","Philosopher\u0027s Stone"],"picked":"aspiration:MarisaSkillbook"},{"not_picked":["Black Star","RedLine:ReiMu"],"picked":"conspire:SlowCooker"}],"items_purged_floors":[36],"is_endless":false,"potions_floor_spawned":[3,5,6,14,21,33,37,38],"killed_by":"Gensokyo:Rafflesia","ascension_level":0}}