{"host":"aduepa6pof7ckcrz","time":1612748773,"event":{"mods":["Act Like it!","Arknights","Aspiration","BaseMod","CapriCore","Colored Map","Colored Powertips","Downfall","Hallownest","Hermit","Hubris","Minty Spire (QoL Compilation)","Quick Restart","Replay The Spire","Robot Space Explorer","Shop Mod","StSLib","The Bug Knight","The Marked"],"gold_per_floor":[115,129,129,129,143,173,173,173,173],"floor_reached":8,"language":"FRA","playtime":774,"items_purged":[],"score":56,"play_id":"98afdb20-6019-40e6-beea-49cbde5b173f","local_time":"20210208024613","is_ascension_mode":false,"campfire_choices":[{"data":"ats:Healing Drone","floor":7,"key":"SMITH"}],"circlet_count":0,"master_deck":["ats:Strike C","ats:Strike G","ats:Strike S","ats:Strike V","ats:Armor Crushing Shot","ats:Defend","ats:Defend","ats:Defend","ats:Defend","ats:Emotion Absorption","Flash of Steel","ats:Song Of Battle","ats:Absolute Focus","ats:Healing Drone+1","ats:Encircling Forest"],"relics":["ats:Sanity","ats:Originium","Blue Doll"],"acts_visited":["Hallownest:Greenpath"],"potions_floor_usage":[6,6,8],"damage_taken":[{"damage":1,"enemies":"Hallownest:2_MossCreeps","floor":1,"turns":8},{"damage":0,"enemies":"Hallownest:monsterHuskWarrior","floor":2,"turns":3},{"damage":0,"enemies":"Hallownest:2_Baldur","floor":5,"turns":6},{"damage":120,"enemies":"Hallownest:eliteMossKnight","floor":6,"turns":30},{"damage":42,"enemies":"Hallownest:eliteCrystalGuardian","floor":8,"turns":9}],"seed_played":"-5701235159142862225","potions_obtained":[{"floor":2,"key":"sneckomod:MuddlingPotion"},{"floor":6,"key":"Dexterity Potion"}],"is_trial":false,"path_per_floor":["M","M","?","?","M","E","R","E"],"character_chosen":"DOCTOR_CLASS","items_purchased":[],"campfire_rested":0,"item_purchase_floors":[],"current_hp_per_floor":[71,71,71,72,72,28,28,10,10],"gold":173,"neow_bonus":"RANDOM_COLORLESS","is_daily":false,"chose_seed":false,"campfire_upgraded":1,"win_rate":0.0,"timestamp":1612748773,"path_taken":["M","M","?","?","M","E","R","E"],"items_purchased_type":[],"build_version":"2020-12-22","purchased_purges":0,"victory":false,"max_hp_per_floor":[72,72,72,72,72,72,72,72,72],"card_choices":[{"not_picked":["Finesse","Replay:Sssssssssstrike"],"picked":"Flash of Steel","floor":0},{"not_picked":["ats:Magnetic Hammer","ats:Sword Rain"],"picked":"ats:Song Of Battle","floor":1},{"not_picked":["ats:Healing Strengthening","ats:Soul Absorption"],"picked":"ats:Absolute Focus","floor":2},{"not_picked":["ats:Magnetic Hammer","ats:Closed Bolt Burst Fire"],"picked":"ats:Healing Drone","floor":5},{"not_picked":["ats:Curse Doll","ats:Cat Scratch"],"picked":"ats:Encircling Forest","floor":6}],"player_experience":1014881,"relics_obtained":[{"floor":6,"key":"ats:Originium"},{"floor":6,"key":"Blue Doll"}],"event_choices":[],"is_beta":false,"boss_relics":[],"items_purged_floors":[],"is_endless":false,"potions_floor_spawned":[2,6],"killed_by":"Hallownest:eliteCrystalGuardian","ascension_level":0}}