{"host":"qc8p2flj7wsy3zpg","time":1612803280,"event":{"mods":["BaseMod","Highlight Path","Minty Spire (QoL Compilation)","Monster List Patch","Relic Stats","StSLib"],"gold_per_floor":[116,116,129,142,157,185,185,185,185],"floor_reached":8,"language":"ENG","playtime":373,"items_purged":[],"score":116,"play_id":"394cdeed-c7c3-4632-97e0-b1e01780c4f4","local_time":"20210208105440","is_ascension_mode":true,"campfire_choices":[{"floor":7,"key":"REST"}],"circlet_count":0,"master_deck":["AscendersBane","Strike_G+1","Strike_G","Strike_G","Strike_G","Strike_G","Defend_G","Defend_G+1","Defend_G","Defend_G","Defend_G","Survivor","Neutralize","Poisoned Stab","Bane","Blade Dance","Sucker Punch","Bouncing Flask"],"relics":["Ring of the Snake","Thread and Needle"],"acts_visited":["Exordium"],"potions_floor_usage":[5,6],"damage_taken":[{"damage":3,"enemies":"Small Slimes","floor":1,"turns":7},{"damage":0,"enemies":"Jaw Worm","floor":3,"turns":3},{"damage":1,"enemies":"Cultist","floor":4,"turns":3},{"damage":11,"enemies":"3 Louse","floor":5,"turns":4},{"damage":27,"enemies":"Lagavulin","floor":6,"turns":7},{"damage":22,"enemies":"3 Sentries","floor":8,"turns":8}],"seed_played":"-7375216567405432555","potions_obtained":[{"floor":1,"key":"EssenceOfSteel"},{"floor":5,"key":"SteroidPotion"}],"is_trial":false,"path_per_floor":["M","?","M","M","M","E","R","E"],"character_chosen":"THE_SILENT","items_purchased":[],"campfire_rested":1,"item_purchase_floors":[],"current_hp_per_floor":[62,40,40,39,28,1,22,0,0],"gold":185,"neow_bonus":"TEN_PERCENT_HP_BONUS","is_daily":false,"chose_seed":false,"campfire_upgraded":0,"win_rate":0.0,"timestamp":1612803280,"path_taken":["M","?","M","M","M","E","R","E"],"items_purchased_type":[],"build_version":"2020-12-22","purchased_purges":0,"victory":false,"max_hp_per_floor":[72,72,72,72,72,72,72,72,72],"relic_stats":{"counters":[6,32],"obtain_stats":[{"Thread and Needle":6,"Ring of the Snake":0},{"Thread and Needle":5,"Ring of the Snake":0},{"Thread and Needle":24,"Ring of the Snake":0}],"Ring of the Snake":[12]},"card_choices":[{"not_picked":["Finisher","Choke"],"picked":"Poisoned Stab","floor":1},{"not_picked":["Quick Slash","Dodge and Roll"],"picked":"Bane","floor":3},{"not_picked":["Dagger Throw","Masterful Stab"],"picked":"Blade Dance","floor":4},{"not_picked":["Slice","Calculated Gamble"],"picked":"Sucker Punch","floor":5},{"not_picked":["Phantasmal Killer","Masterful Stab"],"picked":"Bouncing Flask","floor":6}],"player_experience":2337618,"relics_obtained":[{"floor":6,"key":"Thread and Needle"}],"event_choices":[{"damage_healed":0,"gold_gain":0,"player_choice":"Entered Light","damage_taken":22,"max_hp_gain":0,"max_hp_loss":0,"event_name":"Shining Light","floor":2,"gold_loss":0,"cards_upgraded":["Strike_G","Defend_G"]}],"is_beta":false,"boss_relics":[],"items_purged_floors":[],"is_endless":false,"potions_floor_spawned":[1,5],"killed_by":"3 Sentries","ascension_level":20}}