{"host":"iirf6tm60n5v4e3j","time":1612774088,"event":{"mods":["Act Like it!","BaseMod","Gensokyo","Marisa????????","Minty Spire (QoL Compilation)","StSLib","The Marked"],"gold_per_floor":[117,162,177,25,59,59,104,54,54,14,14,14,14,64,64,184,184,209,209,236,18,48,48,48,48],"floor_reached":24,"language":"ENG","playtime":1629,"items_purged":["Strike_MRS"],"score":320,"play_id":"cfc32fa7-a212-4f18-ab80-4aedf0cea08b","local_time":"20210208004808","is_ascension_mode":true,"campfire_choices":[{"data":"Strike_MRS","floor":6,"key":"PURGE"},{"floor":11,"key":"REST"},{"data":"Defend_MRS","floor":13,"key":"PURGE"},{"data":"Defend_MRS","floor":15,"key":"PURGE"},{"data":"Strike_MRS","floor":23,"key":"PURGE"}],"circlet_count":0,"master_deck":["Strike_MRS","Defend_MRS","Defend_MRS","MasterSpark","UpSweep","WitchOfGreed","6A","MilkyWay","DarkMatter","Gensokyo:BlessingOfVigor","DeepEcoloBomb","AlicesGift","TreasureHunter","NonDirectionalLaser","Gensokyo:LockedMedkit","Singularity"],"relics":["MiniHakkero","Peace Pipe","Letter Opener","Gremlin Horn","Bottled Tornado","Gensokyo:Mercy","Bag of Marbles","Coffee Dripper","Gensokyo:DirgeOfMelancholy","SimpleLauncher","Frozen Eye"],"acts_visited":["Exordium","Gensokyo:Gensokyo"],"potions_floor_usage":[5,7,7,14,22,24,24,24],"damage_taken":[{"damage":12,"enemies":"Gensokyo:Gryphon","floor":1,"turns":3},{"damage":49,"enemies":"Gensokyo:Aya","floor":2,"turns":9},{"damage":2,"enemies":"Gensokyo:Python","floor":3,"turns":3},{"damage":7,"enemies":"Gensokyo:2_Kodama","floor":5,"turns":5},{"damage":11,"enemies":"Gensokyo:Mamizou","floor":7,"turns":8},{"damage":0,"enemies":"Gensokyo:Cirno","floor":14,"turns":4},{"damage":4,"enemies":"Gensokyo:Yukari","floor":16,"turns":8},{"damage":0,"enemies":"Gensokyo:2_Gloops","floor":18,"turns":3},{"damage":0,"enemies":"Gensokyo:Chomper","floor":20,"turns":4},{"damage":15,"enemies":"Gensokyo:Slime_Group","floor":22,"turns":5},{"damage":47,"enemies":"Gensokyo:Koishi","floor":24,"turns":6}],"seed_played":"6105683043052851517","potions_obtained":[{"floor":1,"key":"Strength Potion"},{"floor":5,"key":"EssenceOfSteel"},{"floor":7,"key":"DuplicationPotion"},{"floor":7,"key":"DistilledChaos"},{"floor":14,"key":"GamblersBrew"},{"floor":16,"key":"PowerPotion"},{"floor":18,"key":"SteroidPotion"},{"floor":22,"key":"GamblersBrew"}],"is_trial":false,"path_per_floor":["M","?","M","$","M","R","E","?","T","$","R","?","R","E","R","B",null,"M","?","M","COS","M","R","E"],"character_chosen":"MARISA","items_purchased":["Regen Potion","DeepEcoloBomb"],"campfire_rested":1,"item_purchase_floors":[4,10],"current_hp_per_floor":[56,7,5,5,12,12,1,1,1,1,21,21,21,21,21,17,55,55,55,55,55,40,40,0,0],"gold":48,"neow_bonus":"ONE_RARE_RELIC","is_daily":false,"chose_seed":false,"campfire_upgraded":0,"win_rate":0.0,"timestamp":1612774088,"path_taken":["M","?","M","$","M","R","E","?","T","?","R","?","R","E","R","BOSS","M","?","M","COS","M","R","E"],"items_purchased_type":["Potion","Card"],"build_version":"2020-12-22","purchased_purges":1,"victory":false,"max_hp_per_floor":[68,68,68,68,68,68,68,68,68,68,68,68,68,68,68,68,68,68,68,68,68,68,68,68,68],"card_choices":[{"not_picked":["EventHorizon","SuperPerseids"],"picked":"WitchOfGreed","floor":1},{"not_picked":["NonDirectionalLaser","Orbital"],"picked":"6A","floor":2},{"not_picked":["Acceleration","NonDirectionalLaser"],"picked":"6A","floor":3},{"not_picked":["GalacticHalo","EnergyRecoil"],"picked":"MilkyWay","floor":5},{"not_picked":["DoubleSpark","ChargeUpSpray"],"picked":"DarkMatter","floor":7},{"not_picked":["WitchLeyline","DarkMatter"],"picked":"AlicesGift","floor":14},{"not_picked":["SuperNova","BlazingStar"],"picked":"TreasureHunter","floor":16},{"not_picked":["WitchLeyline","OrrerysSun"],"picked":"NonDirectionalLaser","floor":18},{"not_picked":["NonDirectionalLaser","SprinkleStarSeal","DragonMeteor"],"picked":"SKIP","floor":20},{"not_picked":["ManaConvection","LuminesStrike"],"picked":"Singularity","floor":22}],"player_experience":201072,"relics_obtained":[{"floor":2,"key":"Letter Opener"},{"floor":7,"key":"Gremlin Horn"},{"floor":9,"key":"Bottled Tornado"},{"floor":14,"key":"Bag of Marbles"}],"event_choices":[],"is_beta":false,"boss_relics":[{"not_picked":["Cursed Key","Pandora\u0027s Box"],"picked":"Coffee Dripper"}],"items_purged_floors":[4],"is_endless":false,"potions_floor_spawned":[1,7,14,18],"killed_by":"Gensokyo:Koishi","ascension_level":8}}