{"host":"kn32u0f2pym5bozc","time":1612786316,"event":{"mods":["2.2 Compatiblity","BaseMod","Better Third Choice","Minty Spire (QoL Compilation)","Permanent Neow","Relic Stats","StSLib","The Animator"],"gold_per_floor":[115,143,143,162,181,181,1,17,17,45,55,85,85,97,97,169,169,182,233,247,276,288,288,321,321,321,321,356,356,373,373,373],"floor_reached":31,"language":"ENG","playtime":2494,"items_purged":["animator:Strike"],"score":549,"play_id":"c362235c-25b7-4ff8-a42d-ecaf086bddf4","local_time":"20210208071156","is_ascension_mode":true,"campfire_choices":[{"data":"animator:LeleiLaLalena","floor":6.0,"key":"SMITH"},{"data":"animator:Mikaela","floor":15.0,"key":"SMITH"},{"floor":23,"key":"REST"},{"floor":25,"key":"REST"},{"data":"animator:Konayuki","floor":27,"key":"SMITH"}],"circlet_count":0,"master_deck":["AscendersBane","animator:Strike_OwariNoSeraph","animator:Defend_OwariNoSeraph","animator:Strike","animator:Defend+1","animator:Defend","animator:Defend","animator:Shinoa","animator:Mikaela+1","animator:LeleiLaLalena+1","animator:YuiTsuruno","animator:Yuuichirou","animator:Vanir","animator:Benimaru","animator:Geryuganshoop","animator:FielNirvalen","animator:Spearman","animator:CrowleyEusford","animator:Elsword","animator:GoblinSlayer","CurseOfTheBell","animator:Kaijin+1","animator:Aqua+1","animator:Shigure","animator:Gluttony","animator:Mitsurugi+1","animator:Kazuma","animator:Konayuki+1","animator:MumenRider","animator:Mikaela+1","animator:Witch"],"relics":["animator:LivingPicture","animator:TheMissingPiece","animator:PurgingStone","Ornamental Fan","Strawberry","Dream Catcher","Calling Bell","Smiling Mask","InkBottle","Du-Vu Doll","Potion Belt","Pantograph","CaptainsWheel","Girya"],"acts_visited":["Exordium","TheCity"],"potions_floor_usage":[24,28],"damage_taken":[{"damage":0.0,"enemies":"Small Slimes","floor":1.0,"turns":6.0},{"damage":0.0,"enemies":"Cultist","floor":2.0,"turns":4.0},{"damage":0.0,"enemies":"2 Louse","floor":4.0,"turns":2.0},{"damage":11.0,"enemies":"Exordium Thugs","floor":5.0,"turns":4.0},{"damage":3.0,"enemies":"2 Fungi Beasts","floor":8.0,"turns":3.0},{"damage":19.0,"enemies":"Lagavulin","floor":10.0,"turns":6.0},{"damage":4.0,"enemies":"Lots of Slimes","floor":11.0,"turns":5.0},{"damage":11.0,"enemies":"3 Sentries","floor":12.0,"turns":8.0},{"damage":5.0,"enemies":"Gremlin Gang","floor":14.0,"turns":4.0},{"damage":16.0,"enemies":"Hexaghost","floor":16.0,"turns":8.0},{"damage":39.0,"enemies":"3 Byrds","floor":18.0,"turns":5.0},{"damage":15.0,"enemies":"2 Thieves","floor":20.0,"turns":3.0},{"damage":16.0,"enemies":"Snake Plant","floor":21.0,"turns":3.0},{"damage":1,"enemies":"Centurion and Healer","floor":22,"turns":8},{"damage":6,"enemies":"Gremlin Leader","floor":24,"turns":6},{"damage":34,"enemies":"Book of Stabbing","floor":28,"turns":5},{"damage":23,"enemies":"Snecko","floor":30,"turns":6},{"damage":3,"enemies":"Snake Plant","floor":31,"turns":1}],"seed_played":"-969632765052727676","potions_obtained":[{"floor":5.0,"key":"CultistPotion"},{"floor":12.0,"key":"Strength Potion"},{"floor":14.0,"key":"DistilledChaos"},{"floor":22,"key":"Dexterity Potion"},{"floor":24,"key":"SkillPotion"},{"floor":30,"key":"Ancient Potion"}],"is_trial":false,"path_per_floor":["M","M","?","M","M","R","$","M","T","E","M","E","?","M","R","B",null,"M","T","M","M","M","R","E","R","T","R","E","?","M","M"],"character_chosen":"THE_ANIMATOR","items_purchased":["animator:Benimaru","AttackPotion"],"campfire_rested":2,"item_purchase_floors":[7,7],"current_hp_per_floor":[54,54,54,54,43,43,43,40,40,28,24,14,78,73,73,57,73,34,34,19,3,5,28,29,52,52,52,21,21,1,0,0],"gold":373,"neow_bonus":"THREE_CARDS","is_daily":false,"chose_seed":false,"campfire_upgraded":3,"win_rate":0.0,"timestamp":1612786316,"path_taken":["M","M","?","M","M","R","$","M","T","E","?","E","?","M","R","BOSS","M","?","M","M","M","R","E","R","T","R","E","?","?","M"],"items_purchased_type":["Card","Potion"],"build_version":"2020-12-22","purchased_purges":1,"victory":false,"max_hp_per_floor":[60,60,60,60,60,60,60,60,60,67,67,68,78,78,78,78,78,78,78,78,78,78,78,78,78,78,78,78,78,78,78,78],"relic_stats":{"Dream Catcher":2,"counters":[18,87],"Ornamental Fan":[108],"Pantograph":0,"Smiling Mask":0,"obtain_stats":[{"Potion Belt":19,"Girya":28,"animator:TheMissingPiece":0,"Smiling Mask":17,"Calling Bell":17,"Du-Vu Doll":17,"Dream Catcher":12,"CaptainsWheel":26,"animator:PurgingStone":0,"Ornamental Fan":9,"Strawberry":10,"Pantograph":24,"animator:LivingPicture":0,"InkBottle":17},{"Potion Belt":11,"Girya":16,"animator:TheMissingPiece":0,"Smiling Mask":10,"Calling Bell":10,"Du-Vu Doll":10,"Dream Catcher":8,"CaptainsWheel":15,"animator:PurgingStone":0,"Ornamental Fan":5,"Strawberry":6,"Pantograph":15,"animator:LivingPicture":0,"InkBottle":10},{"Potion Belt":55,"Girya":80,"animator:TheMissingPiece":0,"Smiling Mask":50,"Calling Bell":50,"Du-Vu Doll":50,"Dream Catcher":38,"CaptainsWheel":75,"animator:PurgingStone":0,"Ornamental Fan":19,"Strawberry":25,"Pantograph":75,"animator:LivingPicture":0,"InkBottle":50}],"InkBottle":[13]},"card_choices":[{"not_picked":["animator:Millim","animator:Vesta"],"picked":"animator:LeleiLaLalena","floor":0.0},{"not_picked":["animator:Guy","animator:Shigure"],"picked":"animator:YuiTsuruno","floor":1.0},{"not_picked":["animator:Vesta","animator:Aisha"],"picked":"animator:Yuuichirou","floor":2.0},{"not_picked":["animator:Viivi","animator:Genos"],"picked":"animator:Vanir","floor":4.0},{"not_picked":["animator:LizardPriest","animator:DwarfShaman"],"picked":"animator:SwordMaiden","floor":5.0},{"not_picked":["animator:Mikaela","animator:Elsword"],"picked":"animator:Geryuganshoop","floor":8.0},{"not_picked":["animator:YuiTsuruno","animator:Viivi"],"picked":"animator:FielNirvalen","floor":10.0},{"not_picked":["animator:Priestess","animator:RinTohsaka"],"picked":"animator:Spearman","floor":11.0},{"not_picked":["animator:Mikaela","animator:Shinoa"],"picked":"animator:CrowleyEusford","floor":12.0},{"not_picked":["animator:DwarfShaman","animator:YuiTsuruno"],"picked":"animator:Elsword","floor":14.0},{"not_picked":["animator:Guren","animator:Kyubey"],"picked":"animator:GoblinSlayer","floor":16.0},{"not_picked":["animator:LeleiLaLalena","animator:UneriGinkaku"],"picked":"animator:Kaijin+1","floor":18.0},{"not_picked":["animator:Melzalgald","animator:MumenRider"],"picked":"animator:Aqua+1","floor":20.0},{"not_picked":["animator:Yoichi","animator:Yuuichirou"],"picked":"animator:Shigure","floor":21.0},{"not_picked":["animator:Spearman","animator:Yoichi"],"picked":"animator:Gluttony","floor":22},{"not_picked":["animator:Azekura","animator:Ainz"],"picked":"animator:Mitsurugi+1","floor":23},{"not_picked":["animator:Priestess","animator:Sloth"],"picked":"animator:Kazuma","floor":24},{"not_picked":["animator:DolaStephanie+1","animator:Kazuma"],"picked":"animator:Konayuki","floor":25},{"not_picked":["animator:Elsword","animator:Tet"],"picked":"animator:MumenRider","floor":28},{"not_picked":["animator:HighElfArcher","animator:GuildGirl"],"picked":"animator:Witch","floor":30}],"player_experience":925247,"relics_obtained":[{"floor":9.0,"key":"Ornamental Fan"},{"floor":10.0,"key":"Strawberry"},{"floor":12.0,"key":"Dream Catcher"},{"floor":17.0,"key":"Smiling Mask"},{"floor":17.0,"key":"InkBottle"},{"floor":17.0,"key":"Du-Vu Doll"},{"floor":19.0,"key":"Potion Belt"},{"floor":24,"key":"Pantograph"},{"floor":26,"key":"CaptainsWheel"},{"floor":28,"key":"Girya"}],"event_choices":[{"cards_removed":["animator:Strike"],"damage_healed":0.0,"max_hp_gain":0.0,"max_hp_loss":0.0,"gold_gain":0.0,"event_name":"Wheel of Change","player_choice":"Card Removal","floor":3.0,"gold_loss":0.0,"damage_taken":0.0},{"cards_removed":["animator:SwordMaiden"],"damage_healed":54.0,"max_hp_gain":10.0,"max_hp_loss":0.0,"gold_gain":0.0,"event_name":"Bonfire Elementals","player_choice":"Offered Rare","floor":13.0,"gold_loss":0.0,"damage_taken":0.0},{"damage_healed":0,"gold_gain":0,"player_choice":"Copied","damage_taken":0,"max_hp_gain":0,"max_hp_loss":0,"event_name":"Duplicator","floor":29,"gold_loss":0,"cards_obtained":["animator:Mikaela"]}],"is_beta":false,"boss_relics":[{"not_picked":["Velvet Choker","animator:VividPicture"],"picked":"Calling Bell"}],"items_purged_floors":[7],"is_endless":false,"potions_floor_spawned":[5,8,12,14,22,24,30],"killed_by":"Snake Plant","ascension_level":18}}