{"host":"dtz8fhk52srfoofc","time":1612792900,"event":{"mods":["2.2 Compatiblity","AchievementEnabler","Aspiration","BaseMod","Beaked The Cultist","Better Altar","Better Match","Better Note","Better Sensory Stone","Better Third Choice","BetterRewards","Colored Map","Colored Powertips","Energized Spire","Gold Saver","Gremlin Skip","Highlight Path","Infinite Spire","JesterMod","Kratos Character Expansion","Minty Spire (QoL Compilation)","Permanent Neow","QueenMod","Quick Restart","Rare Cards Sparkle","Remove Card Discount Mod","Shop Mod","Somnambulant","Spicy Shops","StSLib","Steal the Spire","The Blackbeard","The Mystic","The Senshi","The Wild Card","TheHero","Transform Curses","Unceasing Turn Reminder","everything is the same but u backflip on backflip"],"gold_per_floor":[621,218,218,228,228,228,263,263,287,287,303,319,319,345,345,447,447,463,463,463,463,463,463,463,463],"floor_reached":23,"language":"ENG","playtime":1770,"items_purged":[],"score":235,"play_id":"a62566fa-4e4d-46a6-9d66-2d667f19e3f2","local_time":"20210208080140","is_ascension_mode":false,"campfire_choices":[{"data":"theWildCard:Polydeuces","floor":6,"key":"SMITH"},{"data":"blackbeard:Cutlass","floor":8,"key":"SMITH"},{"data":"blackbeard:Spear","floor":10,"key":"SMITH"},{"floor":15,"key":"REST"}],"circlet_count":0,"master_deck":["blackbeard:BlackbeardStrike","blackbeard:BlackbeardStrike","blackbeard:BlackbeardStrike","blackbeard:BlackbeardStrike","blackbeard:IntimidatingStrike","blackbeard:BlackbeardDefend","blackbeard:BlackbeardDefend","blackbeard:BlackbeardDefend","blackbeard:BlackbeardDefend","blackbeard:Cutlass+1","blackbeard:Spear+1","blackbeard:PirateEarring","blackbeard:PowerHungry","blackbeard:RearmingStrike","blackbeard:BlindAttacks","theWildCard:Polydeuces+1","blackbeard:TacticalRetreat","blackbeard:TerrorOfTheSeas","blackbeard:WeaponProficiency","blackbeard:Halberd","Injury","blackbeard:Parrot","blackbeard:PiratesWill+1","somnambulantmod: SleepParalysis+1"],"relics":["blackbeard:LoadTheCannons","Juzu Bracelet","Lantern","Nunchaku","infinitespire:Beetle Shell","Toxic Egg 2","Centennial Puzzle","jesterMod:MachoBrace","betterThird:NestCultRelic","aspiration:RitualStick"],"acts_visited":["Exordium","TheCity"],"potions_floor_usage":[],"damage_taken":[{"damage":0,"enemies":"Small Slimes","floor":1,"turns":4},{"damage":3,"enemies":"Jaw Worm","floor":4,"turns":3},{"damage":14,"enemies":"Gremlin Nob","floor":7,"turns":3},{"damage":0,"enemies":"Cultist","floor":11,"turns":2},{"damage":9,"enemies":"Exordium Thugs","floor":12,"turns":4},{"damage":0,"enemies":"Slime Boss","floor":16,"turns":5},{"damage":7,"enemies":"3 Byrds","floor":18,"turns":5},{"damage":64,"enemies":"Gremlin Leader","floor":23,"turns":3}],"seed_played":"9070660952399753952","potions_obtained":[{"floor":1,"key":"GamblersBrew"},{"floor":11,"key":"FearPotion"}],"is_trial":false,"path_per_floor":["M","$","?","M","?","R","E","R","T","R","M","M","?","T","R","B",null,"M","?","?","?","?","E"],"character_chosen":"BLACKBEARD_CLASS","items_purchased":["Juzu Bracelet","blackbeard:PirateEarring","blackbeard:PowerHungry","blackbeard:RearmingStrike","blackbeard:BlindAttacks"],"campfire_rested":1,"item_purchase_floors":[2,2,2,2,2],"current_hp_per_floor":[82,82,82,79,79,79,65,65,65,65,65,56,56,56,80,80,82,75,75,75,75,59,0,0,0],"gold":463,"neow_bonus":"TEN_PERCENT_HP_BONUS","is_daily":false,"chose_seed":false,"campfire_upgraded":3,"win_rate":0.0,"timestamp":1612792900,"path_taken":["M","$","?","M","?","R","E","R","T","R","M","M","?","?","R","BOSS","M","?","?","?","?","E"],"items_purchased_type":["Relic","Card","Card","Card","Card"],"build_version":"2020-12-22","purchased_purges":0,"victory":false,"max_hp_per_floor":[82,82,82,82,82,82,82,82,82,82,82,82,82,82,82,82,82,82,82,82,82,82,82,82,82],"card_choices":[{"not_picked":["blackbeard:BeatUp","blackbeard:Toast"],"picked":"blackbeard:Spear","floor":1},{"not_picked":["blackbeard:Spear","blackbeard:DoubleCannonball"],"picked":"blackbeard:TacticalRetreat","floor":4},{"not_picked":["blackbeard:BlindAttacks","blackbeard:CannonBarrage"],"picked":"blackbeard:TerrorOfTheSeas","floor":7},{"not_picked":["blackbeard:BeatUp","blackbeard:Dagger"],"picked":"blackbeard:WeaponProficiency","floor":11},{"not_picked":["blackbeard:BeatUp","blackbeard:Spear"],"picked":"blackbeard:Halberd","floor":12},{"not_picked":["blackbeard:ReapersScythe+1","blackbeard:GoldenGuillotine"],"picked":"blackbeard:Parrot","floor":16},{"not_picked":["blackbeard:SwordDance+1","blackbeard:Dagger+1"],"picked":"blackbeard:PiratesWill+1","floor":18}],"player_experience":223355,"relics_obtained":[{"floor":7,"key":"Nunchaku"},{"floor":9,"key":"infinitespire:Beetle Shell"},{"floor":14,"key":"Centennial Puzzle"}],"event_choices":[{"damage_healed":0,"gold_gain":0,"player_choice":"Gave Potion","damage_taken":0,"relics_obtained":["Lantern"],"max_hp_gain":0,"max_hp_loss":0,"event_name":"WeMeetAgain","floor":5,"gold_loss":0},{"cards_removed":["blackbeard:Parrot"],"damage_healed":0,"gold_gain":0,"player_choice":"Take \u0026 Give","damage_taken":0,"max_hp_gain":0,"max_hp_loss":0,"event_name":"betterNote:BetterNote","floor":19,"gold_loss":0,"cards_obtained":["somnambulantmod: SleepParalysis"]},{"damage_healed":0,"gold_gain":0,"player_choice":"Ignored","damage_taken":0,"max_hp_gain":0,"max_hp_loss":0,"event_name":"Beggar","floor":20,"gold_loss":0},{"damage_healed":0,"gold_gain":0,"player_choice":"Madness","damage_taken":0,"relics_obtained":["betterThird:NestCultRelic"],"max_hp_gain":0,"max_hp_loss":0,"event_name":"betterThird:BetterNest","floor":21,"gold_loss":0}],"is_beta":false,"boss_relics":[{"not_picked":["Fusion Hammer","energizedSpire:StickyHand"],"picked":"jesterMod:MachoBrace"}],"items_purged_floors":[],"is_endless":false,"potions_floor_spawned":[1,11],"killed_by":"Gremlin Leader","ascension_level":0}}