{"host":"sav7uxregyirlf69","time":1612764152,"event":{"mods":["AchievementEnabler","BaseMod","Colored Map","DeckTracker","Keyboard Shortcuts","Minty Spire (QoL Compilation)","READ ME - Guardian Mod","StSLib","SuperFastMode"],"gold_per_floor":[365,379,40,55,74,74,74,88,168,168,168,178,192,203,203,203,203],"floor_reached":16,"language":"KOR","playtime":244,"items_purged":["Strike_G"],"score":192,"play_id":"f9498171-277d-47ed-bda5-e848c5dfbd68","local_time":"20210208150232","is_ascension_mode":true,"campfire_choices":[{"data":"Calculated Gamble","floor":6.0,"key":"SMITH"},{"floor":11,"key":"REST"},{"data":"Deep Breath","floor":15,"key":"SMITH"}],"circlet_count":0,"master_deck":["AscendersBane","Strike_G","Strike_G","Strike_G","Strike_G","Defend_G","Defend_G+1","Defend_G","Defend_G","Survivor","Neutralize","Reflex+1","Calculated Gamble+1","Deep Breath+1","Footwork","Flying Knee","Dagger Spray","Die Die Die","Acrobatics","Reflex"],"relics":["Ring of the Snake","War Paint","Sundial"],"acts_visited":["Exordium"],"potions_floor_usage":[16],"damage_taken":[{"damage":11.0,"enemies":"Cultist","floor":1.0,"turns":5.0},{"damage":3.0,"enemies":"2 Louse","floor":2.0,"turns":3.0},{"damage":3.0,"enemies":"Jaw Worm","floor":4.0,"turns":8.0},{"damage":7.0,"enemies":"Exordium Wildlife","floor":5.0,"turns":6.0},{"damage":18.0,"enemies":"3 Louse","floor":8.0,"turns":5.0},{"damage":3,"enemies":"Looter","floor":12,"turns":5},{"damage":0,"enemies":"Gremlin Gang","floor":13,"turns":2},{"damage":0,"enemies":"Lots of Slimes","floor":14,"turns":1},{"damage":30,"enemies":"Slime Boss","floor":16,"turns":3}],"seed_played":"5829669827076999469","potions_obtained":[{"floor":1.0,"key":"Ancient Potion"},{"floor":2.0,"key":"CultistPotion"}],"is_trial":false,"path_per_floor":["M","M","$","M","M","R","?","M","T","?","R","M","M","M","R","B"],"character_chosen":"THE_SILENT","items_purchased":["War Paint","Deep Breath"],"campfire_rested":1,"item_purchase_floors":[3,3],"current_hp_per_floor":[33,30,30,27,20,20,20,2,2,2,21,18,18,18,18,0,0],"gold":203,"neow_bonus":"TWO_FIFTY_GOLD","is_daily":false,"chose_seed":false,"campfire_upgraded":2,"win_rate":0.0,"timestamp":1612764152,"path_taken":["M","M","$","M","M","R","?","?","T","?","R","?","M","M","R","BOSS"],"items_purchased_type":["Relic","Card"],"build_version":"2020-12-22","purchased_purges":1,"victory":false,"max_hp_per_floor":[66,66,66,66,66,66,66,66,66,66,66,66,66,66,66,66,66],"card_choices":[{"not_picked":["Flechettes","Riddle With Holes"],"picked":"Reflex","floor":1.0},{"not_picked":["Flying Knee","Bane"],"picked":"Calculated Gamble","floor":2.0},{"not_picked":["Distraction","Bouncing Flask"],"picked":"Footwork","floor":4.0},{"not_picked":["Footwork","PiercingWail"],"picked":"Flying Knee","floor":5.0},{"not_picked":["Bane","Dodge and Roll"],"picked":"Dagger Spray","floor":8.0},{"not_picked":["Choke","Backflip"],"picked":"Die Die Die","floor":12},{"not_picked":["Quick Slash","Outmaneuver"],"picked":"Acrobatics","floor":13},{"not_picked":["Deflect","Eviscerate"],"picked":"Reflex","floor":14}],"player_experience":1519668,"relics_obtained":[{"floor":9.0,"key":"Sundial"}],"event_choices":[{"cards_removed":["Defend_G"],"damage_healed":0.0,"max_hp_gain":0.0,"max_hp_loss":0.0,"gold_gain":0.0,"event_name":"Purifier","player_choice":"Purged","floor":7.0,"gold_loss":0.0,"damage_taken":0.0},{"damage_healed":0,"gold_gain":0,"player_choice":"Relic","damage_taken":0,"max_hp_gain":0,"max_hp_loss":0,"event_name":"Wheel of Change","floor":10,"gold_loss":0}],"is_beta":false,"boss_relics":[],"items_purged_floors":[3],"is_endless":false,"potions_floor_spawned":[1,2,4,12],"killed_by":"Slime Boss","ascension_level":20}}