{"host":"10hinapzqlh39548","time":1612788465,"event":{"mods":["BaseMod","Colored Powertips","Minty Spire (QoL Compilation)","MostiFishMod","Reliquary","Replay The Spire","Spire Arcade","StSLib"],"gold_per_floor":[362,379,41,52,52,52,79,79,133,133,146,161,177,23,23,100,100,116,127,127,127,127],"floor_reached":21,"language":"ENG","playtime":1268,"items_purged":["Hallucinations"],"score":317,"play_id":"1d67e48b-894b-428b-8f0a-b097f09744b3","local_time":"20210208134745","is_ascension_mode":true,"campfire_choices":[{"data":"Genetic Algorithm","floor":6,"key":"SMITH"},{"data":"Loop","floor":8,"key":"SMITH"},{"data":"MostiFishMod:Mottled","floor":10,"key":"SMITH"},{"floor":15,"key":"REST"}],"circlet_count":0,"master_deck":["AscendersBane","Strike_B","Strike_B","Strike_B","Defend_B","Defend_B","Defend_B","Defend_B","Zap","Dualcast","Cold Snap","Cold Snap","MostiFishMod:Mottled+1","Genetic Algorithm+1","Loop+1","ReplayTheSpireMod:Calculation Training","Cold Snap","ReplayTheSpireMod:Calculation Training"],"relics":["Cracked Core","DaveBox","HereWithMe","SynthV:TestCard","Replay:Baseball","Omamori","Membership Card","Transparent"],"acts_visited":["Exordium","TheCity"],"potions_floor_usage":[],"damage_taken":[{"damage":7,"enemies":"Small Slimes","floor":1,"turns":3},{"damage":0,"enemies":"Cultist","floor":2,"turns":3},{"damage":0,"enemies":"Jaw Worm","floor":4,"turns":3},{"damage":22,"enemies":"3 Sentries","floor":7,"turns":5},{"damage":9,"enemies":"Exordium Thugs","floor":11,"turns":3},{"damage":11,"enemies":"2 Fungi Beasts","floor":12,"turns":3},{"damage":5,"enemies":"Blue Slaver","floor":13,"turns":3},{"damage":1,"enemies":"Hexaghost","floor":16,"turns":9},{"damage":42,"enemies":"Shell Parasite","floor":18,"turns":3},{"damage":50,"enemies":"2 Thieves","floor":19,"turns":3},{"damage":64,"enemies":"Snecko","floor":21,"turns":4}],"seed_played":"-3770986614952864603","potions_obtained":[{"floor":4,"key":"DuplicationPotion"},{"floor":7,"key":"SkillPotion"},{"floor":12,"key":"Flashbang"}],"is_trial":false,"path_per_floor":["M","M","$","M","?","R","E","R","T","R","M","M","M","$","R","B",null,"M","M","?","M"],"character_chosen":"DEFECT","items_purchased":["MostiFishMod:Mottled","Genetic Algorithm","Membership Card"],"campfire_rested":1,"item_purchase_floors":[3,3,14],"current_hp_per_floor":[57,57,57,57,57,57,35,35,35,35,26,15,10,10,31,30,61,61,53,53,0,0],"gold":127,"neow_bonus":"TWO_FIFTY_GOLD","is_daily":false,"chose_seed":false,"campfire_upgraded":3,"win_rate":0.0,"timestamp":1612788465,"path_taken":["M","M","$","M","?","R","E","R","T","R","?","M","M","?","R","BOSS","M","M","?","M"],"items_purchased_type":["Card","Card","Relic"],"build_version":"2020-12-22","purchased_purges":1,"victory":false,"max_hp_per_floor":[71,71,71,71,71,71,71,71,71,71,71,71,71,71,71,71,71,71,71,71,71,71],"card_choices":[{"not_picked":["Static Discharge","Darkness"],"picked":"Cold Snap","floor":1},{"not_picked":["Storm","ReplayGash","Panic Button","Sunder"],"picked":"Cold Snap","floor":2},{"not_picked":["Ball Lightning","Doom and Gloom","Rebound","Skim","Consume"],"picked":"SKIP","floor":4},{"not_picked":["Stack","Sweeping Beam","Steam","Force Field"],"picked":"Loop","floor":7},{"not_picked":["Panic Button","ReplayTheSpireMod:Repulse","ReplayTheSpireMod:GoodbyeWorld","Turbo","Scrape"],"picked":"SKIP","floor":11},{"not_picked":["Hologram","Streamline","Reinforced Body","Darkness"],"picked":"ReplayTheSpireMod:Calculation Training","floor":12},{"not_picked":["Genetic Algorithm","Fission","Gash","Double Energy"],"picked":"Cold Snap","floor":13},{"not_picked":["Consume","Conserve Battery","Streamline","Gash","BasicCrystalCard"],"picked":"SKIP","floor":18},{"not_picked":["FTL","FIFO Queue","Reprogram","Conserve Battery"],"picked":"ReplayTheSpireMod:Calculation Training","floor":19}],"player_experience":1175296,"relics_obtained":[{"floor":1,"key":"SynthV:TestCard"},{"floor":7,"key":"Replay:Baseball"},{"floor":9,"key":"Omamori"}],"event_choices":[{"cards_removed":["Strike_B"],"damage_healed":0,"gold_gain":0,"player_choice":"Offered Basic","damage_taken":0,"max_hp_gain":0,"max_hp_loss":0,"event_name":"Bonfire Elementals","floor":5,"gold_loss":0}],"is_beta":false,"boss_relics":[{"not_picked":["NightmareShop","Abe\u0027s Treasure"],"picked":"Transparent"}],"items_purged_floors":[3],"is_endless":false,"potions_floor_spawned":[4,7,12],"killed_by":"Snecko","ascension_level":15}}