{"host":"4jkyggjfmxcpengt","time":1612763273,"event":{"mods":["AchievementEnabler","BaseMod","Better Note","Block Reminder","Colored Powertips","Fiend Mod","Hermit","Minty Spire (QoL Compilation)","Quick Restart","Replay The Spire","SacredBarkPlus","StSLib","The Animator","Transform Curses","Unceasing Turn Reminder"],"gold_per_floor":[111,111,121,137,156,156,167,200,200,235,235,253,273,287,287,387,387,401,420,437,437,451,483,483,495,520,533,550,66,66,66,66,172,172,198,216,73,100,119,145,145,156,156,58,58,58,58,70,70,77],"floor_reached":51,"language":"SPA","playtime":3046,"items_purged":["hermit:EternalForm"],"score":940,"play_id":"9684deae-7f3a-4c94-8db2-83da7a6bc2e0","local_time":"20210208064753","is_ascension_mode":true,"campfire_choices":[{"data":"hermit:CursedWeapon","floor":6.0,"key":"SMITH"},{"floor":11.0,"key":"REST"},{"data":"hermit:BlackWind","floor":15.0,"key":"SMITH"},{"floor":24.0,"key":"REST"},{"floor":32.0,"key":"REST"},{"floor":41.0,"key":"REST"},{"floor":45,"key":"REST"},{"floor":49,"key":"REST"}],"circlet_count":0,"master_deck":["hermit:Strike_Hermit","hermit:Strike_Hermit","hermit:Strike_Hermit","hermit:Defend_Hermit","hermit:Defend_Hermit","hermit:Defend_Hermit","hermit:Defend_Hermit","hermit:Snapshot","hermit:Covet","hermit:CursedWeapon+1","hermit:Deadeye","hermit:HoleUp","hermit:BlackWind+1","hermit:BlackWind","hermit:Virtue+1","hermit:Virtue+1","hermit:Glare+1","hermit:Snipe+1","hermit:Maintenance+1","hermit:Brawl+1","hermit:Dive+1","hermit:HeroicBravado+1","hermit:LoneWolf+1","hermit:Scavenge+1","hermit:Gestalt+1","hermit:Manifest+1","J.A.X.+1","hermit:Quickdraw","hermit:Virtue+1","hermit:Maintenance+1","hermit:Shortfuse+1","hermit:RoundhouseKick"],"relics":["hermit:Momento","Replay:Ringing Soul","Letter Opener","Toxic Egg 2","Black Star","Bag of Preparation","Ice Cream","Dream Catcher","hermit:CharredGlove","Replay:Grab Bag","Velvet Choker","Painkiller Herb","Snecko Eye","HandDrill","StrikeDummy","Omamori","Gremlin Horn","ReplayTheSpireMod:CursedCoin","Anchor","Ring of Chaos"],"acts_visited":["Exordium","TheCity","TheBeyond"],"potions_floor_usage":[50],"damage_taken":[{"damage":7.0,"enemies":"Small Slimes","floor":1.0,"turns":3.0},{"damage":4.0,"enemies":"Jaw Worm","floor":3.0,"turns":3.0},{"damage":3.0,"enemies":"Cultist","floor":4.0,"turns":3.0},{"damage":5.0,"enemies":"Blue Slaver","floor":5.0,"turns":4.0},{"damage":4.0,"enemies":"2 Fungi Beasts","floor":7.0,"turns":3.0},{"damage":17.0,"enemies":"Replay:BlueRogue","floor":8.0,"turns":9.0},{"damage":14.0,"enemies":"Lagavulin","floor":10.0,"turns":3.0},{"damage":2.0,"enemies":"Lots of Slimes","floor":12.0,"turns":3.0},{"damage":0.0,"enemies":"Looter","floor":13.0,"turns":1.0},{"damage":0.0,"enemies":"Large Slime","floor":14.0,"turns":1.0},{"damage":35.0,"enemies":"Hexaghost","floor":16.0,"turns":9.0},{"damage":20.0,"enemies":"Spheric Guardian","floor":18.0,"turns":4.0},{"damage":2.0,"enemies":"3 Byrds","floor":19.0,"turns":3.0},{"damage":7.0,"enemies":"Cultist and Chosen","floor":20.0,"turns":5.0},{"damage":9.0,"enemies":"Snake Plant","floor":22.0,"turns":3.0},{"damage":13.0,"enemies":"Slavers","floor":23.0,"turns":4.0},{"damage":3.0,"enemies":"Snecko","floor":25.0,"turns":4.0},{"damage":1.0,"enemies":"Centurion and Healer","floor":27.0,"turns":5.0},{"damage":22.0,"enemies":"Shelled Parasite and Fungi","floor":28.0,"turns":4.0},{"damage":59.0,"enemies":"Collector","floor":33.0,"turns":12.0},{"damage":17.0,"enemies":"Orb Walker","floor":35.0,"turns":4.0},{"damage":3.0,"enemies":"3 Shapes","floor":36.0,"turns":4.0},{"damage":33.0,"enemies":"3 Darklings","floor":38.0,"turns":6.0},{"damage":6.0,"enemies":"Jaw Worm Horde","floor":39.0,"turns":4.0},{"damage":49.0,"enemies":"R_Hoarder","floor":40.0,"turns":8.0},{"damage":22,"enemies":"4 Shapes","floor":42,"turns":6},{"damage":17,"enemies":"Writhing Mass","floor":48,"turns":3},{"damage":43,"enemies":"Awakened One","floor":50,"turns":17}],"seed_played":"3515263034905896449","potions_obtained":[{"floor":1.0,"key":"SneckoOil"},{"floor":7.0,"key":"Fire Potion"},{"floor":10.0,"key":"ColorlessPotion"},{"floor":16.0,"key":"Weak Potion"},{"floor":18.0,"key":"SpeedPotion"},{"floor":20.0,"key":"GamblersBrew"},{"floor":25.0,"key":"AttackPotion"},{"floor":35.0,"key":"Elixir"},{"floor":39.0,"key":"Elixir"},{"floor":42,"key":"Swift Potion"}],"is_trial":false,"path_per_floor":["M","?","M","M","M","R","M","E","T","E","R","M","M","M","R","B",null,"M","M","M","?","M","E","R","M","T","M","M","$","?","?","R","B",null,"?","?","T","?","?","E","T","?","T","T","T","?","?","?","T","B",null],"character_chosen":"HERMIT","items_purchased":["hermit:Gestalt+1","hermit:Manifest+1","hermit:CharredGlove","HandDrill","ReplayTheSpireMod:CursedCoin","Anchor","Cursed Concoction"],"campfire_rested":6,"item_purchase_floors":[29,29,29,37,44,44,44],"current_hp_per_floor":[68,61,57,54,49,49,45,31,31,20,44,45,48,48,48,16,72,55,56,52,52,46,36,67,67,67,66,47,50,53,58,96,37,99,85,85,85,55,52,6,46,24,24,24,64,64,64,47,87,44],"gold":77,"neow_bonus":"THREE_CARDS","is_daily":false,"chose_seed":false,"campfire_upgraded":2,"win_rate":0.0,"timestamp":1612763273,"path_taken":["M","?","M","M","M","R","M","E","T","E","R","M","M","M","R","BOSS","M","M","M","?","M","E","R","M","T","M","?","$","?","?","R","BOSS","?","?","T","?","?","E","T","?","T","?","T","?","?","?","T","BOSS"],"items_purchased_type":["Card","Card","Relic","Relic","Relic","Relic","Potion"],"build_version":"2020-12-22","purchased_purges":1,"victory":true,"max_hp_per_floor":[75,75,75,75,75,75,75,78,78,81,81,84,87,87,87,90,90,93,96,99,99,102,105,105,108,108,108,111,114,117,117,120,120,120,123,126,126,129,132,135,135,135,135,135,135,135,135,135,135,135],"card_choices":[{"not_picked":["hermit:WideOpen","hermit:LuckOfTheDraw"],"picked":"hermit:CursedWeapon","floor":0.0},{"not_picked":["hermit:GhostlyPresence","hermit:Snipe"],"picked":"hermit:Deadeye","floor":1.0},{"not_picked":["hermit:WideOpen","hermit:Maintenance"],"picked":"hermit:Dive","floor":3.0},{"not_picked":["hermit:Midnight","hermit:Cheat"],"picked":"hermit:HoleUp","floor":4.0},{"not_picked":["hermit:Misfire","hermit:CalledShot","hermit:ItchyTrigger"],"picked":"SKIP","floor":5.0},{"not_picked":["hermit:CalledShot","hermit:TrackingShot"],"picked":"hermit:BlackWind","floor":7.0},{"not_picked":["hermit:Misfire","hermit:Ricochet"],"picked":"hermit:BlackWind","floor":8.0},{"not_picked":["hermit:Manifest+1","hermit:Shortfuse"],"picked":"hermit:Virtue+1","floor":10.0},{"not_picked":["hermit:HighCaliber","hermit:CalledShot"],"picked":"hermit:Virtue+1","floor":12.0},{"not_picked":["hermit:Headshot","hermit:Coalescence+1"],"picked":"hermit:Glare+1","floor":13.0},{"not_picked":["hermit:TrackingShot","hermit:HoleUp+1","hermit:Showdown"],"picked":"SKIP","floor":14.0},{"not_picked":["hermit:Adapt","hermit:DeadOrAlive"],"picked":"hermit:EternalForm","floor":16.0},{"not_picked":["hermit:HighCaliber+1","hermit:Glare+1"],"picked":"hermit:Snipe+1","floor":18.0},{"not_picked":["hermit:Ricochet+1","hermit:Feint+1"],"picked":"hermit:Maintenance+1","floor":19.0},{"not_picked":["hermit:SprayPray+1","hermit:Quickdraw"],"picked":"hermit:Brawl+1","floor":20.0},{"not_picked":["hermit:Malice+1","hermit:Ricochet"],"picked":"hermit:Dive+1","floor":22.0},{"not_picked":["hermit:LuckOfTheDraw+1","hermit:Combo"],"picked":"hermit:HeroicBravado+1","floor":23.0},{"not_picked":["hermit:HoleUp+1","hermit:Headshot"],"picked":"hermit:LoneWolf+1","floor":25.0},{"not_picked":["hermit:LowProfile+1","hermit:Dive+1","hermit:HighCaliber"],"picked":"SKIP","floor":27.0},{"not_picked":["hermit:Vantage+1","hermit:Manifest+1"],"picked":"hermit:Scavenge+1","floor":28.0},{"not_picked":["hermit:LowProfile+1","hermit:Roulette"],"picked":"hermit:Quickdraw","floor":32.0},{"not_picked":["hermit:HighCaliber","hermit:Headshot"],"picked":"hermit:Virtue+1","floor":35.0},{"not_picked":["hermit:Vantage+1","hermit:PistolWhip"],"picked":"hermit:Maintenance+1","floor":36.0},{"not_picked":["hermit:Glare+1","hermit:WideOpen+1"],"picked":"hermit:Combo","floor":38.0},{"not_picked":["hermit:EyeOfTheStorm+1","hermit:Desperado+1"],"picked":"hermit:Shortfuse+1","floor":39.0},{"not_picked":["hermit:GhostlyPresence+1","hermit:Feint+1"],"picked":"hermit:RoundhouseKick","floor":40.0},{"not_picked":["hermit:Misfire","hermit:Cheat+1","hermit:Vantage+1"],"picked":"SKIP","floor":42},{"not_picked":["hermit:Dive+1","hermit:Roulette+1","hermit:CursedWeapon"],"picked":"SKIP","floor":48}],"player_experience":1025239,"relics_obtained":[{"floor":8.0,"key":"Replay:Ringing Soul"},{"floor":9.0,"key":"Letter Opener"},{"floor":10.0,"key":"Toxic Egg 2"},{"floor":23.0,"key":"Bag of Preparation"},{"floor":23.0,"key":"Ice Cream"},{"floor":26.0,"key":"Dream Catcher"},{"floor":40.0,"key":"StrikeDummy"},{"floor":40.0,"key":"Omamori"},{"floor":43,"key":"Gremlin Horn"},{"floor":47,"key":"Ring of Chaos"}],"event_choices":[{"cards_removed":["hermit:Strike_Hermit"],"damage_healed":0.0,"max_hp_gain":0.0,"max_hp_loss":0.0,"gold_gain":0.0,"event_name":"Golden Wing","player_choice":"Card Removal","floor":2.0,"gold_loss":0.0,"damage_taken":7.0},{"damage_healed":0.0,"max_hp_gain":0.0,"max_hp_loss":0.0,"gold_gain":0.0,"event_name":"N\u0027loth","player_choice":"Ignored","floor":21.0,"gold_loss":0.0,"damage_taken":0.0},{"damage_healed":0.0,"max_hp_gain":0.0,"max_hp_loss":0.0,"gold_gain":0.0,"event_name":"Drug Dealer","player_choice":"Obtain J.A.X.","floor":30.0,"gold_loss":0.0,"damage_taken":0.0,"cards_obtained":["J.A.X."]},{"cards_removed":["hermit:Dive"],"damage_healed":5.0,"max_hp_gain":0.0,"max_hp_loss":0.0,"gold_gain":0.0,"event_name":"Bonfire Elementals","player_choice":"Offered Common","floor":31.0,"gold_loss":0.0,"damage_taken":0.0},{"cards_removed":["hermit:Dive"],"damage_healed":5.0,"max_hp_gain":0.0,"max_hp_loss":0.0,"gold_gain":0.0,"event_name":"Bonfire Elementals","player_choice":"Offered Special","floor":31.0,"gold_loss":0.0,"damage_taken":0.0},{"cards_removed":["hermit:Combo"],"damage_healed":0,"gold_gain":0,"player_choice":"Removed Power","damage_taken":0,"max_hp_gain":0,"max_hp_loss":0,"event_name":"Falling","floor":46,"gold_loss":0}],"is_beta":false,"boss_relics":[{"not_picked":["Philosopher\u0027s Stone","Kintsugi"],"picked":"Black Star"},{"not_picked":["Pandora\u0027s Box","ReplayTheSpireMod:DimensionalGlitch"],"picked":"Replay:Grab Bag"},{"not_picked":["ReplayTheSpireMod:Onyx Gauntlets","Replay:Wanted Poster"],"picked":"Velvet Choker"},{"not_picked":["Cursed Key","Sozu"],"picked":"Painkiller Herb"},{"not_picked":["Fiend:Scarf","Astrolabe"],"picked":"Snecko Eye"}],"items_purged_floors":[29],"is_endless":false,"potions_floor_spawned":[1,7,10,14,16,18,20,25,28,35,39,40,42],"ascension_level":5}}