{"host":"BK","time":1612769495,"event":{"mods":["BaseMod","Highlight Path","Minty Spire (QoL Compilation)","StSLib"],"gold_per_floor":[110,130,130,140,158,158,186,25,25,25,350,350,363,380,380,455,455,471,490,490,69,82,82,97,127,150,150,185,25,25,38,38,38,38],"floor_reached":33,"language":"ENG","playtime":1577,"items_purged":["Grand Finale+1"],"score":644,"play_id":"1d54db72-a0b9-4d3f-8b67-e47a2e75d41b","local_time":"20210208003135","is_ascension_mode":true,"campfire_choices":[{"floor":6.0,"key":"REST"},{"floor":10.0,"key":"REST"},{"floor":15.0,"key":"REST"},{"data":"Wraith Form v2","floor":23,"key":"SMITH"},{"floor":27,"key":"REST"},{"floor":30,"key":"REST"},{"floor":32,"key":"REST"}],"circlet_count":0,"master_deck":["AscendersBane","Survivor","Neutralize","Blade Dance","Choke","Flying Knee","Backflip","Sucker Punch","Corpse Explosion+1","Burst","Well Laid Plans","Deadly Poison","All Out Attack+1","Corpse Explosion","Burst","Endless Agony+1","Flying Knee+1","Bouncing Flask","Heel Hook+1","Noxious Fumes","Wraith Form v2+1","Tactician","PiercingWail","Escape Plan","Bandage Up","Dash+1","Venomology","Dash+1"],"relics":["Ring of the Snake","Strawberry","Vajra","Orrery","Molten Egg 2","Old Coin","Pandora\u0027s Box","Meat on the Bone","White Beast Statue","Bronze Scales","Boot"],"acts_visited":["Exordium","TheCity"],"potions_floor_usage":[28,31,33,33,33],"damage_taken":[{"damage":12.0,"enemies":"Small Slimes","floor":1.0,"turns":6.0},{"damage":0.0,"enemies":"Cultist","floor":2.0,"turns":3.0},{"damage":7.0,"enemies":"2 Louse","floor":4.0,"turns":3.0},{"damage":32.0,"enemies":"Gremlin Gang","floor":5.0,"turns":5.0},{"damage":35.0,"enemies":"3 Sentries","floor":7.0,"turns":12.0},{"damage":13.0,"enemies":"Lagavulin","floor":11.0,"turns":4.0},{"damage":3.0,"enemies":"Large Slime","floor":13.0,"turns":5.0},{"damage":3.0,"enemies":"Exordium Thugs","floor":14.0,"turns":3.0},{"damage":23,"enemies":"Slime Boss","floor":16,"turns":9},{"damage":12,"enemies":"Chosen","floor":18,"turns":3},{"damage":11,"enemies":"Spheric Guardian","floor":19,"turns":3},{"damage":0,"enemies":"Cultist and Chosen","floor":22,"turns":3},{"damage":1,"enemies":"Centurion and Healer","floor":24,"turns":4},{"damage":79,"enemies":"Book of Stabbing","floor":25,"turns":8},{"damage":23,"enemies":"Slavers","floor":28,"turns":3},{"damage":34,"enemies":"Shelled Parasite and Fungi","floor":31,"turns":4},{"damage":74,"enemies":"Champ","floor":33,"turns":10}],"seed_played":"-5123473978627301128","potions_obtained":[{"floor":1.0,"key":"FearPotion"},{"floor":5.0,"key":"DistilledChaos"},{"floor":7.0,"key":"EssenceOfSteel"},{"floor":11.0,"key":"Explosive Potion"},{"floor":20,"key":"Dexterity Potion"},{"floor":20,"key":"FairyPotion"},{"floor":25,"key":"LiquidMemories"}],"is_trial":false,"path_per_floor":["M","M","?","M","M","R","E","$","T","R","E","?","M","M","R","B",null,"M","M","?","$","M","R","M","E","T","R","E","$","R","M","R","B"],"character_chosen":"THE_SILENT","items_purchased":["Orrery","Meat on the Bone","Escape Plan","Bandage Up","Dash+1"],"campfire_rested":6,"item_purchase_floors":[8,21,21,21,29],"current_hp_per_floor":[54,54,54,47,15,36,1,1,1,22,9,9,6,3,24,1,55,43,32,32,32,48,48,51,19,19,40,33,33,54,36,57,0,0],"gold":38,"neow_bonus":"RANDOM_COMMON_RELIC","is_daily":false,"chose_seed":false,"campfire_upgraded":1,"win_rate":0.0,"timestamp":1612769495,"path_taken":["M","M","?","?","M","R","E","?","T","R","E","?","M","?","R","BOSS","M","M","?","$","M","R","M","E","T","R","E","?","R","M","R","BOSS"],"items_purchased_type":["Relic","Relic","Card","Card","Card"],"build_version":"2020-12-18","purchased_purges":1,"victory":false,"max_hp_per_floor":[73,73,73,73,73,73,73,73,73,73,73,73,73,73,73,73,73,73,73,73,73,73,73,73,73,73,73,73,73,73,73,73,73,73],"card_choices":[{"not_picked":["Predator","Infinite Blades"],"picked":"Blade Dance","floor":1.0},{"not_picked":["Caltrops","Concentrate"],"picked":"Choke","floor":2.0},{"not_picked":["Dodge and Roll","PiercingWail","Noxious Fumes"],"picked":"SKIP","floor":4.0},{"not_picked":["Concentrate","Reflex"],"picked":"Backflip","floor":5.0},{"not_picked":["Escape Plan","Bane"],"picked":"Sucker Punch","floor":7.0},{"not_picked":["Dagger Throw","Distraction"],"picked":"Corpse Explosion","floor":8.0},{"not_picked":["Reflex","Quick Slash"],"picked":"Burst","floor":8.0},{"not_picked":["Prepared","Acrobatics"],"picked":"Well Laid Plans","floor":8.0},{"not_picked":["Dagger Throw","Heel Hook"],"picked":"Deadly Poison","floor":8.0},{"not_picked":["Sucker Punch+1","Bane+1","Riddle With Holes+1"],"picked":"SKIP","floor":11.0},{"not_picked":["Flying Knee+1","Cloak And Dagger"],"picked":"All Out Attack+1","floor":13.0},{"not_picked":["Outmaneuver","Bane+1","Dagger Throw+1"],"picked":"SKIP","floor":14.0},{"not_picked":["Storm of Steel","Doppelganger"],"picked":"Corpse Explosion","floor":16},{"not_picked":["Acrobatics","Dagger Spray+1"],"picked":"PiercingWail","floor":18},{"not_picked":["Choke+1","Flying Knee+1","Quick Slash+1"],"picked":"SKIP","floor":19},{"not_picked":["Setup+1","Cloak And Dagger"],"picked":"Dash+1","floor":22},{"not_picked":["Endless Agony+1","Poisoned Stab+1","Riddle With Holes+1"],"picked":"SKIP","floor":24},{"not_picked":["Flechettes+1","Prepared"],"picked":"Venomology","floor":25},{"not_picked":["Dagger Throw+1","Infinite Blades","Slice+1"],"picked":"SKIP","floor":28},{"not_picked":["Dagger Spray+1","Flying Knee+1","Riddle With Holes+1"],"picked":"SKIP","floor":31}],"player_experience":2526226,"relics_obtained":[{"floor":7.0,"key":"Vajra"},{"floor":9.0,"key":"Molten Egg 2"},{"floor":11.0,"key":"Old Coin"},{"floor":25,"key":"White Beast Statue"},{"floor":26,"key":"Bronze Scales"},{"floor":28,"key":"Boot"}],"event_choices":[{"damage_healed":0.0,"max_hp_gain":0.0,"max_hp_loss":0.0,"gold_gain":0.0,"cards_transformed":["Strike_G"],"event_name":"Transmorgrifier","player_choice":"Transformed","floor":3.0,"gold_loss":0.0,"damage_taken":0.0,"cards_obtained":["Flying Knee"]},{"damage_healed":0.0,"max_hp_gain":0.0,"max_hp_loss":0.0,"gold_gain":0.0,"event_name":"Accursed Blacksmith","player_choice":"Forge","floor":12.0,"gold_loss":0.0,"damage_taken":0.0,"cards_upgraded":["Corpse Explosion"]},{"damage_healed":0,"gold_gain":0,"player_choice":"Got Potions","damage_taken":0,"max_hp_gain":0,"max_hp_loss":0,"event_name":"Lab","floor":20,"gold_loss":0}],"is_beta":true,"boss_relics":[{"not_picked":["Busted Crown","Astrolabe"],"picked":"Pandora\u0027s Box"}],"items_purged_floors":[29],"is_endless":false,"potions_floor_spawned":[1,5,7,11,25,28,31],"killed_by":"Champ","ascension_level":20}}