{"host":"fff5e1uasnm04x18","time":1612821029,"event":{"mods":["BaseMod","Highlight Path","Minty Spire (QoL Compilation)","StSLib"],"gold_per_floor":[110,124,124,74,374,374,387,387,387,419,419,447,447,462,462,564,564,578,578,578],"floor_reached":19,"language":"ENG","playtime":686,"items_purged":[],"score":193,"play_id":"75ee0464-574a-44d4-848c-a861adb1e24d","local_time":"20210208165029","is_ascension_mode":true,"campfire_choices":[{"floor":6,"key":"REST"},{"data":"Hologram","floor":8,"key":"SMITH"},{"floor":11,"key":"REST"},{"floor":13,"key":"REST"},{"floor":15,"key":"REST"}],"circlet_count":0,"master_deck":["Strike_B","Strike_B","Strike_B","Defend_B","Defend_B","Defend_B","Defend_B","Zap","Dualcast","Mayhem+1","Rebound","Hologram+1","Creative AI","Gash","Gash","Amplify"],"relics":["Cracked Core","Old Coin","Matryoshka","Smiling Mask","Meat on the Bone","Inserter"],"acts_visited":["Exordium","TheCity"],"potions_floor_usage":[14,16,19],"damage_taken":[{"damage":0,"enemies":"Cultist","floor":1,"turns":3},{"damage":2,"enemies":"Jaw Worm","floor":2,"turns":2},{"damage":0,"enemies":"2 Louse","floor":7,"turns":3},{"damage":26,"enemies":"Lagavulin","floor":10,"turns":5},{"damage":51,"enemies":"Gremlin Nob","floor":12,"turns":5},{"damage":12,"enemies":"Large Slime","floor":14,"turns":4},{"damage":43,"enemies":"Slime Boss","floor":16,"turns":10},{"damage":39,"enemies":"2 Thieves","floor":18,"turns":4},{"damage":53,"enemies":"Masked Bandits","floor":19,"turns":3}],"seed_played":"5203331708372045878","potions_obtained":[{"floor":2,"key":"Explosive Potion"},{"floor":12,"key":"ColorlessPotion"},{"floor":16,"key":"Ancient Potion"}],"is_trial":false,"path_per_floor":["M","M","?","?","?","R","M","R","T","E","R","E","R","M","R","B",null,"M","?"],"character_chosen":"DEFECT","items_purchased":[],"campfire_rested":4,"item_purchase_floors":[],"current_hp_per_floor":[54,52,52,52,45,67,67,67,67,41,63,12,34,34,56,25,75,48,0,0],"gold":578,"neow_bonus":"RANDOM_COLORLESS_2","is_daily":false,"chose_seed":false,"campfire_upgraded":1,"win_rate":0.0,"timestamp":1612821029,"path_taken":["M","?","?","?","?","R","M","R","T","E","R","E","R","M","R","BOSS","M","?"],"items_purchased_type":[],"build_version":"2020-12-22","purchased_purges":0,"victory":false,"max_hp_per_floor":[75,75,75,75,75,75,75,75,75,75,75,75,75,75,75,75,75,75,75,75],"card_choices":[{"not_picked":["Thinking Ahead","HandOfGreed"],"picked":"Mayhem","floor":0},{"not_picked":["Barrage","Redo"],"picked":"Rebound","floor":1},{"not_picked":["Barrage","Go for the Eyes","Tempest"],"picked":"SKIP","floor":2},{"not_picked":["Cold Snap","Rebound"],"picked":"Hologram","floor":7},{"not_picked":["Consume","Conserve Battery"],"picked":"Creative AI","floor":10},{"not_picked":["Go for the Eyes","Glacier"],"picked":"Gash","floor":12},{"not_picked":["Coolheaded","Steam"],"picked":"Gash","floor":14},{"not_picked":["Core Surge","Machine Learning"],"picked":"Amplify","floor":16},{"not_picked":["Rip and Tear","Reinforced Body","Force Field"],"picked":"SKIP","floor":18}],"player_experience":517735,"relics_obtained":[{"floor":9,"key":"Matryoshka"},{"floor":10,"key":"Smiling Mask"},{"floor":12,"key":"Meat on the Bone"}],"event_choices":[{"damage_healed":0,"gold_gain":0,"player_choice":"Grow","damage_taken":0,"max_hp_gain":0,"max_hp_loss":0,"event_name":"Living Wall","floor":3,"gold_loss":0,"cards_upgraded":["Mayhem"]},{"cards_removed":["Strike_B"],"damage_healed":0,"gold_gain":0,"player_choice":"Card Removal","damage_taken":0,"max_hp_gain":0,"max_hp_loss":0,"event_name":"The Cleric","floor":4,"gold_loss":50},{"damage_healed":0,"gold_gain":0,"player_choice":"Success","damage_taken":7,"relics_obtained":["Old Coin"],"max_hp_gain":0,"max_hp_loss":0,"event_name":"Scrap Ooze","floor":5,"gold_loss":0},{"damage_healed":0,"gold_gain":0,"player_choice":"Fought Bandits","damage_taken":0,"max_hp_gain":0,"max_hp_loss":0,"event_name":"Masked Bandits","floor":19,"gold_loss":0}],"is_beta":false,"boss_relics":[{"not_picked":["Empty Cage","Astrolabe"],"picked":"Inserter"}],"items_purged_floors":[],"is_endless":false,"potions_floor_spawned":[2,12,16],"killed_by":"Masked Bandits","ascension_level":2}}