{"host":"tetq3wi5anb97imq","time":1612827942,"event":{"mods":["BaseMod","Block Reminder","Minty Spire (QoL Compilation)","Quick Restart","StSLib","SuperFastMode"],"gold_per_floor":[216,216,141,101,176,176,202,212,239,2,31,46,46,65,65,142,142,158,176,202,220,233,233,233,233],"floor_reached":24,"language":"ENG","playtime":546,"items_purged":[],"score":412,"play_id":"4327b12f-aaaf-46d0-90f7-c2ac28ad205a","local_time":"20210208214542","is_ascension_mode":true,"campfire_choices":[{"data":"Neutralize","floor":6.0,"key":"SMITH"},{"data":"Leg Sweep","floor":13.0,"key":"SMITH"},{"data":"Flying Knee","floor":15.0,"key":"SMITH"},{"floor":23,"key":"REST"}],"circlet_count":0,"master_deck":["AscendersBane","Strike_G","Strike_G","Strike_G","Strike_G","Defend_G","Defend_G","Defend_G","Defend_G","Defend_G","Survivor","Neutralize+1","Predator+1","Backstab","Slice","Leg Sweep+1","All Out Attack","Flying Knee+1","Escape Plan","Blade Dance","Die Die Die","Dagger Throw","Dagger Throw","Cloak And Dagger","Flying Knee+1","Deflect+1"],"relics":["Ring of the Snake","Ninja Scroll","Toy Ornithopter","Blood Vial","Tough Bandages","SlaversCollar","Red Mask"],"acts_visited":["Exordium","TheCity"],"potions_floor_usage":[16,16,19,22],"damage_taken":[{"damage":3.0,"enemies":"Cultist","floor":1.0,"turns":4.0},{"damage":24.0,"enemies":"Lagavulin","floor":7.0,"turns":6.0},{"damage":0.0,"enemies":"Jaw Worm","floor":8.0,"turns":1.0},{"damage":2.0,"enemies":"3 Sentries","floor":11.0,"turns":4.0},{"damage":0.0,"enemies":"2 Louse","floor":12.0,"turns":1.0},{"damage":0.0,"enemies":"Blue Slaver","floor":14.0,"turns":2.0},{"damage":20,"enemies":"The Guardian","floor":16,"turns":13},{"damage":1,"enemies":"3 Byrds","floor":18,"turns":4},{"damage":16,"enemies":"Spheric Guardian","floor":19,"turns":4},{"damage":6,"enemies":"Masked Bandits","floor":20,"turns":3},{"damage":24,"enemies":"Snake Plant","floor":21,"turns":7},{"damage":16,"enemies":"Centurion and Healer","floor":22,"turns":6},{"damage":34,"enemies":"Book of Stabbing","floor":24,"turns":3}],"seed_played":"-5416642827024971916","potions_obtained":[{"floor":1.0,"key":"DistilledChaos"},{"floor":8.0,"key":"AttackPotion"},{"floor":12.0,"key":"Strength Potion"},{"floor":14.0,"key":"SkillPotion"},{"floor":16,"key":"SpeedPotion"},{"floor":21,"key":"Fire Potion"},{"floor":22,"key":"SmokeBomb"}],"is_trial":false,"path_per_floor":["M","?","?","$","?","R","E","M","T","$","E","M","R","M","R","B",null,"M","M","?","M","M","R","E"],"character_chosen":"THE_SILENT","items_purchased":["Backstab","Blood Vial","All Out Attack"],"campfire_rested":1,"item_purchase_floors":[4,10,10],"current_hp_per_floor":[56,56,56,56,45,45,21,21,21,21,26,28,28,30,30,22,55,56,47,43,21,12,31,0,0],"gold":233,"neow_bonus":"HUNDRED_GOLD","is_daily":false,"chose_seed":false,"campfire_upgraded":3,"win_rate":0.0,"timestamp":1612827942,"path_taken":["M","?","?","$","?","R","E","M","T","?","E","M","R","M","R","BOSS","M","M","?","M","M","R","E"],"items_purchased_type":["Card","Relic","Card"],"build_version":"2020-12-22","purchased_purges":0,"victory":false,"max_hp_per_floor":[66,66,66,66,66,66,66,66,66,66,66,66,66,66,66,66,66,66,66,66,66,66,66,66,66],"card_choices":[{"not_picked":["Calculated Gamble","Setup"],"picked":"Predator","floor":1.0},{"not_picked":["Flechettes","Calculated Gamble"],"picked":"Slice","floor":7.0},{"not_picked":["Skewer","Underhanded Strike"],"picked":"Leg Sweep","floor":8.0},{"not_picked":["Setup","Reflex"],"picked":"Flying Knee","floor":11.0},{"not_picked":["Acrobatics","Bouncing Flask"],"picked":"Escape Plan","floor":12.0},{"not_picked":["Acrobatics","Bouncing Flask"],"picked":"Blade Dance","floor":14.0},{"not_picked":["Night Terror","Corpse Explosion"],"picked":"Die Die Die","floor":16},{"not_picked":["Quick Slash","Sucker Punch"],"picked":"Dagger Throw","floor":18},{"not_picked":["Prepared","All Out Attack"],"picked":"Dagger Throw","floor":19},{"not_picked":["Outmaneuver","Quick Slash"],"picked":"Cloak And Dagger","floor":20},{"not_picked":["Distraction","Quick Slash+1"],"picked":"Flying Knee+1","floor":21},{"not_picked":["Leg Sweep","Sucker Punch"],"picked":"Deflect+1","floor":22}],"player_experience":1654064,"relics_obtained":[{"floor":7.0,"key":"Ninja Scroll"},{"floor":9.0,"key":"Toy Ornithopter"},{"floor":11.0,"key":"Tough Bandages"},{"floor":20,"key":"Red Mask"}],"event_choices":[{"damage_healed":0.0,"max_hp_gain":0.0,"max_hp_loss":0.0,"gold_gain":0.0,"event_name":"Living Wall","player_choice":"Grow","floor":2.0,"gold_loss":0.0,"damage_taken":0.0,"cards_upgraded":["Predator"]},{"cards_removed":["Strike_G"],"damage_healed":0.0,"max_hp_gain":0.0,"max_hp_loss":0.0,"gold_gain":0.0,"event_name":"The Cleric","player_choice":"Card Removal","floor":3.0,"gold_loss":75.0,"damage_taken":0.0},{"damage_healed":0.0,"max_hp_gain":0.0,"max_hp_loss":0.0,"gold_gain":75.0,"event_name":"World of Goop","player_choice":"Gather Gold","floor":5.0,"gold_loss":0.0,"damage_taken":11.0},{"damage_healed":0,"gold_gain":0,"player_choice":"Fought Bandits","damage_taken":0,"max_hp_gain":0,"max_hp_loss":0,"event_name":"Masked Bandits","floor":20,"gold_loss":0}],"is_beta":false,"boss_relics":[{"not_picked":["Pandora\u0027s Box","Cursed Key"],"picked":"SlaversCollar"}],"items_purged_floors":[],"is_endless":false,"potions_floor_spawned":[1,8,12,14,16,21,22],"killed_by":"Book of Stabbing","ascension_level":20}}