{"host":"5rycm1ajjg5acc5q","time":1612796076,"event":{"mods":["BaseMod","Better Third Choice","Downfall","Highlight Path","Minty Spire (QoL Compilation)","Replay The Spire","StSLib"],"gold_per_floor":[163,163,180,192,212,212,223,252,252,283,283,295,570,581,581,581,581],"floor_reached":16,"language":"ENG","playtime":1417,"items_purged":[],"score":120,"play_id":"47afdd90-e664-4881-ad53-0346c9e523df","local_time":"20210208085436","is_ascension_mode":true,"campfire_choices":[{"data":"Zap","floor":6,"key":"SMITH"},{"data":"Self Repair","floor":11,"key":"SMITH"}],"circlet_count":0,"master_deck":["Strike_B","Strike_B","Strike_B","Defend_B","Defend_B+1","Defend_B","Defend_B","Zap+1","Dualcast","Hologram","Conserve Battery","Pain","Consume","ReplayTheSpireMod:Omega Cannon","Recycle","Lockon","Self Repair+1","BasicCrystalCard","Regret","BasicCrystalCard","Melter"],"relics":["Tiny House","WarpedTongs","Nunchaku","Bottled Flame","InkBottle"],"acts_visited":["Exordium"],"potions_floor_usage":[5,8,14,16,16],"damage_taken":[{"damage":0,"enemies":"2 Louse","floor":1,"turns":5},{"damage":2,"enemies":"Cultist","floor":3,"turns":4},{"damage":1,"enemies":"Small Slimes","floor":4,"turns":3},{"damage":5,"enemies":"Gremlin Gang","floor":5,"turns":7},{"damage":7,"enemies":"3 Louse","floor":7,"turns":3},{"damage":32,"enemies":"Gremlin Nob","floor":8,"turns":5},{"damage":1,"enemies":"3 Sentries","floor":10,"turns":2},{"damage":0,"enemies":"2 Fungi Beasts","floor":12,"turns":1},{"damage":0,"enemies":"Exordium Wildlife","floor":14,"turns":1},{"damage":35,"enemies":"Slime Boss","floor":16,"turns":7}],"seed_played":"-7896791376885399250","potions_obtained":[{"floor":0,"key":"ColorlessPotion"},{"floor":4,"key":"Strength Potion"},{"floor":8,"key":"BlessingOfTheForge"},{"floor":10,"key":"SkillPotion"},{"floor":14,"key":"GamblersBrew"}],"is_trial":false,"path_per_floor":["M","?","M","M","M","R","M","E","T","E","R","M","?","M","R","B"],"character_chosen":"DEFECT","items_purchased":[],"campfire_rested":0,"item_purchase_floors":[],"current_hp_per_floor":[80,80,78,77,72,72,65,33,33,32,32,32,32,32,32,0,0],"gold":581,"neow_bonus":"BOSS_RELIC","is_daily":false,"chose_seed":false,"campfire_upgraded":2,"win_rate":0.0,"timestamp":1612796076,"path_taken":["M","?","?","M","M","R","M","E","T","E","R","M","?","M","R","BOSS"],"items_purchased_type":[],"build_version":"2020-12-22","purchased_purges":0,"victory":false,"max_hp_per_floor":[80,80,80,80,80,80,80,80,80,80,80,80,80,80,80,80,80],"card_choices":[{"not_picked":["Cold Snap","Tempest"],"picked":"Hologram","floor":0},{"not_picked":["Hologram","Panic Button"],"picked":"Conserve Battery","floor":1},{"not_picked":["Streamline","Coolheaded"],"picked":"Consume","floor":3},{"not_picked":["Leap","Go for the Eyes","Ball Lightning"],"picked":"SKIP","floor":4},{"not_picked":["Redo","Compile Driver"],"picked":"ReplayTheSpireMod:Omega Cannon","floor":5},{"not_picked":["Beam Cell","Coolheaded"],"picked":"Recycle","floor":7},{"not_picked":["Cold Snap","Conserve Battery"],"picked":"Lockon","floor":8},{"not_picked":["Beam Cell","Sweeping Beam"],"picked":"Self Repair","floor":10},{"not_picked":["ReplayRNGCard","Genetic Algorithm"],"picked":"BasicCrystalCard","floor":12},{"not_picked":["Conserve Battery","ReplaySolidLightProjector"],"picked":"BasicCrystalCard","floor":14}],"player_experience":281092,"relics_obtained":[{"floor":8,"key":"Nunchaku"},{"floor":9,"key":"Bottled Flame"},{"floor":10,"key":"InkBottle"}],"event_choices":[{"damage_healed":0,"gold_gain":0,"player_choice":"Rummage","damage_taken":0,"relics_obtained":["WarpedTongs"],"max_hp_gain":0,"max_hp_loss":0,"event_name":"Accursed Blacksmith","floor":2,"gold_loss":0,"cards_obtained":["Pain"]},{"damage_healed":0,"gold_gain":275,"player_choice":"Desecrate","damage_taken":0,"max_hp_gain":0,"max_hp_loss":0,"event_name":"Golden Shrine","floor":13,"gold_loss":0,"cards_obtained":["Regret"]},{"damage_healed":0,"gold_gain":0,"cards_transformed":["Strike_B"],"player_choice":"Transformed","damage_taken":0,"max_hp_gain":0,"max_hp_loss":0,"event_name":"Transmorgrifier","floor":15,"gold_loss":0,"cards_obtained":["Melter"]}],"is_beta":false,"boss_relics":[],"items_purged_floors":[],"is_endless":false,"potions_floor_spawned":[4,8,10,14],"killed_by":"Slime Boss","ascension_level":1}}