{"host":"ibckqdmmf9y74ymf","time":1612795121,"event":{"mods":["2.2 Compatiblity","BaseMod","Colored Map","Curses Come First","Highlight Path","Minty Spire (QoL Compilation)","Quick Restart","Rare Cards Sparkle","Relic Stats","StSLib"],"gold_per_floor":[114,114,127,127,14,46,62,94,94,94,108,119,132,150,150,223,223,234,234,254,269,283,283,308,308,308,308,326,354,382,76,76,147,147,157,172,172,3,3,35,35,54,54,54,81,93,93,126,126,126,126],"floor_reached":50,"language":"ENG","playtime":3054,"items_purged":["Shame"],"score":1218,"play_id":"749eff7b-dbe2-4f75-a370-4597408c8cc4","local_time":"20210208153841","is_ascension_mode":true,"campfire_choices":[{"floor":10.0,"key":"REST"},{"data":"LikeWater","floor":15.0,"key":"SMITH"},{"data":"Blasphemy","floor":23.0,"key":"SMITH"},{"floor":27.0,"key":"REST"},{"data":"TalkToTheHand","floor":32.0,"key":"SMITH"},{"data":"TalkToTheHand","floor":41.0,"key":"SMITH"},{"data":"TalkToTheHand","floor":44.0,"key":"SMITH"},{"floor":47,"key":"REST"},{"floor":49,"key":"RECALL"}],"circlet_count":0,"master_deck":["AscendersBane","Defend_P","Defend_P","Defend_P+1","Eruption+1","Vigilance+1","CarveReality+1","EmptyBody+1","TalkToTheHand+1","Halt+1","Vengeance","WheelKick","LessonLearned","TalkToTheHand+1","LikeWater+1","Protect+1","Blasphemy+1","FearNoEvil+1","Bite+1","Bite","Bite+1","Bite","Bite+1","ReachHeaven+1","ThirdEye+1","Scrawl","Tantrum","Devotion","WaveOfTheHand+1","Master of Strategy","Violence","Devotion","Adaptation+1","TalkToTheHand+1","Wallop"],"relics":["PureWater","MealTicket","Happy Flower","Pocketwatch","Cursed Key","Letter Opener","MutagenicStrength","Mercury Hourglass","MawBank","Lee\u0027s Waffle","Philosopher\u0027s Stone","OrangePellets","Smiling Mask","Blood Vial","Yang"],"acts_visited":["Exordium","TheCity","TheBeyond"],"potions_floor_usage":[45,48],"damage_taken":[{"damage":1.0,"enemies":"Small Slimes","floor":1.0,"turns":4.0},{"damage":2.0,"enemies":"Jaw Worm","floor":3.0,"turns":5.0},{"damage":10.0,"enemies":"Lagavulin","floor":6.0,"turns":7.0},{"damage":2.0,"enemies":"2 Louse","floor":7.0,"turns":2.0},{"damage":17.0,"enemies":"3 Sentries","floor":8.0,"turns":7.0},{"damage":0.0,"enemies":"Blue Slaver","floor":11.0,"turns":3.0},{"damage":0.0,"enemies":"Large Slime","floor":12.0,"turns":4.0},{"damage":7.0,"enemies":"Exordium Thugs","floor":13.0,"turns":3.0},{"damage":0.0,"enemies":"2 Fungi Beasts","floor":14.0,"turns":4.0},{"damage":18.0,"enemies":"The Guardian","floor":16.0,"turns":9.0},{"damage":0.0,"enemies":"Spheric Guardian","floor":18.0,"turns":4.0},{"damage":0.0,"enemies":"Chosen","floor":20.0,"turns":3.0},{"damage":11.0,"enemies":"Snake Plant","floor":21.0,"turns":7.0},{"damage":21.0,"enemies":"Shelled Parasite and Fungi","floor":22.0,"turns":9.0},{"damage":39.0,"enemies":"Gremlin Leader","floor":24.0,"turns":5.0},{"damage":0.0,"enemies":"Sentry and Sphere","floor":28.0,"turns":3.0},{"damage":7.0,"enemies":"Book of Stabbing","floor":29.0,"turns":4.0},{"damage":4.0,"enemies":"Snecko","floor":30.0,"turns":4.0},{"damage":6.0,"enemies":"Champ","floor":33.0,"turns":12.0},{"damage":0.0,"enemies":"3 Shapes","floor":35.0,"turns":4.0},{"damage":0.0,"enemies":"Orb Walker","floor":36.0,"turns":2.0},{"damage":28.0,"enemies":"Giant Head","floor":40.0,"turns":5.0},{"damage":0.0,"enemies":"Writhing Mass","floor":42.0,"turns":5.0},{"damage":71,"enemies":"Reptomancer","floor":45,"turns":7},{"damage":3,"enemies":"Maw","floor":46,"turns":5},{"damage":10,"enemies":"Nemesis","floor":48,"turns":5},{"damage":46,"enemies":"Time Eater","floor":50,"turns":7}],"seed_played":"4879010601460474835","potions_obtained":[{"floor":1.0,"key":"Explosive Potion"},{"floor":3.0,"key":"PowerPotion"},{"floor":12.0,"key":"Fire Potion"},{"floor":16.0,"key":"LiquidBronze"},{"floor":18.0,"key":"Ambrosia"},{"floor":28.0,"key":"Strength Potion"},{"floor":30.0,"key":"StancePotion"},{"floor":35.0,"key":"Regen Potion"},{"floor":45,"key":"Dexterity Potion"}],"is_trial":false,"path_per_floor":["M","?","M","?","$","E","M","E","T","R","M","M","M","M","R","B",null,"M","?","M","M","M","R","E","?","T","R","M","E","M","$","R","B",null,"M","M","?","$","?","E","R","M","T","R","E","M","R","E","R","B"],"character_chosen":"WATCHER","items_purchased":["TalkToTheHand","Halt","Tantrum","Lee\u0027s Waffle","OrangePellets"],"campfire_rested":3,"item_purchase_floors":[5,5,31,31,38],"current_hp_per_floor":[60,40,38,38,53,43,41,24,24,44,44,44,37,37,37,19,56,56,47,47,46,43,43,17,17,17,31,36,38,43,54,54,54,54,54,54,44,54,54,28,28,47,47,47,10,17,33,34,34,0,0],"gold":126,"neow_bonus":"RANDOM_COMMON_RELIC","is_daily":false,"chose_seed":false,"campfire_upgraded":5,"win_rate":0.0,"timestamp":1612795121,"path_taken":["M","?","M","?","?","E","M","E","T","R","M","M","?","M","R","BOSS","M","?","M","M","M","R","E","?","T","R","M","E","M","$","R","BOSS","M","M","?","$","?","E","R","M","T","R","E","M","R","E","R","BOSS"],"items_purchased_type":["Card","Card","Card","Relic","Relic"],"build_version":"2020-12-22","purchased_purges":1,"victory":false,"max_hp_per_floor":[68,68,68,68,68,68,68,68,68,68,68,68,68,68,68,68,68,68,47,47,47,47,47,47,47,47,47,47,47,47,54,54,54,54,54,54,54,54,54,54,54,54,54,54,54,54,54,54,54,54,54],"relic_stats":{"Lee\u0027s Waffle":7,"Happy Flower":[41],"counters":[27,138],"Yang":[14],"Letter Opener":[47],"Cursed Key":1,"MawBank":24,"Smiling Mask":0,"Mercury Hourglass":[156],"Blood Vial":6,"OrangePellets":[15],"MealTicket":29,"obtain_stats":[{"Lee\u0027s Waffle":31,"Happy Flower":6,"Yang":48,"Letter Opener":24,"Cursed Key":17,"MawBank":29,"Smiling Mask":40,"Mercury Hourglass":26,"Blood Vial":45,"OrangePellets":38,"MutagenicStrength":25,"MealTicket":0,"Philosopher\u0027s Stone":34,"PureWater":0,"Pocketwatch":8},{"Lee\u0027s Waffle":18,"Happy Flower":3,"Yang":26,"Letter Opener":15,"Cursed Key":10,"MawBank":17,"Smiling Mask":22,"Mercury Hourglass":15,"Blood Vial":24,"OrangePellets":21,"MutagenicStrength":15,"MealTicket":0,"Philosopher\u0027s Stone":19,"PureWater":0,"Pocketwatch":5},{"Lee\u0027s Waffle":86,"Happy Flower":16,"Yang":131,"Letter Opener":76,"Cursed Key":48,"MawBank":83,"Smiling Mask":109,"Mercury Hourglass":76,"Blood Vial":121,"OrangePellets":104,"MutagenicStrength":76,"MealTicket":0,"Philosopher\u0027s Stone":98,"PureWater":0,"Pocketwatch":25}],"Pocketwatch":[86]},"card_choices":[{"not_picked":["Indignation","Protect"],"picked":"CarveReality","floor":1.0},{"not_picked":["DeceiveReality","EmptyFist"],"picked":"EmptyBody","floor":3.0},{"not_picked":["FollowUp","ThirdEye"],"picked":"Vengeance","floor":6.0},{"not_picked":["Consecrate","FlurryOfBlows"],"picked":"WheelKick","floor":7.0},{"not_picked":["ReachHeaven","Brilliance"],"picked":"LessonLearned","floor":8.0},{"not_picked":["SashWhip","BattleHymn"],"picked":"TalkToTheHand","floor":11.0},{"not_picked":["FollowUp","PathToVictory"],"picked":"LikeWater","floor":12.0},{"not_picked":["SashWhip","CarveReality"],"picked":"Protect","floor":13.0},{"not_picked":["Crescendo","SashWhip"],"picked":"Blasphemy","floor":14.0},{"not_picked":["Protect","FollowUp"],"picked":"FearNoEvil","floor":18.0},{"not_picked":["Protect","SashWhip"],"picked":"ReachHeaven","floor":20.0},{"not_picked":["Vengeance","Brilliance","Crescendo+1"],"picked":"SKIP","floor":21.0},{"not_picked":["JustLucky","FollowUp"],"picked":"ThirdEye","floor":22.0},{"not_picked":["CutThroughFate","ClearTheMind"],"picked":"Scrawl","floor":24.0},{"not_picked":["Crescendo","CarveReality","Protect"],"picked":"SKIP","floor":28.0},{"not_picked":["SashWhip","FollowUp","Indignation"],"picked":"SKIP","floor":29.0},{"not_picked":["BowlingBash","Vengeance","CrushJoints"],"picked":"SKIP","floor":30.0},{"not_picked":["Blasphemy","Alpha"],"picked":"Devotion","floor":33.0},{"not_picked":["Protect","CrushJoints"],"picked":"WaveOfTheHand+1","floor":35.0},{"not_picked":["Nirvana+1","Prostrate","EmptyBody"],"picked":"SKIP","floor":36.0},{"not_picked":["Good Instincts","Forethought"],"picked":"Master of Strategy","floor":37.0},{"not_picked":["Panacea","Mind Blast"],"picked":"Violence","floor":37.0},{"not_picked":["SandsOfTime","WheelKick"],"picked":"Adaptation+1","floor":40.0},{"not_picked":["Evaluate+1","CarveReality"],"picked":"TalkToTheHand","floor":42.0},{"not_picked":["InnerPeace+1","CarveReality","ThirdEye"],"picked":"SKIP","floor":45},{"not_picked":["Crescendo","Consecrate"],"picked":"Wallop","floor":46},{"not_picked":["FollowUp","CrushJoints","Tantrum+1"],"picked":"SKIP","floor":48}],"player_experience":688097,"relics_obtained":[{"floor":6.0,"key":"Happy Flower"},{"floor":8.0,"key":"Pocketwatch"},{"floor":24.0,"key":"Letter Opener"},{"floor":26.0,"key":"Mercury Hourglass"},{"floor":29.0,"key":"MawBank"},{"floor":40.0,"key":"Smiling Mask"},{"floor":45,"key":"Blood Vial"},{"floor":48,"key":"Yang"}],"event_choices":[{"damage_healed":0.0,"max_hp_gain":0.0,"max_hp_loss":0.0,"gold_gain":0.0,"event_name":"Shining Light","player_choice":"Entered Light","floor":2.0,"gold_loss":0.0,"damage_taken":20.0,"cards_upgraded":["Vigilance","Eruption"]},{"damage_healed":0.0,"max_hp_gain":0.0,"max_hp_loss":0.0,"gold_gain":0.0,"event_name":"Liars Game","player_choice":"Ignored","floor":4.0,"gold_loss":0.0,"damage_taken":0.0},{"damage_healed":0.0,"max_hp_gain":0.0,"max_hp_loss":21.0,"gold_gain":0.0,"event_name":"Vampires","player_choice":"Became a vampire","floor":19.0,"gold_loss":0.0,"damage_taken":0.0,"cards_obtained":["Bite","Bite","Bite","Bite","Bite"]},{"damage_healed":0.0,"max_hp_gain":0.0,"max_hp_loss":0.0,"gold_gain":0.0,"event_name":"Drug Dealer","player_choice":"Inject Mutagens","floor":25.0,"gold_loss":0.0,"damage_taken":0.0,"relics_obtained":["MutagenicStrength"]},{"damage_healed":0.0,"max_hp_gain":0.0,"max_hp_loss":0.0,"gold_gain":0.0,"event_name":"SensoryStone","player_choice":"Memory 3","floor":37.0,"gold_loss":0.0,"damage_taken":10.0},{"damage_healed":0.0,"max_hp_gain":0.0,"max_hp_loss":0.0,"gold_gain":0.0,"cards_transformed":["Defend_P"],"event_name":"Transmorgrifier","player_choice":"Transformed","floor":39.0,"gold_loss":0.0,"damage_taken":0.0,"cards_obtained":["Devotion"]}],"is_beta":false,"boss_relics":[{"not_picked":["VioletLotus","Busted Crown"],"picked":"Cursed Key"},{"not_picked":["Pandora\u0027s Box","Tiny House"],"picked":"Philosopher\u0027s Stone"}],"items_purged_floors":[31],"is_endless":false,"potions_floor_spawned":[1,3,12,16,18,20,28,30,35,45,46],"killed_by":"Time Eater","ascension_level":20}}