{"host":"hnfelxnirsihwvcb","time":1612824614,"event":{"mods":["BaseMod","Colored Map","DeckTracker","Highlight Path","Minty Spire (QoL Compilation)","Quick Restart","Relic Sorter","Relic Stats","Shop Mod","StSLib","SuperFastMode"],"gold_per_floor":[113,132,57,76,251,251,270,270,293,319,347,10,10,20,20,123,123,134,146,21,21,40,56,56,56,56,56,56,89,89,99,99,198,198,218,218,232,244,94,94,94,127,127,36,36,36,62,62,62,62],"floor_reached":51,"language":"ENG","playtime":1180,"items_purged":["Twin Strike","Doubt","Cleave","Flex+1"],"score":1110,"play_id":"dd5b5e7e-c0cd-402b-b3c8-c9d2df1e1697","local_time":"20210208235014","daily_mods":["SealedDeck","Vintage","Binary"],"is_ascension_mode":false,"campfire_choices":[{"data":"Body Slam","floor":6,"key":"SMITH"},{"data":"Body Slam","floor":8,"key":"SMITH"},{"floor":15,"key":"REST"},{"floor":24,"key":"DIG"},{"floor":27,"key":"DIG"},{"floor":30,"key":"DIG"},{"floor":32,"key":"DIG"},{"floor":41,"key":"DIG"},{"floor":46,"key":"DIG"},{"floor":49,"key":"DIG"}],"circlet_count":0,"master_deck":["Body Slam+1","Body Slam+1","Rage+1","Swift Strike+1"],"relics":["Unceasing Top","Busted Crown","War Paint","Vajra","Nunchaku","Shovel","MawBank","Happy Flower","Blood Vial","Pear","Gremlin Horn","Potion Belt","Tiny Chest","Bag of Preparation","Shuriken","Question Card","Boot","Toy Ornithopter","Art of War","MealTicket","HornCleat","Bag of Marbles","Regal Pillow","Empty Cage","Ornamental Fan","Bronze Scales","Molten Egg 2","Mango","Orichalcum","Dream Catcher","CaptainsWheel","Bottled Flame","Red Skull","StoneCalendar"],"acts_visited":["Exordium","TheCity","TheBeyond"],"potions_floor_usage":[50,50,50,50],"damage_taken":[{"damage":0,"enemies":"Cultist","floor":1,"turns":2},{"damage":0,"enemies":"Jaw Worm","floor":2,"turns":1},{"damage":10,"enemies":"Small Slimes","floor":4,"turns":2},{"damage":0,"enemies":"2 Fungi Beasts","floor":7,"turns":2},{"damage":11,"enemies":"Blue Slaver","floor":10,"turns":3},{"damage":0,"enemies":"Lots of Slimes","floor":11,"turns":1},{"damage":0,"enemies":"Red Slaver","floor":14,"turns":1},{"damage":0,"enemies":"Hexaghost","floor":16,"turns":1},{"damage":0,"enemies":"Shell Parasite","floor":18,"turns":1},{"damage":0,"enemies":"Spheric Guardian","floor":19,"turns":1},{"damage":0,"enemies":"Snake Plant","floor":22,"turns":1},{"damage":0,"enemies":"Shelled Parasite and Fungi","floor":23,"turns":1},{"damage":0,"enemies":"Book of Stabbing","floor":29,"turns":1},{"damage":0,"enemies":"3 Cultists","floor":31,"turns":1},{"damage":0,"enemies":"Collector","floor":33,"turns":1},{"damage":0,"enemies":"Orb Walker","floor":35,"turns":1},{"damage":0,"enemies":"3 Shapes","floor":37,"turns":1},{"damage":0,"enemies":"Maw","floor":38,"turns":1},{"damage":0,"enemies":"Reptomancer","floor":42,"turns":1},{"damage":0,"enemies":"Time Eater","floor":50,"turns":2}],"seed_played":"2514151782691417818","potions_obtained":[{"floor":7,"key":"Weak Potion"},{"floor":11,"key":"Fire Potion"},{"floor":16,"key":"LiquidBronze"},{"floor":18,"key":"PowerPotion"},{"floor":23,"key":"SteroidPotion"},{"floor":33,"key":"Energy Potion"},{"floor":37,"key":"Fruit Juice"}],"is_trial":true,"path_per_floor":["M","M","$","M","?","R","M","R","T","M","M","$","?","M","R","B",null,"M","M","$","?","M","M","R","?","T","R","?","E","R","M","R","B",null,"M","T","M","M","$","?","R","E","T","$","?","R","T","$","R","B",null],"character_chosen":"IRONCLAD","items_purchased":["Pear","Swift Strike+1"],"campfire_rested":1,"item_purchase_floors":[12,44],"current_hp_per_floor":[80,80,80,70,70,70,70,70,70,59,59,69,44,46,73,75,90,90,90,90,90,90,90,90,90,90,90,90,90,90,90,90,90,90,90,90,90,104,104,99,99,99,99,99,99,99,99,99,99,104],"gold":62,"neow_bonus":"","is_daily":false,"chose_seed":false,"campfire_upgraded":2,"win_rate":0.0,"timestamp":1612824614,"path_taken":["M","M","$","M","?","R","M","R","T","M","M","$","?","M","R","BOSS","M","M","$","?","M","M","R","?","T","R","?","E","R","M","R","BOSS","M","?","?","M","$","?","R","E","T","$","?","R","?","$","R","BOSS"],"items_purchased_type":["Relic","Card"],"build_version":"2020-12-22","purchased_purges":4,"victory":true,"max_hp_per_floor":[80,80,80,80,80,80,80,80,80,80,80,90,90,90,90,90,90,90,90,90,90,90,90,90,90,90,90,90,90,90,90,90,90,90,90,90,90,104,104,99,99,99,99,99,99,99,99,99,99,104],"relic_stats":{"Regal Pillow":0,"Gremlin Horn":[7,7],"StoneCalendar":[0],"Bag of Preparation":[10],"Boot":[10],"Blood Vial":4,"Nunchaku":[11],"Dream Catcher":0,"Shovel":7,"Tiny Chest":2,"MealTicket":0,"Happy Flower":[5],"counters":[20,26],"War Paint":["Intimidate","Flex"],"Orichalcum":[0],"MawBank":36,"Question Card":3,"Busted Crown":8,"Shuriken":[19],"Ornamental Fan":[40],"Bronze Scales":[0],"Art of War":[0],"obtain_stats":[{"Regal Pillow":32,"Gremlin Horn":13,"Vajra":2,"Mango":38,"StoneCalendar":49,"Bag of Preparation":19,"Boot":24,"Empty Cage":34,"Blood Vial":11,"Nunchaku":4,"Dream Catcher":42,"Shovel":7,"HornCleat":30,"Tiny Chest":18,"MealTicket":29,"Red Skull":47,"Potion Belt":14,"Pear":12,"Happy Flower":10,"War Paint":1,"Orichalcum":41,"MawBank":9,"Question Card":23,"CaptainsWheel":43,"Bottled Flame":46,"Busted Crown":0,"Shuriken":22,"Ornamental Fan":35,"Bronze Scales":36,"Molten Egg 2":37,"Art of War":27,"Bag of Marbles":31,"Unceasing Top":0,"Toy Ornithopter":26},{"Regal Pillow":14,"Gremlin Horn":6,"Vajra":2,"Mango":18,"StoneCalendar":19,"Bag of Preparation":10,"Boot":12,"Empty Cage":15,"Blood Vial":6,"Nunchaku":3,"Dream Catcher":19,"Shovel":4,"HornCleat":13,"Tiny Chest":9,"MealTicket":13,"Red Skull":19,"Potion Belt":7,"Pear":6,"Happy Flower":5,"War Paint":1,"Orichalcum":18,"MawBank":4,"Question Card":12,"CaptainsWheel":19,"Bottled Flame":19,"Busted Crown":0,"Shuriken":11,"Ornamental Fan":16,"Bronze Scales":16,"Molten Egg 2":17,"Art of War":12,"Bag of Marbles":14,"Unceasing Top":0,"Toy Ornithopter":12},{"Regal Pillow":19,"Gremlin Horn":11,"Vajra":3,"Mango":23,"StoneCalendar":24,"Bag of Preparation":15,"Boot":17,"Empty Cage":20,"Blood Vial":11,"Nunchaku":5,"Dream Catcher":24,"Shovel":7,"HornCleat":18,"Tiny Chest":14,"MealTicket":18,"Red Skull":24,"Potion Belt":12,"Pear":11,"Happy Flower":10,"War Paint":2,"Orichalcum":23,"MawBank":7,"Question Card":17,"CaptainsWheel":24,"Bottled Flame":24,"Busted Crown":0,"Shuriken":16,"Ornamental Fan":21,"Bronze Scales":21,"Molten Egg 2":22,"Art of War":17,"Bag of Marbles":19,"Unceasing Top":0,"Toy Ornithopter":17}],"Unceasing Top":[149],"Toy Ornithopter":0},"card_choices":[{"not_picked":["Pommel Strike"],"picked":"SKIP","floor":29},{"not_picked":["Perfected Strike+1"],"picked":"SKIP","floor":42}],"player_experience":856947,"relics_obtained":[{"floor":1,"key":"War Paint"},{"floor":2,"key":"Vajra"},{"floor":4,"key":"Nunchaku"},{"floor":7,"key":"Shovel"},{"floor":9,"key":"MawBank"},{"floor":10,"key":"Happy Flower"},{"floor":11,"key":"Blood Vial"},{"floor":14,"key":"Potion Belt"},{"floor":18,"key":"Tiny Chest"},{"floor":19,"key":"Bag of Preparation"},{"floor":22,"key":"Shuriken"},{"floor":23,"key":"Question Card"},{"floor":24,"key":"Boot"},{"floor":26,"key":"Toy Ornithopter"},{"floor":27,"key":"Art of War"},{"floor":29,"key":"MealTicket"},{"floor":30,"key":"HornCleat"},{"floor":31,"key":"Bag of Marbles"},{"floor":32,"key":"Regal Pillow"},{"floor":35,"key":"Ornamental Fan"},{"floor":36,"key":"Bronze Scales"},{"floor":37,"key":"Molten Egg 2"},{"floor":38,"key":"Mango"},{"floor":41,"key":"Orichalcum"},{"floor":42,"key":"Dream Catcher"},{"floor":43,"key":"CaptainsWheel"},{"floor":46,"key":"Bottled Flame"},{"floor":47,"key":"Red Skull"},{"floor":49,"key":"StoneCalendar"}],"event_choices":[{"damage_healed":0,"gold_gain":175,"player_choice":"AGREE","damage_taken":0,"max_hp_gain":0,"max_hp_loss":0,"event_name":"Liars Game","floor":5,"gold_loss":0,"cards_obtained":["Doubt"]},{"damage_healed":0,"gold_gain":0,"player_choice":"Success","damage_taken":25,"relics_obtained":["Gremlin Horn"],"max_hp_gain":0,"max_hp_loss":0,"event_name":"Scrap Ooze","floor":13,"gold_loss":0},{"cards_removed":["Twin Strike"],"damage_healed":0,"gold_gain":0,"player_choice":"Elegance","damage_taken":0,"max_hp_gain":0,"max_hp_loss":0,"event_name":"Back to Basics","floor":21,"gold_loss":0},{"damage_healed":0,"gold_gain":0,"player_choice":"Ignored","damage_taken":0,"max_hp_gain":0,"max_hp_loss":0,"event_name":"Ghosts","floor":25,"gold_loss":0},{"damage_healed":0,"gold_gain":0,"player_choice":"Upgraded","damage_taken":0,"max_hp_gain":0,"max_hp_loss":0,"event_name":"Upgrade Shrine","floor":28,"gold_loss":0,"cards_upgraded":["Rage"]},{"damage_healed":0,"gold_gain":0,"player_choice":"Max HP","damage_taken":0,"max_hp_gain":0,"max_hp_loss":5,"event_name":"Winding Halls","floor":40,"gold_loss":0},{"cards_removed":["Intimidate"],"damage_healed":0,"gold_gain":0,"player_choice":"Removed Skill","damage_taken":0,"max_hp_gain":0,"max_hp_loss":0,"event_name":"Falling","floor":45,"gold_loss":0}],"is_beta":false,"boss_relics":[{"not_picked":["Velvet Choker","Astrolabe","Snecko Eye"]},{"not_picked":["Philosopher\u0027s Stone","Fusion Hammer"],"picked":"Empty Cage"}],"items_purged_floors":[3,12,20,39],"is_endless":false,"potions_floor_spawned":[7,11,16,18,23,33,37,42],"ascension_level":0}}