{"host":"sav7uxregyirlf69","time":1612783568,"event":{"mods":["AchievementEnabler","BaseMod","Colored Map","DeckTracker","Keyboard Shortcuts","Minty Spire (QoL Compilation)","READ ME - Guardian Mod","StSLib","SuperFastMode"],"gold_per_floor":[367,367,45,120,132,132,159,159,212,227,227,227,51,68,68,68,68],"floor_reached":16,"language":"KOR","playtime":189,"items_purged":["Defend_G"],"score":196,"play_id":"0bd954b4-a633-41c0-ab43-fbff9f2e8de3","local_time":"20210208202608","is_ascension_mode":true,"campfire_choices":[{"data":"Deadly Poison","floor":6,"key":"SMITH"},{"data":"Prepared","floor":11,"key":"SMITH"},{"data":"Tactician","floor":15,"key":"SMITH"}],"circlet_count":0,"master_deck":["AscendersBane","Strike_G","Strike_G","Strike_G","Strike_G","Strike_G","Defend_G","Defend_G","Defend_G","Defend_G","Survivor","Neutralize","Deadly Poison+1","Tactician+1","Eviscerate","Prepared+1","Dagger Throw","Adrenaline+1","Acrobatics+1"],"relics":["Ring of the Snake","Sundial","Question Card","Akabeko","Toxic Egg 2"],"acts_visited":["Exordium"],"potions_floor_usage":[7,16],"damage_taken":[{"damage":3,"enemies":"2 Louse","floor":1,"turns":6},{"damage":0,"enemies":"Cultist","floor":5,"turns":4},{"damage":29,"enemies":"Gremlin Nob","floor":7,"turns":4},{"damage":0,"enemies":"Jaw Worm","floor":10,"turns":1},{"damage":4,"enemies":"Exordium Wildlife","floor":14,"turns":3},{"damage":27,"enemies":"Slime Boss","floor":16,"turns":5}],"seed_played":"457428691972099907","potions_obtained":[{"floor":5,"key":"Dexterity Potion"},{"floor":14,"key":"Strength Potion"}],"is_trial":false,"path_per_floor":["M","?","$","T","M","R","E","?","T","M","R","T","$","M","R","B"],"character_chosen":"THE_SILENT","items_purchased":["Tactician","Eviscerate","CunningPotion","Adrenaline+1"],"campfire_rested":0,"item_purchase_floors":[3,3,3,13],"current_hp_per_floor":[56,56,56,56,56,56,27,27,27,27,27,27,27,23,23,0,0],"gold":68,"neow_bonus":"TWO_FIFTY_GOLD","is_daily":false,"chose_seed":false,"campfire_upgraded":3,"win_rate":0.0,"timestamp":1612783568,"path_taken":["M","?","$","?","M","R","E","?","T","M","R","?","$","M","R","BOSS"],"items_purchased_type":["Card","Card","Potion","Card"],"build_version":"2020-12-22","purchased_purges":1,"victory":false,"max_hp_per_floor":[60,60,60,60,60,60,60,60,60,60,60,60,60,60,60,60,60],"card_choices":[{"not_picked":["Accuracy","Sucker Punch"],"picked":"Deadly Poison","floor":1},{"not_picked":["Distraction","Infinite Blades","Poisoned Stab"],"picked":"SKIP","floor":5},{"not_picked":["Deadly Poison","Crippling Poison"],"picked":"Prepared","floor":7},{"not_picked":["Quick Slash","Outmaneuver","Deflect"],"picked":"Dagger Throw","floor":10},{"not_picked":["Quick Slash","Underhanded Strike","Flechettes"],"picked":"Acrobatics+1","floor":14}],"player_experience":1525941,"relics_obtained":[{"floor":4,"key":"Sundial"},{"floor":7,"key":"Question Card"},{"floor":9,"key":"Akabeko"},{"floor":12,"key":"Toxic Egg 2"}],"event_choices":[{"damage_healed":0,"gold_gain":0,"player_choice":"0 cards matched","damage_taken":0,"max_hp_gain":0,"max_hp_loss":0,"event_name":"Match and Keep!","floor":2,"gold_loss":0,"cards_obtained":[]},{"damage_healed":0,"gold_gain":0,"player_choice":"Searched \u00270\u0027 times","damage_taken":0,"max_hp_gain":0,"max_hp_loss":0,"event_name":"Dead Adventurer","floor":8,"gold_loss":0}],"is_beta":false,"boss_relics":[],"items_purged_floors":[3],"is_endless":false,"potions_floor_spawned":[5,14],"killed_by":"Slime Boss","ascension_level":20}}