{"host":"avjwtc49fhlk6kym","time":1612745235,"event":{"mods":["AchievementEnabler","BaseMod","Better Match","Better Note","Better Third Choice","Colored Map","Colored Powertips","Displayed Cursed Tome","Highlight Path","Minty Spire (QoL Compilation)","Permanent Neow","Quick Restart","StSLib"],"gold_per_floor":[111,127,147,147,147,173,28,28,28,46,56,32,43,43,43,174,174,190,190,190,61,74,92,108,127,127,140,140,13,13,29,29,158,158,174,23,38,52,68,68,30,30,54,54,72,72,72],"floor_reached":46,"language":"ENG","playtime":1702,"items_purged":["Strike_P"],"score":426,"play_id":"8018d6de-5c9c-4ec5-ae99-1553766b25a9","local_time":"20210207194715","is_ascension_mode":false,"campfire_choices":[{"floor":8.0,"key":"REST"},{"floor":15.0,"key":"REST"},{"floor":28,"key":"REST"},{"floor":30,"key":"REST"},{"floor":32,"key":"REST"},{"floor":40,"key":"REST"},{"floor":42,"key":"REST"},{"floor":44,"key":"RECALL"}],"circlet_count":0,"master_deck":["Strike_P+1","Strike_P+1","Defend_P+1","Defend_P+1","Defend_P","Eruption","Vigilance","Judgement","FearNoEvil","BowlingBash","FollowUp","FlyingSleeves","LessonLearned","FollowUp","ClearTheMind","Scrawl+1","RitualDagger","Mind Blast","Wireheading","BattleHymn+1","FlyingSleeves+1","CrushJoints","Halt","ThirdEye","PathToVictory","ThirdEye","Wish","WindmillStrike","Protect","Protect+1","LikeWater","Protect"],"relics":["PureWater","Boot","CloakClasp","Juzu Bracelet","White Beast Statue","Golden Idol","Velvet Choker","Pantograph","Empty Cage","HandDrill","Bronze Scales"],"acts_visited":["Exordium","TheCity","TheBeyond"],"potions_floor_usage":[16,18,18,22,23,27,27,33,33,35,38,38,39,45,46],"damage_taken":[{"damage":0.0,"enemies":"Small Slimes","floor":1.0,"turns":2.0},{"damage":1.0,"enemies":"Jaw Worm","floor":2.0,"turns":2.0},{"damage":0.0,"enemies":"Cultist","floor":3.0,"turns":2.0},{"damage":9.0,"enemies":"Lagavulin","floor":6.0,"turns":7.0},{"damage":0.0,"enemies":"3 Louse","floor":10.0,"turns":3.0},{"damage":9.0,"enemies":"Exordium Wildlife","floor":11.0,"turns":3.0},{"damage":0.0,"enemies":"Blue Slaver","floor":13.0,"turns":2.0},{"damage":49,"enemies":"Hexaghost","floor":16,"turns":13},{"damage":17,"enemies":"2 Thieves","floor":18,"turns":3},{"damage":1,"enemies":"Shell Parasite","floor":22,"turns":2},{"damage":10,"enemies":"Centurion and Healer","floor":23,"turns":4},{"damage":19,"enemies":"Snake Plant","floor":24,"turns":2},{"damage":9,"enemies":"Cultist and Chosen","floor":25,"turns":3},{"damage":1,"enemies":"Centurion and Healer","floor":27,"turns":3},{"damage":1,"enemies":"Chosen and Byrds","floor":31,"turns":4},{"damage":43,"enemies":"Champ","floor":33,"turns":8},{"damage":42,"enemies":"3 Darklings","floor":35,"turns":6},{"damage":14,"enemies":"Orb Walker","floor":37,"turns":3},{"damage":0,"enemies":"Sphere and 2 Shapes","floor":38,"turns":3},{"damage":9,"enemies":"Jaw Worm Horde","floor":39,"turns":4},{"damage":46,"enemies":"Maw","floor":45,"turns":10},{"damage":13,"enemies":"Sphere and 2 Shapes","floor":46,"turns":3}],"seed_played":"-2786375460645623023","potions_obtained":[{"floor":1.0,"key":"EssenceOfSteel"},{"floor":10.0,"key":"GamblersBrew"},{"floor":11.0,"key":"SkillPotion"},{"floor":13.0,"key":"SpeedPotion"},{"floor":16,"key":"LiquidBronze"},{"floor":18,"key":"Fire Potion"},{"floor":22,"key":"LiquidBronze"},{"floor":23,"key":"Explosive Potion"},{"floor":24,"key":"EssenceOfSteel"},{"floor":25,"key":"FairyPotion"},{"floor":27,"key":"BlessingOfTheForge"},{"floor":31,"key":"BlessingOfTheForge"},{"floor":33,"key":"DistilledChaos"},{"floor":35,"key":"Explosive Potion"},{"floor":37,"key":"Fire Potion"},{"floor":38,"key":"AttackPotion"},{"floor":39,"key":"LiquidMemories"},{"floor":45,"key":"PowerPotion"}],"is_trial":false,"path_per_floor":["M","M","M","?","T","E","$","R","T","M","M","$","M","?","R","B",null,"M","?","?","$","M","M","M","M","T","M","R","$","R","M","R","B",null,"M","$","M","M","M","R","$","R","T","R","M","M"],"character_chosen":"WATCHER","items_purchased":["Juzu Bracelet","FollowUp","Mind Blast","Wireheading","PathToVictory","HandDrill","LikeWater"],"campfire_rested":7,"item_purchase_floors":[7,12,21,21,29,36,41],"current_hp_per_floor":[65,64,64,51,51,42,42,61,61,61,52,52,52,36,55,6,65,48,48,42,42,41,31,12,3,3,2,21,21,40,39,58,22,65,23,23,9,9,19,38,38,57,57,57,11,0,0],"gold":72,"neow_bonus":"THREE_RARE_CARDS","is_daily":false,"chose_seed":false,"campfire_upgraded":0,"win_rate":0.0,"timestamp":1612745235,"path_taken":["M","M","M","?","?","E","?","R","T","M","M","$","M","?","R","BOSS","M","?","?","?","M","M","M","M","T","M","R","?","R","M","R","BOSS","M","$","M","M","M","R","$","R","T","R","M","M"],"items_purchased_type":["Relic","Card","Card","Card","Card","Relic","Card"],"build_version":"2020-12-22","purchased_purges":1,"victory":false,"max_hp_per_floor":[65,65,65,65,65,65,65,65,65,65,65,65,65,65,65,65,65,65,65,65,65,65,65,65,65,65,65,65,65,65,65,65,65,65,65,65,65,65,65,65,65,65,65,65,65,65,65],"card_choices":[{"not_picked":["MasterReality","Brilliance"],"picked":"Judgement","floor":0.0},{"not_picked":["Vengeance","BowlingBash"],"picked":"FearNoEvil","floor":1.0},{"not_picked":["MentalFortress","Meditate","SashWhip"],"picked":"SKIP","floor":2.0},{"not_picked":["Protect","PathToVictory"],"picked":"BowlingBash","floor":3.0},{"not_picked":["CarveReality","JustLucky"],"picked":"FollowUp","floor":6.0},{"not_picked":["EmptyFist","JustLucky"],"picked":"FlyingSleeves","floor":10.0},{"not_picked":["EmptyFist","ClearTheMind"],"picked":"LessonLearned","floor":11.0},{"not_picked":["FollowUp","Prostrate"],"picked":"ClearTheMind","floor":13.0},{"not_picked":["Judgement","Brilliance"],"picked":"Scrawl","floor":16},{"not_picked":["EmptyBody","Perseverance","EmptyFist"],"picked":"SKIP","floor":18},{"not_picked":["Protect","Fasting2"],"picked":"BattleHymn+1","floor":22},{"not_picked":["FollowUp","ThirdEye"],"picked":"FlyingSleeves+1","floor":23},{"not_picked":["FlyingSleeves","Halt"],"picked":"CrushJoints","floor":24},{"not_picked":["Crescendo","Prostrate"],"picked":"Halt","floor":25},{"not_picked":["Conclude+1","Crescendo"],"picked":"ThirdEye","floor":27},{"not_picked":["FlyingSleeves","ClearTheMind"],"picked":"ThirdEye","floor":31},{"not_picked":["SpiritShield","Omniscience"],"picked":"Wish","floor":33},{"not_picked":["WreathOfFlame","ClearTheMind","WaveOfTheHand"],"picked":"SKIP","floor":35},{"not_picked":["EmptyFist","Meditate+1"],"picked":"WindmillStrike","floor":37},{"not_picked":["Crescendo+1","Halt"],"picked":"Protect","floor":38},{"not_picked":["Prostrate","PathToVictory+1"],"picked":"Protect+1","floor":39},{"not_picked":["Crescendo","Prostrate+1"],"picked":"Protect","floor":45}],"player_experience":436226,"relics_obtained":[{"floor":5.0,"key":"Boot"},{"floor":6.0,"key":"CloakClasp"},{"floor":9.0,"key":"White Beast Statue"},{"floor":26,"key":"Pantograph"},{"floor":43,"key":"Bronze Scales"}],"event_choices":[{"damage_healed":64.0,"max_hp_gain":0.0,"max_hp_loss":65.0,"gold_gain":0.0,"event_name":"betterThird:BetterShining","player_choice":"Upgrade","floor":4.0,"gold_loss":0.0,"damage_taken":13.0,"cards_upgraded":["Strike_P","Defend_P"]},{"damage_healed":0.0,"max_hp_gain":0.0,"max_hp_loss":0.0,"gold_gain":0.0,"event_name":"Golden Idol","player_choice":"Take Damage","floor":14.0,"gold_loss":0.0,"damage_taken":16.0,"relics_obtained":["Golden Idol"]},{"cards_removed":["Strike_P"],"damage_healed":0,"gold_gain":0,"player_choice":"Give","damage_taken":0,"max_hp_gain":0,"max_hp_loss":0,"event_name":"betterNote:BetterNote","floor":19,"gold_loss":0,"cards_obtained":["Defend_P"]},{"damage_healed":0,"gold_gain":0,"player_choice":"Dagger","damage_taken":6,"max_hp_gain":0,"max_hp_loss":0,"event_name":"betterThird:BetterNest","floor":20,"gold_loss":0,"cards_obtained":["RitualDagger"]}],"is_beta":false,"boss_relics":[{"not_picked":["Busted Crown","Fusion Hammer"],"picked":"Velvet Choker"},{"not_picked":["HolyWater","Philosopher\u0027s Stone"],"picked":"Empty Cage"}],"items_purged_floors":[29],"is_endless":false,"potions_floor_spawned":[1,10,11,13,16,18,22,23,24,25,27,31,33,35,37,38,39,45],"killed_by":"Sphere and 2 Shapes","ascension_level":0}}