{"host":"2brg86hfzr3u5cix","time":1612753888,"event":{"mods":["AchievementEnabler","Ascension Unlocker","BaseMod","CapriCore","DeckTracker","Highlight Path","Keyboard Shortcuts","Minty Spire (QoL Compilation)","Permanent Neow","Relic Stats","StSLib","Twitch Utils","Uncapped","UnlockEverythingMod"],"gold_per_floor":[112,112,112,33,33,33,33,33,33],"floor_reached":8,"language":"KOR","playtime":178,"items_purged":["Defend_G"],"score":84,"play_id":"655966b1-448d-4527-ae96-a7a19ec899ab","local_time":"20210208121128","is_ascension_mode":true,"campfire_choices":[{"floor":6,"key":"REST"}],"circlet_count":0,"master_deck":["AscendersBane","Strike_G","Strike_G","Strike_G","Defend_G","Defend_G+1","Defend_G","Defend_G","Survivor+1","Neutralize","Flying Knee","Deadly Poison"],"relics":["Ring of the Snake","Smiling Mask"],"acts_visited":["Exordium"],"potions_floor_usage":[],"damage_taken":[{"damage":0,"enemies":"Jaw Worm","floor":1,"turns":7},{"damage":46,"enemies":"3 Sentries","floor":8,"turns":10}],"seed_played":"-7689845621299457262","potions_obtained":[],"is_trial":false,"path_per_floor":["M","?","?","$","?","R","?","E"],"character_chosen":"THE_SILENT","items_purchased":["Deadly Poison"],"campfire_rested":1,"item_purchase_floors":[4],"current_hp_per_floor":[59,39,13,13,6,25,47,1,1],"gold":33,"neow_bonus":"REMOVE_CARD","is_daily":false,"chose_seed":false,"campfire_upgraded":0,"win_rate":0.0,"timestamp":1612753888,"path_taken":["M","?","?","$","?","R","?","E"],"items_purchased_type":["Card"],"build_version":"2020-12-22","purchased_purges":1,"victory":false,"max_hp_per_floor":[66,66,66,66,66,66,66,66,66],"relic_stats":{"counters":[2,17],"Smiling Mask":25,"obtain_stats":[{"Smiling Mask":3,"Ring of the Snake":0},{"Smiling Mask":1,"Ring of the Snake":0},{"Smiling Mask":7,"Ring of the Snake":0}],"Ring of the Snake":[4]},"card_choices":[{"not_picked":["Slice","Dash"],"picked":"Flying Knee","floor":1}],"player_experience":362367,"relics_obtained":[],"event_choices":[{"damage_healed":0,"gold_gain":0,"player_choice":"Entered Light","damage_taken":20,"max_hp_gain":0,"max_hp_loss":0,"event_name":"Shining Light","floor":2,"gold_loss":0,"cards_upgraded":["Survivor","Defend_G"]},{"damage_healed":0,"gold_gain":0,"player_choice":"Success","damage_taken":26,"relics_obtained":["Smiling Mask"],"max_hp_gain":0,"max_hp_loss":0,"event_name":"Scrap Ooze","floor":3,"gold_loss":0},{"cards_removed":["Strike_G"],"damage_healed":0,"gold_gain":0,"player_choice":"Card Removal","damage_taken":7,"max_hp_gain":0,"max_hp_loss":0,"event_name":"Golden Wing","floor":5,"gold_loss":0},{"damage_healed":22,"gold_gain":0,"player_choice":"Banana","damage_taken":0,"max_hp_gain":0,"max_hp_loss":0,"event_name":"Big Fish","floor":7,"gold_loss":0}],"is_beta":false,"boss_relics":[],"items_purged_floors":[4],"is_endless":false,"potions_floor_spawned":[],"killed_by":"3 Sentries","ascension_level":20}}