{"host":"8tgyo6jwzgmjsiz5","time":1612747925,"event":{"mods":["AchievementEnabler","BaseMod","Best Route Mod","Colored Map","Downfall","Highlight Path","Minty Spire (QoL Compilation)","Permanent Neow","Quick Restart","StSLib","SuperFastMode","everything is the same but u backflip on backflip"],"gold_per_floor":[99,117,130,149,168,188,215,229,229,214,225,252,42,57,68,166,166,166,266,286,302,355,355,378,378,25,125,157,42,42,55,66,164,164,164,184,200,250,296,309,309,328,362,362,362,116,133,148,163,163],"floor_reached":51,"language":"ENG","playtime":11704,"items_purged":["Slimebound:Strike_Slimebound","Slimebound:Strike_Slimebound","Slimebound:Strike_Slimebound"],"score":830,"play_id":"e3bc247a-b4c0-4ac5-8895-f7654f87b995","local_time":"20210207223205","is_ascension_mode":false,"campfire_choices":[{"data":"Slimebound:Split","floor":1.0,"key":"SMITH"},{"data":"Slimebound:GoopSpray","floor":9.0,"key":"SMITH"},{"data":"Slimebound:Grow","floor":18,"key":"SMITH"},{"data":"expansioncontent:PolyBeam","floor":23,"key":"SMITH"},{"data":"Slimebound:RejuvenatingLick","floor":30,"key":"SMITH"},{"floor":35,"key":"RECALL"},{"data":"Slimebound:MegaLick","floor":45,"key":"SMITH"}],"circlet_count":0,"master_deck":["Slimebound:Tackle","Slimebound:Defend_Slimebound+1","Slimebound:Defend_Slimebound","Slimebound:Defend_Slimebound","Slimebound:Defend_Slimebound","Slimebound:Split+1","Slimebound:CorrosiveSpit","Slimebound:Repurpose","Slimebound:FinishingTackle","Slimebound:SamplingLick","Slimebound:Grow+1","Slimebound:RejuvenatingLick+1","Slimebound:SlimeSpikes+1","Slimebound:GoopSpray+1","Slimebound:LeechEnergy","Slimebound:LeechingTouch","Slimebound:Gluttony","Slimebound:Overexert","Slimebound:Equalize","Slimebound:MegaLick+1","expansioncontent:PolyBeam+1","Slimebound:LevelUp","Slimebound:LeechLife","Slimebound:LevelUp","Slimebound:LeechingTouch","Slimebound:SpikyOuterGoop","Slimebound:LivingWall","Slimebound:SplitLeeching","Slimebound:Dissolve+1","Slimebound:AcidTongue","Slimebound:MassFeed+1","Slimebound:Schlurp+1","Slimebound:SplitBruiser+1","Slimebound:SlimeTap+1","Slimebound:ViciousTackle+1","expansioncontent:StudyTheSpire","Slimebound:LevelUp","Parasite","Slimebound:LevelUp+1"],"relics":["Slimebound:AbsorbEndCombat","Tiny Chest","Happy Flower","Coffee Dripper","White Beast Statue","Potion Belt","Molten Egg 2","Strange Spoon","Toy Ornithopter","Philosopher\u0027s Stone","Dead Branch","War Paint","Nunchaku","Centennial Puzzle","Gremlin Horn","FossilizedHelix"],"acts_visited":["Exordium","TheCity","TheBeyond"],"potions_floor_usage":[29,32,33,33,36,42,42,43],"damage_taken":[{"damage":9.0,"enemies":"2 Louse","floor":2.0,"turns":4.0},{"damage":6.0,"enemies":"Cultist","floor":3.0,"turns":2.0},{"damage":8.0,"enemies":"Small Slimes","floor":4.0,"turns":5.0},{"damage":13.0,"enemies":"Gremlin Gang","floor":5.0,"turns":10.0},{"damage":13.0,"enemies":"Large Slime","floor":6.0,"turns":5.0},{"damage":2.0,"enemies":"3 Louse","floor":8.0,"turns":4.0},{"damage":5.0,"enemies":"downfall:FleeingMerchant","floor":10.0,"turns":4.0},{"damage":3.0,"enemies":"Exordium Thugs","floor":11.0,"turns":6.0},{"damage":8.0,"enemies":"3 Sentries","floor":12.0,"turns":7.0},{"damage":3.0,"enemies":"downfall:FleeingMerchant","floor":13.0,"turns":4.0},{"damage":0.0,"enemies":"2 Fungi Beasts","floor":14.0,"turns":3.0},{"damage":1,"enemies":"Exordium Wildlife","floor":15,"turns":2},{"damage":24,"enemies":"DF_ARCHETYPE_STREAMLINE","floor":16,"turns":6},{"damage":20,"enemies":"downfall:LadyInBlue","floor":19,"turns":11},{"damage":6,"enemies":"Spheric Guardian","floor":20,"turns":3},{"damage":16,"enemies":"Chosen","floor":21,"turns":5},{"damage":0,"enemies":"downfall:FleeingMerchant","floor":26,"turns":4},{"damage":46,"enemies":"Book of Stabbing","floor":28,"turns":6},{"damage":7,"enemies":"downfall:FleeingMerchant","floor":29,"turns":4},{"damage":18,"enemies":"3 Cultists","floor":31,"turns":6},{"damage":26,"enemies":"Snake Plant","floor":32,"turns":5},{"damage":20,"enemies":"SI_MIRROR_ARCHETYPE","floor":33,"turns":12},{"damage":0,"enemies":"3 Shapes","floor":36,"turns":5},{"damage":30,"enemies":"Orb Walker","floor":37,"turns":6},{"damage":9,"enemies":"Orb Walker","floor":38,"turns":10},{"damage":68,"enemies":"Transient","floor":40,"turns":5},{"damage":22,"enemies":"Maw","floor":42,"turns":8},{"damage":46,"enemies":"Nemesis","floor":43,"turns":9},{"damage":26,"enemies":"downfall:FleeingMerchant","floor":46,"turns":3},{"damage":10,"enemies":"Sphere and 2 Shapes","floor":47,"turns":5},{"damage":0,"enemies":"Writhing Mass","floor":48,"turns":5},{"damage":6,"enemies":"Spire Growth","floor":49,"turns":4},{"damage":0,"enemies":"WA_ARCHETYPE_DIVINITY","floor":50,"turns":9}],"seed_played":"2524234563687600059","potions_obtained":[{"floor":4.0,"key":"ColorlessPotion"},{"floor":5.0,"key":"SteroidPotion"},{"floor":11.0,"key":"FearPotion"},{"floor":12.0,"key":"BlessingOfTheForge"},{"floor":15,"key":"Slimebound:SpawnSlimePotion"},{"floor":20,"key":"CultistPotion"},{"floor":26,"key":"Weak Potion"},{"floor":29,"key":"Guardian:BlockOnCardUsePotion"},{"floor":32,"key":"BlessingOfTheForge"},{"floor":33,"key":"Swift Potion"},{"floor":36,"key":"Block Potion"},{"floor":37,"key":"SpeedPotion"},{"floor":40,"key":"LiquidMemories"},{"floor":42,"key":"GamblersBrew"},{"floor":43,"key":"SteroidPotion"},{"floor":46,"key":"SkillPotion"},{"floor":47,"key":"Slimebound:SlimyTonguePotion"}],"is_trial":false,"path_per_floor":["R","M","M","M","M","M","T","M","R","$","M","E","$","M","M","B",null,"R","?","M","M","T","R","T","T","$","?","E","$","R","M","M","B",null,"R","M","M","?","T","M","T","M","E","?","R","$","M","M","M","B",null],"character_chosen":"SLIMEBOUND","items_purchased":["Slimebound:Equalize","Slimebound:MegaLick","expansioncontent:PolyBeam","Strange Spoon","Slimebound:SlimedPotion","Slimebound:LivingWall","expansioncontent:StudyTheSpire","FossilizedHelix"],"campfire_rested":0,"item_purchase_floors":[13,13,13,26,26,26,46,46],"current_hp_per_floor":[65,56,52,48,41,30,30,36,36,35,40,40,43,49,56,40,65,65,49,45,41,41,41,41,41,49,49,13,27,27,17,12,40,65,65,69,49,77,77,13,13,68,81,81,81,61,63,79,93,93],"gold":163,"neow_bonus":"THREE_CARDS","is_daily":false,"chose_seed":false,"campfire_upgraded":6,"win_rate":0.0,"timestamp":1612747925,"path_taken":["R","M","M","M","M","M","T","M","R","$","M","E","$","M","M","BOSS","R","?","?","M","?","R","T","?","$","?","E","$","R","M","M","BOSS","R","M","?","?","?","?","T","M","E","?","R","$","M","M","M","BOSS"],"items_purchased_type":["Card","Card","Card","Relic","Potion","Card","Card","Relic"],"build_version":"2020-12-22","purchased_purges":3,"victory":true,"max_hp_per_floor":[65,65,65,65,65,65,65,65,65,65,65,65,65,65,65,65,65,65,65,65,65,65,65,65,65,65,65,65,65,65,65,65,65,65,65,69,69,77,77,77,77,81,81,81,81,85,89,93,93,93],"card_choices":[{"not_picked":["Slimebound:SplitMire","Slimebound:ComboTackle"],"picked":"Slimebound:Repurpose","floor":0.0},{"not_picked":["Slimebound:LeadByExample","Slimebound:ComboTackle"],"picked":"Slimebound:FinishingTackle","floor":2.0},{"not_picked":["Slimebound:DisruptingSlam","Slimebound:LeadByExample"],"picked":"Slimebound:SamplingLick","floor":3.0},{"not_picked":["Slimebound:HauntingLick","Slimebound:SpikyOuterGoop"],"picked":"Slimebound:Grow","floor":4.0},{"not_picked":["Slimebound:HauntingLick","Slimebound:Dissolve"],"picked":"Slimebound:RejuvenatingLick","floor":5.0},{"not_picked":["Slimebound:ComboTackle","Slimebound:GoopTackle"],"picked":"Slimebound:SlimeSpikes","floor":6.0},{"not_picked":["Slimebound:SplitMire","Slimebound:FinishingTackle"],"picked":"Slimebound:GoopSpray","floor":8.0},{"not_picked":["Slimebound:FinishingTackle","Slimebound:GoopSpray"],"picked":"Slimebound:LeechEnergy","floor":10.0},{"not_picked":["Slimebound:PressTheAttack","Slimebound:SplitLeeching"],"picked":"Slimebound:LeechingTouch","floor":11.0},{"not_picked":["Slimebound:ProtectTheBoss","Slimebound:AcidTongue"],"picked":"Slimebound:Gluttony","floor":12.0},{"not_picked":["Slimebound:GoopSpray","Slimebound:DisruptingSlam"],"picked":"Slimebound:Overexert","floor":13.0},{"not_picked":["Slimebound:LeechingTouch","Slimebound:ItLooksTasty","Slimebound:GoopTackle"],"picked":"SKIP","floor":14.0},{"not_picked":["Slimebound:Gluttony","Slimebound:Nibble"],"picked":"Slimebound:LevelUp","floor":15},{"not_picked":["Slimebound:WasteNot","Slimebound:OneTwoCombo"],"picked":"Slimebound:LeechLife","floor":16},{"not_picked":["Slimebound:Schlurp","Slimebound:FlameTackle+1"],"picked":"Slimebound:LevelUp","floor":19},{"not_picked":["Slimebound:FlameTackle","Slimebound:ForwardTackle"],"picked":"Slimebound:LeechingTouch","floor":20},{"not_picked":["Slimebound:Grow","Slimebound:GoopSpray"],"picked":"Slimebound:SpikyOuterGoop","floor":21},{"not_picked":["Slimebound:LeechingTouch+1","Slimebound:Nibble+1","Slimebound:LeechEnergy+1"],"picked":"SKIP","floor":26},{"not_picked":["Slimebound:SamplingLick+1","Slimebound:ItLooksTasty+1"],"picked":"Slimebound:SplitLeeching","floor":28},{"not_picked":["Slimebound:LeechingTouch+1","Slimebound:SamplingLick","Slimebound:SlimeBarrage+1"],"picked":"SKIP","floor":29},{"not_picked":["Slimebound:Chomp+1","Slimebound:LeadByExample+1"],"picked":"Slimebound:Dissolve+1","floor":31},{"not_picked":["Slimebound:LeadByExample","Slimebound:Equalize+1"],"picked":"Slimebound:AcidTongue","floor":32},{"not_picked":["Slimebound:Overexert","Slimebound:OneTwoCombo+1"],"picked":"Slimebound:MassFeed+1","floor":33},{"not_picked":["Slimebound:ItLooksTasty+1","Slimebound:LeechEnergy+1"],"picked":"Slimebound:Schlurp+1","floor":36},{"not_picked":["Slimebound:HauntingLick","Slimebound:SplitAcid+1"],"picked":"Slimebound:SplitBruiser+1","floor":37},{"not_picked":["Slimebound:SlimeSpikes+1","Slimebound:Prepare+1"],"picked":"Slimebound:SlimeTap+1","floor":38},{"not_picked":["Slimebound:SplitBruiser","Slimebound:Gluttony","Slimebound:Replication"],"picked":"SKIP","floor":40},{"not_picked":["Slimebound:Dissolve+1","Slimebound:Equalize+1"],"picked":"Slimebound:ViciousTackle+1","floor":42},{"not_picked":["Slimebound:GoopSpray","Slimebound:SplitLeeching+1","Slimebound:LivingWall"],"picked":"SKIP","floor":43},{"not_picked":["Slimebound:SplitBruiser","Slimebound:GoopTackle+1","Slimebound:HauntingLick"],"picked":"SKIP","floor":46},{"not_picked":["Slimebound:ComboTackle+1","Slimebound:Schlurp"],"picked":"Slimebound:LevelUp","floor":47},{"not_picked":["Slimebound:LeechEnergy+1","Slimebound:PressTheAttack+1","Slimebound:Prepare"],"picked":"SKIP","floor":48},{"not_picked":["Slimebound:SplitAcid","Slimebound:SamplingLick+1"],"picked":"Slimebound:LevelUp+1","floor":49}],"player_experience":1973686,"relics_obtained":[{"floor":7.0,"key":"Tiny Chest"},{"floor":12.0,"key":"Happy Flower"},{"floor":19,"key":"White Beast Statue"},{"floor":24,"key":"Potion Belt"},{"floor":25,"key":"Molten Egg 2"},{"floor":28,"key":"Toy Ornithopter"},{"floor":38,"key":"Dead Branch"},{"floor":39,"key":"War Paint"},{"floor":41,"key":"Nunchaku"},{"floor":43,"key":"Centennial Puzzle"},{"floor":44,"key":"Gremlin Horn"}],"event_choices":[],"is_beta":false,"boss_relics":[{"not_picked":["SlaversCollar","SacredBark"],"picked":"Coffee Dripper"},{"not_picked":["Slimebound:TarBlob","Snecko Eye"],"picked":"Philosopher\u0027s Stone"}],"items_purged_floors":[26,29,46],"is_endless":false,"potions_floor_spawned":[4,5,11,12,15,19,20,21,26,28,29,31,32,33,36,37,38,40,42,43,46,47,48,49],"ascension_level":0}}