{"host":"tm3ghj8mno6gwywm","time":1612799574,"event":{"mods":["2.2 Compatiblity","AchievementEnabler","Bard","BaseMod","Beaked The Cultist","Better Third Choice","Colored Map","Colored Powertips","Conspire","Downfall","Glutton Mod","GungeonMod","Halation","Hermit","Hubris","Infinite Spire","Jorbs\u0027s Wanderer Trilogy","Mad Scientist","Marisa????????","Marked Mod","Mimic Mod","Minty Spire (QoL Compilation)","Potionbrewer","Quick Restart","Replay The Spire","Shade Mod","Shop Mod","Somnambulant","Spicy Shops","StSLib","SuperFastMode","The Bug Knight","The Construct","The Cursed","The Disciple","The Hierophant","The IronCluck","The Judge","The Jungle","The Necromancer","The Runesmith","The Servant 0.9.4","egg"],"gold_per_floor":[514,529,540,198,40,72,89,89,114,124,124,124,124,139,139,236,236,246,257,180,199,32,67,67,67,102,377,377,388,388,405,405,500,500,519,519,529,529,549,549,549,549,629,629,629,47,62,76,76,76,76,76,47,73,73],"floor_reached":56,"language":"ENG","playtime":1820,"items_purged":[],"score":1292,"play_id":"8e3e8fbb-8d6a-438c-af37-309d3ef7f8de","local_time":"20210208105254","is_ascension_mode":false,"campfire_choices":[{"floor":12,"key":"RECALL"},{"floor":15,"key":"REST"},{"floor":25,"key":"REST"},{"floor":28,"key":"REST"},{"floor":30,"key":"REST"},{"floor":32,"key":"REST"},{"floor":40,"key":"REST"},{"data":"hermit:Covet","floor":42,"key":"SMITH"},{"data":"hermit:Snapshot","floor":42,"key":"SMITH"},{"data":"hermit:Defend_Hermit","floor":44,"key":"SMITH"},{"data":"hermit:Defend_Hermit","floor":44,"key":"SMITH"},{"floor":49,"key":"REST"},{"data":"hermit:Defend_Hermit","floor":52,"key":"SMITH"},{"data":"hermit:Defend_Hermit","floor":52,"key":"SMITH"}],"circlet_count":0,"master_deck":["hermit:Strike_Hermit","hermit:Strike_Hermit","hermit:Strike_Hermit","hermit:Strike_Hermit","hermit:Defend_Hermit+1","hermit:Defend_Hermit+1","hermit:Defend_Hermit+1","hermit:Defend_Hermit+1","hermit:Snapshot+1","hermit:Covet+1","hermit:Desperado+1","hermit:LowProfile+1","hermit:HoleUp+1","hermit:Determination+1","Pot Of Greed+1","Pot Of Greed+1","hermit:Determination+1","hermit:BlackWind+1","hermit:SprayPray+1","hermit:WideOpen+1","hermit:Desperado+1","hermit:ShadowCloak+1","Regret","hermit:ShadowCloak+1","hermit:Manifest+1","hermit:HighNoon+1","Pot Of Greed+1","hermit:Cheat+1","hermit:Determination+1","hermit:Spite+1","conspire:Blindness","ReplayTheSpireMod:IOU","infinitespire:UltimateForm+1","Writhe","hermit:Misfire+1","hermit:TakeAim+1","hermit:FromBeyond+1","hermit:Dissolve+1","hermit:Grudge+1","Pot Of Greed+1","hermit:Malice+1","Regret","hermit:Cheat+1"],"relics":["hermit:Momento","Old Coin","WingedGreaves","Lizard Tail","Mummified Hand","Black Star","Molten Egg 2","Toxic Egg 2","Frozen Egg 2","Quantum Egg","Membership Card","Lee\u0027s Waffle","bronze:BronzeIdol","Bronze Scales","Nunchaku","bronze:DonusWashers","potionbrewer:Torch","Juzu Bracelet","Grinning Jar","Oddly Smooth Stone","Toolbox","Onion Ring","Medical Kit","hubris:ToyBattleship","Replay:Ringing Soul","halation:PenCase","halation:PinkSoulGem","hubris:ScarierMask","BargainBundle","DemoMod:ChaffGrenade","Replay:Wax Seal","Sling","conspire:TreasureMap","DemoMod:MemoryAlloy","ReplayFunnel","StrikeDummy","Replay:Rubber Ducky","Art of War","Pet Ghost"],"acts_visited":["Exordium","TheCity","TheBeyond","TheEnding"],"potions_floor_usage":[16,16,16,19,33,47,50,50,55,55],"damage_taken":[{"damage":7,"enemies":"2 Louse","floor":1,"turns":2},{"damage":0,"enemies":"Cultist","floor":2,"turns":3},{"damage":0,"enemies":"Jaw Worm","floor":3,"turns":4},{"damage":18,"enemies":"HollowMod:MossKnight","floor":6,"turns":10},{"damage":0,"enemies":"Lots of Slimes","floor":7,"turns":3},{"damage":1,"enemies":"3 Louse","floor":10,"turns":2},{"damage":0,"enemies":"2 Fungi Beasts","floor":14,"turns":3},{"damage":0,"enemies":"The Guardian","floor":16,"turns":10},{"damage":9,"enemies":"Shell Parasite","floor":18,"turns":7},{"damage":23,"enemies":"2 Thieves","floor":19,"turns":3},{"damage":4,"enemies":"Snecko","floor":21,"turns":5},{"damage":20,"enemies":"Slavers","floor":23,"turns":4},{"damage":0,"enemies":"Sentry and Sphere","floor":26,"turns":3},{"damage":0,"enemies":"Sentry and Sphere","floor":29,"turns":3},{"damage":11,"enemies":"Snake Plant","floor":31,"turns":3},{"damage":15,"enemies":"Champ","floor":33,"turns":8},{"damage":11,"enemies":"Orb Walker","floor":35,"turns":4},{"damage":0,"enemies":"3 Shapes","floor":37,"turns":5},{"damage":3,"enemies":"Sphere and 2 Shapes","floor":39,"turns":2},{"damage":43,"enemies":"Writhing Mass","floor":47,"turns":4},{"damage":0,"enemies":"3 Darklings","floor":48,"turns":3},{"damage":18,"enemies":"Replay:Hell Engine","floor":50,"turns":10},{"damage":0,"enemies":"Shield and Spear","floor":54,"turns":5},{"damage":91,"enemies":"The Heart","floor":55,"turns":9}],"seed_played":"-3944064685760491857","potions_obtained":[{"floor":1,"key":"Reflective Coating"},{"floor":7,"key":"ColorlessPotion"},{"floor":14,"key":"SkillPotion"},{"floor":16,"key":"Toxic Potion"},{"floor":23,"key":"construct:ShiftPotion"},{"floor":33,"key":"potionbrewer:DiscountPotion"},{"floor":35,"key":"Energy Potion"},{"floor":37,"key":"potionbrewer:ToxicPotion"},{"floor":47,"key":"PowerPotion"},{"floor":54,"key":"Adrenaline Potion"}],"is_trial":false,"path_per_floor":["M","M","M","$","$","E","M","?","T","M","$","R","?","M","R","B",null,"M","M","$","M","$","E","?","R","MIM","?","R","M","R","M","R","B",null,"M","?","M","AVR","M","R","?","R","T","R","?","$","M","M","R","B",null,"R","$","E","B",null],"character_chosen":"HERMIT","items_purchased":["hermit:Determination+1","Lee\u0027s Waffle","bronze:BronzeIdol","Bronze Scales","Nunchaku","bronze:DonusWashers","potionbrewer:Torch","Toolbox","Onion Ring","Medical Kit","Replay:Wax Seal","Sling","conspire:TreasureMap","hermit:Misfire+1","DemoMod:MemoryAlloy","ReplayFunnel","StrikeDummy","hermit:TakeAim+1","hermit:FromBeyond+1","hermit:Dissolve+1","Replay:Rubber Ducky"],"campfire_rested":7,"item_purchase_floors":[4,4,4,4,4,5,5,20,22,22,46,46,46,46,46,46,46,46,46,46,53],"current_hp_per_floor":[68,68,68,82,82,64,64,64,64,63,63,63,14,14,38,38,82,73,50,50,46,46,26,18,42,42,45,70,73,88,80,91,79,94,86,86,89,89,89,103,106,106,106,106,106,109,99,102,115,97,115,115,118,121,80],"gold":73,"neow_bonus":"HUNDRED_GOLD","is_daily":false,"chose_seed":false,"campfire_upgraded":6,"win_rate":0.0,"timestamp":1612799574,"path_taken":["M","M","M","$","$","E","M","?","T","M","$","R","?","M","R","BOSS","M","M","$","M","$","E","?","R","MIM","?","R","M","R","M","R","BOSS","M","?","M","AVR","M","R","?","R","T","R","?","?","M","M","R","BOSS","R","$","E","BOSS"],"items_purchased_type":["Card","Relic","Relic","Relic","Relic","Relic","Relic","Relic","Relic","Relic","Relic","Relic","Relic","Card","Relic","Relic","Relic","Card","Card","Card","Relic"],"build_version":"2020-12-22","purchased_purges":0,"victory":true,"max_hp_per_floor":[75,75,75,82,82,82,82,82,82,82,82,82,82,82,82,82,82,82,82,82,82,82,82,82,82,82,85,85,88,88,91,91,94,94,97,97,100,100,103,103,106,106,106,106,106,109,112,115,115,115,115,115,118,121,121],"card_choices":[{"not_picked":["hermit:Snipe+1","hermit:CursedWeapon+1"],"picked":"hermit:Desperado+1","floor":1},{"not_picked":["hermit:Showdown+1","hermit:EyeOfTheStorm+1"],"picked":"hermit:LowProfile+1","floor":2},{"not_picked":["hermit:CursedWeapon+1","hermit:Feint+1"],"picked":"hermit:HoleUp+1","floor":3},{"not_picked":["hermit:Manifest+1","hermit:FatalDesire+1","hermit:Midnight+1"],"picked":"SKIP","floor":6},{"not_picked":["hermit:Snipe+1","hermit:HighCaliber+1","hermit:Enervate+1"],"picked":"SKIP","floor":7},{"not_picked":["hermit:Manifest+1","hermit:Feint+1"],"picked":"hermit:Determination+1","floor":10},{"not_picked":["hermit:Vantage+1","hermit:EternalForm+1","hermit:GhostlyPresence+1"],"picked":"SKIP","floor":14},{"not_picked":["hermit:Dissolve+1","hermit:HeroicBravado+1"],"picked":"hermit:BlackWind+1","floor":16},{"not_picked":["hermit:Feint+1","hermit:Ricochet+1"],"picked":"hermit:SprayPray+1","floor":18},{"not_picked":["hermit:CalledShot+1","hermit:GhostlyPresence+1"],"picked":"hermit:WideOpen+1","floor":19},{"not_picked":["hermit:Horror+1","hermit:BigShot+1"],"picked":"hermit:Desperado+1","floor":21},{"not_picked":["hermit:Vantage+1","hermit:BodyArmor+1"],"picked":"hermit:ShadowCloak+1","floor":23},{"not_picked":["hermit:LuckOfTheDraw+1","hermit:TakeCover+1"],"picked":"hermit:ShadowCloak+1","floor":29},{"not_picked":["hermit:GoldenBullet+1","hermit:GhostlyPresence+1"],"picked":"hermit:Manifest+1","floor":31},{"not_picked":["hermit:DeadOrAlive+1","hermit:OverwhelmingPower+1"],"picked":"hermit:HighNoon+1","floor":33},{"not_picked":["hermit:PistolWhip+1","hermit:Misfire+1"],"picked":"hermit:Cheat+1","floor":35},{"not_picked":["hermit:BigShot+1","hermit:Snipe+1"],"picked":"hermit:Determination+1","floor":37},{"not_picked":["hermit:Roulette+1","hermit:ItchyTrigger+1"],"picked":"hermit:Spite+1","floor":39},{"not_picked":["ReplayTheSpireMod:Echoes of Time","infinitespire:SevenWalls"],"picked":"infinitespire:UltimateForm","floor":41},{"not_picked":["hermit:Quickdraw+1","hermit:Roulette+1"],"picked":"hermit:Grudge+1","floor":47},{"not_picked":["hermit:TrackingShot+1","hermit:Horror+1"],"picked":"hermit:Malice+1","floor":48},{"not_picked":["hermit:CalledShot+1","hermit:HighCaliber+1"],"picked":"hermit:Cheat+1","floor":54}],"player_experience":867485,"relics_obtained":[{"floor":6,"key":"Juzu Bracelet"},{"floor":6,"key":"Grinning Jar"},{"floor":23,"key":"hubris:ToyBattleship"},{"floor":26,"key":"Replay:Ringing Soul"},{"floor":26,"key":"halation:PenCase"},{"floor":43,"key":"DemoMod:ChaffGrenade"},{"floor":54,"key":"Art of War"},{"floor":54,"key":"Pet Ghost"}],"event_choices":[{"damage_healed":0,"gold_gain":0,"player_choice":"Ignored","damage_taken":0,"max_hp_gain":0,"max_hp_loss":0,"event_name":"NoteForYourself","floor":8,"gold_loss":0},{"damage_healed":0,"gold_gain":1,"player_choice":"Relic ","damage_taken":49,"max_hp_gain":0,"max_hp_loss":0,"event_name":"betterThird:BetterScrap","floor":13,"gold_loss":0,"cards_obtained":["Eviscerate"]},{"damage_healed":0,"gold_gain":0,"player_choice":"Damaged","damage_taken":8,"max_hp_gain":0,"max_hp_loss":0,"event_name":"Wheel of Change","floor":24,"gold_loss":0},{"damage_healed":0,"gold_gain":275,"player_choice":"Desecrate","damage_taken":0,"max_hp_gain":0,"max_hp_loss":0,"event_name":"Golden Shrine","floor":27,"gold_loss":0,"cards_obtained":["Regret"]},{"damage_healed":0,"gold_gain":0,"player_choice":"Leave","damage_taken":0,"max_hp_gain":0,"max_hp_loss":0,"event_name":"conspire:Investor","floor":45,"gold_loss":0}],"is_beta":false,"boss_relics":[{"not_picked":["halation:Prosthetics","halation:PinkAlligatorPlush","Runic Pyramid"]},{"not_picked":["Replay:Cursed D8","Replay:Grab Bag","ReplayTheSpireMod:DimensionalGlitch"]}],"items_purged_floors":[],"is_endless":false,"potions_floor_spawned":[1,7,14,16,23,33,35,37,47,54],"ascension_level":0}}