{"host":"clgpak7dimivr1r3","time":1612814315,"event":{"mods":["BaseMod","Colored Map","Colored Powertips","Curses Come First","Minty Spire (QoL Compilation)","Relic Stats","Say the Spire","StSLib"],"gold_per_floor":[112,112,122,122,135,135,160,160,238,254,254,204,232,248,248,327,327,343,343,343,50,63,63,89,109,136,136,136,165,177,289,301,313,313],"floor_reached":33,"language":"ENG","playtime":1543,"items_purged":["Defend_R"],"score":464,"play_id":"d605ba39-0547-4192-9b82-d4c6cdba71d6","local_time":"20210208225835","is_ascension_mode":true,"campfire_choices":[{"data":"Fire Breathing","floor":6.0,"key":"SMITH"},{"data":"Cleave","floor":8.0,"key":"SMITH"},{"data":"Shrug It Off","floor":11.0,"key":"SMITH"},{"data":"Rampage","floor":15.0,"key":"SMITH"},{"data":"Bludgeon","floor":23,"key":"SMITH"},{"floor":27,"key":"REST"},{"data":"Body Slam","floor":30,"key":"SMITH"},{"floor":32,"key":"REST"}],"circlet_count":0,"master_deck":["AscendersBane","Strike_R","Strike_R","Strike_R","Strike_R","Strike_R","Defend_R","Defend_R","Defend_R","Bash","Cleave+1","Shrug It Off","Fire Breathing+1","Reaper","Shrug It Off+1","Rampage+1","Bludgeon+1","CurseOfTheBell","Body Slam+1","Flame Barrier","Shrug It Off+1"],"relics":["Burning Blood","NeowsBlessing","WarpedTongs","Toy Ornithopter","Self Forming Clay","Bag of Preparation","Calling Bell","Orichalcum","Darkstone Periapt","FossilizedHelix","MutagenicStrength","Nilry\u0027s Codex","Anchor","Centennial Puzzle","Potion Belt","MawBank","Gambling Chip","Paper Frog"],"acts_visited":["Exordium","TheCity"],"potions_floor_usage":[24,31,31,33],"damage_taken":[{"damage":1.0,"enemies":"2 Louse","floor":1.0,"turns":2.0},{"damage":1.0,"enemies":"Cultist","floor":3.0,"turns":1.0},{"damage":0.0,"enemies":"Small Slimes","floor":5.0,"turns":1.0},{"damage":18.0,"enemies":"3 Sentries","floor":7.0,"turns":3.0},{"damage":7.0,"enemies":"3 Louse","floor":10.0,"turns":3.0},{"damage":26.0,"enemies":"Lagavulin","floor":13.0,"turns":7.0},{"damage":17.0,"enemies":"Gremlin Gang","floor":14.0,"turns":3.0},{"damage":25.0,"enemies":"The Guardian","floor":16.0,"turns":11.0},{"damage":27,"enemies":"Spheric Guardian","floor":18,"turns":6},{"damage":4,"enemies":"Shell Parasite","floor":22,"turns":6},{"damage":47,"enemies":"Gremlin Leader","floor":24,"turns":8},{"damage":24,"enemies":"Centurion and Healer","floor":25,"turns":4},{"damage":6,"enemies":"Shelled Parasite and Fungi","floor":29,"turns":8},{"damage":0,"enemies":"Colosseum Slavers","floor":31,"turns":4},{"damage":60,"enemies":"Colosseum Nobs","floor":31,"turns":7},{"damage":51,"enemies":"Champ","floor":33,"turns":18}],"seed_played":"1773661697235360442","potions_obtained":[{"floor":1.0,"key":"Fruit Juice"},{"floor":10.0,"key":"Strength Potion"},{"floor":14.0,"key":"Ancient Potion"},{"floor":16.0,"key":"BlessingOfTheForge"},{"floor":25,"key":"SpeedPotion"},{"floor":29,"key":"PowerPotion"},{"floor":31,"key":"Strength Potion"}],"is_trial":false,"path_per_floor":["M","?","M","?","M","R","E","R","T","M","R","?","E","M","R","B",null,"M","?","?","$","M","R","E","M","T","R","?","M","R","?","R","B"],"character_chosen":"IRONCLAD","items_purchased":["Flame Barrier","Anchor"],"campfire_rested":2,"item_purchase_floors":[21,21],"current_hp_per_floor":[73,73,75,75,75,75,63,63,63,62,62,62,52,50,50,41,70,49,49,33,33,40,40,19,15,15,39,39,39,39,15,39,0,0],"gold":313,"neow_bonus":"THREE_ENEMY_KILL","is_daily":false,"chose_seed":false,"campfire_upgraded":6,"win_rate":0.0,"timestamp":1612814315,"path_taken":["M","?","?","?","?","R","E","R","T","M","R","?","E","M","R","BOSS","M","?","?","$","M","R","E","M","T","R","?","?","R","?","R","BOSS"],"items_purchased_type":["Card","Relic"],"build_version":"2020-12-22","purchased_purges":1,"victory":false,"max_hp_per_floor":[75,75,75,75,75,75,75,75,75,75,75,75,80,80,80,80,80,80,80,80,80,80,80,80,80,80,80,80,80,80,80,80,80,80],"relic_stats":{"Darkstone Periapt":0,"Centennial Puzzle":[12],"counters":[16,92],"Self Forming Clay":[102],"Gambling Chip":[3],"Bag of Preparation":[20],"Orichalcum":[30],"MawBank":60,"obtain_stats":[{"Darkstone Periapt":17,"Potion Belt":26,"NeowsBlessing":0,"Self Forming Clay":9,"Nilry\u0027s Codex":20,"Bag of Preparation":13,"Orichalcum":17,"MawBank":28,"Burning Blood":0,"WarpedTongs":2,"Calling Bell":17,"Anchor":21,"Centennial Puzzle":24,"MutagenicStrength":19,"Gambling Chip":31,"Toy Ornithopter":7,"FossilizedHelix":17,"Paper Frog":31},{"Darkstone Periapt":8,"Potion Belt":12,"NeowsBlessing":0,"Self Forming Clay":4,"Nilry\u0027s Codex":9,"Bag of Preparation":6,"Orichalcum":8,"MawBank":12,"Burning Blood":0,"WarpedTongs":1,"Calling Bell":8,"Anchor":9,"Centennial Puzzle":11,"MutagenicStrength":9,"Gambling Chip":15,"Toy Ornithopter":4,"FossilizedHelix":8,"Paper Frog":15},{"Darkstone Periapt":31,"Potion Belt":55,"NeowsBlessing":0,"Self Forming Clay":7,"Nilry\u0027s Codex":37,"Bag of Preparation":17,"Orichalcum":31,"MawBank":55,"Burning Blood":0,"WarpedTongs":2,"Calling Bell":31,"Anchor":37,"Centennial Puzzle":51,"MutagenicStrength":37,"Gambling Chip":74,"Toy Ornithopter":7,"FossilizedHelix":31,"Paper Frog":74}],"Burning Blood":81,"Toy Ornithopter":35,"WarpedTongs":[87]},"card_choices":[{"not_picked":["Clothesline","Warcry"],"picked":"Cleave","floor":1.0},{"not_picked":["Sword Boomerang","Clash"],"picked":"Shrug It Off","floor":3.0},{"not_picked":["Thunderclap","Perfected Strike"],"picked":"Fire Breathing","floor":5.0},{"not_picked":["Hemokinesis","Cleave"],"picked":"Reaper","floor":7.0},{"not_picked":["Heavy Blade","Clothesline"],"picked":"Shrug It Off","floor":10.0},{"not_picked":["Blood for Blood","Intimidate","Anger"],"picked":"SKIP","floor":13.0},{"not_picked":["Combust","Reckless Charge"],"picked":"Rampage","floor":14.0},{"not_picked":["Juggernaut","Berserk"],"picked":"Bludgeon","floor":16.0},{"not_picked":["True Grit","Rampage+1"],"picked":"Body Slam","floor":18},{"not_picked":["Warcry","Clothesline","Clash"],"picked":"SKIP","floor":22},{"not_picked":["Cleave","Perfected Strike","Havoc"],"picked":"SKIP","floor":24},{"not_picked":["Pommel Strike","Dropkick","Shrug It Off"],"picked":"SKIP","floor":25},{"not_picked":["Hemokinesis","Sword Boomerang"],"picked":"Shrug It Off+1","floor":29}],"player_experience":132428,"relics_obtained":[{"floor":7.0,"key":"Toy Ornithopter"},{"floor":9.0,"key":"Self Forming Clay"},{"floor":13.0,"key":"Bag of Preparation"},{"floor":17,"key":"Orichalcum"},{"floor":17,"key":"Darkstone Periapt"},{"floor":17,"key":"FossilizedHelix"},{"floor":20,"key":"Nilry\u0027s Codex"},{"floor":24,"key":"Centennial Puzzle"},{"floor":26,"key":"Potion Belt"},{"floor":28,"key":"MawBank"},{"floor":31,"key":"Gambling Chip"},{"floor":31,"key":"Paper Frog"}],"event_choices":[{"damage_healed":0.0,"max_hp_gain":0.0,"max_hp_loss":0.0,"gold_gain":0.0,"event_name":"Accursed Blacksmith","player_choice":"Rummage","floor":2.0,"gold_loss":0.0,"damage_taken":0.0,"relics_obtained":["WarpedTongs"],"cards_obtained":["Pain"]},{"damage_healed":0.0,"max_hp_gain":0.0,"max_hp_loss":0.0,"gold_gain":0.0,"event_name":"The Woman in Blue","player_choice":"Bought 0 Potions","floor":4.0,"gold_loss":0.0,"damage_taken":0.0},{"cards_removed":["Pain"],"damage_healed":0.0,"max_hp_gain":0.0,"max_hp_loss":0.0,"gold_gain":0.0,"event_name":"The Cleric","player_choice":"Card Removal","floor":12.0,"gold_loss":50.0,"damage_taken":0.0},{"damage_healed":0,"gold_gain":0,"player_choice":"Inject Mutagens","damage_taken":0,"relics_obtained":["MutagenicStrength"],"max_hp_gain":0,"max_hp_loss":0,"event_name":"Drug Dealer","floor":19,"gold_loss":0},{"damage_healed":0,"gold_gain":0,"player_choice":"Obtained Book","damage_taken":16,"max_hp_gain":0,"max_hp_loss":0,"event_name":"Cursed Tome","floor":20,"gold_loss":0},{"damage_healed":0,"gold_gain":0,"player_choice":"Relic","damage_taken":0,"max_hp_gain":0,"max_hp_loss":0,"event_name":"Wheel of Change","floor":28,"gold_loss":0},{"damage_healed":0,"gold_gain":0,"player_choice":"Fight","damage_taken":0,"max_hp_gain":0,"max_hp_loss":0,"event_name":"Colosseum","floor":31,"gold_loss":0},{"damage_healed":0,"gold_gain":0,"player_choice":"Fought Nobs","damage_taken":0,"max_hp_gain":0,"max_hp_loss":0,"event_name":"Colosseum","floor":31,"gold_loss":0}],"is_beta":false,"boss_relics":[{"not_picked":["Ectoplasm","Runic Dome"],"picked":"Calling Bell"}],"items_purged_floors":[21],"is_endless":false,"potions_floor_spawned":[1,10,14,16,25,29,31,31],"killed_by":"Champ","ascension_level":14}}