{"host":"vnku1wk1rbjf06kf","time":1612815109,"event":{"mods":["BaseMod","Downfall","Minty Spire (QoL Compilation)","StSLib"],"gold_per_floor":[17,36,36,48,48,79,89,89,89,117,117,143,155,165,165,237,237,237],"floor_reached":17,"language":"ENG","playtime":571,"items_purged":[],"score":354,"play_id":"7c63fb26-9b62-44d3-bb02-839066b8fa84","local_time":"20210208151149","is_ascension_mode":true,"campfire_choices":[{"floor":8.0,"key":"REST"},{"data":"Disarm","floor":11.0,"key":"SMITH"},{"data":"Flame Barrier","floor":15.0,"key":"SMITH"}],"circlet_count":0,"master_deck":["AscendersBane","Strike_R","Strike_R","Strike_R","Strike_R","Strike_R","Defend_R","Defend_R","Defend_R","Defend_R","Bash","The Bomb","Armaments","Iron Wave","Headbutt","Juggernaut","Disarm+1","True Grit","Flame Barrier+1","Fiend Fire"],"relics":["Burning Blood","PreservedInsect","Bronze Scales","Eternal Feather","Lizard Tail","Snecko Eye"],"acts_visited":["TheCity"],"potions_floor_usage":[],"damage_taken":[{"damage":1.0,"enemies":"2 Louse","floor":1.0,"turns":3.0},{"damage":7.0,"enemies":"Jaw Worm","floor":2.0,"turns":3.0},{"damage":7.0,"enemies":"Small Slimes","floor":4.0,"turns":4.0},{"damage":25.0,"enemies":"3 Sentries","floor":6.0,"turns":4.0},{"damage":28.0,"enemies":"3 Louse","floor":7.0,"turns":3.0},{"damage":8.0,"enemies":"Lagavulin","floor":10.0,"turns":6.0},{"damage":3.0,"enemies":"Gremlin Nob","floor":12.0,"turns":3.0},{"damage":10.0,"enemies":"2 Fungi Beasts","floor":13.0,"turns":5.0},{"damage":3.0,"enemies":"Looter","floor":14.0,"turns":4.0},{"damage":19.0,"enemies":"The Guardian","floor":16.0,"turns":9.0}],"seed_played":"-5089907006035812909","potions_obtained":[{"floor":2.0,"key":"Explosive Potion"},{"floor":7.0,"key":"FearPotion"},{"floor":10.0,"key":"SteroidPotion"},{"floor":12.0,"key":"Weak Potion"},{"floor":16.0,"key":"HeartOfIron"}],"is_trial":false,"path_per_floor":["M","M","$","M","?","E","M","R","T","E","R","E","M","M","R","B",null],"character_chosen":"IRONCLAD","items_purchased":[],"campfire_rested":1,"item_purchase_floors":[],"current_hp_per_floor":[73,72,72,71,71,52,30,52,52,50,59,62,58,61,70,57,71,71],"gold":237,"neow_bonus":"RANDOM_COLORLESS_2","is_daily":false,"chose_seed":false,"campfire_upgraded":2,"win_rate":0.0,"timestamp":1612815109,"path_taken":["M","M","$","M","?","E","M","R","T","E","R","E","M","M","R","BOSS"],"items_purchased_type":[],"build_version":"2020-12-22","purchased_purges":0,"victory":false,"max_hp_per_floor":[75,75,75,75,75,75,75,75,75,75,75,75,75,75,75,75,75,75],"card_choices":[{"not_picked":["Mayhem","Violence"],"picked":"The Bomb","floor":0.0},{"not_picked":["Headbutt","Spot Weakness"],"picked":"Armaments","floor":1.0},{"not_picked":["Entrench","Wild Strike"],"picked":"Iron Wave","floor":2.0},{"not_picked":["Sever Soul","Iron Wave"],"picked":"Headbutt","floor":4.0},{"not_picked":["Reckless Charge","Searing Blow"],"picked":"Juggernaut","floor":6.0},{"not_picked":["Heavy Blade","Sword Boomerang"],"picked":"Disarm","floor":7.0},{"not_picked":["Brutality","Spot Weakness"],"picked":"True Grit","floor":10.0},{"not_picked":["Clothesline","Clash"],"picked":"Flame Barrier","floor":12.0},{"not_picked":["Clothesline","Iron Wave","Heavy Blade"],"picked":"SKIP","floor":13.0},{"not_picked":["Thunderclap","Warcry","Fire Breathing"],"picked":"SKIP","floor":14.0},{"not_picked":["Limit Break","Corruption"],"picked":"Fiend Fire","floor":16.0}],"player_experience":2341440,"relics_obtained":[{"floor":6.0,"key":"PreservedInsect"},{"floor":9.0,"key":"Bronze Scales"},{"floor":10.0,"key":"Eternal Feather"},{"floor":12.0,"key":"Lizard Tail"}],"event_choices":[{"damage_healed":0.0,"max_hp_gain":0.0,"max_hp_loss":0.0,"gold_gain":0.0,"event_name":"Liars Game","player_choice":"Ignored","floor":5.0,"gold_loss":0.0,"damage_taken":0.0}],"is_beta":false,"boss_relics":[{"not_picked":["Runic Dome","Black Blood"],"picked":"Snecko Eye"}],"items_purged_floors":[],"is_endless":false,"potions_floor_spawned":[2,7,10,12,16],"ascension_level":20}}