{"host":"yqa5il53nhlo2jdd","time":1612767968,"event":{"mods":["AchievementEnabler","BaseMod","BetterRewards","Lobotomy","LobotomyExtend","Minty Spire (QoL Compilation)","StSLib","[IsaacMod]ÒÔÈö¼âËþ"],"gold_per_floor":[116,116,135,145,165,165,165,185,235,235,261,329,339,414,414,414,414],"floor_reached":16,"language":"ZHS","playtime":1243,"items_purged":[],"score":112,"play_id":"cba772b6-e363-4b1c-86f5-0ae82a40c9d6","local_time":"20210208150608","is_ascension_mode":true,"campfire_choices":[],"circlet_count":0,"master_deck":["SpecialBullet","SpecialBullet","SpecialBullet","SpecialBullet","SpecialBullet","SpecialBullet","SpecialBullet","SpecialBullet","InformationCode","TrainingCode","SecurityCode","Ecstasy"],"relics":["CogitoBucket","RabbitCall","HushsDoor","DeathBook","NeowsBlessing","LetterFromLob","UnicornStump","TheBean","Ice Cream","DeadEye"],"acts_visited":["Exordium"],"potions_floor_usage":[16],"damage_taken":[{"damage":0,"enemies":"2 Louse","floor":1,"turns":1},{"damage":0,"enemies":"Cultist","floor":3,"turns":1},{"damage":0,"enemies":"Jaw Worm","floor":4,"turns":1},{"damage":29,"enemies":"Exordium Wildlife","floor":5,"turns":4},{"damage":15,"enemies":"2 Fungi Beasts","floor":8,"turns":3},{"damage":18,"enemies":"Lagavulin","floor":11,"turns":4},{"damage":0,"enemies":"Red Slaver","floor":13,"turns":1},{"damage":28,"enemies":"Slime Boss","floor":16,"turns":8}],"seed_played":"3138883910868450237","potions_obtained":[{"floor":4,"key":"LiquidMemories"},{"floor":13,"key":"SmokeBomb"}],"is_trial":false,"path_per_floor":["M","?","M","M","M","R","?","M","T","?","E","T","M","?","R","B"],"character_chosen":"Angela","items_purchased":[],"campfire_rested":0,"item_purchase_floors":[],"current_hp_per_floor":[70,75,75,75,54,54,42,35,35,35,25,25,33,22,22,0,0],"gold":414,"neow_bonus":"THREE_ENEMY_KILL","is_daily":false,"chose_seed":false,"campfire_upgraded":0,"win_rate":0.0,"timestamp":1612767968,"path_taken":["M","?","M","?","M","R","?","M","T","?","E","?","M","?","R","BOSS"],"items_purchased_type":[],"build_version":"2020-12-22","purchased_purges":0,"victory":false,"max_hp_per_floor":[70,75,75,75,75,75,75,75,75,75,75,75,75,75,75,75,75],"card_choices":[{"not_picked":["InTheNameOfLoveAndHate"],"picked":"Ecstasy","floor":1},{"not_picked":["CUTE","Wingbeat"],"picked":"SKIP","floor":3},{"not_picked":["CENSORED_ego","Spore"],"picked":"SKIP","floor":4},{"not_picked":["Hornet","Horn"],"picked":"SKIP","floor":5},{"not_picked":["SwordSharpenedByTears","RedEyes"],"picked":"SKIP","floor":8},{"not_picked":["Horn"],"picked":"Bomb","floor":11},{"not_picked":["RedEyes","Ecstasy"],"picked":"SKIP","floor":13}],"player_experience":681966,"relics_obtained":[{"floor":1,"key":"LetterFromLob"},{"floor":9,"key":"TheBean"},{"floor":11,"key":"Ice Cream"},{"floor":12,"key":"DeadEye"}],"event_choices":[{"damage_healed":0,"gold_gain":0,"player_choice":"Donut","damage_taken":0,"max_hp_gain":5,"max_hp_loss":0,"event_name":"Big Fish","floor":2,"gold_loss":0},{"damage_healed":0,"gold_gain":0,"player_choice":"Success","damage_taken":12,"relics_obtained":["UnicornStump"],"max_hp_gain":0,"max_hp_loss":0,"event_name":"Scrap Ooze","floor":7,"gold_loss":0},{"damage_healed":0,"gold_gain":75,"player_choice":"Gather Gold","damage_taken":11,"max_hp_gain":0,"max_hp_loss":0,"event_name":"World of Goop","floor":14,"gold_loss":0}],"is_beta":false,"boss_relics":[],"items_purged_floors":[],"is_endless":false,"potions_floor_spawned":[4,13],"killed_by":"Slime Boss","ascension_level":2}}