{"host":"v3qphhcqhwfpabne","time":1612789759,"event":{"mods":["100% Spire Juice","2.2 Compatiblity","AchievementEnabler","BaseMod","CapriCore","DeckTracker","KinomotoSakuraMod(ÙÊñýÜâ?)","Koishi","Marisa£¨Ùöéë¡¡Øª×âÞÞ£©","Minty Spire (QoL Compilation)","Permanent Neow","Prisma Mod","StSLib","Td1madao Mod","The Bug Knight","The Cursed","The Immortal","The Runesmith","WarShipGirlsR/??á´Ò³R mod"],"gold_per_floor":[114,289,289,214,229,256,270,286,286,286,286],"floor_reached":10,"language":"KOR","playtime":317,"items_purged":["Doubt"],"score":102,"play_id":"14c530e9-0ada-4c87-b70e-859d2c1620e7","local_time":"20210208220919","is_ascension_mode":true,"campfire_choices":[],"circlet_count":0,"master_deck":["Strike_R","Strike_R","Strike_R","Strike_R","Strike_R","Defend_R","Defend_R","Defend_R","Defend_R","Bash"],"relics":["Burning Blood","NeowsBlessing","Letter Opener","Paper Frog","Matryoshka"],"acts_visited":["Exordium"],"potions_floor_usage":[10,10],"damage_taken":[{"damage":0,"enemies":"2 Louse","floor":1,"turns":1},{"damage":0,"enemies":"Small Slimes","floor":5,"turns":1},{"damage":0,"enemies":"Gremlin Nob","floor":6,"turns":1},{"damage":4,"enemies":"Jaw Worm","floor":7,"turns":4},{"damage":11,"enemies":"Blue Slaver","floor":8,"turns":4},{"damage":76,"enemies":"Lagavulin","floor":10,"turns":12}],"seed_played":"-3051242362455737153","potions_obtained":[{"floor":5,"key":"Block Potion"},{"floor":7,"key":"EssenceOfSteel"}],"is_trial":false,"path_per_floor":["M","?","?","$","M","E","M","M","T","E"],"character_chosen":"IRONCLAD","items_purchased":[],"campfire_rested":0,"item_purchase_floors":[],"current_hp_per_floor":[80,80,62,62,68,74,76,71,71,0,0],"gold":286,"neow_bonus":"THREE_ENEMY_KILL","is_daily":false,"chose_seed":false,"campfire_upgraded":0,"win_rate":0.0,"timestamp":1612789759,"path_taken":["M","?","?","$","M","E","M","M","T","E"],"items_purchased_type":[],"build_version":"2020-12-22","purchased_purges":1,"victory":false,"max_hp_per_floor":[80,80,80,80,80,80,80,80,80,80,80],"card_choices":[{"not_picked":["Flex","Sword Boomerang","Evolve"],"picked":"SKIP","floor":1},{"not_picked":["Clash","Dropkick","Wild Strike"],"picked":"SKIP","floor":5},{"not_picked":["Havoc","Iron Wave","Juggernaut"],"picked":"SKIP","floor":6},{"not_picked":["Thunderclap","Ghostly Armor","Iron Wave"],"picked":"SKIP","floor":7},{"not_picked":["Armaments","Flame Barrier","Sword Boomerang"],"picked":"SKIP","floor":8}],"player_experience":113840,"relics_obtained":[{"floor":6,"key":"Paper Frog"},{"floor":9,"key":"Matryoshka"}],"event_choices":[{"damage_healed":0,"gold_gain":175,"player_choice":"AGREE","damage_taken":0,"max_hp_gain":0,"max_hp_loss":0,"event_name":"Liars Game","floor":2,"gold_loss":0,"cards_obtained":["Doubt"]},{"damage_healed":0,"gold_gain":0,"player_choice":"Success","damage_taken":18,"relics_obtained":["Letter Opener"],"max_hp_gain":0,"max_hp_loss":0,"event_name":"Scrap Ooze","floor":3,"gold_loss":0}],"is_beta":false,"boss_relics":[],"items_purged_floors":[4],"is_endless":false,"potions_floor_spawned":[5,7],"killed_by":"Lagavulin","ascension_level":2}}