{"host":"344lv32hnei0mdhu","time":1612818620,"event":{"mods":["Act Like it!","BaseMod","Better Match","Better Sensory Stone","Better Skull","Better Third Choice","Better Vampires","Colored Powertips","Highlight Path","Minty Spire (QoL Compilation)","Quick Restart","Random Character Button","Rare Cards Sparkle","StSLib"],"gold_per_floor":[110,285,285,363,438,438,463,463,463,496,515,64,84,102,102,102,102],"floor_reached":16,"language":"ENG","playtime":493,"items_purged":["Doubt"],"score":245,"play_id":"89048e5b-79f1-4606-acd1-21a3b8a60b64","local_time":"20210208151020","is_ascension_mode":true,"campfire_choices":[{"floor":6.0,"key":"REST"},{"data":"Genetic Algorithm","floor":8.0,"key":"SMITH"},{"data":"Static Discharge","floor":15.0,"key":"SMITH"}],"circlet_count":0,"master_deck":["AscendersBane","Strike_B","Strike_B","Strike_B","Strike_B","Defend_B","Defend_B","Defend_B","Defend_B","Zap","Dualcast","Genetic Algorithm+1","Doom and Gloom","Leap","Static Discharge+1","Skim"],"relics":["Cracked Core","NeowsBlessing","Shuriken","Regal Pillow","Symbiotic Virus","Dead Branch","Incense Burner"],"acts_visited":["Exordium"],"potions_floor_usage":[],"damage_taken":[{"damage":0.0,"enemies":"2 Louse","floor":1.0,"turns":1.0},{"damage":0.0,"enemies":"Gremlin Nob","floor":7.0,"turns":1.0},{"damage":0.0,"enemies":"Lagavulin","floor":10.0,"turns":1.0},{"damage":4.0,"enemies":"Jaw Worm","floor":11.0,"turns":3.0},{"damage":0.0,"enemies":"Cultist","floor":13.0,"turns":3.0},{"damage":0.0,"enemies":"Exordium Wildlife","floor":14.0,"turns":4.0},{"damage":54,"enemies":"The Guardian","floor":16,"turns":12}],"seed_played":"-7113957798537178508","potions_obtained":[{"floor":1.0,"key":"DistilledChaos"},{"floor":7.0,"key":"Swift Potion"}],"is_trial":false,"path_per_floor":["M","?","?","T","?","R","E","R","T","E","M","$","M","M","R","B"],"character_chosen":"DEFECT","items_purchased":["Incense Burner","Static Discharge"],"campfire_rested":1,"item_purchase_floors":[12,12],"current_hp_per_floor":[68,68,68,68,57,75,75,75,75,75,71,71,71,71,71,17,17],"gold":102,"neow_bonus":"THREE_ENEMY_KILL","is_daily":false,"chose_seed":false,"campfire_upgraded":2,"win_rate":0.0,"timestamp":1612818620,"path_taken":["M","?","?","?","?","R","E","R","T","E","M","$","M","M","R","BOSS"],"items_purchased_type":["Relic","Card"],"build_version":"2020-12-22","purchased_purges":1,"victory":false,"max_hp_per_floor":[75,75,75,75,75,75,75,75,75,75,75,75,75,75,75,75,75],"card_choices":[{"not_picked":["Undo","Ball Lightning"],"picked":"Genetic Algorithm","floor":1.0},{"not_picked":["Hologram","Redo","Double Energy"],"picked":"SKIP","floor":7.0},{"not_picked":["Go for the Eyes","Darkness"],"picked":"Doom and Gloom","floor":10.0},{"not_picked":["Go for the Eyes","Barrage"],"picked":"Leap","floor":11.0},{"not_picked":["Rebound","Leap","Coolheaded"],"picked":"SKIP","floor":13.0},{"not_picked":["Hologram","Sweeping Beam"],"picked":"Skim","floor":14.0}],"player_experience":419806,"relics_obtained":[{"floor":4.0,"key":"Shuriken"},{"floor":7.0,"key":"Regal Pillow"},{"floor":9.0,"key":"Symbiotic Virus"},{"floor":10.0,"key":"Dead Branch"}],"event_choices":[{"damage_healed":0.0,"max_hp_gain":0.0,"max_hp_loss":0.0,"gold_gain":175.0,"event_name":"betterThird:BetterSerpent","player_choice":"AGREE","floor":2.0,"gold_loss":0.0,"damage_taken":110.0},{"damage_healed":0.0,"max_hp_gain":0.0,"max_hp_loss":0.0,"gold_gain":0.0,"event_name":"The Cleric","player_choice":"Leave","floor":3.0,"gold_loss":0.0,"damage_taken":0.0},{"damage_healed":0.0,"max_hp_gain":0.0,"max_hp_loss":0.0,"gold_gain":75.0,"event_name":"betterThird:BetterGoop","player_choice":"Gold","floor":5.0,"gold_loss":0.0,"damage_taken":11.0}],"is_beta":false,"boss_relics":[],"items_purged_floors":[12],"is_endless":false,"potions_floor_spawned":[1,7],"killed_by":"The Guardian","ascension_level":11}}