{"host":"g2yp6paluzgljz05","time":1612776159,"event":{"mods":["BaseMod","Bestiary","Colored Powertips","DeckTracker","Highlight Path","Minty Spire (QoL Compilation)","Quick Restart"],"gold_per_floor":[110,110,35,51,51,51,51,86,156,56,56,56,83,83,83,83,83],"floor_reached":16,"language":"ENG","playtime":2173,"items_purged":["Strike_R","Strike_R"],"score":203,"play_id":"06895a4d-3dcf-40d4-900b-059154b4bfcf","local_time":"20210208202239","is_ascension_mode":true,"campfire_choices":[{"data":"Uppercut","floor":6.0,"key":"SMITH"},{"data":"Clothesline","floor":11.0,"key":"SMITH"},{"floor":15.0,"key":"REST"}],"circlet_count":0,"master_deck":["AscendersBane","Strike_R","Strike_R","Strike_R","Defend_R","Defend_R","Defend_R","Defend_R","Bash","Clothesline+1","Uppercut+1","Regret"],"relics":["Burning Blood","NeowsBlessing","Ornamental Fan","Darkstone Periapt","Tiny Chest","Pantograph","Regal Pillow"],"acts_visited":["Exordium"],"potions_floor_usage":[],"damage_taken":[{"damage":0.0,"enemies":"Jaw Worm","floor":1.0,"turns":1.0},{"damage":0.0,"enemies":"2 Louse","floor":4.0,"turns":1.0},{"damage":0.0,"enemies":"Gremlin Nob","floor":8.0,"turns":1.0},{"damage":80.0,"enemies":"3 Sentries","floor":13.0,"turns":13.0},{"damage":8.0,"enemies":"Small Slimes","floor":14.0,"turns":2.0},{"damage":46,"enemies":"Slime Boss","floor":16,"turns":7}],"seed_played":"-4793301258855355707","potions_obtained":[{"floor":1.0,"key":"SmokeBomb"},{"floor":4.0,"key":"DuplicationPotion"}],"is_trial":false,"path_per_floor":["M","?","$","M","?","R","?","E","T","$","R","$","E","M","R","B"],"character_chosen":"IRONCLAD","items_purchased":[],"campfire_rested":1,"item_purchase_floors":[],"current_hp_per_floor":[78,66,66,72,78,78,78,84,84,84,84,84,10,8,48,27,27],"gold":83,"neow_bonus":"THREE_ENEMY_KILL","is_daily":false,"chose_seed":false,"campfire_upgraded":2,"win_rate":0.0,"timestamp":1612776159,"path_taken":["M","?","$","M","?","R","?","E","T","?","R","$","E","M","R","BOSS"],"items_purchased_type":[],"build_version":"2020-12-22","purchased_purges":2,"victory":false,"max_hp_per_floor":[80,80,80,80,86,86,86,86,86,86,86,86,86,86,86,86,86],"card_choices":[{"not_picked":["Wild Strike","Clothesline","Armaments"],"picked":"SKIP","floor":1.0},{"not_picked":["Wild Strike","Armaments"],"picked":"Clothesline","floor":1.0},{"not_picked":["Havoc","Ghostly Armor"],"picked":"Uppercut","floor":4.0},{"not_picked":["Feel No Pain","Burning Pact","Dual Wield"],"picked":"SKIP","floor":8.0},{"not_picked":["True Grit","Sever Soul","Iron Wave"],"picked":"SKIP","floor":13.0}],"player_experience":339602,"relics_obtained":[{"floor":8.0,"key":"Tiny Chest"},{"floor":9.0,"key":"Pantograph"},{"floor":13.0,"key":"Regal Pillow"}],"event_choices":[{"damage_healed":0.0,"max_hp_gain":0.0,"max_hp_loss":0.0,"gold_gain":0.0,"event_name":"Scrap Ooze","player_choice":"Success","floor":2.0,"gold_loss":0.0,"damage_taken":12.0,"relics_obtained":["Ornamental Fan"]},{"damage_healed":0.0,"max_hp_gain":0.0,"max_hp_loss":0.0,"gold_gain":0.0,"event_name":"Big Fish","player_choice":"Box","floor":5.0,"gold_loss":0.0,"damage_taken":0.0,"relics_obtained":["Darkstone Periapt"],"cards_obtained":["Regret"]},{"damage_healed":0.0,"max_hp_gain":0.0,"max_hp_loss":0.0,"gold_gain":0.0,"event_name":"Dead Adventurer","player_choice":"Searched \u00270\u0027 times","floor":7.0,"gold_loss":0.0,"damage_taken":0.0}],"is_beta":false,"boss_relics":[],"items_purged_floors":[3,10],"is_endless":false,"potions_floor_spawned":[1,4],"killed_by":"Slime Boss","ascension_level":11}}