{"host":"gk5m6v7zec9neb0j","time":1612757089,"event":{"mods":["AchievementEnabler","AlwaysNeverKeys","BaseMod","BetterRewards","Block Reminder","Minty Spire (QoL Compilation)","Rare Cards Sparkle","Relic Stats","StSLib"],"gold_per_floor":[116,128,28,28,45,45,59,11,58,58,78,94,16,49,49,150,150,168,184,184,204,218,246,96,96,96,96,146,146,156,176,176,176,176],"floor_reached":33,"language":"ENG","playtime":804,"items_purged":["Strike_R","Strike_R"],"score":294,"play_id":"eb0b0caa-22b2-4031-94ee-378182b65243","local_time":"20210207230449","is_ascension_mode":false,"campfire_choices":[{"data":"Bash","floor":6.0,"key":"SMITH"},{"data":"Rampage","floor":10.0,"key":"SMITH"},{"floor":15.0,"key":"REST"},{"data":"Limit Break","floor":25.0,"key":"SMITH"},{"floor":29,"key":"REST"},{"data":"Inflame","floor":32,"key":"SMITH"}],"circlet_count":0,"master_deck":["Strike_R","Strike_R","Strike_R","Defend_R","Defend_R","Defend_R","Defend_R","Bash+1","Inflame+1","Spot Weakness","Twin Strike","Rampage+1","Anger","Inflame","Limit Break+1","Cleave+1","Heavy Blade+1","Dual Wield+1","Shrug It Off+1","Headbutt+1"],"relics":["Burning Blood","Lizard Tail","Kunai","Centennial Puzzle","Pen Nib","Potion Belt","Velvet Choker","Blood Vial","TungstenRod","Orrery","White Beast Statue"],"acts_visited":["Exordium","TheCity"],"potions_floor_usage":[33,33],"damage_taken":[{"damage":0.0,"enemies":"2 Louse","floor":1.0,"turns":3.0},{"damage":1.0,"enemies":"Cultist","floor":2.0,"turns":4.0},{"damage":1.0,"enemies":"Jaw Worm","floor":5.0,"turns":3.0},{"damage":16.0,"enemies":"Large Slime","floor":7.0,"turns":4.0},{"damage":8.0,"enemies":"Red Slaver","floor":11.0,"turns":3.0},{"damage":10.0,"enemies":"Looter","floor":12.0,"turns":3.0},{"damage":26.0,"enemies":"3 Sentries","floor":14.0,"turns":6.0},{"damage":39.0,"enemies":"The Guardian","floor":16.0,"turns":8.0},{"damage":10.0,"enemies":"3 Byrds","floor":18.0,"turns":5.0},{"damage":17.0,"enemies":"Spheric Guardian","floor":19.0,"turns":4.0},{"damage":29.0,"enemies":"Snake Plant","floor":21.0,"turns":5.0},{"damage":37.0,"enemies":"Shelled Parasite and Fungi","floor":22.0,"turns":4.0},{"damage":31.0,"enemies":"Gremlin Leader","floor":23.0,"turns":2.0},{"damage":8,"enemies":"Chosen and Byrds","floor":30,"turns":4},{"damage":18,"enemies":"Centurion and Healer","floor":31,"turns":4},{"damage":76,"enemies":"Collector","floor":33,"turns":7}],"seed_played":"-8731978961141882300","potions_obtained":[{"floor":2.0,"key":"Energy Potion"},{"floor":16.0,"key":"SkillPotion"},{"floor":18.0,"key":"Fruit Juice"},{"floor":22.0,"key":"ColorlessPotion"},{"floor":30,"key":"SkillPotion"},{"floor":31,"key":"LiquidBronze"}],"is_trial":false,"path_per_floor":["M","M","$","?","M","R","M","$","T","R","M","M","$","E","R","B",null,"M","M","?","M","M","E","$","R","T","$","?","R","M","M","R","B"],"character_chosen":"IRONCLAD","items_purchased":["Lizard Tail","Inflame","Spot Weakness","Kunai","Anger","Inflame","Orrery"],"campfire_rested":2,"item_purchase_floors":[0,0,0,0,8,13,24],"current_hp_per_floor":[50,55,55,55,60,60,50,50,50,50,48,44,44,24,48,15,80,81,70,70,49,20,42,42,42,42,42,42,67,67,57,57,0,0],"gold":176,"neow_bonus":"","is_daily":false,"chose_seed":false,"campfire_upgraded":4,"win_rate":0.0,"timestamp":1612757089,"path_taken":["M","M","$","?","M","R","M","$","T","R","M","M","$","E","R","BOSS","M","?","?","M","M","E","$","R","T","$","?","R","?","M","R","BOSS"],"items_purchased_type":["Relic","Card","Card","Relic","Card","Card","Relic"],"build_version":"2020-12-22","purchased_purges":2,"victory":false,"max_hp_per_floor":[80,80,80,80,80,80,80,80,80,80,80,80,80,80,80,80,80,85,85,85,85,85,85,85,85,85,85,85,85,85,85,85,85,85],"relic_stats":{"Blood Vial":12,"Lizard Tail":42,"Centennial Puzzle":[42],"counters":[151,814],"Pen Nib":[9],"Kunai":[12],"obtain_stats":[{"Calipers":24,"Gremlin Horn":13,"Vajra":0,"Whetstone":43,"Bottled Tornado":31,"Blood Vial":20,"Lizard Tail":0,"Centennial Puzzle":4,"Sundial":11,"DollysMirror":0,"Strawberry":44,"MealTicket":9,"Prayer Wheel":0,"Kunai":10,"Toxic Egg 2":43,"Runic Cube":34,"Happy Flower":0,"Oddly Smooth Stone":0,"Velvet Choker":17,"Pen Nib":9,"War Paint":6,"Question Card":26,"OrangePellets":12,"Shuriken":0,"CultistMask":27,"Black Star":17,"Pocketwatch":17,"Darkstone Periapt":26,"Regal Pillow":41,"Singing Bowl":0,"SacredBark":34,"Black Blood":17,"Magic Flower":0,"StoneCalendar":22,"Juzu Bracelet":25,"Bag of Preparation":54,"PrismaticShard":19,"Empty Cage":34,"Ancient Tea Set":43,"Burning Blood":0,"ClockworkSouvenir":0,"Dream Catcher":17,"Nunchaku":23,"Shovel":0,"Mummified Hand":0,"Pantograph":9,"Toolbox":47,"Tiny Chest":24,"Red Mask":47,"Paper Frog":0,"Potion Belt":14,"Golden Idol":7,"Frozen Egg 2":0,"Odd Mushroom":8,"Orichalcum":6,"MawBank":13,"White Beast Statue":22,"Mercury Hourglass":26,"Calling Bell":17,"Peace Pipe":7,"Busted Crown":17,"Ornamental Fan":17,"Orrery":0,"Turnip":14,"Bag of Marbles":12,"Champion Belt":0,"Bottled Lightning":26,"Membership Card":0,"Toy Ornithopter":30,"FossilizedHelix":0,"TungstenRod":23},{"Calipers":64,"Gremlin Horn":84,"Vajra":0,"Whetstone":20,"Bottled Tornado":15,"Blood Vial":145,"Lizard Tail":135,"Centennial Puzzle":137,"Sundial":45,"DollysMirror":77,"Strawberry":74,"MealTicket":3,"Prayer Wheel":39,"Kunai":45,"Toxic Egg 2":74,"Runic Cube":121,"Happy Flower":77,"Oddly Smooth Stone":0,"Velvet Choker":143,"Pen Nib":139,"War Paint":57,"Question Card":116,"OrangePellets":111,"Shuriken":128,"CultistMask":65,"Black Star":47,"Pocketwatch":31,"Darkstone Periapt":65,"Regal Pillow":73,"Singing Bowl":0,"SacredBark":93,"Black Blood":7,"Magic Flower":77,"StoneCalendar":50,"Juzu Bracelet":35,"Bag of Preparation":104,"PrismaticShard":32,"Empty Cage":69,"Ancient Tea Set":125,"Burning Blood":0,"ClockworkSouvenir":0,"Dream Catcher":31,"Nunchaku":90,"Shovel":0,"Mummified Hand":105,"Pantograph":28,"Toolbox":126,"Tiny Chest":90,"Red Mask":101,"Paper Frog":0,"Potion Belt":142,"Golden Idol":134,"Frozen Egg 2":0,"Odd Mushroom":45,"Orichalcum":82,"MawBank":111,"White Beast Statue":63,"Mercury Hourglass":13,"Calling Bell":31,"Peace Pipe":110,"Busted Crown":86,"Ornamental Fan":31,"Orrery":129,"Turnip":60,"Bag of Marbles":5,"Champion Belt":0,"Bottled Lightning":35,"Membership Card":128,"Toy Ornithopter":92,"FossilizedHelix":105,"TungstenRod":148},{"Calipers":355,"Gremlin Horn":481,"Vajra":0,"Whetstone":116,"Bottled Tornado":78,"Blood Vial":788,"Lizard Tail":745,"Centennial Puzzle":752,"Sundial":234,"DollysMirror":452,"Strawberry":424,"MealTicket":13,"Prayer Wheel":208,"Kunai":234,"Toxic Egg 2":424,"Runic Cube":681,"Happy Flower":452,"Oddly Smooth Stone":0,"Velvet Choker":779,"Pen Nib":759,"War Paint":318,"Question Card":651,"OrangePellets":617,"Shuriken":720,"CultistMask":361,"Black Star":256,"Pocketwatch":170,"Darkstone Periapt":361,"Regal Pillow":419,"Singing Bowl":0,"SacredBark":524,"Black Blood":34,"Magic Flower":452,"StoneCalendar":278,"Juzu Bracelet":186,"Bag of Preparation":588,"PrismaticShard":173,"Empty Cage":387,"Ancient Tea Set":703,"Burning Blood":0,"ClockworkSouvenir":0,"Dream Catcher":170,"Nunchaku":508,"Shovel":0,"Mummified Hand":593,"Pantograph":155,"Toolbox":710,"Tiny Chest":508,"Red Mask":569,"Paper Frog":0,"Potion Belt":771,"Golden Idol":744,"Frozen Egg 2":0,"Odd Mushroom":234,"Orichalcum":472,"MawBank":617,"White Beast Statue":347,"Mercury Hourglass":64,"Calling Bell":170,"Peace Pipe":614,"Busted Crown":491,"Ornamental Fan":170,"Orrery":721,"Turnip":328,"Bag of Marbles":23,"Champion Belt":0,"Bottled Lightning":186,"Membership Card":720,"Toy Ornithopter":516,"FossilizedHelix":593,"TungstenRod":799}],"Burning Blood":1023,"TungstenRod":9},"card_choices":[{"not_picked":["Sword Boomerang","Dual Wield"],"picked":"Twin Strike","floor":1.0},{"not_picked":["Pommel Strike","Body Slam"],"picked":"Rampage","floor":2.0},{"not_picked":["Disarm","Perfected Strike","Cleave"],"picked":"SKIP","floor":5.0},{"not_picked":["Spot Weakness","Reaper","Second Wind"],"picked":"SKIP","floor":7.0},{"not_picked":["Havoc","Uppercut","Shockwave"],"picked":"SKIP","floor":11.0},{"not_picked":["Twin Strike","Reckless Charge","Perfected Strike"],"picked":"SKIP","floor":12.0},{"not_picked":["Thunderclap","Clash","Pummel"],"picked":"SKIP","floor":14.0},{"not_picked":["Demon Form","Impervious"],"picked":"Limit Break","floor":16.0},{"not_picked":["Seeing Red","Blood for Blood"],"picked":"Cleave+1","floor":18.0},{"not_picked":["Perfected Strike","Body Slam"],"picked":"Heavy Blade+1","floor":19.0},{"not_picked":["Perfected Strike","Burning Pact","Bludgeon"],"picked":"SKIP","floor":21.0},{"not_picked":["Clothesline","Twin Strike"],"picked":"Dual Wield+1","floor":22.0},{"not_picked":["Dark Embrace","Fire Breathing+1","Clash"],"picked":"SKIP","floor":23.0},{"not_picked":["Offering","Wild Strike"],"picked":"Shrug It Off+1","floor":24.0},{"not_picked":["Infernal Blade","Cleave","Anger"],"picked":"SKIP","floor":30},{"not_picked":["Thunderclap","Burning Pact+1"],"picked":"Headbutt+1","floor":31}],"player_experience":802453,"relics_obtained":[{"floor":9.0,"key":"Pen Nib"},{"floor":14.0,"key":"Potion Belt"},{"floor":23.0,"key":"TungstenRod"},{"floor":26.0,"key":"White Beast Statue"}],"event_choices":[{"damage_healed":0.0,"max_hp_gain":0.0,"max_hp_loss":0.0,"gold_gain":0.0,"event_name":"WeMeetAgain","player_choice":"Gave Potion","floor":4.0,"gold_loss":0.0,"damage_taken":0.0,"relics_obtained":["Centennial Puzzle"]},{"damage_healed":0.0,"max_hp_gain":0.0,"max_hp_loss":0.0,"gold_gain":0.0,"event_name":"The Mausoleum","player_choice":"Opened","floor":20.0,"gold_loss":0.0,"damage_taken":0.0,"relics_obtained":["Blood Vial"]},{"damage_healed":0,"gold_gain":100,"player_choice":"Bet on Murderer","damage_taken":0,"max_hp_gain":0,"max_hp_loss":0,"event_name":"The Joust","floor":28,"gold_loss":50}],"is_beta":false,"boss_relics":[{"not_picked":["Astrolabe","Mark of Pain"],"picked":"Velvet Choker"}],"items_purged_floors":[0,3],"is_endless":false,"potions_floor_spawned":[2,11,16,18,22,30,31],"killed_by":"Collector","ascension_level":0}}