{"host":"d61fcf2p3sjwe6yo","time":1612815422,"event":{"mods":["BaseMod","Colored Map","Koishi","Marisa????????","Minty Spire (QoL Compilation)","StSLib","SuperFastMode","The Servant 0.9.4"],"gold_per_floor":[116,130,180,191,206,206,255,255,306,338,3,30,47,47,47],"floor_reached":14,"language":"ENG","playtime":707,"items_purged":["Koishi:BasicStrike"],"score":184,"play_id":"8fde2ab7-9514-4d5b-82da-5bc60b0fe41d","local_time":"20210208231702","is_ascension_mode":true,"campfire_choices":[{"data":"Koishi:RoseHell","floor":6.0,"key":"SMITH"},{"data":"Koishi:HauntingSlash","floor":8.0,"key":"SMITH"}],"circlet_count":0,"master_deck":["AscendersBane","Koishi:BasicStrike","Koishi:BasicDefend","Koishi:BasicDefend","Koishi:BasicDefend","Koishi:BasicDefend","Koishi:Provoke","Koishi:HauntingSlash+1","Koishi:DreadfulBlow","Koishi:EmbersOfLove","Koishi:PhilosophyOfTheDespised","Koishi:RoseHell+1","Koishi:UnseenTerror","Koishi:PhantomBarrier+1"],"relics":["Koishi:ImaginaryFriend","Ancient Tea Set","MawBank","Toxic Egg 2","Regal Pillow"],"acts_visited":["Exordium"],"potions_floor_usage":[12,12,14],"damage_taken":[{"damage":4.0,"enemies":"Jaw Worm","floor":1.0,"turns":8.0},{"damage":6.0,"enemies":"Cultist","floor":2.0,"turns":4.0},{"damage":0.0,"enemies":"2 Louse","floor":4.0,"turns":3.0},{"damage":32.0,"enemies":"Exordium Wildlife","floor":5.0,"turns":12.0},{"damage":1.0,"enemies":"2 Fungi Beasts","floor":10.0,"turns":5.0},{"damage":11,"enemies":"Gremlin Nob","floor":12,"turns":6},{"damage":6,"enemies":"Looter","floor":13,"turns":4},{"damage":17,"enemies":"3 Sentries","floor":14,"turns":4}],"seed_played":"7771433430184088890","potions_obtained":[{"floor":4.0,"key":"Ancient Potion"},{"floor":10.0,"key":"LiquidMemories"},{"floor":12,"key":"Explosive Potion"}],"is_trial":false,"path_per_floor":["M","M","?","M","M","R","T","R","T","M","$","E","M","E"],"character_chosen":"KOISHI","items_purchased":["Toxic Egg 2"],"campfire_rested":0,"item_purchase_floors":[11],"current_hp_per_floor":[52,50,45,47,25,25,25,25,25,30,30,22,16,0,0],"gold":47,"neow_bonus":"REMOVE_TWO","is_daily":false,"chose_seed":false,"campfire_upgraded":2,"win_rate":0.0,"timestamp":1612815422,"path_taken":["M","M","?","?","M","R","?","R","T","M","?","E","M","E"],"items_purchased_type":["Relic"],"build_version":"2020-12-22","purchased_purges":1,"victory":false,"max_hp_per_floor":[52,52,52,52,52,52,52,52,52,52,52,52,52,52,52],"card_choices":[{"not_picked":["Koishi:UnansweredLove","Koishi:BloodcurdlingScream"],"picked":"Koishi:DreadfulBlow","floor":1.0},{"not_picked":["Koishi:SubconsciousSweep","Koishi:JumpScare"],"picked":"Koishi:EmbersOfLove","floor":2.0},{"not_picked":["Koishi:SubconsciousSweep","Koishi:UnconsciousUprising"],"picked":"Koishi:PhilosophyOfTheDespised","floor":4.0},{"not_picked":["Koishi:UnansweredLove","Koishi:PhilosophyOfTheDespised"],"picked":"Koishi:RoseHell","floor":5.0},{"not_picked":["Koishi:EmbryosDream","Koishi:IdleWhim","Koishi:PhilosophyOfTheDespised"],"picked":"SKIP","floor":10.0},{"not_picked":["Koishi:FourthEye+1","Koishi:SprinkleStarAndHeart+1"],"picked":"Koishi:UnseenTerror","floor":12},{"not_picked":["Koishi:UnconsciousUprising+1","Koishi:ParalyzingFear"],"picked":"Koishi:PhantomBarrier+1","floor":13}],"player_experience":293927,"relics_obtained":[{"floor":7.0,"key":"Ancient Tea Set"},{"floor":9.0,"key":"MawBank"},{"floor":12,"key":"Regal Pillow"}],"event_choices":[{"damage_healed":0.0,"max_hp_gain":0.0,"max_hp_loss":0.0,"gold_gain":50.0,"event_name":"FaceTrader","player_choice":"Touch","floor":3.0,"gold_loss":0.0,"damage_taken":5.0}],"is_beta":false,"boss_relics":[],"items_purged_floors":[11],"is_endless":false,"potions_floor_spawned":[4,10,12],"killed_by":"3 Sentries","ascension_level":20}}