{"host":"ds1yr10zonoc6w4a","time":1612759777,"event":{"mods":["AchievementEnabler","Act Like it!","Aspiration","BaseMod","Better Match","Better Third Choice","BetterRewards","Downfall","Energized Spire","Gensokyo","Infinite Spire","Minty Spire (QoL Compilation)","Pale of the Ancients","Relic Filter Mod","Reliquary","Replay The Spire","Spire Arcade","StSLib","The Animator","The Cursed"],"gold_per_floor":[287,287,311,311,324,368,368,368,368,395,113,118,118],"floor_reached":12,"language":"ENG","playtime":1513,"items_purged":["Flechettes"],"score":146,"play_id":"1a57022b-3c12-4712-b08a-d0124fa2b108","local_time":"20210207214937","is_ascension_mode":true,"campfire_choices":[{"data":"animator:OrigamiTobiichi","floor":8,"key":"SMITH"}],"circlet_count":0,"master_deck":["AscendersBane","animator:Strike_Kancolle","animator:Defend_Kancolle","animator:Defend","animator:Defend","animator:Shimakaze","animator:OrigamiTobiichi+1","animator:Megunee","animator:Shimako+1","animator:DwarfShaman","animator:Midou","animator:YuzuruOtonashi","animator:YamaiSisters","animator:Patchouli"],"relics":["animator:LivingPicture","animator:TheMissingPiece","animator:PurgingStone","Bag of Preparation","reliquary:Firecrackers"],"acts_visited":["Exordium"],"potions_floor_usage":[10,12,12],"damage_taken":[{"damage":2,"enemies":"Gensokyo:Python","floor":1,"turns":6},{"damage":4,"enemies":"Gensokyo:2_Kodama","floor":3,"turns":5},{"damage":0,"enemies":"Gensokyo:3_Fairies","floor":5,"turns":4},{"damage":18,"enemies":"Gensokyo:Cirno","floor":6,"turns":8},{"damage":0,"enemies":"Gensokyo:2_Rabbits","floor":10,"turns":5},{"damage":7,"enemies":"Gensokyo:Aya","floor":12,"turns":2}],"seed_played":"7896365220434296649","potions_obtained":[{"floor":5,"key":"Ancient Potion"},{"floor":6,"key":"Adrenaline Potion"},{"floor":10,"key":"Explosive Potion"}],"is_trial":false,"path_per_floor":["M","?","M","?","M","E","?","R","T","M","$","E"],"character_chosen":"THE_ANIMATOR","items_purchased":["animator:OrigamiTobiichi","animator:Megunee","animator:Shimako+1","animator:Patchouli"],"campfire_rested":0,"item_purchase_floors":[0,0,0,11],"current_hp_per_floor":[58,58,54,54,54,36,6,6,6,6,6,0,0],"gold":118,"neow_bonus":"","is_daily":false,"chose_seed":true,"campfire_upgraded":1,"win_rate":0.0,"timestamp":1612759777,"path_taken":["M","?","M","?","?","E","?","R","T","M","$","E"],"items_purchased_type":["Card","Card","Card","Card"],"build_version":"2020-12-22","purchased_purges":1,"victory":false,"max_hp_per_floor":[60,60,60,60,60,60,60,60,60,60,60,60,60],"card_choices":[{"not_picked":["animator:Yui","animator:JunSakurada"],"picked":"animator:DwarfShaman","floor":1},{"not_picked":["animator:Elsword","animator:IsshinKurosaki"],"picked":"animator:Midou","floor":3},{"not_picked":["animator:Tetora","animator:ShidoItsuka","animator:Noda"],"picked":"SKIP","floor":5},{"not_picked":["animator:Yui","animator:Noda"],"picked":"animator:YuzuruOtonashi","floor":6},{"not_picked":["animator:SajinKomamura","animator:Midou"],"picked":"animator:YamaiSisters","floor":10}],"player_experience":953245,"relics_obtained":[{"floor":6,"key":"Bag of Preparation"},{"floor":9,"key":"reliquary:Firecrackers"}],"event_choices":[],"is_beta":false,"boss_relics":[],"items_purged_floors":[11],"is_endless":false,"potions_floor_spawned":[5,6,10],"killed_by":"Gensokyo:Aya","ascension_level":20}}