{"host":"syozzdlzcqop4jia","time":1612819306,"event":{"mods":["BaseMod","Colored Map","Colored Powertips","Minty Spire (QoL Compilation)","Quick Restart"],"gold_per_floor":[116,132,132,148,223,223,257,276,322,335,354,354,354,379,379,505,505,505,430,370,370,53,53,53,53,53,53,53,53,53,53,53,53,53],"floor_reached":33,"language":"ENG","playtime":2356,"items_purged":[],"score":266,"play_id":"1e456f82-9f7d-4b2e-9097-5f6dda2a6263","local_time":"20210208222146","is_ascension_mode":true,"campfire_choices":[{"floor":6,"key":"REST"},{"floor":12,"key":"REST"},{"floor":15,"key":"REST"},{"data":"Secret Technique","floor":24,"key":"SMITH"},{"floor":32,"key":"REST"}],"circlet_count":0,"master_deck":["Strike_B","Strike_B","Strike_B","Defend_B","Defend_B","Defend_B","Defend_B","Zap","Dualcast","Discovery","Beam Cell","Storm","Biased Cognition","Conserve Battery","Steam","Capacitor","Cold Snap","Echo Form","Ball Lightning","Self Repair","Steam","Secret Technique+1","Capacitor","Loop","Leap","Amplify","Darkness"],"relics":["Cracked Core","Golden Idol","Mercury Hourglass","Blood Vial","PreservedInsect","Ectoplasm","Orichalcum","Juzu Bracelet","Red Mask","Bag of Preparation"],"acts_visited":["Exordium","TheCity"],"potions_floor_usage":[20,21,31,33],"damage_taken":[{"damage":0,"enemies":"Cultist","floor":1,"turns":2},{"damage":8,"enemies":"Small Slimes","floor":2,"turns":3},{"damage":7,"enemies":"2 Louse","floor":4,"turns":2},{"damage":30,"enemies":"3 Sentries","floor":7,"turns":7},{"damage":11,"enemies":"Exordium Wildlife","floor":8,"turns":2},{"damage":0,"enemies":"Large Slime","floor":10,"turns":3},{"damage":2,"enemies":"Blue Slaver","floor":11,"turns":3},{"damage":4,"enemies":"Gremlin Gang","floor":14,"turns":4},{"damage":36,"enemies":"Slime Boss","floor":16,"turns":10},{"damage":2,"enemies":"Chosen","floor":18,"turns":4},{"damage":15,"enemies":"2 Thieves","floor":20,"turns":3},{"damage":6,"enemies":"Shelled Parasite and Fungi","floor":21,"turns":5},{"damage":13,"enemies":"Centurion and Healer","floor":23,"turns":6},{"damage":13,"enemies":"Cultist and Chosen","floor":25,"turns":7},{"damage":49,"enemies":"Masked Bandits","floor":27,"turns":5},{"damage":12,"enemies":"Sentry and Sphere","floor":29,"turns":6},{"damage":15,"enemies":"Snake Plant","floor":31,"turns":4},{"damage":35,"enemies":"Collector","floor":33,"turns":3}],"seed_played":"6813897431979531243","potions_obtained":[{"floor":1,"key":"PowerPotion"},{"floor":8,"key":"FearPotion"},{"floor":10,"key":"Explosive Potion"},{"floor":11,"key":"DistilledChaos"},{"floor":16,"key":"Swift Potion"},{"floor":21,"key":"DuplicationPotion"},{"floor":29,"key":"AttackPotion"},{"floor":31,"key":"PowerPotion"}],"is_trial":false,"path_per_floor":["M","M","?","M","?","R","E","M","T","M","M","R","?","M","R","B",null,"M","?","M","M","$","M","R","M","T","?","T","M","?","M","R","B"],"character_chosen":"DEFECT","items_purchased":["Orichalcum","Secret Technique"],"campfire_rested":4,"item_purchase_floors":[22,22],"current_hp_per_floor":[75,67,49,42,31,53,23,12,12,14,14,36,29,27,49,15,75,73,73,60,63,63,59,59,55,55,15,15,19,19,6,28,0,0],"gold":53,"neow_bonus":"RANDOM_COLORLESS","is_daily":false,"chose_seed":false,"campfire_upgraded":1,"win_rate":0.0,"timestamp":1612819306,"path_taken":["M","M","?","M","?","R","E","M","T","M","M","R","?","M","R","BOSS","M","?","M","M","$","M","R","M","T","?","?","M","?","M","R","BOSS"],"items_purchased_type":["Relic","Card"],"build_version":"2020-12-22","purchased_purges":0,"victory":false,"max_hp_per_floor":[75,75,75,75,75,75,75,75,75,75,75,75,75,75,75,75,75,75,75,75,75,75,75,75,75,75,75,75,75,75,75,75,75,75],"card_choices":[{"not_picked":["Forethought","Impatience"],"picked":"Discovery","floor":0},{"not_picked":["Skim","FTL"],"picked":"Beam Cell","floor":1},{"not_picked":["Beam Cell","Compile Driver"],"picked":"Storm","floor":2},{"not_picked":["Auto Shields","Go for the Eyes","Barrage"],"picked":"SKIP","floor":4},{"not_picked":["Hologram","Aggregate"],"picked":"Biased Cognition","floor":7},{"not_picked":["Compile Driver","Coolheaded"],"picked":"Conserve Battery","floor":8},{"not_picked":["Reprogram","Hologram"],"picked":"Steam","floor":10},{"not_picked":["Hologram","Beam Cell"],"picked":"Capacitor","floor":11},{"not_picked":["Beam Cell","Hologram"],"picked":"Cold Snap","floor":14},{"not_picked":["Reboot","Seek"],"picked":"Echo Form","floor":16},{"not_picked":["Cold Snap","Beam Cell"],"picked":"Ball Lightning","floor":18},{"not_picked":["Leap","Storm+1"],"picked":"Self Repair","floor":20},{"not_picked":["Stack","FTL"],"picked":"Steam","floor":21},{"not_picked":["Turbo","Rebound+1"],"picked":"Capacitor","floor":23},{"not_picked":["Sweeping Beam","Coolheaded"],"picked":"Loop","floor":25},{"not_picked":["Barrage","Genetic Algorithm"],"picked":"Leap","floor":27},{"not_picked":["Redo","Go for the Eyes"],"picked":"Amplify","floor":29},{"not_picked":["Turbo","Reprogram"],"picked":"Darkness","floor":31}],"player_experience":631234,"relics_obtained":[{"floor":7,"key":"Mercury Hourglass"},{"floor":9,"key":"Blood Vial"},{"floor":26,"key":"Juzu Bracelet"},{"floor":27,"key":"Red Mask"},{"floor":28,"key":"Bag of Preparation"}],"event_choices":[{"damage_healed":0,"gold_gain":0,"player_choice":"Take Damage","damage_taken":18,"relics_obtained":["Golden Idol"],"max_hp_gain":0,"max_hp_loss":0,"event_name":"Golden Idol","floor":3,"gold_loss":0},{"damage_healed":0,"gold_gain":75,"player_choice":"Gather Gold","damage_taken":11,"max_hp_gain":0,"max_hp_loss":0,"event_name":"World of Goop","floor":5,"gold_loss":0},{"damage_healed":0,"gold_gain":0,"player_choice":"Success","damage_taken":7,"relics_obtained":["PreservedInsect"],"max_hp_gain":0,"max_hp_loss":0,"event_name":"Scrap Ooze","floor":13,"gold_loss":0},{"cards_removed":["Strike_B"],"damage_healed":0,"gold_gain":0,"player_choice":"Gave Gold","damage_taken":0,"max_hp_gain":0,"max_hp_loss":0,"event_name":"Beggar","floor":19,"gold_loss":75},{"damage_healed":0,"gold_gain":0,"player_choice":"Fought Bandits","damage_taken":0,"max_hp_gain":0,"max_hp_loss":0,"event_name":"Masked Bandits","floor":27,"gold_loss":0},{"damage_healed":0,"gold_gain":0,"player_choice":"Ignored","damage_taken":0,"max_hp_gain":0,"max_hp_loss":0,"event_name":"N\u0027loth","floor":30,"gold_loss":0}],"is_beta":false,"boss_relics":[{"not_picked":["SacredBark","Calling Bell"],"picked":"Ectoplasm"}],"items_purged_floors":[],"is_endless":false,"potions_floor_spawned":[1,8,10,11,16,18,21,29,31],"killed_by":"Collector","ascension_level":1}}