{"host":"spoxbmo2txwgdxt2","time":1612794901,"event":{"mods":["AchievementEnabler","Act Like it!","BaseMod","Colored Powertips","Highlight Path","Minty Spire (QoL Compilation)","Quick Restart","Replay The Spire","Shop Mod","StSLib"],"gold_per_floor":[118,118,137,32,62,89,89,121,197,226,186,186,83,108,108,206,206,220,252,166,166,166,201,201,220,245,280,280,292,292,311,311,408,408,419,419,437,437,437,437,467,427,427,140,140,140,156,156,156,176,226,226,226],"floor_reached":52,"language":"ZHS","playtime":4671,"items_purged":["Voices"],"score":731,"play_id":"99a44309-ec71-4144-9f4a-20c97e91c708","local_time":"20210208223501","is_ascension_mode":true,"campfire_choices":[{"data":"Apotheosis","floor":7.0,"key":"SMITH"},{"data":"Barricade","floor":12.0,"key":"SMITH"},{"floor":15.0,"key":"REST"},{"data":"Double Tap","floor":24.0,"key":"SMITH"},{"data":"Heavy Blade","floor":28.0,"key":"SMITH"},{"data":"Metallicize","floor":30.0,"key":"SMITH"},{"floor":32.0,"key":"REST"},{"data":"Transmutation","floor":40.0,"key":"SMITH"}],"circlet_count":0,"master_deck":["Strike_R","Strike_R","Strike_R","Defend_R+1","Defend_R","Defend_R","Defend_R+1","Bash","Apotheosis+1","Pommel Strike","Entrench","Inflame+1","True Grit","Heavy Blade","Flex","Barricade+1","ReplayTheSpireMod:Muscle Training","Seeing Red","Seeing Red","Body Slam","Body Slam","Juggernaut","Shrug It Off","Heavy Blade+1","Double Tap+1","Metallicize+1","Pot Of Greed","Pot Of Greed","True Grit+1","Shrug It Off+1","Transmutation+1","Demonic Infusion+1","Heavy Blade+1","Madness","Madness","Flame Barrier","Ghostly Armor+1","Pot Of Greed","ReplayTheSpireMod:LeadingStrike+1","Panache","Body Slam+1"],"relics":["Burning Blood","ReplayTheSpireMod:Spearhead","Replay:PocketPolymizer","Bottled Tornado","Juzu Bracelet","Singing Bowl","Simple Rune","Ancient Tea Set","ChewingGum","Red Mask","ReplayTheSpireMod:CursedCoin","Ornamental Fan","MutagenicStrength","Replay:Mystery Machine","Grinning Jar","Black Star","Question Card","Prayer Wheel","Mercury Hourglass","Replay:Multitool","Paper Frog","Replay:Towering Pillar of Hats"],"acts_visited":["Exordium","TheCity","TheBeyond"],"potions_floor_usage":[52],"damage_taken":[{"damage":2.0,"enemies":"Jaw Worm","floor":1.0,"turns":5.0},{"damage":8.0,"enemies":"2 Louse","floor":3.0,"turns":3.0},{"damage":7.0,"enemies":"Lagavulin","floor":6.0,"turns":7.0},{"damage":18.0,"enemies":"3 Sentries","floor":8.0,"turns":9.0},{"damage":12.0,"enemies":"Gremlin Nob","floor":10.0,"turns":3.0},{"damage":12.0,"enemies":"Lagavulin","floor":14.0,"turns":4.0},{"damage":4.0,"enemies":"Fading Forest","floor":16.0,"turns":11.0},{"damage":0.0,"enemies":"Spheric Guardian","floor":18.0,"turns":4.0},{"damage":17.0,"enemies":"Masked Bandits","floor":19.0,"turns":4.0},{"damage":51.0,"enemies":"Slavers","floor":23.0,"turns":7.0},{"damage":14.0,"enemies":"2 Thieves","floor":25.0,"turns":3.0},{"damage":6.0,"enemies":"Gremlin Leader","floor":27.0,"turns":6.0},{"damage":9.0,"enemies":"Snecko","floor":29.0,"turns":4.0},{"damage":18.0,"enemies":"Snake Plant","floor":31.0,"turns":4.0},{"damage":22.0,"enemies":"Champ","floor":33.0,"turns":11.0},{"damage":14.0,"enemies":"3 Shapes","floor":35.0,"turns":6.0},{"damage":59.0,"enemies":"3 Darklings","floor":37.0,"turns":10.0},{"damage":61.0,"enemies":"Giant Head","floor":41.0,"turns":8.0},{"damage":19.0,"enemies":"Spire Growth","floor":47.0,"turns":6.0},{"damage":8.0,"enemies":"Writhing Mass","floor":50.0,"turns":6.0},{"damage":0.0,"enemies":"Mind Bloom Boss Battle","floor":51.0,"turns":6.0},{"damage":36,"enemies":"Awakened One","floor":52,"turns":2}],"seed_played":"-8415935311835203432","potions_obtained":[{"floor":3.0,"key":"Fire Potion"},{"floor":8.0,"key":"ColorlessPotion"},{"floor":19.0,"key":"Fruit Juice"},{"floor":29.0,"key":"Weak Potion"},{"floor":33.0,"key":"Weak Potion"},{"floor":41.0,"key":"Strength Potion"},{"floor":47.0,"key":"SpeedPotion"}],"is_trial":false,"path_per_floor":["M","?","M","$","?","E","R","E","T","E","$","R","$","E","R","B",null,"M","?","$","?","?","E","R","M","T","E","R","M","R","M","R","B",null,"M","?","M","?","?","R","E","?","T","$","PTL","PTL","M","?","T","M","R","B"],"character_chosen":"IRONCLAD","items_purchased":["Inflame+1","True Grit","Armaments+1","Seeing Red","Body Slam","Double Tap","ReplayTheSpireMod:CursedCoin","Replay:Multitool"],"campfire_rested":2,"item_purchase_floors":[4,4,11,13,13,20,20,44],"current_hp_per_floor":[60,48,46,46,46,45,45,33,33,27,27,27,27,21,45,61,75,80,74,74,74,74,29,29,23,23,23,23,22,22,10,36,20,72,64,53,32,32,78,78,25,25,25,25,25,25,12,12,12,12,20,0,0],"gold":226,"neow_bonus":"RANDOM_COLORLESS_2","is_daily":false,"chose_seed":false,"campfire_upgraded":6,"win_rate":0.0,"timestamp":1612794901,"path_taken":["M","?","M","$","?","E","R","E","T","E","$","R","$","E","R","BOSS","M","?","$","?","?","E","R","M","T","E","R","M","R","M","R","BOSS","M","?","M","?","?","R","E","?","T","$","PTL","PTL","M","?","?","M","R","BOSS"],"items_purchased_type":["Card","Card","Card","Card","Card","Card","Relic","Relic"],"build_version":"2020-12-22","purchased_purges":1,"victory":false,"max_hp_per_floor":[80,80,80,80,80,80,80,80,80,80,80,80,80,80,80,80,80,80,85,85,85,85,85,85,87,87,87,87,89,89,89,89,89,89,89,89,89,89,78,78,80,80,80,80,80,80,80,80,80,82,84,84,84],"card_choices":[{"not_picked":["Violence","Sadistic Nature"],"picked":"Apotheosis","floor":0.0},{"not_picked":["Armaments","Bloodletting"],"picked":"Pommel Strike","floor":1.0},{"not_picked":["Wild Strike","Infernal Blade"],"picked":"Entrench","floor":3.0},{"not_picked":["Flex","Havoc","Clothesline"],"picked":"SKIP","floor":6.0},{"not_picked":["Twin Strike","Battle Trance"],"picked":"Flex","floor":8.0},{"not_picked":["Second Wind","Perfected Strike"],"picked":"Barricade","floor":10.0},{"not_picked":["Warcry","Twin Strike"],"picked":"Body Slam","floor":14.0},{"not_picked":["Replay:Many Hands","Double Tap"],"picked":"Juggernaut","floor":16.0},{"not_picked":["Twin Strike","Flex"],"picked":"Shrug It Off","floor":18.0},{"not_picked":["Clash","Shrug It Off"],"picked":"Heavy Blade","floor":19.0},{"not_picked":["Sword Boomerang+1","Reckless Charge"],"picked":"Metallicize","floor":23.0},{"not_picked":["Shockwave","Bloodletting","Sword Boomerang"],"picked":"Singing Bowl","floor":25.0},{"not_picked":["Blood for Blood+1","Burning Pact"],"picked":"True Grit+1","floor":27.0},{"not_picked":["Sever Soul","Pommel Strike","Disarm"],"picked":"Singing Bowl","floor":29.0},{"not_picked":["Run Through","Disarm"],"picked":"Shrug It Off+1","floor":31.0},{"not_picked":["Fiend Fire","Immolate"],"picked":"Demonic Infusion","floor":33.0},{"not_picked":["Replay:Undeath\u0027s Touch+1","True Grit"],"picked":"Heavy Blade+1","floor":35.0},{"not_picked":["Anger+1","Defy Death+1"],"picked":"Flame Barrier","floor":37.0},{"not_picked":["Defy Death","Warcry","Blood for Blood+1"],"picked":"Singing Bowl","floor":41.0},{"not_picked":["Replay:Undeath\u0027s Touch+1","Warcry","Clothesline"],"picked":"Ghostly Armor+1","floor":47.0},{"not_picked":["Clash+1","Heavy Blade+1","Sword Boomerang+1"],"picked":"ReplayTheSpireMod:LeadingStrike+1","floor":47.0},{"not_picked":["Panacea","ReplayTheSpireMod:Necrogeddon","Mayhem"],"picked":"Panache","floor":48.0},{"not_picked":["Perfected Strike","ReplayTheSpireMod:Stacked","Blood for Blood+1","ReplayTheSpireMod:LeadingStrike+1"],"picked":"Singing Bowl","floor":50.0},{"not_picked":["Wild Strike+1","Run Through","Clash+1"],"picked":"Body Slam+1","floor":50.0},{"not_picked":["Perfected Strike+1","Wild Strike+1","Massacre","Flex+1"],"picked":"Singing Bowl","floor":51.0}],"player_experience":313455,"relics_obtained":[{"floor":5.0,"key":"Replay:PocketPolymizer"},{"floor":6.0,"key":"Bottled Tornado"},{"floor":8.0,"key":"Juzu Bracelet"},{"floor":9.0,"key":"Singing Bowl"},{"floor":10.0,"key":"Simple Rune"},{"floor":14.0,"key":"Ancient Tea Set"},{"floor":19.0,"key":"Red Mask"},{"floor":23.0,"key":"Replay:Mystery Machine"},{"floor":27.0,"key":"Grinning Jar"},{"floor":41.0,"key":"Question Card"},{"floor":41.0,"key":"Prayer Wheel"},{"floor":43.0,"key":"Mercury Hourglass"},{"floor":49.0,"key":"Paper Frog"},{"floor":51.0,"key":"Replay:Towering Pillar of Hats"}],"event_choices":[{"damage_healed":0.0,"max_hp_gain":0.0,"max_hp_loss":0.0,"gold_gain":0.0,"event_name":"Scrap Ooze","player_choice":"Success","floor":2.0,"gold_loss":0.0,"damage_taken":12.0,"relics_obtained":["ReplayTheSpireMod:Spearhead"]},{"damage_healed":0.0,"max_hp_gain":0.0,"max_hp_loss":0.0,"gold_gain":0.0,"event_name":"Masked Bandits","player_choice":"Fought Bandits","floor":19.0,"gold_loss":0.0,"damage_taken":0.0},{"damage_healed":0.0,"max_hp_gain":0.0,"max_hp_loss":0.0,"gold_gain":0.0,"event_name":"Drug Dealer","player_choice":"Inject Mutagens","floor":22.0,"gold_loss":0.0,"damage_taken":0.0,"relics_obtained":["MutagenicStrength"]},{"damage_healed":0.0,"max_hp_gain":0.0,"max_hp_loss":0.0,"gold_gain":0.0,"event_name":"Winding Halls","player_choice":"Embrace Madness","floor":36.0,"gold_loss":0.0,"damage_taken":11.0,"cards_obtained":["Madness","Madness"]},{"cards_removed":["Strike_R"],"damage_healed":0.0,"max_hp_gain":0.0,"max_hp_loss":0.0,"gold_gain":0.0,"event_name":"Falling","player_choice":"Removed Attack","floor":38.0,"gold_loss":0.0,"damage_taken":0.0},{"damage_healed":78.0,"max_hp_gain":0.0,"max_hp_loss":11.0,"gold_gain":0.0,"event_name":"The Moai Head","player_choice":"Heal","floor":39.0,"gold_loss":0.0,"damage_taken":0.0},{"damage_healed":0.0,"max_hp_gain":0.0,"max_hp_loss":0.0,"gold_gain":0.0,"event_name":"Designer","player_choice":"Upgrade","floor":42.0,"gold_loss":40.0,"damage_taken":0.0,"cards_upgraded":["Demonic Infusion"]},{"damage_healed":0.0,"max_hp_gain":0.0,"max_hp_loss":0.0,"gold_gain":0.0,"event_name":"SensoryStone","player_choice":"Memory 1","floor":48.0,"gold_loss":0.0,"damage_taken":0.0},{"damage_healed":0.0,"max_hp_gain":0.0,"max_hp_loss":0.0,"gold_gain":0.0,"event_name":"MindBloom","player_choice":"Fight","floor":51.0,"gold_loss":0.0,"damage_taken":0.0}],"is_beta":false,"boss_relics":[{"not_picked":["SacredBark","Empty Cage"],"picked":"ChewingGum"},{"not_picked":["Velvet Choker","Mark of Pain"],"picked":"Black Star"}],"items_purged_floors":[20],"is_endless":false,"potions_floor_spawned":[3,8,19,29,33,37,41,47],"killed_by":"Awakened One","ascension_level":5}}