{"host":"af4pzp5tm7cfibaw","time":1612828273,"event":{"mods":["AchievementEnabler","BaseMod","BetterRewards","Highlight Path","Minty Spire (QoL Compilation)","StSLib","SuperFastMode"],"gold_per_floor":[112,130,130,141,161,193,205,205,205,235,235,267,115,127,127,225,225,244,261,261,261,176,176,176,176],"floor_reached":24,"language":"ENG","playtime":803,"items_purged":[],"score":227,"play_id":"b7a64082-a1fc-41b2-9029-fc4f4e5d131b","local_time":"20210209125113","is_ascension_mode":true,"campfire_choices":[{"floor":8,"key":"REST"},{"floor":11,"key":"REST"},{"floor":15,"key":"REST"},{"floor":23,"key":"REST"}],"circlet_count":0,"master_deck":["Strike_B","Strike_B","Defend_B","Defend_B","Defend_B","Defend_B","Zap","Dualcast","Go for the Eyes","Skim","Machine Learning","Zap","Go for the Eyes","Dramatic Entrance","Capacitor","Gash","Conserve Battery","Gash","Conserve Battery","Reboot","Beam Cell","Mind Blast","Reprogram","Machine Learning"],"relics":["Cracked Core","NeowsBlessing","Smiling Mask","Happy Flower","Regal Pillow","Bottled Flame","Empty Cage","Enchiridion","DataDisk"],"acts_visited":["Exordium","TheCity"],"potions_floor_usage":[10,10,10,19,24],"damage_taken":[{"damage":0.0,"enemies":"Cultist","floor":1.0,"turns":1.0},{"damage":0.0,"enemies":"Small Slimes","floor":2.0,"turns":1.0},{"damage":0.0,"enemies":"Jaw Worm","floor":4.0,"turns":1.0},{"damage":8,"enemies":"2 Fungi Beasts","floor":5,"turns":3},{"damage":31,"enemies":"3 Sentries","floor":6,"turns":6},{"damage":8,"enemies":"Looter","floor":7,"turns":3},{"damage":29,"enemies":"Gremlin Nob","floor":10,"turns":4},{"damage":21,"enemies":"Lagavulin","floor":12,"turns":6},{"damage":2,"enemies":"Large Slime","floor":14,"turns":4},{"damage":61,"enemies":"Hexaghost","floor":16,"turns":9},{"damage":10,"enemies":"Chosen","floor":18,"turns":6},{"damage":17,"enemies":"2 Thieves","floor":19,"turns":4},{"damage":73,"enemies":"Slavers","floor":24,"turns":4}],"seed_played":"-5099546501054538982","potions_obtained":[{"floor":1.0,"key":"DuplicationPotion"},{"floor":2.0,"key":"Energy Potion"},{"floor":7,"key":"Regen Potion"},{"floor":16,"key":"SteroidPotion"},{"floor":19,"key":"CultistPotion"}],"is_trial":false,"path_per_floor":["M","M","?","M","M","E","M","R","T","E","R","E","$","M","R","B",null,"M","M","?","?","?","R","E"],"character_chosen":"DEFECT","items_purchased":["Beam Cell","Mind Blast"],"campfire_rested":4,"item_purchase_floors":[13,13],"current_hp_per_floor":[75,75,75,75,67,36,28,50,50,33,70,49,49,47,75,14,75,65,48,32,32,32,69,0,0],"gold":176,"neow_bonus":"THREE_ENEMY_KILL","is_daily":false,"chose_seed":false,"campfire_upgraded":0,"win_rate":0.0,"timestamp":1612828273,"path_taken":["M","?","?","M","?","E","?","R","T","E","R","E","$","M","R","BOSS","M","M","?","?","?","R","E"],"items_purchased_type":["Card","Card"],"build_version":"2020-12-22","purchased_purges":0,"victory":false,"max_hp_per_floor":[75,75,75,75,75,75,75,75,75,75,75,75,75,75,75,75,75,75,75,75,75,75,75,75,75],"card_choices":[{"not_picked":["Sweeping Beam","Redo"],"picked":"Go for the Eyes","floor":1.0},{"not_picked":["Coolheaded","Compile Driver"],"picked":"Skim","floor":2.0},{"not_picked":["Steam","Undo"],"picked":"Capacitor","floor":4.0},{"not_picked":["Skim","Coolheaded"],"picked":"Gash","floor":5},{"not_picked":["Steam","Recycle"],"picked":"Conserve Battery","floor":6},{"not_picked":["Loop","Blizzard"],"picked":"Gash","floor":7},{"not_picked":["Streamline","Chill"],"picked":"Conserve Battery","floor":10},{"not_picked":["Static Discharge","Turbo"],"picked":"Reboot","floor":12},{"not_picked":["Sweeping Beam","Defragment"],"picked":"Reprogram","floor":14},{"not_picked":["Fission","Buffer"],"picked":"Machine Learning","floor":16},{"not_picked":["Barrage","Reinforced Body","Storm"],"picked":"SKIP","floor":18},{"not_picked":["Lockon","Conserve Battery","Rebound"],"picked":"SKIP","floor":19}],"player_experience":295430,"relics_obtained":[{"floor":6,"key":"Smiling Mask"},{"floor":9,"key":"Happy Flower"},{"floor":10,"key":"Regal Pillow"},{"floor":12,"key":"Bottled Flame"},{"floor":20,"key":"Enchiridion"}],"event_choices":[{"damage_healed":0.0,"max_hp_gain":0.0,"max_hp_loss":0.0,"gold_gain":0.0,"event_name":"Match and Keep!","player_choice":"4 cards matched","floor":3.0,"gold_loss":0.0,"damage_taken":0.0,"cards_obtained":["Machine Learning","Zap","Go for the Eyes","Dramatic Entrance"]},{"damage_healed":0,"gold_gain":0,"player_choice":"Obtained Book","damage_taken":16,"max_hp_gain":0,"max_hp_loss":0,"event_name":"Cursed Tome","floor":20,"gold_loss":0},{"damage_healed":0,"gold_gain":0,"player_choice":"Ignored","damage_taken":0,"max_hp_gain":0,"max_hp_loss":0,"event_name":"Vampires","floor":21,"gold_loss":0},{"damage_healed":0,"gold_gain":0,"player_choice":"Obtained Relic","damage_taken":0,"relics_obtained":["DataDisk"],"max_hp_gain":0,"max_hp_loss":0,"event_name":"Addict","floor":22,"gold_loss":85}],"is_beta":false,"boss_relics":[{"not_picked":["Inserter","Fusion Hammer"],"picked":"Empty Cage"}],"items_purged_floors":[],"is_endless":false,"potions_floor_spawned":[1,2,7,16,19],"killed_by":"Slavers","ascension_level":1}}