{"host":"jqkewjmybebgw3gd","time":1612785012,"event":{"mods":["AchievementEnabler","BaseMod","Colored Map","DeckTracker","Minty Spire (QoL Compilation)","StSLib","SuperFastMode"],"gold_per_floor":[118,135,135,155,166,196,196,229,229,259,259,273,308,322,322,424,424,439,15,34,34,45,77,94,125,125,125,145,145,6,41,41,144,144,163,183,233,233,303,303,336,386,386,415,197,228,245,277,277,277,277,277,8,36,36],"floor_reached":56,"language":"KOR","playtime":4794,"items_purged":["Defend_G","Strike_G"],"score":1561,"play_id":"9fdbe8a7-c077-4703-bc65-ba00612b29f1","local_time":"20210208205012","is_ascension_mode":true,"campfire_choices":[{"data":"Glass Knife","floor":7.0,"key":"SMITH"},{"floor":11.0,"key":"REST"},{"data":"Adrenaline","floor":15.0,"key":"SMITH"},{"data":"Storm of Steel","floor":32.0,"key":"SMITH"},{"floor":40.0,"key":"RECALL"},{"data":"Envenom","floor":49,"key":"SMITH"},{"data":"Sadistic Nature","floor":52,"key":"SMITH"}],"circlet_count":0,"master_deck":["Strike_G","Defend_G","Defend_G+1","Survivor","Neutralize","Masterful Stab","Noxious Fumes","Dodge and Roll","Escape Plan","Underhanded Strike","Dagger Spray","Adrenaline+1","Glass Knife+1","Cloak And Dagger","Footwork","Well Laid Plans","Backflip","Skewer","Storm of Steel+1","Slice+1","Distraction+1","Quick Slash+1","PiercingWail+1","Infinite Blades","Cloak And Dagger+1","Terror+1","PiercingWail+1","Finisher","Writhe","Distraction+1","Blade Dance+1","Expertise+1","Envenom+1","Footwork","Adrenaline+1","CurseOfTheBell","Cloak And Dagger+1","Terror+1","Finesse+1","Panacea+1","Bandage Up+1","Tactician+1","Backflip+1","Sadistic Nature+1","Phantasmal Killer+1","Venomology+1"],"relics":["Ring of the Snake","Shuriken","Kunai","Bottled Lightning","Orichalcum","Vajra","Pear","Potion Belt","Astrolabe","Membership Card","Toxic Egg 2","Toy Ornithopter","Singing Bowl","Question Card","Mercury Hourglass","Eternal Feather","War Paint","Calling Bell","Regal Pillow","Ninja Scroll","Torii","Tough Bandages","HornCleat","Bronze Scales","Thread and Needle","InkBottle","Sling","Oddly Smooth Stone","Letter Opener","Pen Nib","Nunchaku","Snake Skull"],"acts_visited":["Exordium","TheCity","TheBeyond","TheEnding"],"potions_floor_usage":[50,50,55,55,55,55],"damage_taken":[{"damage":0.0,"enemies":"Jaw Worm","floor":1.0,"turns":3.0},{"damage":0.0,"enemies":"Cultist","floor":2.0,"turns":3.0},{"damage":0.0,"enemies":"2 Louse","floor":4.0,"turns":2.0},{"damage":0.0,"enemies":"Exordium Wildlife","floor":5.0,"turns":2.0},{"damage":19.0,"enemies":"Lagavulin","floor":6.0,"turns":8.0},{"damage":14.0,"enemies":"Gremlin Nob","floor":8.0,"turns":3.0},{"damage":6.0,"enemies":"Lagavulin","floor":10.0,"turns":5.0},{"damage":0.0,"enemies":"2 Fungi Beasts","floor":12.0,"turns":2.0},{"damage":2.0,"enemies":"3 Sentries","floor":13.0,"turns":4.0},{"damage":0.0,"enemies":"Blue Slaver","floor":14.0,"turns":3.0},{"damage":2.0,"enemies":"The Guardian","floor":16.0,"turns":9.0},{"damage":2.0,"enemies":"3 Byrds","floor":18.0,"turns":4.0},{"damage":0.0,"enemies":"Spheric Guardian","floor":20.0,"turns":3.0},{"damage":0.0,"enemies":"Snake Plant","floor":22.0,"turns":6.0},{"damage":3.0,"enemies":"Slavers","floor":23.0,"turns":4.0},{"damage":4.0,"enemies":"Sentry and Sphere","floor":24.0,"turns":4.0},{"damage":15.0,"enemies":"Gremlin Leader","floor":25.0,"turns":5.0},{"damage":10.0,"enemies":"Shelled Parasite and Fungi","floor":28.0,"turns":4.0},{"damage":15.0,"enemies":"Slavers","floor":31.0,"turns":4.0},{"damage":1.0,"enemies":"Automaton","floor":33.0,"turns":5.0},{"damage":0.0,"enemies":"3 Darklings","floor":35.0,"turns":2.0},{"damage":0.0,"enemies":"Orb Walker","floor":36.0,"turns":1.0},{"damage":0.0,"enemies":"Mind Bloom Boss Battle","floor":37.0,"turns":2.0},{"damage":0.0,"enemies":"Giant Head","floor":41.0,"turns":3.0},{"damage":1.0,"enemies":"2 Orb Walkers","floor":42.0,"turns":4.0},{"damage":0.0,"enemies":"Nemesis","floor":44.0,"turns":3.0},{"damage":6.0,"enemies":"Reptomancer","floor":46.0,"turns":4.0},{"damage":0.0,"enemies":"4 Shapes","floor":47.0,"turns":1.0},{"damage":0,"enemies":"Nemesis","floor":48,"turns":3},{"damage":18,"enemies":"Awakened One","floor":50,"turns":6},{"damage":0,"enemies":"Shield and Spear","floor":54,"turns":3},{"damage":18,"enemies":"The Heart","floor":55,"turns":4}],"seed_played":"159108848417032370","potions_obtained":[{"floor":1.0,"key":"LiquidBronze"},{"floor":6.0,"key":"CunningPotion"},{"floor":8.0,"key":"LiquidBronze"},{"floor":12.0,"key":"DuplicationPotion"},{"floor":14.0,"key":"LiquidMemories"},{"floor":22.0,"key":"Block Potion"},{"floor":28.0,"key":"Poison Potion"},{"floor":33.0,"key":"ColorlessPotion"},{"floor":35.0,"key":"SkillPotion"},{"floor":36.0,"key":"AttackPotion"},{"floor":42.0,"key":"Energy Potion"},{"floor":44.0,"key":"Ancient Potion"}],"is_trial":false,"path_per_floor":["M","M","?","M","M","E","R","E","T","E","R","M","E","M","R","B",null,"M","$","M","?","M","E","M","E","T","?","M","?","$","E","R","B",null,"M","M","?","?","T","R","E","?","T","E","$","E","M","E","R","B",null,"R","$","E","B",null],"character_chosen":"THE_SILENT","items_purchased":["Membership Card","Toxic Egg 2","Infinite Blades","Toy Ornithopter","Blade Dance+1","Expertise+1","Envenom","Sling","Sadistic Nature","Phantasmal Killer+1","Pen Nib","Nunchaku","Dexterity Potion","Strength Potion"],"campfire_rested":1,"item_purchase_floors":[19,19,19,19,30,30,30,45,45,53,53,53,53,53],"current_hp_per_floor":[70,70,70,70,70,51,51,37,37,41,65,65,63,63,63,61,80,78,78,80,80,80,77,75,67,67,67,57,57,57,42,63,67,82,82,84,84,74,74,84,84,83,83,85,85,82,84,86,92,74,92,92,92,92,84],"gold":36,"neow_bonus":"TRANSFORM_CARD","is_daily":false,"chose_seed":false,"campfire_upgraded":5,"win_rate":0.0,"timestamp":1612785012,"path_taken":["M","M","?","M","M","E","R","E","T","E","R","?","E","M","R","BOSS","M","$","M","?","M","E","M","E","T","?","M","?","?","E","R","BOSS","M","?","?","?","?","R","E","?","T","E","?","E","M","E","R","BOSS","R","$","E","BOSS"],"items_purchased_type":["Relic","Relic","Card","Relic","Card","Card","Card","Relic","Card","Card","Relic","Relic","Potion","Potion"],"build_version":"2020-12-22","purchased_purges":2,"victory":true,"max_hp_per_floor":[70,70,70,70,70,70,70,70,70,80,80,80,80,80,80,80,80,80,80,80,80,80,80,82,82,82,82,82,82,82,82,82,82,82,82,84,84,84,84,84,84,84,84,86,86,88,90,92,92,92,92,92,92,92,92],"card_choices":[{"not_picked":["Flying Knee","Acrobatics"],"picked":"Noxious Fumes","floor":1.0},{"not_picked":["Slice","Sucker Punch"],"picked":"Dodge and Roll","floor":2.0},{"not_picked":["PiercingWail","Bane"],"picked":"Dagger Spray","floor":4.0},{"not_picked":["Backflip","Concentrate"],"picked":"Adrenaline","floor":5.0},{"not_picked":["Outmaneuver","Deadly Poison"],"picked":"Glass Knife","floor":6.0},{"not_picked":["Acrobatics","Underhanded Strike"],"picked":"Cloak And Dagger","floor":8.0},{"not_picked":["Backstab","Slice"],"picked":"Footwork","floor":10.0},{"not_picked":["Venomology","Calculated Gamble"],"picked":"Well Laid Plans","floor":12.0},{"not_picked":["Dagger Spray","Reflex"],"picked":"Backflip","floor":13.0},{"not_picked":["Dagger Spray","Underhanded Strike"],"picked":"Skewer","floor":14.0},{"not_picked":["Glass Knife","Doppelganger"],"picked":"Storm of Steel","floor":16.0},{"not_picked":["Riddle With Holes","Underhanded Strike"],"picked":"PiercingWail","floor":18.0},{"not_picked":["Dodge and Roll+1","Quick Slash"],"picked":"Cloak And Dagger+1","floor":20.0},{"not_picked":["All Out Attack","Dagger Throw+1"],"picked":"Terror+1","floor":22.0},{"not_picked":["Noxious Fumes+1","Flechettes+1"],"picked":"PiercingWail+1","floor":23.0},{"not_picked":["Outmaneuver+1","Dagger Throw+1","Caltrops"],"picked":"Singing Bowl","floor":24.0},{"not_picked":["Concentrate+1","Deflect+1"],"picked":"Finisher","floor":25.0},{"not_picked":["Prepared+1","Accuracy","Predator"],"picked":"Distraction+1","floor":28.0},{"not_picked":["PiercingWail+1","Deflect+1","Dagger Throw+1"],"picked":"Footwork","floor":31.0},{"not_picked":["Tools of the Trade","Die Die Die","Venomology+1"],"picked":"Adrenaline+1","floor":33.0},{"not_picked":["Noxious Fumes+1","Dodge and Roll+1","Quick Slash+1"],"picked":"Cloak And Dagger+1","floor":35.0},{"not_picked":["Catalyst+1","Underhanded Strike+1","Outmaneuver+1","Blade Dance+1"],"picked":"Singing Bowl","floor":36.0},{"not_picked":["Slice+1","Predator","Setup+1"],"picked":"Terror+1","floor":37.0},{"not_picked":["Chrysalis+1","Deep Breath+1","Blind+1"],"picked":"Finesse+1","floor":38.0},{"not_picked":["Deep Breath+1","Dramatic Entrance","Discovery+1"],"picked":"Panacea+1","floor":38.0},{"not_picked":["HandOfGreed","Mind Blast","Purity+1"],"picked":"Bandage Up+1","floor":38.0},{"not_picked":["Bane","Deflect+1","Sucker Punch"],"picked":"Tactician+1","floor":41.0},{"not_picked":["Quick Slash","Slice","Infinite Blades+1"],"picked":"Backflip+1","floor":42.0},{"not_picked":["Cloak And Dagger+1","Bouncing Flask+1","Infinite Blades+1","Skewer"],"picked":"Singing Bowl","floor":44.0},{"not_picked":["Accuracy","Reflex+1","Dodge and Roll+1","Well Laid Plans"],"picked":"Singing Bowl","floor":46.0},{"not_picked":["Concentrate+1","Riddle With Holes+1","Deflect+1","Slice"],"picked":"Singing Bowl","floor":47.0},{"not_picked":["Heel Hook","Masterful Stab+1","Sucker Punch+1","Dagger Spray"],"picked":"Singing Bowl","floor":48},{"not_picked":["Backstab+1","Bouncing Flask+1","Sucker Punch"],"picked":"Venomology+1","floor":54}],"player_experience":497675,"relics_obtained":[{"floor":6.0,"key":"Bottled Lightning"},{"floor":8.0,"key":"Orichalcum"},{"floor":9.0,"key":"Vajra"},{"floor":10.0,"key":"Pear"},{"floor":13.0,"key":"Potion Belt"},{"floor":23.0,"key":"Singing Bowl"},{"floor":25.0,"key":"Question Card"},{"floor":26.0,"key":"Mercury Hourglass"},{"floor":31.0,"key":"War Paint"},{"floor":34.0,"key":"Regal Pillow"},{"floor":34.0,"key":"Ninja Scroll"},{"floor":34.0,"key":"Torii"},{"floor":37.0,"key":"Tough Bandages"},{"floor":39.0,"key":"HornCleat"},{"floor":41.0,"key":"Bronze Scales"},{"floor":42.0,"key":"Thread and Needle"},{"floor":44.0,"key":"InkBottle"},{"floor":46.0,"key":"Oddly Smooth Stone"},{"floor":48,"key":"Letter Opener"},{"floor":54,"key":"Snake Skull"}],"event_choices":[{"damage_healed":0.0,"max_hp_gain":0.0,"max_hp_loss":0.0,"gold_gain":0.0,"event_name":"Match and Keep!","player_choice":"2 cards matched","floor":3.0,"gold_loss":0.0,"damage_taken":0.0,"cards_obtained":["Escape Plan","Underhanded Strike"]},{"damage_healed":0.0,"max_hp_gain":0.0,"max_hp_loss":0.0,"gold_gain":0.0,"event_name":"Ghosts","player_choice":"Ignored","floor":21.0,"gold_loss":0.0,"damage_taken":0.0},{"damage_healed":0.0,"max_hp_gain":0.0,"max_hp_loss":0.0,"gold_gain":0.0,"event_name":"The Mausoleum","player_choice":"Opened","floor":27.0,"gold_loss":0.0,"damage_taken":0.0,"relics_obtained":["Eternal Feather"],"cards_obtained":["Writhe"]},{"cards_removed":["Defend_G"],"damage_healed":0.0,"max_hp_gain":0.0,"max_hp_loss":0.0,"gold_gain":0.0,"event_name":"Back to Basics","player_choice":"Elegance","floor":29.0,"gold_loss":0.0,"damage_taken":0.0},{"damage_healed":0.0,"max_hp_gain":0.0,"max_hp_loss":0.0,"gold_gain":0.0,"event_name":"MindBloom","player_choice":"Fight","floor":37.0,"gold_loss":0.0,"damage_taken":0.0},{"damage_healed":0.0,"max_hp_gain":0.0,"max_hp_loss":0.0,"gold_gain":0.0,"event_name":"SensoryStone","player_choice":"Memory 3","floor":38.0,"gold_loss":0.0,"damage_taken":10.0},{"damage_healed":0.0,"max_hp_gain":0.0,"max_hp_loss":0.0,"gold_gain":0.0,"event_name":"Mysterious Sphere","player_choice":"Fight","floor":42.0,"gold_loss":0.0,"damage_taken":0.0}],"is_beta":false,"boss_relics":[{"not_picked":["Runic Dome","Ring of the Serpent"],"picked":"Astrolabe"},{"not_picked":["HoveringKite","Coffee Dripper"],"picked":"Calling Bell"}],"items_purged_floors":[19,45],"is_endless":false,"potions_floor_spawned":[1,6,8,12,14,22,28,33,35,36,42,44],"ascension_level":1}}