{"host":"jt4xaqerixsfdsye","time":1612798438,"event":{"mods":["BaseMod","Downfall","Minty Spire (QoL Compilation)","StSLib"],"gold_per_floor":[99,111,126,142,142,34,34,34,34,19,19,19,4,22,40,40,40,40],"floor_reached":16,"language":"ENG","playtime":1388,"items_purged":[],"score":90,"play_id":"f97cb0d9-8c34-4458-8e88-4bdaf86e06e8","local_time":"20210208163358","is_ascension_mode":false,"campfire_choices":[{"data":"bronze:Goto","floor":1,"key":"SMITH"},{"data":"bronze:DelayedSlice","floor":11,"key":"SMITH"}],"circlet_count":0,"master_deck":["bronze:Strike","bronze:Strike","bronze:Strike+1","bronze:Strike","bronze:Defend","bronze:Defend+1","bronze:Defend","bronze:Defend","bronze:Replicate+1","bronze:Goto+1","bronze:Iterate","bronze:NullPointer","bronze:WhirlingStrike","downfall:Malfunctioning","bronze:DelayedSlice","bronze:Fortify","bronze:WildBeam","Parasite","Regret","bronze:DelayedSlice+1","bronze:ClassDefault","bronze:Allocate","bronze:Backtrace"],"relics":["bronze:BronzeCore","Bag of Preparation","downfall:BrokenWingStatue"],"acts_visited":["Exordium"],"potions_floor_usage":[16,16],"damage_taken":[{"damage":5,"enemies":"Small Slimes","floor":2,"turns":5},{"damage":6,"enemies":"2 Louse","floor":3,"turns":3},{"damage":1,"enemies":"Cultist","floor":4,"turns":3},{"damage":5,"enemies":"downfall:FleeingMerchant","floor":6,"turns":4},{"damage":0,"enemies":"downfall:FleeingMerchant","floor":10,"turns":4},{"damage":15,"enemies":"downfall:FleeingMerchant","floor":13,"turns":4},{"damage":2,"enemies":"2 Fungi Beasts","floor":14,"turns":2},{"damage":0,"enemies":"3 Louse","floor":15,"turns":2},{"damage":84,"enemies":"IC_STATUS_ARCHETYPE","floor":16,"turns":10}],"seed_played":"-1422598620335134070","potions_obtained":[{"floor":14,"key":"Block Potion"},{"floor":15,"key":"ColorlessPotion"}],"is_trial":false,"path_per_floor":["R","M","M","M","?","$","T","?","?","$","R","?","$","M","M","B"],"character_chosen":"THE_AUTOMATON","items_purchased":["bronze:Fortify","bronze:WildBeam"],"campfire_rested":0,"item_purchase_floors":[6,6],"current_hp_per_floor":[77,72,66,65,65,60,60,77,77,77,77,77,62,60,60,0,0,0],"gold":40,"neow_bonus":"TEN_PERCENT_HP_BONUS","is_daily":false,"chose_seed":false,"campfire_upgraded":2,"win_rate":0.0,"timestamp":1612798438,"path_taken":["R","M","M","M","?","$","T","?","?","$","R","?","?","M","M","BOSS"],"items_purchased_type":["Card","Card"],"build_version":"2020-12-22","purchased_purges":0,"victory":false,"max_hp_per_floor":[77,77,77,77,77,77,77,77,77,77,77,77,77,77,77,77,77,77],"card_choices":[{"not_picked":["bronze:Shield","bronze:Overheat"],"picked":"bronze:Iterate","floor":2},{"not_picked":["bronze:ItsAFeature","bronze:Safeguard"],"picked":"bronze:NullPointer","floor":3},{"not_picked":["bronze:OilSpill","bronze:Virus"],"picked":"bronze:WhirlingStrike","floor":4},{"not_picked":["bronze:Backtrace","bronze:FollowUp"],"picked":"bronze:DelayedSlice","floor":6},{"not_picked":["bronze:Overload","bronze:BuggyMess"],"picked":"bronze:DelayedSlice","floor":10},{"not_picked":["bronze:DelayedGuard","bronze:OilSpill"],"picked":"bronze:ClassDefault","floor":13},{"not_picked":["bronze:Frontload","bronze:FineTuning"],"picked":"bronze:Allocate","floor":14},{"not_picked":["bronze:Safeguard","bronze:Philosophize"],"picked":"bronze:Backtrace","floor":15}],"player_experience":184411,"relics_obtained":[],"event_choices":[{"damage_healed":19,"gold_gain":0,"player_choice":"Healed and dodged fight","damage_taken":0,"max_hp_gain":0,"max_hp_loss":0,"event_name":"Mushrooms","floor":8,"gold_loss":0,"cards_obtained":["Parasite"]},{"damage_healed":0,"gold_gain":0,"player_choice":"Box","damage_taken":0,"relics_obtained":["Bag of Preparation"],"max_hp_gain":0,"max_hp_loss":0,"event_name":"Big Fish","floor":9,"gold_loss":0,"cards_obtained":["Regret"]}],"is_beta":false,"boss_relics":[],"items_purged_floors":[],"is_endless":false,"potions_floor_spawned":[14,15],"killed_by":"IC_STATUS_ARCHETYPE","ascension_level":0}}