{"host":"pesfwaef25r60kxm","time":1612800536,"event":{"mods":["100% Spire Juice","ATMod(阿瑾Mod)","Act Like it!","Arknights","BaseMod","Colored Powertips","Downfall","Gensokyo","Hunter 猎人","Luminous","Minty Spire (QoL Compilation)","Pale of the Ancients","Reimu（博丽灵梦）","Reliquary","Replay The Spire","RumiaBox-露米娅的神秘盒子","Shop Mod","Spicy Shops","StSLib","The Cursed","The Poker Player","The Servant 0.9.4","WarShipGirlsR/战舰少女R mod","[IsaacMod]以撒尖塔","noobMod","【功能Mod】聪明的最终Boss","【遗物卡牌】REMEMod"],"gold_per_floor":[159,207,357,432,481,595,697,817,841,940,973,1096,127,232,232,271,271,100,145,268,352,445,541,567,699,804,68,143,236,236,497,497,536,575,650,692,71,146,146,260,260,338,386,770,803,878,878,878,878,926,968,968,393,393,426,426,65,65,25],"floor_reached":60,"language":"ZHS","playtime":3184,"items_purged":["Doubt","ByrdPetCall","EpicFetus","Fanatic Cultist"],"score":2921,"play_id":"0958592d-4a59-41bf-93fb-c85355eeedae","local_time":"20210209000856","daily_mods":["Draft","Vintage","Heirloom","Time Dilation","Flight","DeadlyEvents","Elite Swarm","Midas"],"is_ascension_mode":true,"campfire_choices":[{"floor":15.0,"key":"REST"},{"floor":30,"key":"REST"},{"floor":39,"key":"REST"},{"floor":47,"key":"REST"},{"floor":54,"key":"REST"},{"floor":56,"key":"REST"}],"circlet_count":0,"master_deck":["AscendersBane","Echo Defend Giant","Protect_Giant","Clone Minion","Random Death Rattle","HPGrowth_Giant","AttackPoison_Giant","Protect_Giant","HPGrowth_Giant","Spirit Of Beast","Clone Minion","Spirit Of Beast","Fanatic Cultist","Backflip Giant","Death Prophecy","CultistPetCall","Double Mana","Double Mana","Double Mana","Mana Growth","Backflip Giant","HPGrowth_Giant","Spirit Of Beast","TakeAction_Giant","TakeAction_Giant","Combo Defend","Encourage_Giant","Protect_Giant","TakeAction_Giant","Meditate Giant","Protect_Giant","Spirit Of Beast","GremlinNobPetCall","GremlinNobPetCall","Beast Master","GremlinNobPetCall","Beast Master","Beast Master","Mana Growth","Apotheosis","Mana Growth","ReplayTheSpireMod:IOU"],"relics":["GiantSoulBox","HushsDoor","ice","REME_ComplimentaryCards","AT_ATBox","GuppysHead","Ice Cream","hexamod:BolsterEngine","Orichalcum","Replay:Rubber Ducky","Bag of Preparation","Bag of Preparation","Vajra","ZombieArmy","MoneyPower","ForgetMeNow","GiantSoulStone","Matryoshka","AT_ForceNature","Bottled Tornado","Molten Egg 2","Mastiff:ReiMu","Pocketwatch","ice","Mango","Bag of Marbles","reliquary:BrokenClock","SumBook","AT_RedTearstoneRing","Ancient Tea Set","GodSword4","TheBible","AnarchistCookbook","reliquary:RoseTintedGlasses","GodSword6","Akabeko","SteamSale","AT_TimeSand","Akabeko","reliquary:TuningFork","Medical Kit","Incense Burner","AT_SunfireAegis","Painkiller Herb","GuppysPaw","GuppysCollar","Mercury Hourglass","reliquary:HotPoker","CaptainsWheel","BookofShadows","AT_DeathDance","AT_PhaseBoots","reliquary:ExpiredCoupon","TheBattery","ClockworkSouvenir","MealTicket","BelialBook","reliquary:RosewoodLute","reliquary:BoilingFlask","BlankCard","LastBattle","Old Coin","AT_ChloranthyRing","GodSword3","paleoftheancients:Timepiece","CultistMask","paleoftheancients:SoulOfTheGuardian","ReplayTheSpireMod:TigerMarble","Replay:Wax Seal","REME_OnlineShoppingPlatform","GuppysTail","Whetstone","Calipers","Replay:Accelerometer","Replay:Kaleidoscope","Centennial Puzzle","reliquary:QuartzCube","BFFS"],"acts_visited":["Exordium","TheBeyond","paleoftheancients:PaleOfTheAncients"],"potions_floor_usage":[48,48,59,59],"damage_taken":[{"damage":0.0,"enemies":"Cultist","floor":1.0,"turns":4.0},{"damage":4.0,"enemies":"Small Slimes","floor":2.0,"turns":3.0},{"damage":2.0,"enemies":"Lagavulin","floor":6.0,"turns":3.0},{"damage":32.0,"enemies":"Gremlin Nob","floor":7.0,"turns":5.0},{"damage":10.0,"enemies":"3 Sentries","floor":8.0,"turns":4.0},{"damage":5.0,"enemies":"Gremlin Nob","floor":10.0,"turns":3.0},{"damage":0.0,"enemies":"2 Louse","floor":11.0,"turns":3.0},{"damage":0.0,"enemies":"3 Sentries","floor":12.0,"turns":6.0},{"damage":9.0,"enemies":"Gremlin Nob","floor":14.0,"turns":4.0},{"damage":0,"enemies":"Cultist","floor":16,"turns":2},{"damage":0,"enemies":"2 Louse","floor":19,"turns":2},{"damage":11,"enemies":"Lagavulin","floor":20,"turns":5},{"damage":0,"enemies":"Gremlin Nob","floor":21,"turns":2},{"damage":0,"enemies":"Lagavulin","floor":22,"turns":2},{"damage":0,"enemies":"Gremlin Nob","floor":23,"turns":2},{"damage":8,"enemies":"3 Sentries","floor":25,"turns":5},{"damage":0,"enemies":"Gremlin Nob","floor":26,"turns":2},{"damage":0,"enemies":"Lagavulin","floor":28,"turns":2},{"damage":4,"enemies":"3 Sentries","floor":29,"turns":4},{"damage":0,"enemies":"The Guardian","floor":31,"turns":2},{"damage":0,"enemies":"3 Shapes","floor":33,"turns":2},{"damage":0,"enemies":"3 Darklings","floor":34,"turns":2},{"damage":0,"enemies":"Mind Bloom Boss Battle","floor":35,"turns":2},{"damage":0,"enemies":"Jaw Worm Horde","floor":36,"turns":1},{"damage":7,"enemies":"Nemesis","floor":38,"turns":5},{"damage":0,"enemies":"R_Hoarder","floor":40,"turns":2},{"damage":0,"enemies":"Nemesis","floor":42,"turns":2},{"damage":2,"enemies":"Transient","floor":43,"turns":6},{"damage":0,"enemies":"R_Hoarder","floor":44,"turns":2},{"damage":0,"enemies":"Sphere and 2 Shapes","floor":45,"turns":2},{"damage":1,"enemies":"Writhing Mass","floor":46,"turns":4},{"damage":369,"enemies":"Donu and Deca","floor":48,"turns":44},{"damage":0,"enemies":"Replay:Hell Engine","floor":49,"turns":1},{"damage":4,"enemies":"Replay:Hell Engine","floor":50,"turns":4},{"damage":2,"enemies":"Replay:Hell Engine","floor":51,"turns":2},{"damage":1,"enemies":"Replay:Hell Engine","floor":55,"turns":4},{"damage":35,"enemies":"Delirium","floor":59,"turns":3}],"seed_played":"-266917852356890624","potions_obtained":[{"floor":7.0,"key":"SpiritPotion Giant"},{"floor":8.0,"key":"Adrenaline Potion"},{"floor":12.0,"key":"SpiritPotion Giant"},{"floor":50,"key":"BlessingOfTheForge"},{"floor":52,"key":"BlessingOfTheForge"}],"is_trial":true,"path_per_floor":["M","M","?","?","T","E","E","E","T","E","M","E","$","E","R","M","?","$","M","E","E","E","E","T","E","E","$","E","E","R","B",null,"?","?","?","?","T","E","T","E","T","E","?","E","?","?","T","B","B","?","?","?","T","T","?","T","T","?","B",null],"character_chosen":"Giant","items_purchased":["AT_ForceNature","Bottled Tornado","Molten Egg 2","Mastiff:ReiMu","reliquary:BrokenClock","SteamSale","AT_TimeSand","reliquary:SculptingSteel","reliquary:TuningFork","Medical Kit","GuppysPaw","GuppysCollar","AT_DeathDance","AT_SpeedBoots","reliquary:ExpiredCoupon","TheBattery","ClockworkSouvenir","MealTicket","REME_OnlineShoppingPlatform","GuppysTail","Whetstone","Calipers","Replay:Accelerometer","Apotheosis","Mana Growth","Centennial Puzzle","reliquary:QuartzCube","BFFS"],"campfire_rested":6,"item_purchase_floors":[13,13,13,13,18,27,27,27,27,27,32,32,37,37,37,37,37,37,53,53,53,53,53,57,57,57,57,57],"current_hp_per_floor":[55,51,51,40,40,47,15,10,10,5,5,10,10,1,76,76,76,76,76,70,70,70,70,70,71,71,71,75,71,99,104,76,76,76,76,76,76,69,76,81,81,81,79,81,81,85,86,213,1716,1973,2162,2162,2177,2201,2228,2238,2238,2238,3868],"gold":25,"neow_bonus":"","is_daily":false,"chose_seed":false,"campfire_upgraded":0,"win_rate":0.0,"timestamp":1612800536,"path_taken":["M","?","?","?","?","E","E","E","T","E","?","E","$","E","R","M","?","$","?","?","E","E","E","T","E","E","$","E","?","R","BOSS","?","?","?","?","T","E","T","E","T","E","?","E","?","?","T","BOSS","BOSS","?","?","?","T","T","?","T","T","?","BOSS"],"items_purchased_type":["Relic","Relic","Relic","Relic","Relic","Relic","Relic","Relic","Relic","Relic","Relic","Relic","Relic","Relic","Relic","Relic","Relic","Relic","Relic","Relic","Relic","Relic","Relic","Card","Card","Relic","Relic","Relic"],"build_version":"2020-12-22","purchased_purges":4,"victory":true,"max_hp_per_floor":[60,60,60,60,60,65,65,70,70,70,70,75,75,75,89,89,89,89,89,94,94,94,94,94,99,99,99,99,99,99,104,76,76,76,76,76,76,76,76,81,81,81,81,81,81,86,86,2063,2166,2194,2201,2201,2201,2201,2238,2238,2238,2238,3917],"card_choices":[{"not_picked":[],"picked":"EpicFetus","floor":0.0},{"not_picked":["EagleSecond","LeftHookFist"],"picked":"Echo Defend Giant","floor":0.0},{"not_picked":["Retain Combo","Backflip Giant"],"picked":"Protect_Giant","floor":0.0},{"not_picked":["HealerPetCall","Time Travel"],"picked":"Clone Minion","floor":0.0},{"not_picked":["Seek Pet","Combo Form"],"picked":"Random Death Rattle","floor":0.0},{"not_picked":["LeftHookFist","GremlinTsunderePetCall"],"picked":"HPGrowth_Giant","floor":0.0},{"not_picked":["Discover Pet","Discover Combo"],"picked":"AttackPoison_Giant","floor":0.0},{"not_picked":["Echo Defend Giant","Giant Prayer"],"picked":"Protect_Giant","floor":0.0},{"not_picked":["Protect_Giant","Bloody Giant"],"picked":"HPGrowth_Giant","floor":0.0},{"not_picked":["Bloody Giant","Backflip Giant"],"picked":"Spirit Of Beast","floor":0.0},{"not_picked":["Ready_Giant","Combo Recycle"],"picked":"Clone Minion","floor":0.0},{"not_picked":["Trace_Giant","Pummel Giant"],"picked":"Spirit Of Beast","floor":0.0},{"not_picked":["EagleSecond","EagleThird"],"picked":"Fanatic Cultist","floor":0.0},{"not_picked":["Struggle Attack","EagleSecond"],"picked":"Backflip Giant","floor":0.0},{"not_picked":["TakeAction_Giant","Clone Minion"],"picked":"Death Prophecy","floor":0.0},{"not_picked":["Calmness Giant","Echo Defend Giant"],"picked":"CultistPetCall","floor":0.0},{"not_picked":["MultiTurn_Giant","Echo Attack","Upgrade_Giant"],"picked":"SKIP","floor":6.0},{"not_picked":["Unlimited Combo","TakeAll_Giant","BattleMaster_Giant"],"picked":"SKIP","floor":7.0},{"not_picked":["One Blood","Upgrade_Giant"],"picked":"Double Mana","floor":8.0},{"not_picked":["BattleMaster_Giant","One Blood"],"picked":"Double Mana","floor":10.0},{"not_picked":["One Blood","MultiTurn_Giant"],"picked":"Double Mana","floor":12.0},{"not_picked":["Unlimited Combo","One Blood","Storm Of Blood"],"picked":"SKIP","floor":14.0},{"not_picked":["Meditate Giant","Ready_Giant"],"picked":"Mana Growth","floor":15},{"not_picked":["Drunk Grant","Combo Defend"],"picked":"Backflip Giant","floor":15},{"not_picked":["Commander_Giant","ByrdPetCall"],"picked":"HPGrowth_Giant","floor":15},{"not_picked":["Echo Defend Giant","TakeAction_Giant"],"picked":"Spirit Of Beast","floor":15},{"not_picked":["Death Explode","Drunk Grant"],"picked":"TakeAction_Giant","floor":15},{"not_picked":["Heal Wind","GremlinTsunderePetCall"],"picked":"TakeAction_Giant","floor":15},{"not_picked":["Struggle Attack","Combo Form"],"picked":"Combo Defend","floor":15},{"not_picked":["Ready_Giant","Echo Defend Giant"],"picked":"ByrdPetCall","floor":15},{"not_picked":["The End Giant","Clone Minion"],"picked":"Encourage_Giant","floor":15},{"not_picked":["Heal Wind","Pummel Giant"],"picked":"Protect_Giant","floor":15},{"not_picked":["Discover Pet","Backward Giant"],"picked":"TakeAction_Giant","floor":15},{"not_picked":["Trace_Giant","Discover Pet"],"picked":"Meditate Giant","floor":15},{"not_picked":["Revenge Attack","Fanatic Cultist"],"picked":"Protect_Giant","floor":15},{"not_picked":["Echo Defend Giant","Combo Defend"],"picked":"Spirit Of Beast","floor":15},{"not_picked":["Echo Defend Giant","Bloody Giant"],"picked":"Fanatic Cultist","floor":15},{"not_picked":["SnakeForm","Beast Master"],"picked":"GremlinNobPetCall","floor":20},{"not_picked":["Storm Of Blood","GhostForm_Giant"],"picked":"GremlinNobPetCall","floor":21},{"not_picked":["BattleMaster_Giant","Upgrade_Giant"],"picked":"Beast Master","floor":22},{"not_picked":["GhostForm_Giant","TakeAll_Giant"],"picked":"GremlinNobPetCall","floor":23},{"not_picked":["BattleMaster_Giant","GremlinNobPetCall","One Blood"],"picked":"SKIP","floor":25},{"not_picked":["Upgrade_Giant","Unlimited Combo","SnakeForm"],"picked":"SKIP","floor":26},{"not_picked":["Storm Of Blood","Upgrade_Giant","One Blood"],"picked":"SKIP","floor":28},{"not_picked":["Unlimited Combo","GhostForm_Giant","Echo Attack+1"],"picked":"SKIP","floor":29},{"not_picked":["Storm Of Blood","Unlimited Combo","BattleMaster_Giant"],"picked":"SKIP","floor":38},{"not_picked":["Storm Of Blood","Double Mana"],"picked":"Beast Master","floor":40},{"not_picked":["Time Travel","GremlinNobPetCall","Echo Attack+1"],"picked":"SKIP","floor":42},{"not_picked":["Storm Of Blood","Unlimited Combo"],"picked":"Beast Master","floor":44}],"player_experience":234412,"relics_obtained":[{"floor":1.0,"key":"hexamod:BolsterEngine"},{"floor":2.0,"key":"Orichalcum"},{"floor":5.0,"key":"Replay:Rubber Ducky"},{"floor":6.0,"key":"Bag of Preparation"},{"floor":7.0,"key":"reliquary:SculptingSteel"},{"floor":8.0,"key":"Vajra"},{"floor":9.0,"key":"ZombieArmy"},{"floor":10.0,"key":"MoneyPower"},{"floor":11.0,"key":"ForgetMeNow"},{"floor":12.0,"key":"GiantSoulStone"},{"floor":12.0,"key":"Matryoshka"},{"floor":14.0,"key":"Pocketwatch"},{"floor":16,"key":"Bag of Marbles"},{"floor":19,"key":"SumBook"},{"floor":20,"key":"AT_RedTearstoneRing"},{"floor":21,"key":"Ancient Tea Set"},{"floor":22,"key":"GodSword4"},{"floor":23,"key":"TheBible"},{"floor":24,"key":"AnarchistCookbook"},{"floor":24,"key":"reliquary:RoseTintedGlasses"},{"floor":25,"key":"GodSword6"},{"floor":26,"key":"Akabeko"},{"floor":28,"key":"Incense Burner"},{"floor":29,"key":"AT_SunfireAegis"},{"floor":33,"key":"Mercury Hourglass"},{"floor":34,"key":"reliquary:HotPoker"},{"floor":35,"key":"CaptainsWheel"},{"floor":36,"key":"BookofShadows"},{"floor":38,"key":"BelialBook"},{"floor":41,"key":"reliquary:RosewoodLute"},{"floor":41,"key":"reliquary:BoilingFlask"},{"floor":42,"key":"BlankCard"},{"floor":43,"key":"LastBattle"},{"floor":44,"key":"Old Coin"},{"floor":45,"key":"AT_ChloranthyRing"},{"floor":46,"key":"GodSword3"},{"floor":50,"key":"paleoftheancients:SoulOfTheGuardian"},{"floor":50,"key":"ReplayTheSpireMod:TigerMarble"},{"floor":51,"key":"Replay:Wax Seal"},{"floor":55,"key":"Replay:Kaleidoscope"},{"floor":55,"key":"paleoftheancients:SoulOfTheDefect"}],"event_choices":[{"damage_healed":0.0,"max_hp_gain":0.0,"max_hp_loss":0.0,"gold_gain":150.0,"event_name":"Liars Game","player_choice":"AGREE","floor":3.0,"gold_loss":0.0,"damage_taken":0.0,"cards_obtained":["Doubt"]},{"damage_healed":0.0,"max_hp_gain":0.0,"max_hp_loss":0.0,"gold_gain":75.0,"event_name":"World of Goop","player_choice":"Gather Gold","floor":4.0,"gold_loss":0.0,"damage_taken":11.0},{"damage_healed":0,"gold_gain":0,"player_choice":"Fight","damage_taken":0,"max_hp_gain":0,"max_hp_loss":0,"event_name":"MindBloom","floor":35,"gold_loss":0},{"damage_healed":0,"gold_gain":0,"player_choice":"Got Potions","damage_taken":0,"max_hp_gain":0,"max_hp_loss":0,"event_name":"Lab","floor":52,"gold_loss":0}],"is_beta":false,"boss_relics":[{"not_picked":["Sozu","Snecko Eye"],"picked":"Painkiller Herb"},{"not_picked":[]}],"items_purged_floors":[27,27,32,37],"is_endless":false,"potions_floor_spawned":[7,8,12,16,20,21,28,31,33,35,38,43,50,55],"ascension_level":20}}