{"host":"d4hjo1dp8g06u19c","time":1612772110,"event":{"mods":["Act Like it!","Arknights","BaseMod","Colored Map","Colored Powertips","Downfall","Marisa£®ÏF”Í°°ƒß¿Ì…≥£©","Minty Spire (QoL Compilation)","Quick Restart","Shop Mod","Spicy Shops","StSLib","The Animator","UnlockEverythingMod","Youmu£®ªÍ∆«—˝√Œ£©"],"gold_per_floor":[117,137,156,431,1,36,36,54,54,68,87,107,107,118,118,118,118],"floor_reached":16,"language":"ZHS","playtime":613,"items_purged":["Regret"],"score":106,"play_id":"6225c3ee-43c4-4142-840e-442cf4c7e536","local_time":"20210208161510","is_ascension_mode":false,"campfire_choices":[{"data":"ats:Burning Ground","floor":7,"key":"SMITH"},{"floor":13,"key":"REST"},{"floor":15,"key":"REST"}],"circlet_count":0,"master_deck":["ats:Strike C","ats:Strike G","ats:Strike S","ats:Strike V","ats:Armor Crushing Shot","ats:Defend","ats:Defend","ats:Defend","ats:Defend","ats:Emotion Absorption","ats:Poison Spread","ats:Assault Order","ats:Burning Ground+1","ats:Song Of Battle+1","ats:Guardian Obelisk","ats:Apocalypse","ats:Ignite","ats:Apocalypse"],"relics":["ats:Sanity","NeowsBlessing","Membership Card","ats:Arts","Frozen Egg 2","ats:Originium","Sundial","Question Card"],"acts_visited":["Exordium"],"potions_floor_usage":[11,12,16,16],"damage_taken":[{"damage":0,"enemies":"Cultist","floor":1,"turns":1},{"damage":0,"enemies":"Small Slimes","floor":2,"turns":1},{"damage":0,"enemies":"Jaw Worm","floor":3,"turns":1},{"damage":34,"enemies":"Gremlin Nob","floor":6,"turns":5},{"damage":9,"enemies":"3 Louse","floor":8,"turns":3},{"damage":18,"enemies":"Exordium Wildlife","floor":10,"turns":5},{"damage":3,"enemies":"Red Slaver","floor":11,"turns":3},{"damage":7,"enemies":"Gremlin Gang","floor":12,"turns":3},{"damage":20,"enemies":"Looter","floor":14,"turns":4},{"damage":35,"enemies":"The Guardian","floor":16,"turns":8}],"seed_played":"-4695569843187029973","potions_obtained":[{"floor":6,"key":"Strength Potion"},{"floor":8,"key":"GamblersBrew"},{"floor":12,"key":"BlessingOfTheForge"},{"floor":14,"key":"ColorlessPotion"}],"is_trial":false,"path_per_floor":["M","M","M","?","$","E","R","M","T","M","M","M","R","M","R","B"],"character_chosen":"DOCTOR_CLASS","items_purchased":["Membership Card","ats:Arts","Frozen Egg 2"],"campfire_rested":2,"item_purchase_floors":[5,5,5],"current_hp_per_floor":[72,72,72,72,72,38,38,29,29,11,8,5,26,10,31,16,16],"gold":118,"neow_bonus":"THREE_ENEMY_KILL","is_daily":false,"chose_seed":false,"campfire_upgraded":1,"win_rate":0.0,"timestamp":1612772110,"path_taken":["M","?","M","?","$","E","R","M","T","M","M","M","R","?","R","BOSS"],"items_purchased_type":["Relic","Relic","Relic"],"build_version":"2020-12-22","purchased_purges":1,"victory":false,"max_hp_per_floor":[72,72,72,72,72,72,72,72,72,72,72,72,72,72,72,72,72],"card_choices":[{"not_picked":["ats:Leaping Hammer","ats:Curse Doll"],"picked":"ats:Poison Spread","floor":1},{"not_picked":["ats:Ignite","ats:Leaping Hammer"],"picked":"ats:Assault Order","floor":2},{"not_picked":["ats:Apocalypse","ats:Flexible Camouflage"],"picked":"ats:Burning Ground","floor":3},{"not_picked":["ats:Durian","ats:Cat Scratch","ats:Flexible Camouflage"],"picked":"SKIP","floor":6},{"not_picked":["ats:Cat Scratch","ats:Closed Bolt Burst Fire"],"picked":"ats:Song Of Battle+1","floor":8},{"not_picked":["ats:Poison Spread","ats:Encircling Forest","ats:Counter Healing Mode+1"],"picked":"ats:Guardian Obelisk","floor":10},{"not_picked":["ats:Closed Bolt Burst Fire","ats:Support Order","ats:Spore Proliferation"],"picked":"ats:Apocalypse","floor":11},{"not_picked":["ats:Durian","ats:Flexible Camouflage","ats:Leaping Hammer"],"picked":"ats:Ignite","floor":12},{"not_picked":["ats:Guard Mode","ats:Demon Strength+1","ats:Assault Order"],"picked":"ats:Apocalypse","floor":14}],"player_experience":131274,"relics_obtained":[{"floor":6,"key":"ats:Originium"},{"floor":6,"key":"Sundial"},{"floor":9,"key":"Question Card"}],"event_choices":[{"damage_healed":0,"gold_gain":275,"player_choice":"Desecrate","damage_taken":0,"max_hp_gain":0,"max_hp_loss":0,"event_name":"Golden Shrine","floor":4,"gold_loss":0,"cards_obtained":["Regret"]}],"is_beta":false,"boss_relics":[],"items_purged_floors":[5],"is_endless":false,"potions_floor_spawned":[6,8,12,14],"killed_by":"The Guardian","ascension_level":0}}