{"host":"okvf2hy7r209l3k2","time":1612775461,"event":{"mods":["BaseMod","Block Reminder","Colored Map","Colored Powertips","Downfall","Hermit","Highlight Path","Minty Spire (QoL Compilation)","Permanent Neow","StSLib","The Cursed"],"gold_per_floor":[110,126,51,70,87,115,115,127,127,156,156,185,185,204,204,305,305,319,62,76,88,99,99,111,111,138,171,171,39,53,70,70,70,70],"floor_reached":33,"language":"ENG","playtime":2883,"items_purged":["hermit:Strike_Hermit","hermit:Defend_Hermit","hermit:Strike_Hermit"],"score":291,"play_id":"b6e986af-f1f2-4b77-afb0-4cf557c6799d","local_time":"20210208001101","is_ascension_mode":false,"campfire_choices":[{"data":"hermit:TakeAim","floor":11,"key":"SMITH"},{"data":"hermit:Headshot","floor":13,"key":"SMITH"},{"floor":15,"key":"REST"},{"data":"hermit:GhostlyPresence","floor":23,"key":"SMITH"},{"data":"hermit:BlackWind","floor":25,"key":"SMITH"},{"floor":32,"key":"REST"}],"circlet_count":0,"master_deck":["hermit:Defend_Hermit","hermit:Defend_Hermit","hermit:Defend_Hermit","hermit:Snapshot+1","hermit:Covet","hermit:Headshot+1","hermit:ItchyTrigger","hermit:GoldenBullet+1","hermit:TakeAim+1","hermit:Roulette","hermit:ItchyTrigger","hermit:Gambit","hermit:Snipe","hermit:BlackWind+1","hermit:Headshot","hermit:Ricochet","hermit:Gestalt","hermit:FlashPowder+1","hermit:GhostlyPresence+1","hermit:RoundhouseKick","hermit:BigShot","hermit:BigShot","hermit:FlashPowder+1","hermit:DeadOrAlive"],"relics":["hermit:Momento","Oddly Smooth Stone","Whetstone","Letter Opener","Eternal Feather","Darkstone Periapt","Smiling Mask","Empty Cage","hermit:PetGhost","Omamori","Anchor"],"acts_visited":["Exordium","TheCity"],"potions_floor_usage":[6,10,16,21,33,33],"damage_taken":[{"damage":0,"enemies":"Small Slimes","floor":1,"turns":3},{"damage":0,"enemies":"Jaw Worm","floor":2,"turns":3},{"damage":0,"enemies":"Cultist","floor":4,"turns":3},{"damage":10,"enemies":"Lots of Slimes","floor":5,"turns":4},{"damage":33,"enemies":"3 Sentries","floor":6,"turns":7},{"damage":5,"enemies":"3 Louse","floor":8,"turns":2},{"damage":12,"enemies":"Gremlin Nob","floor":10,"turns":4},{"damage":9,"enemies":"3 Sentries","floor":12,"turns":5},{"damage":0,"enemies":"Exordium Wildlife","floor":14,"turns":1},{"damage":38,"enemies":"Hexaghost","floor":16,"turns":8},{"damage":20,"enemies":"2 Thieves","floor":18,"turns":3},{"damage":9,"enemies":"3 Byrds","floor":20,"turns":3},{"damage":0,"enemies":"Sentry and Sphere","floor":21,"turns":3},{"damage":21,"enemies":"Snake Plant","floor":22,"turns":3},{"damage":0,"enemies":"Snecko","floor":24,"turns":3},{"damage":32,"enemies":"Book of Stabbing","floor":27,"turns":5},{"damage":3,"enemies":"Centurion and Healer","floor":30,"turns":4},{"damage":12,"enemies":"3 Cultists","floor":31,"turns":5},{"damage":100082,"enemies":"Automaton","floor":33,"turns":7}],"seed_played":"7870457844197333745","potions_obtained":[{"floor":2,"key":"DuplicationPotion"},{"floor":4,"key":"Explosive Potion"},{"floor":6,"key":"Block Potion"},{"floor":18,"key":"Block Potion"},{"floor":30,"key":"LiquidMemories"},{"floor":31,"key":"Regen Potion"}],"is_trial":false,"path_per_floor":["M","M","$","M","M","E","?","M","T","E","R","E","R","M","R","B",null,"M","$","M","M","M","R","M","R","T","E","?","$","M","M","R","B"],"character_chosen":"HERMIT","items_purchased":["hermit:Ricochet","hermit:PetGhost","hermit:BigShot"],"campfire_rested":2,"item_purchase_floors":[19,19,29],"current_hp_per_floor":[75,75,75,75,65,32,25,20,20,8,17,8,17,17,48,10,75,55,55,46,46,25,37,37,49,49,17,17,17,14,2,36,0,0],"gold":70,"neow_bonus":"RANDOM_COMMON_RELIC","is_daily":false,"chose_seed":false,"campfire_upgraded":4,"win_rate":0.0,"timestamp":1612775461,"path_taken":["M","M","$","M","M","E","?","M","T","E","R","E","R","M","R","BOSS","M","$","M","M","M","R","M","R","T","E","?","$","M","M","R","BOSS"],"items_purchased_type":["Card","Relic","Card"],"build_version":"2020-12-22","purchased_purges":3,"victory":false,"max_hp_per_floor":[75,75,75,75,75,75,75,75,75,75,75,75,75,75,75,75,75,75,75,75,75,75,75,75,75,75,75,75,75,75,75,75,75,75],"card_choices":[{"not_picked":["hermit:Dive","hermit:BodyArmor"],"picked":"hermit:Headshot","floor":1},{"not_picked":["hermit:Brawl","hermit:LowProfile"],"picked":"hermit:ItchyTrigger","floor":2},{"not_picked":["hermit:BodyArmor","hermit:TrackingShot"],"picked":"hermit:GoldenBullet","floor":4},{"not_picked":["hermit:Desperado","hermit:BodyArmor"],"picked":"hermit:TakeAim","floor":5},{"not_picked":["hermit:LowProfile","hermit:Glare"],"picked":"hermit:Roulette","floor":6},{"not_picked":["hermit:Dive","hermit:Scavenge"],"picked":"hermit:ItchyTrigger","floor":8},{"not_picked":["hermit:Headshot","hermit:LuckOfTheDraw"],"picked":"hermit:Gambit","floor":10},{"not_picked":["hermit:Quickdraw","hermit:Feint","hermit:TakeAim"],"picked":"SKIP","floor":12},{"not_picked":["hermit:HighCaliber","hermit:Desperado"],"picked":"hermit:Snipe","floor":14},{"not_picked":["hermit:RoundhouseKick","hermit:EternalForm"],"picked":"hermit:BlackWind","floor":16},{"not_picked":["hermit:Glare","hermit:LuckOfTheDraw"],"picked":"hermit:Headshot","floor":18},{"not_picked":["hermit:Virtue","hermit:BodyArmor"],"picked":"hermit:Gestalt","floor":20},{"not_picked":["hermit:SprayPray","hermit:Vantage+1"],"picked":"hermit:FlashPowder+1","floor":21},{"not_picked":["hermit:Virtue","hermit:Showdown+1"],"picked":"hermit:GhostlyPresence","floor":22},{"not_picked":["hermit:Snipe","hermit:Brawl"],"picked":"hermit:RoundhouseKick","floor":24},{"not_picked":["hermit:Feint","hermit:NoHoldsBarred+1"],"picked":"hermit:BigShot","floor":27},{"not_picked":["hermit:Feint+1","hermit:Maintenance"],"picked":"hermit:FlashPowder+1","floor":30},{"not_picked":["hermit:Quickdraw","hermit:Headshot"],"picked":"hermit:DeadOrAlive","floor":31}],"player_experience":191281,"relics_obtained":[{"floor":6,"key":"Whetstone"},{"floor":9,"key":"Eternal Feather"},{"floor":10,"key":"Darkstone Periapt"},{"floor":12,"key":"Smiling Mask"},{"floor":26,"key":"Omamori"},{"floor":27,"key":"Anchor"}],"event_choices":[{"damage_healed":0,"gold_gain":0,"player_choice":"Success","damage_taken":7,"relics_obtained":["Letter Opener"],"max_hp_gain":0,"max_hp_loss":0,"event_name":"Scrap Ooze","floor":7,"gold_loss":0},{"damage_healed":0,"gold_gain":0,"player_choice":"Ignored","damage_taken":0,"max_hp_gain":0,"max_hp_loss":0,"event_name":"Ghosts","floor":28,"gold_loss":0}],"is_beta":false,"boss_relics":[{"not_picked":["hermit:BartenderGlass","Runic Dome"],"picked":"Empty Cage"}],"items_purged_floors":[3,19,29],"is_endless":false,"potions_floor_spawned":[2,4,6,18,30,31],"killed_by":"Automaton","ascension_level":0}}