{"host":"mo4d2vii2wc3uyp7","time":1612768414,"event":{"mods":["AchievementEnabler","BaseMod","Colored Map","Highlight Path","Keyboard Shortcuts","Minty Spire (QoL Compilation)","Permanent Neow","Quick Restart","Shop Mod","StSLib","SuperFastMode","everything is the same but u backflip on backflip"],"gold_per_floor":[112,127,147,161,261,261,293,293,316,331,347,382,411,4,4,102,102,86,86,98,109,109,109,138,138,138,167,167,45,74,74,74,172,172,183,66,84,18,34,34,34,34,34,49,68,82,112,112,112],"floor_reached":48,"language":"KOR","playtime":2552,"items_purged":["Strike_G","Defend_G+1"],"score":898,"play_id":"41a923d6-46e5-4fde-a52b-b5a71a3c903c","local_time":"20210208161334","is_ascension_mode":true,"campfire_choices":[{"data":"Neutralize","floor":6.0,"key":"SMITH"},{"data":"Dodge and Roll","floor":8.0,"key":"SMITH"},{"floor":15.0,"key":"REST"},{"floor":25.0,"key":"REST"},{"data":"Apotheosis","floor":28.0,"key":"SMITH"},{"floor":32.0,"key":"REST"},{"floor":40.0,"key":"REST"},{"floor":42.0,"key":"REST"}],"circlet_count":0,"master_deck":["AscendersBane","Strike_G+1","Strike_G+1","Strike_G+1","Strike_G+1","Defend_G+1","Defend_G+1","Defend_G+1","Defend_G+1","Survivor","Neutralize+1","PiercingWail","Deflect","Acrobatics","Poisoned Stab","Dodge and Roll+1","Quick Slash","Backstab","Prepared","Noxious Fumes","Dagger Spray","Apotheosis+1","Calculated Gamble","Venomology","Cloak And Dagger+1","Terror","RitualDagger","Escape Plan","Corpse Explosion","Bane+1","Flechettes","Footwork","Tactician+1","Parasite"],"relics":["Ring of the Snake","Akabeko","Snake Skull","MawBank","SacredBark","Question Card","Pen Nib","The Courier","TungstenRod","Ancient Tea Set","HandDrill","Blue Candle","Blood Vial"],"acts_visited":["Exordium","TheCity","TheBeyond"],"potions_floor_usage":[45,46,47,48],"damage_taken":[{"damage":8.0,"enemies":"Cultist","floor":1.0,"turns":6.0},{"damage":0.0,"enemies":"2 Louse","floor":2.0,"turns":4.0},{"damage":2.0,"enemies":"Small Slimes","floor":3.0,"turns":5.0},{"damage":1.0,"enemies":"2 Fungi Beasts","floor":4.0,"turns":5.0},{"damage":16.0,"enemies":"Lagavulin","floor":7.0,"turns":8.0},{"damage":3.0,"enemies":"Lots of Slimes","floor":10.0,"turns":4.0},{"damage":1.0,"enemies":"Exordium Wildlife","floor":11.0,"turns":4.0},{"damage":5.0,"enemies":"Gremlin Nob","floor":12.0,"turns":3.0},{"damage":4.0,"enemies":"Blue Slaver","floor":13.0,"turns":4.0},{"damage":0.0,"enemies":"Slime Boss","floor":16.0,"turns":9.0},{"damage":5.0,"enemies":"2 Thieves","floor":18.0,"turns":4.0},{"damage":6.0,"enemies":"Shell Parasite","floor":20.0,"turns":6.0},{"damage":18.0,"enemies":"Centurion and Healer","floor":21.0,"turns":8.0},{"damage":6.0,"enemies":"Slavers","floor":24.0,"turns":4.0},{"damage":15.0,"enemies":"Book of Stabbing","floor":27.0,"turns":4.0},{"damage":15.0,"enemies":"Slavers","floor":30.0,"turns":6.0},{"damage":2.0,"enemies":"Collector","floor":33.0,"turns":7.0},{"damage":25.0,"enemies":"3 Shapes","floor":35.0,"turns":4.0},{"damage":0.0,"enemies":"3 Darklings","floor":37.0,"turns":3.0},{"damage":22.0,"enemies":"4 Shapes","floor":39.0,"turns":4.0},{"damage":13.0,"enemies":"Spire Growth","floor":44.0,"turns":5.0},{"damage":7,"enemies":"Writhing Mass","floor":45,"turns":5},{"damage":38,"enemies":"Jaw Worm Horde","floor":46,"turns":3},{"damage":68,"enemies":"Nemesis","floor":47,"turns":7},{"damage":32,"enemies":"4 Shapes","floor":48,"turns":1}],"seed_played":"-4663372432875354184","potions_obtained":[{"floor":1.0,"key":"Weak Potion"},{"floor":3.0,"key":"ColorlessPotion"},{"floor":10.0,"key":"Dexterity Potion"},{"floor":11.0,"key":"CunningPotion"},{"floor":12.0,"key":"Dexterity Potion"},{"floor":18.0,"key":"BlessingOfTheForge"},{"floor":31.0,"key":"Fruit Juice"},{"floor":31.0,"key":"EssenceOfSteel"},{"floor":35.0,"key":"ColorlessPotion"},{"floor":45,"key":"SkillPotion"},{"floor":47,"key":"GamblersBrew"}],"is_trial":false,"path_per_floor":["M","M","M","M","?","R","E","R","T","M","M","E","M","$","R","B",null,"M","T","M","M","?","?","E","R","T","E","R","$","E","?","R","B",null,"M","$","M","$","M","R","$","R","T","M","M","M","E","M"],"character_chosen":"THE_SILENT","items_purchased":["Apotheosis","Calculated Gamble","Fruit Juice","Dexterity Potion","HandDrill","Footwork"],"campfire_rested":5,"item_purchase_floors":[14,14,14,29,36,38],"current_hp_per_floor":[55,55,53,52,52,52,36,36,36,33,32,27,23,28,50,50,69,64,64,58,40,40,34,28,50,50,35,35,35,20,30,55,53,77,52,52,52,52,30,55,55,80,80,67,60,22,23,0,0],"gold":112,"neow_bonus":"THREE_CARDS","is_daily":false,"chose_seed":false,"campfire_upgraded":3,"win_rate":0.0,"timestamp":1612768414,"path_taken":["M","M","M","M","?","R","E","R","T","M","M","E","M","$","R","BOSS","M","?","M","M","?","?","E","R","T","E","R","$","E","?","R","BOSS","M","?","?","$","M","R","$","R","T","M","M","M","E","M"],"items_purchased_type":["Card","Card","Potion","Potion","Relic","Card"],"build_version":"2020-12-22","purchased_purges":2,"victory":false,"max_hp_per_floor":[70,70,70,70,70,70,70,70,70,70,70,70,70,75,75,75,75,75,75,75,75,75,75,75,75,75,75,75,75,75,85,85,85,85,85,85,85,85,85,85,85,85,85,85,85,85,85,85,85],"card_choices":[{"not_picked":["Well Laid Plans","Choke"],"picked":"PiercingWail","floor":0.0},{"not_picked":["Choke","Outmaneuver"],"picked":"Deflect","floor":1.0},{"not_picked":["Riddle With Holes","Setup"],"picked":"Acrobatics","floor":2.0},{"not_picked":["Expertise","Infinite Blades"],"picked":"Poisoned Stab","floor":3.0},{"not_picked":["PiercingWail","Flying Knee"],"picked":"Dodge and Roll","floor":4.0},{"not_picked":["Skewer","Slice"],"picked":"Quick Slash","floor":7.0},{"not_picked":["Escape Plan","Blur"],"picked":"Backstab","floor":10.0},{"not_picked":["Slice","Dagger Throw"],"picked":"Prepared","floor":11.0},{"not_picked":["Storm of Steel","PiercingWail"],"picked":"Noxious Fumes","floor":12.0},{"not_picked":["Outmaneuver","Deflect"],"picked":"Dagger Spray","floor":13.0},{"not_picked":["Storm of Steel","Doppelganger"],"picked":"Venomology","floor":16.0},{"not_picked":["Quick Slash","Flying Knee","Deadly Poison"],"picked":"SKIP","floor":18.0},{"not_picked":["Malaise","Dodge and Roll","Finisher"],"picked":"Cloak And Dagger+1","floor":20.0},{"not_picked":["Well Laid Plans","Acrobatics+1","Backflip+1"],"picked":"Terror","floor":21.0},{"not_picked":["Flying Knee","Concentrate+1","Outmaneuver"],"picked":"Escape Plan","floor":24.0},{"not_picked":["Flying Knee+1","Choke","Outmaneuver","Burst"],"picked":"SKIP","floor":27.0},{"not_picked":["Underhanded Strike","Deflect","Dagger Spray","Prepared"],"picked":"SKIP","floor":30.0},{"not_picked":["Unload","Wraith Form v2","Storm of Steel"],"picked":"Corpse Explosion","floor":33.0},{"not_picked":["Blade Dance","Backflip+1","Flechettes+1"],"picked":"Bane+1","floor":35.0},{"not_picked":["Deadly Poison+1","Finisher","Outmaneuver"],"picked":"Flechettes","floor":37.0},{"not_picked":["Dash+1","Prepared","Choke"],"picked":"Tactician+1","floor":39.0},{"not_picked":["Bane+1","Riddle With Holes","Catalyst+1","Outmaneuver+1"],"picked":"SKIP","floor":44.0},{"not_picked":["Glass Knife","Dagger Throw","Backflip","Dagger Spray"],"picked":"SKIP","floor":45},{"not_picked":["A Thousand Cuts","Flechettes","Quick Slash+1","Backflip+1"],"picked":"SKIP","floor":46},{"not_picked":["Terror+1","Predator+1","Underhanded Strike","Backflip+1"],"picked":"SKIP","floor":47}],"player_experience":604281,"relics_obtained":[{"floor":7.0,"key":"Akabeko"},{"floor":9.0,"key":"Snake Skull"},{"floor":12.0,"key":"MawBank"},{"floor":19.0,"key":"Question Card"},{"floor":24.0,"key":"Pen Nib"},{"floor":26.0,"key":"The Courier"},{"floor":27.0,"key":"TungstenRod"},{"floor":30.0,"key":"Ancient Tea Set"},{"floor":43.0,"key":"Blue Candle"},{"floor":47,"key":"Blood Vial"}],"event_choices":[{"damage_healed":0.0,"max_hp_gain":0.0,"max_hp_loss":0.0,"gold_gain":100.0,"event_name":"Golden Shrine","player_choice":"Pray","floor":5.0,"gold_loss":0.0,"damage_taken":0.0},{"damage_healed":0.0,"max_hp_gain":0.0,"max_hp_loss":0.0,"gold_gain":0.0,"event_name":"Back to Basics","player_choice":"Simplicity","floor":22.0,"gold_loss":0.0,"damage_taken":0.0,"cards_upgraded":["Strike_G","Strike_G","Strike_G","Strike_G","Defend_G","Defend_G","Defend_G","Defend_G","Defend_G"]},{"damage_healed":0.0,"max_hp_gain":0.0,"max_hp_loss":0.0,"gold_gain":0.0,"event_name":"Nest","player_choice":"Joined the Cult","floor":23.0,"gold_loss":0.0,"damage_taken":6.0,"cards_obtained":["RitualDagger"]},{"damage_healed":0.0,"max_hp_gain":0.0,"max_hp_loss":0.0,"gold_gain":0.0,"event_name":"Lab","player_choice":"Got Potions","floor":31.0,"gold_loss":0.0,"damage_taken":0.0}],"is_beta":false,"boss_relics":[{"not_picked":["Ectoplasm","HoveringKite"],"picked":"SacredBark"},{"not_picked":[]}],"items_purged_floors":[14,29],"is_endless":false,"potions_floor_spawned":[1,3,10,11,12,18,21,35,45,47],"killed_by":"4 Shapes","ascension_level":10}}