{"host":"sav7uxregyirlf69","time":1612785069,"event":{"mods":["AchievementEnabler","BaseMod","Colored Map","DeckTracker","Keyboard Shortcuts","Minty Spire (QoL Compilation)","READ ME - Guardian Mod","StSLib","SuperFastMode"],"gold_per_floor":[122,144,144,153,170,204,204,204,231,79,79,79,105,140,152,246,258,286,43,61,72,86,86,11,28,51,51,75,89,89,109,109,190,235,264,289,314,183,236,278,278,293,293,293,304,325,345,360,360,360,360],"floor_reached":50,"language":"KOR","playtime":1014,"items_purged":["Strike_G","Eviscerate"],"score":1002,"play_id":"638df127-7766-4c46-81ad-f21a5a31fa4a","local_time":"20210208205109","is_ascension_mode":true,"campfire_choices":[{"floor":7,"key":"REST"},{"floor":11,"key":"REST"},{"data":"Neutralize","floor":15,"key":"SMITH"},{"data":"Bouncing Flask","floor":23,"key":"SMITH"},{"floor":30,"key":"REST"},{"floor":32,"key":"REST"},{"floor":41,"key":"REST"},{"data":"Catalyst","floor":44,"key":"SMITH"},{"floor":49,"key":"RECALL"}],"circlet_count":0,"master_deck":["AscendersBane","Survivor","Neutralize+1","Dash","Blur+1","Deflect","Poisoned Stab","Flash of Steel","Escape Plan","Dodge and Roll","Corpse Explosion","Flash of Steel","Bouncing Flask+1","Noxious Fumes","Adrenaline","Glass Knife","Envenom","Outmaneuver","Catalyst+1","PiercingWail","Blur+1","Well Laid Plans","Catalyst","Tactician","Footwork+1","PiercingWail"],"relics":["Ring of the Snake","CeramicFish","Tiny Chest","Regal Pillow","MawBank","Sozu","Bag of Preparation","Anchor","Pandora\u0027s Box","Ginger","Lantern","Smiling Mask"],"acts_visited":["Exordium","TheCity","TheBeyond"],"potions_floor_usage":[6,16,33],"damage_taken":[{"damage":1,"enemies":"Small Slimes","floor":1,"turns":4},{"damage":0,"enemies":"2 Louse","floor":2,"turns":4},{"damage":0,"enemies":"Jaw Worm","floor":5,"turns":4},{"damage":38,"enemies":"Gremlin Nob","floor":6,"turns":6},{"damage":0,"enemies":"Looter","floor":14,"turns":4},{"damage":12,"enemies":"The Guardian","floor":16,"turns":21},{"damage":18,"enemies":"Spheric Guardian","floor":18,"turns":7},{"damage":4,"enemies":"Chosen","floor":21,"turns":4},{"damage":1,"enemies":"Snake Plant","floor":22,"turns":4},{"damage":1,"enemies":"Centurion and Healer","floor":25,"turns":6},{"damage":0,"enemies":"Snecko","floor":28,"turns":5},{"damage":12,"enemies":"Snake Plant","floor":29,"turns":4},{"damage":25,"enemies":"Cultist and Chosen","floor":31,"turns":5},{"damage":42,"enemies":"Collector","floor":33,"turns":9},{"damage":3,"enemies":"3 Darklings","floor":35,"turns":3},{"damage":0,"enemies":"3 Shapes","floor":36,"turns":4},{"damage":1,"enemies":"Mind Bloom Boss Battle","floor":37,"turns":6},{"damage":41,"enemies":"Giant Head","floor":40,"turns":7},{"damage":14,"enemies":"Spire Growth","floor":42,"turns":5},{"damage":0,"enemies":"Sphere and 2 Shapes","floor":45,"turns":4},{"damage":0,"enemies":"Jaw Worm Horde","floor":46,"turns":1},{"damage":0,"enemies":"4 Shapes","floor":47,"turns":4},{"damage":2,"enemies":"Spire Growth","floor":48,"turns":4},{"damage":38,"enemies":"Donu and Deca","floor":50,"turns":4}],"seed_played":"5932572248219759633","potions_obtained":[{"floor":5,"key":"Fruit Juice"},{"floor":6,"key":"Dexterity Potion"},{"floor":14,"key":"Dexterity Potion"}],"is_trial":false,"path_per_floor":["M","M","?","?","M","E","R","?","T","$","R","$","T","M","R","B",null,"M","$","?","M","M","R","$","M","T","?","M","M","R","M","R","B",null,"M","M","?","$","T","E","R","M","T","R","M","M","M","M","R","B"],"character_chosen":"THE_SILENT","items_purchased":["Flash of Steel","Escape Plan","Flash of Steel","Bag of Preparation","Catalyst"],"campfire_rested":5,"item_purchase_floors":[10,10,19,19,38],"current_hp_per_floor":[58,58,38,38,38,5,26,19,19,19,55,55,55,55,55,43,64,46,46,46,42,41,41,41,40,40,20,20,8,45,20,57,15,61,58,58,57,57,57,16,53,39,39,39,39,39,39,37,37,0,0],"gold":360,"neow_bonus":"RANDOM_COMMON_RELIC","is_daily":false,"chose_seed":false,"campfire_upgraded":3,"win_rate":0.0,"timestamp":1612785069,"path_taken":["M","M","?","?","M","E","R","?","T","?","R","?","?","M","R","BOSS","M","$","?","M","M","R","$","M","T","?","M","M","R","M","R","BOSS","M","M","?","$","?","E","R","M","T","R","?","M","M","M","R","BOSS"],"items_purchased_type":["Card","Card","Card","Relic","Card"],"build_version":"2020-12-22","purchased_purges":2,"victory":false,"max_hp_per_floor":[66,66,66,66,66,71,71,71,71,71,71,71,71,71,71,71,71,71,71,71,71,71,71,71,71,71,76,76,76,76,76,76,76,76,76,76,76,76,76,76,76,76,76,76,76,76,76,76,76,76,76],"card_choices":[{"not_picked":["PiercingWail","Accuracy"],"picked":"Dash","floor":1},{"not_picked":["Underhanded Strike","Deadly Poison"],"picked":"Blur","floor":2},{"not_picked":["Underhanded Strike","Eviscerate","Sucker Punch"],"picked":"SKIP","floor":5},{"not_picked":["PiercingWail","Calculated Gamble"],"picked":"Poisoned Stab","floor":6},{"not_picked":["Tools of the Trade","Predator"],"picked":"Dodge and Roll","floor":14},{"not_picked":["Bullet Time","Unload"],"picked":"Corpse Explosion","floor":16},{"not_picked":["Concentrate","Underhanded Strike","Slice"],"picked":"SKIP","floor":18},{"not_picked":["Outmaneuver","Bane","Deadly Poison"],"picked":"SKIP","floor":21},{"not_picked":["Skewer","Distraction","Leg Sweep+1"],"picked":"SKIP","floor":22},{"not_picked":["Underhanded Strike","Bane+1","Setup"],"picked":"SKIP","floor":25},{"not_picked":["Backstab","Skewer"],"picked":"Noxious Fumes","floor":28},{"not_picked":["Reflex","Underhanded Strike","A Thousand Cuts"],"picked":"SKIP","floor":29},{"not_picked":["Deflect","Expertise","Sucker Punch"],"picked":"SKIP","floor":31},{"not_picked":["A Thousand Cuts","Burst"],"picked":"Adrenaline","floor":33},{"not_picked":["Setup+1","Outmaneuver"],"picked":"Blur+1","floor":35},{"not_picked":["Riddle With Holes","PiercingWail"],"picked":"Well Laid Plans","floor":36},{"not_picked":["Dagger Throw","Setup"],"picked":"Tactician","floor":40},{"not_picked":["Terror","Sucker Punch","Dagger Spray+1"],"picked":"SKIP","floor":42},{"not_picked":["Skewer","Dagger Spray+1","Quick Slash"],"picked":"SKIP","floor":45},{"not_picked":["Choke","Dagger Throw"],"picked":"Footwork+1","floor":46},{"not_picked":["Dagger Spray","Setup+1"],"picked":"PiercingWail","floor":47},{"not_picked":["Cloak And Dagger","Terror+1","Flechettes"],"picked":"SKIP","floor":48}],"player_experience":1526567,"relics_obtained":[{"floor":6,"key":"Tiny Chest"},{"floor":9,"key":"Regal Pillow"},{"floor":13,"key":"MawBank"},{"floor":26,"key":"Anchor"},{"floor":37,"key":"Ginger"},{"floor":39,"key":"Lantern"},{"floor":40,"key":"Smiling Mask"}],"event_choices":[{"damage_healed":0,"gold_gain":0,"player_choice":"Entered Light","damage_taken":20,"max_hp_gain":0,"max_hp_loss":0,"event_name":"Shining Light","floor":3,"gold_loss":0,"cards_upgraded":["Strike_G","Blur"]},{"damage_healed":0,"gold_gain":0,"cards_transformed":["Defend_G"],"player_choice":"Change","damage_taken":0,"max_hp_gain":0,"max_hp_loss":0,"event_name":"Living Wall","floor":4,"gold_loss":0,"cards_obtained":["Deflect"]},{"cards_removed":["Strike_G"],"damage_healed":0,"gold_gain":0,"player_choice":"Card Removal","damage_taken":7,"max_hp_gain":0,"max_hp_loss":0,"event_name":"Golden Wing","floor":8,"gold_loss":0},{"damage_healed":0,"gold_gain":0,"cards_transformed":["Strike_G","Strike_G"],"player_choice":"Became Test Subject","damage_taken":0,"max_hp_gain":0,"max_hp_loss":0,"event_name":"Drug Dealer","floor":20,"gold_loss":0,"cards_obtained":["Bouncing Flask","Eviscerate"]},{"damage_healed":0,"gold_gain":0,"player_choice":"Shed Blood","damage_taken":25,"max_hp_gain":5,"max_hp_loss":0,"event_name":"Forgotten Altar","floor":27,"gold_loss":0},{"damage_healed":0,"gold_gain":0,"player_choice":"Fight","damage_taken":0,"max_hp_gain":0,"max_hp_loss":0,"event_name":"MindBloom","floor":37,"gold_loss":0}],"is_beta":false,"boss_relics":[{"not_picked":["Cursed Key","Ring of the Serpent"],"picked":"Sozu"},{"not_picked":["Astrolabe","Calling Bell"],"picked":"Pandora\u0027s Box"}],"items_purged_floors":[24,38],"is_endless":false,"potions_floor_spawned":[5,6,14,21,22,28,31,37,45,47,48],"killed_by":"Donu and Deca","ascension_level":20}}