{"host":"sutwlwo4qckeqch7","time":1612754648,"event":{"mods":["AchievementEnabler","BaseMod","BetterRewards","Colored Map","Marisa????????","Minty Spire (QoL Compilation)","StSLib"],"gold_per_floor":[110,285,303,7,7,7,7,26,26,69,69,69,92,112,112,236,236,222,28,28,38,38,65,65,94,119,130,130,130],"floor_reached":28,"language":"ENG","playtime":896,"items_purged":["Doubt"],"score":294,"play_id":"d0e3470f-1759-4a7b-b57e-dd6ebc475f74","local_time":"20210207212408","is_ascension_mode":true,"campfire_choices":[{"data":"Crippling Poison","floor":6,"key":"SMITH"},{"floor":12,"key":"REST"},{"floor":15,"key":"REST"},{"data":"Noxious Fumes","floor":24,"key":"SMITH"}],"circlet_count":0,"master_deck":["Strike_G","Strike_G","Strike_G+1","Strike_G","Strike_G","Defend_G","Defend_G","Defend_G","Defend_G","Defend_G","Survivor","Neutralize","Dodge and Roll+1","Backflip","Crippling Poison+1","Die Die Die","Cloak And Dagger","Accuracy","Deadly Poison","Venomology","Noxious Fumes+1","Deadly Poison","Escape Plan"],"relics":["Ring of the Snake","NeowsBlessing","Bloody Idol","White Beast Statue","Sundial","Ice Cream","Busted Crown","Lee\u0027s Waffle","Ginger","Girya","Omamori"],"acts_visited":["Exordium","TheCity"],"potions_floor_usage":[16,23,25,25,27,28,28,28],"damage_taken":[{"damage":0,"enemies":"Cultist","floor":1,"turns":1},{"damage":0,"enemies":"Small Slimes","floor":3,"turns":1},{"damage":0,"enemies":"2 Louse","floor":8,"turns":1},{"damage":43,"enemies":"Lagavulin","floor":10,"turns":12},{"damage":2,"enemies":"Exordium Thugs","floor":13,"turns":3},{"damage":9,"enemies":"Blue Slaver","floor":14,"turns":3},{"damage":33,"enemies":"The Guardian","floor":16,"turns":14},{"damage":4,"enemies":"2 Thieves","floor":18,"turns":4},{"damage":9,"enemies":"Spheric Guardian","floor":21,"turns":4},{"damage":22,"enemies":"Book of Stabbing","floor":23,"turns":5},{"damage":36,"enemies":"Gremlin Leader","floor":25,"turns":7},{"damage":21,"enemies":"Snake Plant","floor":27,"turns":5},{"damage":14,"enemies":"Snecko","floor":28,"turns":3}],"seed_played":"-5293618814786160981","potions_obtained":[{"floor":1,"key":"Energy Potion"},{"floor":3,"key":"Ancient Potion"},{"floor":10,"key":"SpeedPotion"},{"floor":13,"key":"Dexterity Potion"},{"floor":14,"key":"SkillPotion"},{"floor":16,"key":"Poison Potion"},{"floor":23,"key":"Weak Potion"},{"floor":25,"key":"Energy Potion"}],"is_trial":false,"path_per_floor":["M","?","M","$","?","R","?","M","T","E","T","R","M","M","R","B",null,"M","$","?","M","?","E","R","E","T","M","M"],"character_chosen":"THE_SILENT","items_purchased":["Crippling Poison","Die Die Die","Lee\u0027s Waffle","Noxious Fumes"],"campfire_rested":2,"item_purchase_floors":[4,4,19,19],"current_hp_per_floor":[70,70,70,70,56,56,56,56,56,13,13,32,30,21,40,7,65,61,72,72,68,68,51,51,20,25,9,0,0],"gold":130,"neow_bonus":"THREE_ENEMY_KILL","is_daily":false,"chose_seed":false,"campfire_upgraded":2,"win_rate":0.0,"timestamp":1612754648,"path_taken":["M","?","M","$","?","R","?","M","T","E","?","R","M","M","R","BOSS","M","$","?","M","?","E","R","E","T","M","M"],"items_purchased_type":["Card","Card","Relic","Card"],"build_version":"2020-12-22","purchased_purges":1,"victory":false,"max_hp_per_floor":[70,70,70,70,70,70,65,65,65,65,65,65,65,65,65,65,65,65,72,72,72,72,72,72,72,72,72,72,72],"card_choices":[{"not_picked":["Eviscerate","Quick Slash"],"picked":"Dodge and Roll","floor":1},{"not_picked":["Quick Slash","Bane"],"picked":"Backflip","floor":3},{"not_picked":["All Out Attack","Dodge and Roll"],"picked":"Cloak And Dagger","floor":8},{"not_picked":["Skewer","Setup"],"picked":"Accuracy","floor":10},{"not_picked":["Outmaneuver","Quick Slash"],"picked":"Deadly Poison","floor":13},{"not_picked":["Masterful Stab","Eviscerate","Dagger Throw"],"picked":"SKIP","floor":14},{"not_picked":["Die Die Die","Bullet Time"],"picked":"Venomology","floor":16},{"not_picked":["Underhanded Strike"],"picked":"SKIP","floor":18},{"not_picked":[],"picked":"Deadly Poison","floor":21},{"not_picked":[],"picked":"Escape Plan","floor":23},{"not_picked":["Dagger Throw"],"picked":"SKIP","floor":25},{"not_picked":["Heel Hook"],"picked":"SKIP","floor":27}],"player_experience":181573,"relics_obtained":[{"floor":9,"key":"White Beast Statue"},{"floor":10,"key":"Sundial"},{"floor":11,"key":"Ice Cream"},{"floor":23,"key":"Ginger"},{"floor":25,"key":"Girya"},{"floor":26,"key":"Omamori"}],"event_choices":[{"damage_healed":0,"gold_gain":175,"player_choice":"AGREE","damage_taken":0,"max_hp_gain":0,"max_hp_loss":0,"event_name":"Liars Game","floor":2,"gold_loss":0,"cards_obtained":["Doubt"]},{"damage_healed":0,"gold_gain":0,"player_choice":"Entered Light","damage_taken":14,"max_hp_gain":0,"max_hp_loss":0,"event_name":"Shining Light","floor":5,"gold_loss":0,"cards_upgraded":["Strike_G","Dodge and Roll"]},{"damage_healed":0,"gold_gain":0,"player_choice":"Lose Max HP","damage_taken":0,"relics_obtained":["Golden Idol"],"max_hp_gain":0,"max_hp_loss":5,"event_name":"Golden Idol","floor":7,"gold_loss":0},{"damage_healed":0,"gold_gain":0,"player_choice":"Gave Idol","damage_taken":0,"relics_obtained":["Bloody Idol"],"max_hp_gain":0,"max_hp_loss":0,"event_name":"Forgotten Altar","floor":20,"relics_lost":["Golden Idol"],"gold_loss":0},{"damage_healed":0,"gold_gain":0,"player_choice":"Ignored","damage_taken":0,"max_hp_gain":0,"max_hp_loss":0,"event_name":"Vampires","floor":22,"gold_loss":0}],"is_beta":false,"boss_relics":[{"not_picked":["HoveringKite","Pandora\u0027s Box"],"picked":"Busted Crown"}],"items_purged_floors":[4],"is_endless":false,"potions_floor_spawned":[1,3,10,13,14,16,18,21,23,25,27],"killed_by":"Snecko","ascension_level":3}}