{"host":"miejrq8yypas90n2","time":1612790385,"event":{"mods":["100% Spire Juice","AchievementEnabler","Act Like it!","BaseMod","Colored Powertips","Gensokyo","Marisa£®ÏF”Í°°ƒß¿Ì…≥£©","Minty Spire (QoL Compilation)","Reimu£®≤©¿ˆ¡È√Œ£©","StSLib","noobMod"],"gold_per_floor":[117,117,134,59,69,69,69,69,69,69,96,114,114,130,130,202,202,216,216,136,147,164,164,174,208,234,234,234,234,74,94,94,168,168,187,187,87,105,105,105,139,139,166,217,244,258,276,151,151,151,151],"floor_reached":52,"language":"ZHS","playtime":1420,"items_purged":["Strike_R","Defend_R","Defend_R"],"score":2006,"play_id":"f7b60749-2bbb-458f-9696-0dc7dad18ac1","local_time":"20210208211945","is_ascension_mode":true,"campfire_choices":[{"data":"Sword Boomerang","floor":6.0,"key":"SMITH"},{"data":"Infernal Blade","floor":10.0,"key":"SMITH"},{"data":"Strike_R","floor":13.0,"key":"SMITH"},{"data":"Cleave","floor":15.0,"key":"SMITH"},{"data":"RitualDagger","floor":23.0,"key":"SMITH"},{"data":"Offering","floor":27.0,"key":"SMITH"},{"data":"Heavy Blade","floor":32.0,"key":"SMITH"},{"data":"Heavy Blade","floor":40,"key":"SMITH"},{"data":"Madness","floor":42,"key":"SMITH"},{"data":"Strike_R","floor":49,"key":"SMITH"}],"circlet_count":0,"master_deck":["AscendersBane","Strike_R","Strike_R","Strike_R+1","Strike_R+1","Defend_R+1","Bash+1","Infernal Blade+1","Sword Boomerang+1","Cleave+1","Offering+1","RitualDagger+1","Heavy Blade+1","Heavy Blade+1","Reaper","Madness+1","Madness"],"relics":["Burning Blood","ice","Dead Branch","Bronze Scales","Snecko Eye","ZunR:ReiMu","Omamori","Anchor","DollysMirror","Black Star","Gremlin Horn","Juzu Bracelet","Strawberry","CatCart","Boot","Lizard Tail"],"acts_visited":["Exordium","TheCity","TheBeyond"],"potions_floor_usage":[],"damage_taken":[{"damage":21.0,"enemies":"Jaw Worm","floor":1.0,"turns":4.0},{"damage":3.0,"enemies":"2 Louse","floor":3.0,"turns":3.0},{"damage":10.0,"enemies":"Small Slimes","floor":5.0,"turns":3.0},{"damage":30.0,"enemies":"3 Sentries","floor":11.0,"turns":5.0},{"damage":0.0,"enemies":"Looter","floor":12.0,"turns":1.0},{"damage":5.0,"enemies":"3 Louse","floor":14.0,"turns":2.0},{"damage":11.0,"enemies":"Slime Boss","floor":16.0,"turns":6.0},{"damage":6.0,"enemies":"Chosen","floor":18.0,"turns":3.0},{"damage":6.0,"enemies":"3 Byrds","floor":21.0,"turns":2.0},{"damage":11.0,"enemies":"Sentry and Sphere","floor":22.0,"turns":3.0},{"damage":24.0,"enemies":"Snake Plant","floor":24.0,"turns":3.0},{"damage":36.0,"enemies":"Gremlin Leader","floor":25.0,"turns":3.0},{"damage":6.0,"enemies":"Snecko","floor":31.0,"turns":1.0},{"damage":8.0,"enemies":"Automaton","floor":33.0,"turns":3.0},{"damage":30,"enemies":"3 Shapes","floor":35,"turns":2},{"damage":21,"enemies":"3 Darklings","floor":38,"turns":3},{"damage":55,"enemies":"Giant Head","floor":41,"turns":6},{"damage":48,"enemies":"Orin","floor":44,"turns":5},{"damage":71,"enemies":"Nemesis","floor":45,"turns":5},{"damage":10,"enemies":"Transient","floor":46,"turns":4},{"damage":6,"enemies":"Maw","floor":47,"turns":2},{"damage":69,"enemies":"Awakened One","floor":50,"turns":4},{"damage":39,"enemies":"Donu and Deca","floor":51,"turns":4}],"seed_played":"-445600375262923153","potions_obtained":[{"floor":3.0,"key":"Block Potion"},{"floor":11.0,"key":"GamblersBrew"},{"floor":41,"key":"SmokeBomb"},{"floor":45,"key":"LiquidBronze"}],"is_trial":false,"path_per_floor":["M","?","M","$","M","R","$","?","T","R","E","M","R","M","R","B",null,"M","?","?","M","M","R","M","E","T","R","?","?","$","M","R","B",null,"M","?","$","M","?","R","E","R","T","?","E","M","M","$","R","B","B",null],"character_chosen":"IRONCLAD","items_purchased":["DollysMirror"],"campfire_rested":0,"item_purchase_floors":[30],"current_hp_per_floor":[53,30,33,33,29,29,29,34,34,34,80,80,80,81,81,76,81,81,75,67,67,62,62,44,99,99,99,99,69,69,69,69,67,97,87,87,87,72,53,53,107,107,114,72,126,128,129,129,129,82,65],"gold":151,"neow_bonus":"THREE_CARDS","is_daily":false,"chose_seed":false,"campfire_upgraded":10,"win_rate":0.0,"timestamp":1612790385,"path_taken":["M","?","M","$","M","R","$","?","T","R","E","M","R","M","R","BOSS","M","?","?","M","M","R","M","E","T","R","?","?","$","M","R","BOSS","M","?","$","?","?","R","E","R","T","?","E","M","M","$","R","BOSS","BOSS"],"items_purchased_type":["Relic"],"build_version":"2020-12-22","purchased_purges":3,"victory":true,"max_hp_per_floor":[75,75,75,75,75,75,75,80,80,80,80,80,80,83,83,83,83,83,83,83,89,90,90,93,99,99,99,99,104,104,104,104,107,107,107,107,107,107,107,107,107,107,114,121,126,129,129,129,129,131,135],"card_choices":[{"not_picked":["True Grit","Wild Strike","Havoc"],"picked":"SKIP","floor":1.0},{"not_picked":["Wild Strike","Uppercut"],"picked":"Infernal Blade","floor":3.0},{"not_picked":["Clothesline","Cleave"],"picked":"Sword Boomerang","floor":5.0},{"not_picked":["Clash","Sever Soul","Intimidate"],"picked":"SKIP","floor":11.0},{"not_picked":["Power Through","Inflame","Shrug It Off"],"picked":"SKIP","floor":12.0},{"not_picked":["Body Slam","Evolve"],"picked":"Cleave","floor":14.0},{"not_picked":["Impervious","Berserk"],"picked":"Offering","floor":16.0},{"not_picked":["Reckless Charge","Perfected Strike","Power Through"],"picked":"SKIP","floor":18.0},{"not_picked":["Perfected Strike","Shrug It Off+1","Havoc"],"picked":"SKIP","floor":21.0},{"not_picked":["Headbutt","Shrug It Off","True Grit"],"picked":"SKIP","floor":22.0},{"not_picked":["Wild Strike","Body Slam","Evolve+1"],"picked":"SKIP","floor":24.0},{"not_picked":["Wild Strike","Body Slam","Evolve+1"],"picked":"SKIP","floor":24.0},{"not_picked":["Wild Strike","Feed","Bloodletting"],"picked":"SKIP","floor":25.0},{"not_picked":["Wild Strike","Twin Strike","Blood for Blood+1"],"picked":"SKIP","floor":31.0},{"not_picked":["Juggernaut","Brutality"],"picked":"Reaper","floor":33.0},{"not_picked":["Armaments","Entrench","Shrug It Off+1"],"picked":"SKIP","floor":35},{"not_picked":["Sword Boomerang","Clash","Armaments"],"picked":"SKIP","floor":38},{"not_picked":["Sword Boomerang","Clash","Armaments"],"picked":"SKIP","floor":38},{"not_picked":["Flame Barrier","Rage","Headbutt"],"picked":"SKIP","floor":41},{"not_picked":["Iron Wave+1","Spot Weakness","Perfected Strike+1"],"picked":"SKIP","floor":45},{"not_picked":["Dropkick+1","Headbutt","Clash+1"],"picked":"SKIP","floor":46},{"not_picked":["Carnage","Perfected Strike","Pommel Strike"],"picked":"SKIP","floor":47}],"player_experience":375951,"relics_obtained":[{"floor":9.0,"key":"Dead Branch"},{"floor":11.0,"key":"Bronze Scales"},{"floor":25.0,"key":"Omamori"},{"floor":26.0,"key":"Anchor"},{"floor":41,"key":"Gremlin Horn"},{"floor":41,"key":"Juzu Bracelet"},{"floor":43,"key":"Strawberry"},{"floor":44,"key":"CatCart"},{"floor":45,"key":"Boot"},{"floor":45,"key":"Lizard Tail"}],"event_choices":[{"damage_healed":0.0,"max_hp_gain":0.0,"max_hp_loss":0.0,"gold_gain":0.0,"event_name":"Shining Light","player_choice":"Entered Light","floor":2.0,"gold_loss":0.0,"damage_taken":23.0,"cards_upgraded":["Defend_R","Bash"]},{"damage_healed":0.0,"max_hp_gain":5.0,"max_hp_loss":0.0,"gold_gain":0.0,"event_name":"Big Fish","player_choice":"Donut","floor":8.0,"gold_loss":0.0,"damage_taken":0.0},{"damage_healed":0.0,"max_hp_gain":0.0,"max_hp_loss":0.0,"gold_gain":0.0,"event_name":"Nest","player_choice":"Joined the Cult","floor":19.0,"gold_loss":0.0,"damage_taken":6.0,"cards_obtained":["RitualDagger"]},{"damage_healed":0.0,"max_hp_gain":0.0,"max_hp_loss":0.0,"gold_gain":0.0,"event_name":"ZunEvent","player_choice":"π∫¬Ú…Òæ∆","floor":20.0,"gold_loss":0.0,"damage_taken":8.0,"relics_obtained":["ZunR:ReiMu"]},{"damage_healed":0.0,"max_hp_gain":0.0,"max_hp_loss":0.0,"gold_gain":0.0,"event_name":"The Library","player_choice":"Read","floor":28.0,"gold_loss":0.0,"damage_taken":0.0,"cards_obtained":["Heavy Blade"]},{"damage_healed":0.0,"max_hp_gain":5.0,"max_hp_loss":0.0,"gold_gain":0.0,"event_name":"Forgotten Altar","player_choice":"Shed Blood","floor":29.0,"gold_loss":0.0,"damage_taken":35.0},{"cards_removed":["Defend_R"],"damage_healed":0,"gold_gain":0,"player_choice":"Offered Basic","damage_taken":0,"max_hp_gain":0,"max_hp_loss":0,"event_name":"Bonfire Elementals","floor":36,"gold_loss":0},{"damage_healed":0,"gold_gain":0,"player_choice":"Embrace Madness","damage_taken":19,"max_hp_gain":0,"max_hp_loss":0,"event_name":"Winding Halls","floor":39,"gold_loss":0,"cards_obtained":["Madness","Madness"]},{"damage_healed":0,"gold_gain":0,"player_choice":"Fight","damage_taken":0,"max_hp_gain":0,"max_hp_loss":0,"event_name":"OrinTheCat","floor":44,"gold_loss":0}],"is_beta":false,"boss_relics":[{"not_picked":["SlaversCollar","Black Blood"],"picked":"Snecko Eye"},{"not_picked":["Calling Bell","Fusion Hammer"],"picked":"Black Star"}],"items_purged_floors":[4,37,48],"is_endless":false,"potions_floor_spawned":[3,11,12,25,33,41,45,47],"ascension_level":20}}