{"host":"Krakhan","time":1612743504,"event":{"mods":["AchievementEnabler","BaseMod","Colored Map","Colored Powertips","Faster Ascension Climbing","Highlight Path","Minty Spire (QoL Compilation)","Rare Cards Sparkle","Relic Stats","StSLib"],"gold_per_floor":[113,127,127,147,147,179,179,190,190,190,222,242,242,271,271,346,346,364,2,2,33,53,53,72,72,122,134,180,192,55,66,66,66,66],"floor_reached":33,"language":"ENG","playtime":3238,"items_purged":["Study"],"score":566,"play_id":"8dafd088-c029-41a9-bf58-4dd1e4dcd4a0","local_time":"20210207191824","is_ascension_mode":true,"campfire_choices":[{"data":"BowlingBash","floor":7.0,"key":"SMITH"},{"data":"FlyingSleeves","floor":10.0,"key":"SMITH"},{"floor":13.0,"key":"REST"},{"data":"Protect","floor":15.0,"key":"SMITH"},{"floor":23.0,"key":"REST"},{"data":"TalkToTheHand","floor":25.0,"key":"SMITH"},{"data":"Study","floor":27.0,"key":"SMITH"},{"floor":29.0,"key":"REST"},{"data":"Wallop","floor":32,"key":"SMITH"}],"circlet_count":0,"master_deck":["AscendersBane","Eruption","Vigilance","PathToVictory","FlyingSleeves+1","BowlingBash+1","EmptyMind","Scrawl","FearNoEvil","Protect+1","CrushJoints","ThirdEye","SpiritShield","Study+1","Wallop+1","Study+1","Evaluate","WaveOfTheHand","Crescendo","Vengeance","TalkToTheHand+1","Indignation+1","FlurryOfBlows","LessonLearned","Consecrate+1","TalkToTheHand+1","ForeignInfluence+1"],"relics":["SlaversCollar","HornCleat","Pantograph","Letter Opener","Gremlin Horn","Pandora\u0027s Box","Mummified Hand","Red Mask","MawBank","Molten Egg 2"],"acts_visited":["Exordium","TheCity"],"potions_floor_usage":[31,33],"damage_taken":[{"damage":6.0,"enemies":"2 Louse","floor":1.0,"turns":3.0},{"damage":1.0,"enemies":"Small Slimes","floor":2.0,"turns":4.0},{"damage":1.0,"enemies":"Cultist","floor":4.0,"turns":4.0},{"damage":16.0,"enemies":"Gremlin Nob","floor":6.0,"turns":3.0},{"damage":4.0,"enemies":"Red Slaver","floor":8.0,"turns":4.0},{"damage":5.0,"enemies":"3 Sentries","floor":11.0,"turns":6.0},{"damage":0.0,"enemies":"2 Fungi Beasts","floor":12.0,"turns":2.0},{"damage":2.0,"enemies":"Gremlin Nob","floor":14.0,"turns":3.0},{"damage":32.0,"enemies":"The Guardian","floor":16.0,"turns":12.0},{"damage":6.0,"enemies":"3 Byrds","floor":18.0,"turns":4.0},{"damage":15.0,"enemies":"Masked Bandits","floor":21.0,"turns":5.0},{"damage":23.0,"enemies":"Spheric Guardian","floor":22.0,"turns":5.0},{"damage":4.0,"enemies":"3 Cultists","floor":24.0,"turns":4.0},{"damage":29.0,"enemies":"Book of Stabbing","floor":28.0,"turns":4.0},{"damage":7,"enemies":"Snecko","floor":31,"turns":8},{"damage":60,"enemies":"Champ","floor":33,"turns":7}],"seed_played":"-1429749209667394146","potions_obtained":[{"floor":2.0,"key":"Strength Potion"},{"floor":4.0,"key":"FearPotion"},{"floor":21.0,"key":"Ancient Potion"},{"floor":22.0,"key":"BlessingOfTheForge"},{"floor":31,"key":"GamblersBrew"}],"is_trial":false,"path_per_floor":["M","M","?","M","?","E","R","M","T","R","E","M","R","E","R","B",null,"M","$","?","?","M","R","M","R","T","R","E","R","$","M","R","B"],"character_chosen":"WATCHER","items_purchased":["Mummified Hand","Vengeance","ColorlessPotion","TalkToTheHand+1"],"campfire_rested":3,"item_purchase_floors":[19,19,19,30],"current_hp_per_floor":[55,54,47,46,46,30,30,26,26,26,21,21,41,39,39,32,59,53,53,53,38,15,35,31,31,31,31,2,22,22,15,15,0,0],"gold":66,"neow_bonus":"BOSS_RELIC","is_daily":false,"chose_seed":false,"campfire_upgraded":6,"win_rate":0.0,"timestamp":1612743504,"path_taken":["M","M","?","M","?","E","R","M","T","R","E","?","R","E","R","BOSS","M","$","?","?","M","R","M","R","T","R","E","R","?","M","R","BOSS"],"items_purchased_type":["Relic","Card","Potion","Card"],"build_version":"2020-12-18","purchased_purges":1,"victory":false,"max_hp_per_floor":[68,68,68,68,68,68,68,68,68,68,68,68,68,68,68,68,68,68,68,68,68,68,68,68,68,68,68,68,68,68,68,68,68,68],"relic_stats":{"Gremlin Horn":[5,6],"counters":[16,78],"Mummified Hand":[16],"Pantograph":50,"Pandora\u0027s Box":["Study","Study","Wallop","Study","Evaluate","WaveOfTheHand"],"Letter Opener":[87],"MawBank":48,"obtain_stats":[{"SlaversCollar":0,"HornCleat":6,"Gremlin Horn":14,"Mummified Hand":19,"Pantograph":9,"Pandora\u0027s Box":17,"Molten Egg 2":28,"Red Mask":21,"Letter Opener":11,"PureWater":0,"MawBank":26},{"SlaversCollar":0,"HornCleat":4,"Gremlin Horn":8,"Mummified Hand":10,"Pantograph":5,"Pandora\u0027s Box":9,"Molten Egg 2":14,"Red Mask":11,"Letter Opener":6,"PureWater":0,"MawBank":13},{"SlaversCollar":0,"HornCleat":14,"Gremlin Horn":29,"Mummified Hand":45,"Pantograph":18,"Pandora\u0027s Box":41,"Molten Egg 2":63,"Red Mask":50,"Letter Opener":24,"PureWater":0,"MawBank":59}]},"card_choices":[{"not_picked":["WreathOfFlame","Pray"],"picked":"PathToVictory","floor":1.0},{"not_picked":["Sanctity","WindmillStrike"],"picked":"FlyingSleeves","floor":2.0},{"not_picked":["FlyingSleeves","Meditate"],"picked":"BowlingBash","floor":4.0},{"not_picked":["Pray","FlyingSleeves"],"picked":"Scrawl","floor":6.0},{"not_picked":["CutThroughFate","JustLucky"],"picked":"FearNoEvil","floor":8.0},{"not_picked":["Prostrate","CrushJoints"],"picked":"Protect","floor":11.0},{"not_picked":["SignatureMove","Fasting2"],"picked":"CrushJoints","floor":12.0},{"not_picked":["CutThroughFate","Perseverance"],"picked":"ThirdEye","floor":14.0},{"not_picked":["Alpha","ConjureBlade"],"picked":"SpiritShield","floor":16.0},{"not_picked":["CrushJoints","ClearTheMind"],"picked":"Crescendo","floor":18.0},{"not_picked":["BowlingBash","Evaluate"],"picked":"Indignation+1","floor":21.0},{"not_picked":["SashWhip","Evaluate"],"picked":"FlurryOfBlows","floor":22.0},{"not_picked":["JustLucky","ForeignInfluence"],"picked":"LessonLearned","floor":24.0},{"not_picked":["BattleHymn","WaveOfTheHand"],"picked":"Consecrate+1","floor":28.0},{"not_picked":["SandsOfTime+1","ClearTheMind"],"picked":"ForeignInfluence+1","floor":31}],"player_experience":1378692,"relics_obtained":[{"floor":6.0,"key":"HornCleat"},{"floor":9.0,"key":"Pantograph"},{"floor":11.0,"key":"Letter Opener"},{"floor":14.0,"key":"Gremlin Horn"},{"floor":21.0,"key":"Red Mask"},{"floor":26.0,"key":"MawBank"},{"floor":28.0,"key":"Molten Egg 2"}],"event_choices":[{"cards_removed":["Defend_P"],"damage_healed":0.0,"max_hp_gain":0.0,"max_hp_loss":0.0,"gold_gain":0.0,"event_name":"Golden Wing","player_choice":"Card Removal","floor":3.0,"gold_loss":0.0,"damage_taken":7.0},{"damage_healed":0.0,"max_hp_gain":0.0,"max_hp_loss":0.0,"gold_gain":0.0,"cards_transformed":["Strike_P"],"event_name":"Transmorgrifier","player_choice":"Transformed","floor":5.0,"gold_loss":0.0,"damage_taken":0.0,"cards_obtained":["EmptyMind"]},{"damage_healed":0.0,"max_hp_gain":0.0,"max_hp_loss":0.0,"gold_gain":0.0,"event_name":"The Library","player_choice":"Read","floor":20.0,"gold_loss":0.0,"damage_taken":0.0,"cards_obtained":["TalkToTheHand"]},{"damage_healed":0.0,"max_hp_gain":0.0,"max_hp_loss":0.0,"gold_gain":0.0,"event_name":"Masked Bandits","player_choice":"Fought Bandits","floor":21.0,"gold_loss":0.0,"damage_taken":0.0}],"is_beta":true,"boss_relics":[{"not_picked":["Busted Crown","Empty Cage"],"picked":"Pandora\u0027s Box"}],"items_purged_floors":[30],"is_endless":false,"potions_floor_spawned":[2,4,21,22,31],"killed_by":"Champ","ascension_level":20}}