{"host":"lblchrha3vh2nram","time":1612807041,"event":{"mods":["BaseMod","Bestiary","Better Altar","Better Skull","Better Third Choice","ChefMod","Downfall","Evolution","Hermit","Highlight Path","Mad Scientist","Minty Spire (QoL Compilation)","Potionbrewer","Shade Mod","Spicy Shops","StSLib","The Blue Laboratory","The Bug Knight","The Dragon Tamer","The Elementalist","The Hierophant","The Kombatant","The Marked","????"],"gold_per_floor":[119,131,181,194,194,194,224,224,224,253,253,8,8,18,18,115,115,126,126,136,136,155,155,190,190,190,299,19,38,53,70,70,168,218,237,287,302,0,23,23,33,33,33,46,46,46],"floor_reached":47,"language":"ENG","playtime":2517,"items_purged":["Bash"],"score":703,"play_id":"da52cde1-df73-4d00-9440-98b1f1ed7c41","local_time":"20210208125721","is_ascension_mode":false,"campfire_choices":[{"floor":6,"key":"REST"},{"floor":8,"key":"REST"},{"data":"Limit Break","floor":11,"key":"SMITH"},{"data":"Flex","floor":13,"key":"SMITH"},{"data":"Inflame","floor":15,"key":"SMITH"},{"floor":23,"key":"REST"},{"floor":25,"key":"REST"},{"floor":32,"key":"REST"},{"floor":40,"key":"REST"}],"circlet_count":0,"master_deck":["Iron Wave+1","Iron Wave+1","Strike_R","Strike_R+1","Defend_R+1","Defend_R+1","Defend_R","Defend_R+1","Flex+1","Heavy Blade","Inflame+1","Limit Break+1","True Grit+1","Fire Breathing+1","Writhe","Spot Weakness+1","Juggernaut","Shrug It Off+1"],"relics":["Burning Blood","EVO:Axolotl","potionbrewer:ToyAutogyro","Torii","Champion Belt","Centennial Puzzle","Shuriken","Fusion Hammer","Bloody Idol","Blood Vial","Lizard Tail","potionbrewer:SlideRule","potionbrewer:Torch","Bronze Scales","Tiny House","TungstenRod","Red Mask","PlaceholderMod:DeVermisMysteriis","elementalistmod:GreenCirclet","CaptainsWheel"],"acts_visited":["Exordium","TheCity","TheBeyond"],"potions_floor_usage":[16,16,16,16,24,24,33,37,41,46],"damage_taken":[{"damage":1,"enemies":"Cultist","floor":1,"turns":3},{"damage":2,"enemies":"2 Louse","floor":2,"turns":4},{"damage":0,"enemies":"Small Slimes","floor":4,"turns":3},{"damage":22,"enemies":"Lagavulin","floor":7,"turns":6},{"damage":27,"enemies":"Gremlin Nob","floor":10,"turns":5},{"damage":1,"enemies":"2 Fungi Beasts","floor":14,"turns":3},{"damage":9,"enemies":"The Guardian","floor":16,"turns":6},{"damage":4,"enemies":"3 Byrds","floor":18,"turns":5},{"damage":1,"enemies":"Chosen","floor":20,"turns":3},{"damage":16,"enemies":"Snake Plant","floor":22,"turns":3},{"damage":1,"enemies":"HollowMod:Nosk","floor":24,"turns":8},{"damage":8,"enemies":"Sentry and Sphere","floor":29,"turns":4},{"damage":1,"enemies":"Centurion and Healer","floor":30,"turns":5},{"damage":2,"enemies":"3 Cultists","floor":31,"turns":4},{"damage":24,"enemies":"Automaton","floor":33,"turns":6},{"damage":1,"enemies":"Orb Walker","floor":35,"turns":2},{"damage":38,"enemies":"Mind Bloom Boss Battle","floor":36,"turns":6},{"damage":14,"enemies":"3 Darklings","floor":37,"turns":5},{"damage":5,"enemies":"Jaw Worm Horde","floor":41,"turns":4},{"damage":0,"enemies":"Spire Growth","floor":44,"turns":4},{"damage":57,"enemies":"Awakened One","floor":46,"turns":9}],"seed_played":"-8438703217249032927","potions_obtained":[{"floor":7,"key":"Weak Potion"},{"floor":10,"key":"EntropicBrew"},{"floor":14,"key":"blueLaboratory:HorrorPotion"},{"floor":16,"key":"blueLaboratory:EnragingPotion"},{"floor":18,"key":"Energy Potion"},{"floor":22,"key":"potionbrewer:AcidPotion"},{"floor":33,"key":"potionbrewer:AcidPotion"},{"floor":34,"key":"Ancient Potion"},{"floor":35,"key":"Explosive Potion"},{"floor":36,"key":"Block Potion"}],"is_trial":false,"path_per_floor":["M","M","?","M","?","R","E","R","T","E","R","$","R","M","R","B",null,"M","?","M","?","M","R","E","R","T","?","$","M","M","M","R","B",null,"M","?","M","?","T","R","M","?","T","M","?","B",null],"character_chosen":"IRONCLAD","items_purchased":["Shuriken","potionbrewer:Torch","Bronze Scales"],"campfire_rested":6,"item_purchase_floors":[12,28,28],"current_hp_per_floor":[77,81,81,87,31,59,43,71,71,50,50,50,50,55,55,52,96,96,96,96,23,20,48,60,88,88,36,36,41,53,64,92,81,101,101,74,73,73,78,101,101,101,101,101,101,50],"gold":46,"neow_bonus":"TWENTY_PERCENT_HP_BONUS","is_daily":false,"chose_seed":false,"campfire_upgraded":3,"win_rate":0.0,"timestamp":1612807041,"path_taken":["M","?","?","M","?","R","E","R","T","E","R","$","R","?","R","BOSS","M","?","M","?","M","R","E","R","T","?","$","M","M","?","R","BOSS","M","?","M","?","?","R","M","?","T","?","?","BOSS"],"items_purchased_type":["Relic","Relic","Relic"],"build_version":"2020-12-22","purchased_purges":1,"victory":true,"max_hp_per_floor":[96,96,96,96,96,96,96,96,96,96,96,96,96,96,96,96,96,96,96,96,96,96,96,96,96,96,96,96,96,96,96,96,96,101,101,101,101,101,101,101,101,101,101,101,101,101],"card_choices":[{"not_picked":["Twin Strike","Pommel Strike"],"picked":"Flex","floor":1},{"not_picked":["Perfected Strike","Thunderclap"],"picked":"Heavy Blade","floor":2},{"not_picked":["Rampage","Body Slam"],"picked":"Inflame","floor":4},{"not_picked":["Heavy Blade","Dropkick"],"picked":"Limit Break","floor":7},{"not_picked":["Second Wind","Armaments","Bloodletting"],"picked":"SKIP","floor":10},{"not_picked":["Second Wind","Infernal Blade","Shockwave"],"picked":"SKIP","floor":14},{"not_picked":["Carnage+1","Reckless Charge","Pommel Strike"],"picked":"SKIP","floor":18},{"not_picked":["Second Wind+1","Warcry"],"picked":"True Grit+1","floor":20},{"not_picked":["Dual Wield","Twin Strike+1"],"picked":"Fire Breathing+1","floor":22},{"not_picked":["Searing Blow+1","Second Wind+1","Bludgeon"],"picked":"SKIP","floor":24},{"not_picked":["Hemokinesis","Combust","True Grit+1"],"picked":"SKIP","floor":29},{"not_picked":["Shrug It Off","Dark Embrace"],"picked":"Spot Weakness+1","floor":30},{"not_picked":["Cleave","Anger","Evolve"],"picked":"SKIP","floor":31},{"not_picked":["Brutality","Demon Form"],"picked":"Juggernaut","floor":33},{"not_picked":["Twin Strike","Cleave+1"],"picked":"Shrug It Off+1","floor":35},{"not_picked":["Ghostly Armor","Carnage","Clash+1"],"picked":"SKIP","floor":37},{"not_picked":["Sword Boomerang+1","Clothesline","Bludgeon"],"picked":"SKIP","floor":41},{"not_picked":["Blood for Blood","Feel No Pain","Shrug It Off+1"],"picked":"SKIP","floor":44}],"player_experience":67018,"relics_obtained":[{"floor":7,"key":"Torii"},{"floor":9,"key":"Champion Belt"},{"floor":10,"key":"Centennial Puzzle"},{"floor":24,"key":"Lizard Tail"},{"floor":26,"key":"potionbrewer:SlideRule"},{"floor":36,"key":"TungstenRod"},{"floor":39,"key":"PlaceholderMod:DeVermisMysteriis"},{"floor":43,"key":"CaptainsWheel"}],"event_choices":[{"damage_healed":0,"gold_gain":0,"player_choice":"RE UP UP ","damage_taken":62,"relics_obtained":["potionbrewer:ToyAutogyro"],"max_hp_gain":0,"max_hp_loss":0,"event_name":"betterSkull:BetterSkull","floor":5,"gold_loss":0,"cards_upgraded":["Strike_R","Defend_R"]},{"cards_removed":["Strike_R"],"damage_healed":0,"gold_gain":0,"player_choice":"Elegance","damage_taken":0,"max_hp_gain":0,"max_hp_loss":0,"event_name":"betterThird:BetterWriting","floor":19,"gold_loss":0},{"damage_healed":0,"gold_gain":0,"player_choice":" Idol Vial ","damage_taken":73,"relics_obtained":["Bloody Idol","Blood Vial"],"max_hp_gain":96,"max_hp_loss":23,"event_name":"betterAltar:BetterAltar","floor":21,"potions_obtained":[],"relics_lost":[],"gold_loss":0},{"damage_healed":0,"gold_gain":109,"player_choice":"GO UP UP UP ","damage_taken":64,"relics_obtained":[],"max_hp_gain":0,"max_hp_loss":0,"event_name":"betterSkull:BetterSkull","floor":27,"gold_loss":0,"cards_upgraded":["Iron Wave","Defend_R","Defend_R"]},{"damage_healed":0,"gold_gain":0,"player_choice":"Fight","damage_taken":0,"max_hp_gain":0,"max_hp_loss":0,"event_name":"MindBloom","floor":36,"gold_loss":0},{"damage_healed":0,"gold_gain":0,"player_choice":"Paid","damage_taken":0,"relics_obtained":["Red Mask"],"max_hp_gain":0,"max_hp_loss":0,"event_name":"Tomb of Lord Red Mask","floor":38,"gold_loss":302},{"damage_healed":0,"gold_gain":0,"player_choice":"Portal","damage_taken":0,"max_hp_gain":0,"max_hp_loss":0,"event_name":"betterThird:BetterPortal","floor":45,"gold_loss":0}],"is_beta":false,"boss_relics":[{"not_picked":["Astrolabe","Black Star"],"picked":"Fusion Hammer"},{"not_picked":["Runic Pyramid","Snecko Eye"],"picked":"Tiny House"}],"items_purged_floors":[28],"is_endless":false,"potions_floor_spawned":[7,10,14,16,18,20,22,33,35,36],"ascension_level":0}}