{"host":"i70yit5z0kpl303k","time":1612749628,"event":{"mods":["2.2 Compatiblity","Act Like it!","BaseMod","BetterRewards","Evolution","Infinite Spire","Ironclad Rager","Koishi","Marked Mod","Minty Spire (QoL Compilation)","Relic Stats","Reliquary","Replay The Spire","StSLib","The Blue Laboratory","The Marked"],"gold_per_floor":[114,114,186,186,205,205,205,205,205,230,230,241,270,290,290,391,391,346,346,346,346,346,346,346,346,346,346,346,346,346,346,346,346,346,346,346,346,346,156,156,156,156],"floor_reached":41,"language":"ENG","playtime":1535,"items_purged":[],"score":490,"play_id":"80244876-bb87-474d-929a-08bcd33749bb","local_time":"20210207180028","is_ascension_mode":false,"campfire_choices":[{"data":"ReplayTheSpireMod:Calculation Training","floor":6,"key":"SMITH"},{"data":"Zap","floor":8,"key":"SMITH"},{"data":"Dualcast","floor":11,"key":"SMITH"},{"data":"Defragment","floor":15,"key":"SMITH"},{"data":"Amplify","floor":23,"key":"SMITH"},{"floor":32,"key":"DIG"},{"floor":40,"key":"REST"}],"circlet_count":0,"master_deck":["Cold Snap+1","Strike_B","Strike_B","Defend_B","Defend_B","Defend_B","Defend_B","Zap+1","Dualcast+1","Conserve Battery","Conserve Battery+1","ReplayTheSpireMod:Calculation Training+1","Panic Button","Defragment+1","Steam Power","Beam Cell","Amplify+1","Self Repair","Go for the Eyes+1","Replay:Dark Deal","Good Instincts","Replay:Bootleg Shield Generator","Electrodynamics+1","ReplaySolidLightProjector+1","Multi-Cast","Ball Lightning+1","Redo+1","Time Bomb+1","Defragment"],"relics":["Cracked Core","EVO:Axolotl","Strawberry","Letter Opener","Gremlin Horn","reliquary:QuartzCube","Bag of Marbles","Ectoplasm","MutagenicStrength","ReplayTheSpireMod:ShopPack","Incense Burner","Regal Pillow","Ornamental Fan","infinitespire:BottledMercury","infinitespire:EvilPickle","SlaversCollar","reliquary:Buckler"],"acts_visited":["Exordium","TheCity","TheBeyond"],"potions_floor_usage":[13,28,33,41],"damage_taken":[{"damage":0,"enemies":"2 Louse","floor":1,"turns":3},{"damage":2,"enemies":"Jaw Worm","floor":5,"turns":4},{"damage":2,"enemies":"Lagavulin","floor":10,"turns":7},{"damage":0,"enemies":"Cultist","floor":12,"turns":3},{"damage":0,"enemies":"3 Sentries","floor":13,"turns":12},{"damage":0,"enemies":"2 Fungi Beasts","floor":14,"turns":2},{"damage":0,"enemies":"The Guardian","floor":16,"turns":15},{"damage":12,"enemies":"2 Thieves","floor":18,"turns":3},{"damage":27,"enemies":"Chosen","floor":21,"turns":7},{"damage":11,"enemies":"Nightmare","floor":28,"turns":8},{"damage":0,"enemies":"Centurion and Healer","floor":31,"turns":4},{"damage":25,"enemies":"Pondfish","floor":33,"turns":12},{"damage":1,"enemies":"Orb Walker","floor":35,"turns":5},{"damage":26,"enemies":"3 Darklings","floor":36,"turns":5},{"damage":42,"enemies":"Maw","floor":38,"turns":12},{"damage":67,"enemies":"Nightmare","floor":41,"turns":9}],"seed_played":"4927075892185194338","potions_obtained":[{"floor":10,"key":"blueLaboratory:BubblePotion"},{"floor":13,"key":"SpeedPotion"},{"floor":14,"key":"SneckoOil"},{"floor":28,"key":"AttackPotion"},{"floor":33,"key":"blueLaboratory:BiasPotion"},{"floor":38,"key":"Strength Potion"}],"is_trial":false,"path_per_floor":["M","?","T","?","M","R","$","R","T","E","R","M","E","M","R","B",null,"M","?","?","M","$","R","?","AVR","T","$","NM","?","T","M","R","B",null,"M","M","?","M","$","R","NM"],"character_chosen":"DEFECT","items_purchased":["reliquary:Buckler","Defragment"],"campfire_rested":1,"item_purchase_floors":[39,39],"current_hp_per_floor":[82,82,82,82,80,80,80,80,80,78,78,78,78,78,78,78,82,70,70,70,50,50,50,50,50,50,50,46,46,46,50,50,39,82,82,63,63,28,28,67,0,0],"gold":156,"neow_bonus":"RANDOM_COMMON_RELIC","is_daily":false,"chose_seed":false,"campfire_upgraded":5,"win_rate":0.0,"timestamp":1612749628,"path_taken":["M","?","?","?","?","R","?","R","T","E","R","M","E","M","R","BOSS","M","?","?","M","$","R","?","AVR","T","?","NM","?","?","M","R","BOSS","M","M","?","M","$","R","NM"],"items_purchased_type":["Relic","Card"],"build_version":"2020-12-22","purchased_purges":0,"victory":false,"max_hp_per_floor":[82,82,82,82,82,82,82,82,82,82,82,82,82,82,82,82,82,82,82,82,82,82,82,82,82,82,82,82,82,82,82,82,82,82,82,82,82,82,82,82,82,82],"relic_stats":{"Regal Pillow":15,"Gremlin Horn":[10,10],"counters":[16,111],"Ornamental Fan":[20],"Ectoplasm":348,"Letter Opener":[314],"obtain_stats":[{"infinitespire:BottledMercury":32,"Regal Pillow":28,"Gremlin Horn":9,"Incense Burner":26,"EVO:Axolotl":0,"Letter Opener":3,"reliquary:QuartzCube":10,"infinitespire:EvilPickle":33,"SlaversCollar":34,"Ornamental Fan":30,"Strawberry":0,"MutagenicStrength":24,"reliquary:Buckler":39,"Ectoplasm":17,"Bag of Marbles":13,"Cracked Core":0,"ReplayTheSpireMod:ShopPack":25},{"infinitespire:BottledMercury":11,"Regal Pillow":10,"Gremlin Horn":2,"Incense Burner":9,"EVO:Axolotl":0,"Letter Opener":1,"reliquary:QuartzCube":3,"infinitespire:EvilPickle":12,"SlaversCollar":12,"Ornamental Fan":10,"Strawberry":0,"MutagenicStrength":9,"reliquary:Buckler":15,"Ectoplasm":7,"Bag of Marbles":5,"Cracked Core":0,"ReplayTheSpireMod:ShopPack":9},{"infinitespire:BottledMercury":68,"Regal Pillow":64,"Gremlin Horn":7,"Incense Burner":56,"EVO:Axolotl":0,"Letter Opener":3,"reliquary:QuartzCube":14,"infinitespire:EvilPickle":80,"SlaversCollar":80,"Ornamental Fan":64,"Strawberry":0,"MutagenicStrength":56,"reliquary:Buckler":102,"Ectoplasm":46,"Bag of Marbles":29,"Cracked Core":0,"ReplayTheSpireMod:ShopPack":56}]},"card_choices":[{"not_picked":["BasicCrystalCard","Barrage"],"picked":"Conserve Battery","floor":1},{"not_picked":["Reinforced Body","BasicCrystalCard"],"picked":"ReplayTheSpireMod:Calculation Training","floor":5},{"not_picked":["Compile Driver","Stack"],"picked":"Panic Button","floor":10},{"not_picked":["Barrage","ReplaySort"],"picked":"Defragment","floor":12},{"not_picked":["ReplayTheSpireMod:Omega Cannon","Streamline"],"picked":"Steam Power","floor":13},{"not_picked":["Coolheaded","Turbo"],"picked":"Beam Cell","floor":14},{"not_picked":["Machine Learning","Seek"],"picked":"Amplify","floor":16},{"not_picked":["Coolheaded","Panic Button"],"picked":"Self Repair","floor":18},{"not_picked":["Stack","Glacier"],"picked":"Go for the Eyes+1","floor":21},{"not_picked":["The Bomb","Secret Weapon"],"picked":"Replay:Dark Deal","floor":25},{"not_picked":["PanicButton","Magnetism"],"picked":"Good Instincts","floor":25},{"not_picked":["ReplayTheSpireMod:Trickstab","Metamorphosis"],"picked":"Replay:Bootleg Shield Generator","floor":25},{"not_picked":["Turbo","Stack"],"picked":"Electrodynamics","floor":28},{"not_picked":["Cold Snap","Stack"],"picked":"ReplaySolidLightProjector+1","floor":31},{"not_picked":["Seek","Biased Cognition"],"picked":"Multi-Cast","floor":33},{"not_picked":["Turbo+1","Leap+1"],"picked":"Ball Lightning+1","floor":35},{"not_picked":["Genetic Algorithm","Go for the Eyes+1"],"picked":"Redo+1","floor":36},{"not_picked":["Recycle","Sunder+1"],"picked":"Time Bomb+1","floor":38}],"player_experience":262747,"relics_obtained":[{"floor":3,"key":"Letter Opener"},{"floor":9,"key":"Gremlin Horn"},{"floor":10,"key":"reliquary:QuartzCube"},{"floor":13,"key":"Bag of Marbles"},{"floor":26,"key":"Incense Burner"},{"floor":28,"key":"Regal Pillow"},{"floor":30,"key":"Ornamental Fan"},{"floor":32,"key":"infinitespire:BottledMercury"}],"event_choices":[{"damage_healed":0,"gold_gain":0,"player_choice":"Leave","damage_taken":0,"max_hp_gain":0,"max_hp_loss":0,"event_name":"The Cleric","floor":2,"gold_loss":0},{"damage_healed":0,"gold_gain":0,"player_choice":"Ignored","damage_taken":0,"max_hp_gain":0,"max_hp_loss":0,"event_name":"Ghosts","floor":20,"gold_loss":0},{"damage_healed":0,"gold_gain":0,"player_choice":"Inject Mutagens","damage_taken":0,"relics_obtained":["MutagenicStrength"],"max_hp_gain":0,"max_hp_loss":0,"event_name":"Drug Dealer","floor":24,"gold_loss":0},{"damage_healed":0,"gold_gain":0,"player_choice":"Ignored","damage_taken":0,"max_hp_gain":0,"max_hp_loss":0,"event_name":"Beggar","floor":29,"gold_loss":0}],"is_beta":false,"boss_relics":[{"not_picked":["ReplayTheSpireMod:DimensionalGlitch","Astrolabe"],"picked":"Ectoplasm"},{"not_picked":["Busted Crown","FrozenCore"],"picked":"SlaversCollar"}],"items_purged_floors":[],"is_endless":true,"potions_floor_spawned":[10,13,14,28,33,38],"killed_by":"Nightmare","ascension_level":0}}