{"host":"36t3qd3wjvajtu1z","time":1612816878,"event":{"mods":["2.2 Compatiblity","AchievementEnabler","BaseMod","Block Reminder","Colored Powertips","Minty Spire (QoL Compilation)","Permanent Neow","Quick Restart","Random Character Button","Rare Cards Sparkle","Relic Stats","Slay-I","StSLib"],"gold_per_floor":[218,218,14,29,43,43,72,72,98,98,126,11,46,46,46,144,144,157,157,157,178,193,193,193],"floor_reached":23,"language":"ENG","playtime":1365,"items_purged":["Strike_G"],"score":488,"play_id":"4cbb7814-88d8-49ea-a34c-7a6299d9e194","local_time":"20210208124118","is_ascension_mode":true,"campfire_choices":[{"data":"Skewer","floor":6.0,"key":"SMITH"},{"data":"Predator","floor":8.0,"key":"SMITH"},{"floor":10.0,"key":"REST"},{"data":"Terror","floor":15.0,"key":"SMITH"}],"circlet_count":0,"master_deck":["AscendersBane","Strike_G","Strike_G","Defend_G","Defend_G","Defend_G","Defend_G","Defend_G","Survivor","Neutralize","Skewer+1","Terror+1","Predator+1","Carnage","Noxious Fumes","FollowUp","Alpha","CurseOfTheBell","Ghostly","Ghostly","Ghostly","Quick Slash","Steam","Self Repair+1"],"relics":["Ring of the Snake","PrismaticShard","Regal Pillow","Art of War","FossilizedHelix","Kunai","Golden Idol","Calling Bell","Snake Skull","Blue Candle","Tough Bandages"],"acts_visited":["Exordium","TheCity"],"potions_floor_usage":[16],"damage_taken":[{"damage":0.0,"enemies":"2 Louse","floor":1.0,"turns":3.0},{"damage":9.0,"enemies":"Jaw Worm","floor":4.0,"turns":6.0},{"damage":6.0,"enemies":"Small Slimes","floor":5.0,"turns":3.0},{"damage":9.0,"enemies":"Lagavulin","floor":7.0,"turns":7.0},{"damage":11.0,"enemies":"Gremlin Nob","floor":11.0,"turns":3.0},{"damage":14.0,"enemies":"3 Sentries","floor":13.0,"turns":8.0},{"damage":0,"enemies":"Slime Boss","floor":16,"turns":6},{"damage":30,"enemies":"2 Thieves","floor":18,"turns":5},{"damage":6,"enemies":"Chosen","floor":21,"turns":6},{"damage":18,"enemies":"Shelled Parasite and Fungi","floor":22,"turns":7},{"damage":0,"enemies":"Book of Stabbing","floor":23,"turns":2}],"seed_played":"2634904800401362246","potions_obtained":[{"floor":4.0,"key":"Strength Potion"},{"floor":7.0,"key":"Swift Potion"},{"floor":13.0,"key":"ColorlessPotion"},{"floor":22,"key":"FearPotion"}],"is_trial":false,"path_per_floor":["M","?","$","M","M","R","E","R","T","R","E","$","E","?","R","B",null,"M","?","?","M","M","E"],"character_chosen":"THE_SILENT","items_purchased":["PrismaticShard","Predator","Noxious Fumes"],"campfire_rested":1,"item_purchase_floors":[3,3,12],"current_hp_per_floor":[59,59,59,50,44,44,35,35,35,66,55,55,41,41,41,41,55,25,25,25,19,1,1,1],"gold":193,"neow_bonus":"HUNDRED_GOLD","is_daily":false,"chose_seed":false,"campfire_upgraded":3,"win_rate":0.0,"timestamp":1612816878,"path_taken":["M","?","$","M","M","R","E","R","T","R","E","$","E","?","R","BOSS","M","?","?","M","?","E"],"items_purchased_type":["Relic","Card","Card"],"build_version":"2020-12-22","purchased_purges":1,"victory":false,"max_hp_per_floor":[66,66,66,66,66,66,66,66,66,66,66,66,66,60,60,60,60,60,30,30,30,30,30,30],"relic_stats":{"Regal Pillow":12,"Tough Bandages":[6],"counters":[11,56],"Golden Idol":30,"Blue Candle":[1],"Snake Skull":[5],"Art of War":[5],"Kunai":[6],"obtain_stats":[{"Calling Bell":17,"Regal Pillow":7,"Tough Bandages":17,"Golden Idol":14,"Blue Candle":17,"Snake Skull":17,"Art of War":9,"Kunai":13,"PrismaticShard":3,"FossilizedHelix":11,"Ring of the Snake":0},{"Calling Bell":7,"Regal Pillow":4,"Tough Bandages":7,"Golden Idol":6,"Blue Candle":7,"Snake Skull":7,"Art of War":4,"Kunai":6,"PrismaticShard":1,"FossilizedHelix":5,"Ring of the Snake":0},{"Calling Bell":36,"Regal Pillow":19,"Tough Bandages":36,"Golden Idol":30,"Blue Candle":36,"Snake Skull":36,"Art of War":19,"Kunai":30,"PrismaticShard":3,"FossilizedHelix":22,"Ring of the Snake":0}],"Ring of the Snake":[22]},"card_choices":[{"not_picked":["Acrobatics","Flechettes"],"picked":"Skewer","floor":1.0},{"not_picked":["Quick Slash","Perfected Strike"],"picked":"Carnage","floor":4.0},{"not_picked":["Bane","Halt","Stack"],"picked":"SKIP","floor":5.0},{"not_picked":["Clash","Second Wind","FlurryOfBlows"],"picked":"SKIP","floor":7.0},{"not_picked":["Crippling Poison","Perfected Strike","Compile Driver"],"picked":"SKIP","floor":11.0},{"not_picked":["Protect","Reaper"],"picked":"FollowUp","floor":13.0},{"not_picked":["Doppelganger","Devotion"],"picked":"Alpha","floor":16},{"not_picked":["Halt","FlurryOfBlows","Worship"],"picked":"SKIP","floor":18},{"not_picked":["Setup","Seeing Red"],"picked":"Steam","floor":21},{"not_picked":["Flex","Underhanded Strike"],"picked":"Self Repair+1","floor":22}],"player_experience":438219,"relics_obtained":[{"floor":7.0,"key":"Regal Pillow"},{"floor":9.0,"key":"Art of War"},{"floor":11.0,"key":"FossilizedHelix"},{"floor":13.0,"key":"Kunai"},{"floor":17,"key":"Snake Skull"},{"floor":17,"key":"Blue Candle"},{"floor":17,"key":"Tough Bandages"}],"event_choices":[{"damage_healed":0.0,"max_hp_gain":0.0,"max_hp_loss":0.0,"gold_gain":0.0,"cards_transformed":["Strike_G"],"event_name":"Living Wall","player_choice":"Change","floor":2.0,"gold_loss":0.0,"damage_taken":0.0,"cards_obtained":["Terror"]},{"damage_healed":0.0,"max_hp_gain":0.0,"max_hp_loss":6.0,"gold_gain":0.0,"event_name":"Golden Idol","player_choice":"Lose Max HP","floor":14.0,"gold_loss":0.0,"damage_taken":0.0,"relics_obtained":["Golden Idol"]},{"damage_healed":0,"gold_gain":0,"player_choice":"Became a Ghost","damage_taken":0,"max_hp_gain":0,"max_hp_loss":30,"event_name":"Ghosts","floor":19,"gold_loss":0,"cards_obtained":["Ghostly","Ghostly","Ghostly"]},{"damage_healed":0,"gold_gain":0,"cards_transformed":["Strike_G"],"player_choice":"Transformed","damage_taken":0,"max_hp_gain":0,"max_hp_loss":0,"event_name":"Transmorgrifier","floor":20,"gold_loss":0,"cards_obtained":["Quick Slash"]}],"is_beta":false,"boss_relics":[{"not_picked":["WristBlade","SlaversCollar"],"picked":"Calling Bell"}],"items_purged_floors":[12],"is_endless":false,"potions_floor_spawned":[4,7,13,22],"killed_by":"Book of Stabbing","ascension_level":18}}