{"host":"126yiuos2nq86se7","time":1612758357,"event":{"mods":["AchievementEnabler","Act Like it!","BaseMod","BetterRewards","Colored Map","Colored Powertips","Friendly Minions","Highlight Path","Hubris","Minty Spire (QoL Compilation)","Reimu??????","StSLib","SuperFastMode","The Animator"],"gold_per_floor":[118,193,193,5,19,30,30,30],"floor_reached":7,"language":"ENG","playtime":189,"items_purged":["Zap"],"score":43,"play_id":"6268aa2e-7c0b-43d0-b619-450456dd741d","local_time":"20210208152557","is_ascension_mode":true,"campfire_choices":[],"circlet_count":0,"master_deck":["Strike_B","Strike_B","Strike_B","Defend_B","Defend_B","Defend_B","Defend_B","Dualcast","Force Field","Good Instincts","Loop","Conserve Battery","Undo"],"relics":["Cracked Core","GremlinMask"],"acts_visited":["Exordium"],"potions_floor_usage":[],"damage_taken":[{"damage":0,"enemies":"Jaw Worm","floor":1,"turns":4},{"damage":3,"enemies":"2 Louse","floor":5,"turns":4},{"damage":0,"enemies":"Cultist","floor":6,"turns":4},{"damage":55,"enemies":"Gremlin Nob","floor":7,"turns":5}],"seed_played":"-5324904036828290386","potions_obtained":[{"floor":1,"key":"Explosive Potion"}],"is_trial":false,"path_per_floor":["M","?","?","$","M","M","E"],"character_chosen":"DEFECT","items_purchased":["Force Field","Good Instincts","Loop","Conserve Battery"],"campfire_rested":0,"item_purchase_floors":[0,0,4,4],"current_hp_per_floor":[69,58,58,58,55,55,0,0],"gold":30,"neow_bonus":"","is_daily":false,"chose_seed":false,"campfire_upgraded":0,"win_rate":0.0,"timestamp":1612758357,"path_taken":["M","?","?","$","?","M","E"],"items_purchased_type":["Card","Card","Card","Card"],"build_version":"2020-12-22","purchased_purges":1,"victory":false,"max_hp_per_floor":[75,75,75,75,75,75,75,75],"card_choices":[{"not_picked":["Compile Driver","Stack","Streamline"],"picked":"SKIP","floor":1},{"not_picked":["Hello World","All For One","Go for the Eyes"],"picked":"SKIP","floor":5},{"not_picked":["Hello World","Ball Lightning"],"picked":"Undo","floor":6}],"player_experience":1601527,"relics_obtained":[],"event_choices":[{"damage_healed":0,"gold_gain":75,"player_choice":"Gather Gold","damage_taken":11,"max_hp_gain":0,"max_hp_loss":0,"event_name":"World of Goop","floor":2,"gold_loss":0},{"damage_healed":0,"gold_gain":0,"player_choice":"Trade","damage_taken":0,"relics_obtained":["GremlinMask"],"max_hp_gain":0,"max_hp_loss":0,"event_name":"FaceTrader","floor":3,"gold_loss":0}],"is_beta":false,"boss_relics":[],"items_purged_floors":[4],"is_endless":false,"potions_floor_spawned":[1],"killed_by":"Gremlin Nob","ascension_level":1}}