{"host":"j5shy70asow5koz5","time":1612777699,"event":{"mods":["2.2 Compatiblity","Act Like it!","Arknights","BaseMod","Colored Map","Marisa£¨Ùöéë¡¡Øª×âÞÞ£©","Minty Spire (QoL Compilation)","Prisma Mod","StSLib","SuperFastMode","Td1madao Mod","The Disciple","The Gatherer","The Servant 0.9.4","Waifu the Spire"],"gold_per_floor":[131,143,166,195,282,294,318,351,363,375,416,428,451,18,18,114,114,134,154,168,168,218,218,218],"floor_reached":23,"language":"KOR","playtime":1093,"items_purged":[],"score":191,"play_id":"a1a77748-9b3b-4f8a-b9ee-5cef4543ce14","local_time":"20210208184819","is_ascension_mode":false,"campfire_choices":[{"data":"Dualcast","floor":6.0,"key":"SMITH"},{"floor":10.0,"key":"REST"},{"data":"Genetic Algorithm","floor":15,"key":"SMITH"}],"circlet_count":0,"master_deck":["Strike_B","Strike_B","Strike_B+1","Strike_B","Defend_B","Defend_B","Defend_B","Defend_B","Zap+1","Dualcast+1","Coolheaded","Conserve Battery","Ball Lightning","Redo","Genetic Algorithm+1","Loop","Loop","Amplify","Hologram+1"],"relics":["Cracked Core","MawBank","Odd Mushroom","Nunchaku","Shuriken","Ice Cream","DollysMirror","Runic Pyramid"],"acts_visited":["Exordium","TheCity"],"potions_floor_usage":[11,16,19,23],"damage_taken":[{"damage":4.0,"enemies":"ats:Genji","floor":1.0,"turns":3.0},{"damage":0.0,"enemies":"Small Slimes","floor":3.0,"turns":2.0},{"damage":1.0,"enemies":"Cultist","floor":4.0,"turns":4.0},{"damage":10.0,"enemies":"Exordium Thugs","floor":7.0,"turns":5.0},{"damage":18.0,"enemies":"The Mushroom Lair","floor":8.0,"turns":4.0},{"damage":12,"enemies":"Gremlin Nob","floor":11,"turns":3},{"damage":0,"enemies":"Looter","floor":13,"turns":3},{"damage":21,"enemies":"The Guardian","floor":16,"turns":11},{"damage":9,"enemies":"Spheric Guardian","floor":18,"turns":4},{"damage":8,"enemies":"3 Byrds","floor":19,"turns":3},{"damage":31,"enemies":"Centurion and Healer","floor":20,"turns":9},{"damage":29,"enemies":"Gremlin Leader","floor":23,"turns":5}],"seed_played":"4335699832555115945","potions_obtained":[{"floor":4.0,"key":"SkillPotion"},{"floor":8.0,"key":"FearPotion"},{"floor":11,"key":"FearPotion"},{"floor":18,"key":"LiquidBronze"},{"floor":20,"key":"EssenceOfSteel"}],"is_trial":false,"path_per_floor":["M","?","M","M","?","R","M","?","T","R","E","?","M","$","R","B",null,"M","M","M","?","?","E"],"character_chosen":"DEFECT","items_purchased":["Ice Cream","DollysMirror"],"campfire_rested":1,"item_purchase_floors":[14,14],"current_hp_per_floor":[71,56,56,55,44,44,34,16,16,38,26,26,26,26,26,5,75,66,58,27,27,27,0,0],"gold":218,"neow_bonus":"RANDOM_COMMON_RELIC","is_daily":false,"chose_seed":false,"campfire_upgraded":2,"win_rate":0.0,"timestamp":1612777699,"path_taken":["M","?","M","M","?","R","M","?","T","R","E","?","M","?","R","BOSS","M","?","M","?","?","E"],"items_purchased_type":["Relic","Relic"],"build_version":"2020-12-22","purchased_purges":0,"victory":false,"max_hp_per_floor":[75,75,75,75,75,75,75,75,75,75,75,75,75,75,75,75,75,75,75,75,75,75,75,75],"card_choices":[{"not_picked":["Barrage","Double Energy"],"picked":"Coolheaded","floor":1.0},{"not_picked":["Beam Cell","BootSequence"],"picked":"Conserve Battery","floor":3.0},{"not_picked":["Beam Cell","Streamline","Rip and Tear"],"picked":"SKIP","floor":4.0},{"not_picked":["Compile Driver","Beam Cell"],"picked":"Ball Lightning","floor":7.0},{"not_picked":["Streamline","Stack"],"picked":"Redo","floor":8.0},{"not_picked":["Self Repair","Storm"],"picked":"Genetic Algorithm","floor":11},{"not_picked":["Streamline","Cold Snap"],"picked":"Loop","floor":13},{"not_picked":["Seek","Multi-Cast"],"picked":"Amplify","floor":16},{"not_picked":["Go for the Eyes","Conserve Battery"],"picked":"Hologram+1","floor":18},{"not_picked":["Hologram","Ball Lightning","Conserve Battery+1"],"picked":"SKIP","floor":19},{"not_picked":["Undo","Leap","Multi-Cast"],"picked":"SKIP","floor":20}],"player_experience":82650,"relics_obtained":[{"floor":8.0,"key":"Odd Mushroom"},{"floor":9.0,"key":"Nunchaku"},{"floor":11,"key":"Shuriken"}],"event_choices":[{"damage_healed":0.0,"max_hp_gain":0.0,"max_hp_loss":0.0,"gold_gain":0.0,"event_name":"Shining Light","player_choice":"Entered Light","floor":2.0,"gold_loss":0.0,"damage_taken":15.0,"cards_upgraded":["Strike_B","Zap"]},{"damage_healed":0.0,"max_hp_gain":0.0,"max_hp_loss":0.0,"gold_gain":75.0,"event_name":"World of Goop","player_choice":"Gather Gold","floor":5.0,"gold_loss":0.0,"damage_taken":11.0},{"damage_healed":0.0,"max_hp_gain":0.0,"max_hp_loss":0.0,"gold_gain":0.0,"event_name":"Mushrooms","player_choice":"Fought Mushrooms","floor":8.0,"gold_loss":0.0,"damage_taken":0.0},{"damage_healed":0,"gold_gain":0,"player_choice":"Ignored","damage_taken":0,"max_hp_gain":0,"max_hp_loss":0,"event_name":"Liars Game","floor":12,"gold_loss":0},{"damage_healed":0,"gold_gain":0,"player_choice":"Ignored","damage_taken":0,"max_hp_gain":0,"max_hp_loss":0,"event_name":"Ghosts","floor":21,"gold_loss":0},{"damage_healed":0,"gold_gain":100,"player_choice":"Bet on Murderer","damage_taken":0,"max_hp_gain":0,"max_hp_loss":0,"event_name":"The Joust","floor":22,"gold_loss":50}],"is_beta":false,"boss_relics":[{"not_picked":["Calling Bell","Cursed Key"],"picked":"Runic Pyramid"}],"items_purged_floors":[],"is_endless":false,"potions_floor_spawned":[4,8,11,18,20],"killed_by":"Gremlin Leader","ascension_level":0}}