{"host":"6pgtslebjnyv5xmi","time":1612789194,"event":{"mods":["AchievementEnabler","BaseMod","Colored Map","Minty Spire (QoL Compilation)","Rare Cards Sparkle","StSLib","SuperFastMode","The Cursed","everything is the same but u backflip on backflip"],"gold_per_floor":[110,110,122,122,22,22,38,38,63,79,79,90,90,106,106,185,185,205,216,266,277,277,277],"floor_reached":22,"language":"KOR","playtime":707,"items_purged":[],"score":329,"play_id":"be8baf3b-8545-4af0-b703-7a84f07ea237","local_time":"20210208215954","is_ascension_mode":true,"campfire_choices":[{"floor":6,"key":"REST"},{"floor":8,"key":"REST"},{"data":"Perfected Strike","floor":13,"key":"SMITH"},{"data":"Panacea","floor":15,"key":"SMITH"}],"circlet_count":0,"master_deck":["AscendersBane","Strike_R","Strike_R+1","Strike_R","Strike_R","Strike_R","Defend_R","Defend_R","Defend_R","Defend_R+1","Bash","Perfected Strike+1","Flex","Panacea+1","Reaper","Reaper"],"relics":["Burning Blood","Boot","Vajra","SlaversCollar"],"acts_visited":["Exordium","TheCity"],"potions_floor_usage":[10,16,16,21],"damage_taken":[{"damage":7,"enemies":"Cultist","floor":1,"turns":4},{"damage":7,"enemies":"Small Slimes","floor":3,"turns":3},{"damage":4,"enemies":"Jaw Worm","floor":7,"turns":4},{"damage":18,"enemies":"Gremlin Gang","floor":10,"turns":5},{"damage":9,"enemies":"Looter","floor":12,"turns":3},{"damage":9,"enemies":"2 Fungi Beasts","floor":14,"turns":4},{"damage":53,"enemies":"Slime Boss","floor":16,"turns":10},{"damage":28,"enemies":"Spheric Guardian","floor":18,"turns":5},{"damage":20,"enemies":"Chosen","floor":19,"turns":5},{"damage":42,"enemies":"Snecko","floor":21,"turns":7},{"damage":30,"enemies":"Cultist and Chosen","floor":22,"turns":3}],"seed_played":"-65121623045393470","potions_obtained":[{"floor":1,"key":"SpeedPotion"},{"floor":7,"key":"AttackPotion"},{"floor":12,"key":"Weak Potion"},{"floor":16,"key":"BlessingOfTheForge"},{"floor":19,"key":"Swift Potion"}],"is_trial":false,"path_per_floor":["M","?","M","?","$","R","M","R","T","M","$","M","R","M","R","B",null,"M","M","?","M","M"],"character_chosen":"IRONCLAD","items_purchased":["Panacea"],"campfire_rested":2,"item_purchase_floors":[5],"current_hp_per_floor":[67,44,43,8,8,30,32,54,54,42,42,39,39,36,36,16,60,43,34,34,10,0,0],"gold":277,"neow_bonus":"THREE_CARDS","is_daily":false,"chose_seed":false,"campfire_upgraded":2,"win_rate":0.0,"timestamp":1612789194,"path_taken":["M","?","M","?","?","R","M","R","T","M","$","M","R","M","R","BOSS","M","?","?","M","M"],"items_purchased_type":["Card"],"build_version":"2020-12-22","purchased_purges":0,"victory":false,"max_hp_per_floor":[75,75,75,75,75,75,75,75,75,75,75,75,75,75,75,75,75,75,75,75,75,75,75],"card_choices":[{"not_picked":["Anger","Pummel"],"picked":"Perfected Strike","floor":0},{"not_picked":["Combust","Bloodletting"],"picked":"Flex","floor":1},{"not_picked":["Headbutt","Heavy Blade","Metallicize"],"picked":"SKIP","floor":3},{"not_picked":["Havoc","Sword Boomerang","Rupture"],"picked":"SKIP","floor":7},{"not_picked":["Hemokinesis","Heavy Blade","Thunderclap"],"picked":"SKIP","floor":10},{"not_picked":["Thunderclap","Armaments","Sever Soul"],"picked":"SKIP","floor":12},{"not_picked":["Body Slam","Sword Boomerang"],"picked":"Reaper","floor":14},{"not_picked":["Brutality","Juggernaut"],"picked":"Reaper","floor":16},{"not_picked":["Anger","Reckless Charge","Searing Blow+1"],"picked":"SKIP","floor":18},{"not_picked":["Cleave","Armaments","Heavy Blade"],"picked":"SKIP","floor":19},{"not_picked":["Iron Wave","Uppercut","Body Slam"],"picked":"SKIP","floor":21}],"player_experience":1002225,"relics_obtained":[{"floor":9,"key":"Vajra"}],"event_choices":[{"damage_healed":0,"gold_gain":0,"player_choice":"Entered Light","damage_taken":23,"max_hp_gain":0,"max_hp_loss":0,"event_name":"Shining Light","floor":2,"gold_loss":0,"cards_upgraded":["Strike_R","Defend_R"]},{"damage_healed":0,"gold_gain":0,"player_choice":"Success","damage_taken":35,"relics_obtained":["Boot"],"max_hp_gain":0,"max_hp_loss":0,"event_name":"Scrap Ooze","floor":4,"gold_loss":0},{"damage_healed":0,"gold_gain":50,"player_choice":"Stole From Cult","damage_taken":0,"max_hp_gain":0,"max_hp_loss":0,"event_name":"Nest","floor":20,"gold_loss":0}],"is_beta":false,"boss_relics":[{"not_picked":["Busted Crown","Pandora\u0027s Box"],"picked":"SlaversCollar"}],"items_purged_floors":[],"is_endless":false,"potions_floor_spawned":[1,7,12,16,19],"killed_by":"Cultist and Chosen","ascension_level":17}}