{"host":"f5gffvlv6a66yqkd","time":1612803594,"event":{"mods":["2.2 Compatiblity","BaseMod","Colored Map","Custom Start","DeckTracker","Keyboard Shortcuts","Minty Spire (QoL Compilation)","Permanent Neow","Quick Restart","Relic Stats","StSLib","SuperFastMode"],"gold_per_floor":[114,125,125,50,50,90,90,123,123,138,138,151,151,165,165,261,261,286,302,302,322,322,322],"floor_reached":22,"language":"KOR","playtime":765,"items_purged":["Strike_B"],"score":542,"play_id":"340aa4d3-a4d2-4567-83ac-39dd543fe8f2","local_time":"20210209015954","is_ascension_mode":true,"campfire_choices":[{"data":"Buffer","floor":7.0,"key":"SMITH"},{"data":"Chaos","floor":11.0,"key":"SMITH"},{"data":"Consume","floor":13.0,"key":"SMITH"},{"data":"Dualcast","floor":15.0,"key":"SMITH"}],"circlet_count":0,"master_deck":["AscendersBane","Defend_B","Defend_B","Defend_B","Defend_B","Zap","Dualcast+1","Flash of Steel","Compile Driver","Sweeping Beam","Buffer+1","Coolheaded","Consume+1","Rebound","Chaos+1","Gash","Chill","Biased Cognition","FTL+1","Undo+1","Capacitor+1","Defragment","Gash","Hologram+1"],"relics":["Cracked Core","Golden Idol","Darkstone Periapt","Happy Flower","Astrolabe","FaceOfCleric"],"acts_visited":["Exordium","TheCity"],"potions_floor_usage":[],"damage_taken":[{"damage":6.0,"enemies":"Cultist","floor":1.0,"turns":3.0},{"damage":5.0,"enemies":"Small Slimes","floor":2.0,"turns":3.0},{"damage":22.0,"enemies":"3 Sentries","floor":6.0,"turns":7.0},{"damage":0.0,"enemies":"Lagavulin","floor":8.0,"turns":6.0},{"damage":0.0,"enemies":"2 Louse","floor":10.0,"turns":2.0},{"damage":2.0,"enemies":"Red Slaver","floor":12.0,"turns":4.0},{"damage":11.0,"enemies":"Exordium Wildlife","floor":14.0,"turns":3.0},{"damage":0.0,"enemies":"Slime Boss","floor":16.0,"turns":8.0},{"damage":0.0,"enemies":"Shell Parasite","floor":18.0,"turns":9.0},{"damage":1.0,"enemies":"Spheric Guardian","floor":19.0,"turns":4.0},{"damage":18,"enemies":"Snake Plant","floor":21,"turns":5},{"damage":40,"enemies":"3 Cultists","floor":22,"turns":6}],"seed_played":"-1466798166627223746","potions_obtained":[{"floor":2.0,"key":"Energy Potion"},{"floor":6.0,"key":"FearPotion"},{"floor":14.0,"key":"DuplicationPotion"}],"is_trial":false,"path_per_floor":["M","M","?","$","?","E","R","E","T","M","R","M","R","M","R","B",null,"M","M","?","M","M"],"character_chosen":"DEFECT","items_purchased":[],"campfire_rested":0,"item_purchase_floors":[],"current_hp_per_floor":[58,53,53,53,53,31,31,31,31,31,31,29,29,18,18,18,53,53,52,52,35,0,0],"gold":322,"neow_bonus":"RANDOM_COLORLESS","is_daily":false,"chose_seed":false,"campfire_upgraded":4,"win_rate":0.0,"timestamp":1612803594,"path_taken":["M","M","?","?","?","E","R","E","T","M","R","M","R","M","R","BOSS","M","M","?","M","?"],"items_purchased_type":[],"build_version":"2020-12-22","purchased_purges":1,"victory":false,"max_hp_per_floor":[71,71,71,71,64,64,64,64,64,64,64,64,64,64,64,64,64,64,64,64,65,65,65],"relic_stats":{"Darkstone Periapt":0,"Happy Flower":[13],"FaceOfCleric":1,"counters":[12,60],"Golden Idol":55,"Astrolabe":["FTL","Undo","Capacitor"],"obtain_stats":[{"Darkstone Periapt":6,"Happy Flower":8,"FaceOfCleric":20,"Golden Idol":5,"Astrolabe":17,"Cracked Core":0},{"Darkstone Periapt":3,"Happy Flower":4,"FaceOfCleric":10,"Golden Idol":2,"Astrolabe":8,"Cracked Core":0},{"Darkstone Periapt":13,"Happy Flower":19,"FaceOfCleric":49,"Golden Idol":6,"Astrolabe":36,"Cracked Core":0}]},"card_choices":[{"not_picked":["Impatience","Discovery"],"picked":"Flash of Steel","floor":0.0},{"not_picked":["Force Field","Barrage"],"picked":"Compile Driver","floor":1.0},{"not_picked":["Aggregate","Auto Shields"],"picked":"Sweeping Beam","floor":2.0},{"not_picked":["Leap","Turbo"],"picked":"Consume","floor":6.0},{"not_picked":["Consume","Steam Power"],"picked":"Rebound","floor":8.0},{"not_picked":["Sweeping Beam","Reprogram"],"picked":"Chaos","floor":10.0},{"not_picked":["Amplify","Go for the Eyes"],"picked":"Gash","floor":12.0},{"not_picked":["Rebound","BootSequence"],"picked":"Chill","floor":14.0},{"not_picked":["Fission","All For One"],"picked":"Biased Cognition","floor":16.0},{"not_picked":["Stack","Coolheaded"],"picked":"Defragment","floor":18.0},{"not_picked":["Conserve Battery","Storm"],"picked":"Gash","floor":19.0},{"not_picked":["Go for the Eyes","Scrape","Hologram+1"],"picked":"SKIP","floor":21},{"not_picked":["Go for the Eyes","Scrape"],"picked":"Hologram+1","floor":21}],"player_experience":1704069,"relics_obtained":[{"floor":6.0,"key":"Darkstone Periapt"},{"floor":8.0,"key":"Happy Flower"}],"event_choices":[{"damage_healed":0.0,"max_hp_gain":0.0,"max_hp_loss":0.0,"gold_gain":0.0,"event_name":"Match and Keep!","player_choice":"2 cards matched","floor":3.0,"gold_loss":0.0,"damage_taken":0.0,"cards_obtained":["Buffer","Coolheaded"]},{"damage_healed":0.0,"max_hp_gain":0.0,"max_hp_loss":7.0,"gold_gain":0.0,"event_name":"Golden Idol","player_choice":"Lose Max HP","floor":5.0,"gold_loss":0.0,"damage_taken":0.0,"relics_obtained":["Golden Idol"]},{"damage_healed":0.0,"max_hp_gain":0.0,"max_hp_loss":0.0,"gold_gain":0.0,"event_name":"FaceTrader","player_choice":"Trade","floor":20.0,"gold_loss":0.0,"damage_taken":0.0,"relics_obtained":["FaceOfCleric"]}],"is_beta":false,"boss_relics":[{"not_picked":["Snecko Eye","Black Star"],"picked":"Astrolabe"}],"items_purged_floors":[4],"is_endless":false,"potions_floor_spawned":[2,6,14],"killed_by":"3 Cultists","ascension_level":20}}