{"host":"w01zow3jg16g8jdh","time":1612794012,"event":{"mods":["2.2 Compatiblity","AchievementEnabler","BaseMod","DeckTracker","Hermit","Keyboard Shortcuts","Marisa£¨Ùöéë¡¡Øª×âÞÞ£©","Minty Spire (QoL Compilation)","Permanent Neow","StSLib","SuperFastMode"],"gold_per_floor":[112,143,174,99,99,99,199,262,262,332,364,364,409,446,446,583,583,613,624,658,595,641,663,663],"floor_reached":23,"language":"KOR","playtime":605,"items_purged":["Defend_MRS"],"score":226,"play_id":"1a27e5c4-0144-4bde-8f53-d1b38776bf21","local_time":"20210208232012","is_ascension_mode":true,"campfire_choices":[{"data":"Robbery","floor":6,"key":"SMITH"},{"data":"MasterSpark","floor":12,"key":"SMITH"},{"data":"LuminesStrike","floor":15,"key":"SMITH"}],"circlet_count":0,"master_deck":["Strike_MRS","Strike_MRS","Strike_MRS+1","Strike_MRS","Defend_MRS","Defend_MRS+1","Defend_MRS","MasterSpark+1","UpSweep","Robbery+1","WitchOfGreed","LuminesStrike+1","DoubleSpark+1","MilkyWay+1","EarthLightRay+1"],"relics":["MiniHakkero","MealTicket","Pantograph","Vajra","Runic Pyramid","Question Card"],"acts_visited":["Exordium","TheCity"],"potions_floor_usage":[8,10,10,13,16,16,16,16,22,23,23],"damage_taken":[{"damage":6,"enemies":"Cultist","floor":1,"turns":3},{"damage":15,"enemies":"2 Louse","floor":2,"turns":5},{"damage":1,"enemies":"Small Slimes","floor":3,"turns":4},{"damage":27,"enemies":"Gremlin Nob","floor":8,"turns":4},{"damage":31,"enemies":"3 Sentries","floor":10,"turns":8},{"damage":7,"enemies":"3 Louse","floor":11,"turns":3},{"damage":15,"enemies":"Gremlin Gang","floor":13,"turns":3},{"damage":6,"enemies":"Lots of Slimes","floor":14,"turns":6},{"damage":32,"enemies":"The Guardian","floor":16,"turns":9},{"damage":28,"enemies":"2 Thieves","floor":18,"turns":3},{"damage":0,"enemies":"Spheric Guardian","floor":19,"turns":2},{"damage":33,"enemies":"Snake Plant","floor":20,"turns":4},{"damage":16,"enemies":"Cultist and Chosen","floor":22,"turns":4},{"damage":36,"enemies":"Gremlin Leader","floor":23,"turns":3}],"seed_played":"1154316325376258401","potions_obtained":[{"floor":1,"key":"BlessingOfTheForge"},{"floor":3,"key":"Regen Potion"},{"floor":8,"key":"Regen Potion"},{"floor":10,"key":"SteroidPotion"},{"floor":14,"key":"EntropicBrew"},{"floor":16,"key":"FairyPotion"},{"floor":20,"key":"Fire Potion"},{"floor":20,"key":"Swift Potion"},{"floor":22,"key":"Swift Potion"},{"floor":22,"key":"Fire Potion"}],"is_trial":false,"path_per_floor":["M","M","M","$","?","R","?","E","T","E","M","R","M","M","R","B",null,"M","M","M","?","M","E"],"character_chosen":"MARISA","items_purchased":[],"campfire_rested":0,"item_purchase_floors":[],"current_hp_per_floor":[69,54,53,68,53,53,53,26,26,44,37,37,22,16,16,9,75,47,47,14,14,4,0,0],"gold":663,"neow_bonus":"RANDOM_COMMON_RELIC","is_daily":false,"chose_seed":false,"campfire_upgraded":3,"win_rate":0.0,"timestamp":1612794012,"path_taken":["M","M","M","$","?","R","?","E","T","E","M","R","M","M","R","BOSS","M","?","M","?","?","E"],"items_purchased_type":[],"build_version":"2020-12-22","purchased_purges":1,"victory":false,"max_hp_per_floor":[75,75,75,75,75,75,75,75,75,75,75,75,75,75,75,75,75,75,75,75,75,75,75,75],"card_choices":[{"not_picked":["AlicesGift","AsteroidBelt"],"picked":"Robbery","floor":1},{"not_picked":["6A","GalacticHalo","WitchLeyline"],"picked":"SKIP","floor":2},{"not_picked":["DarkSpark","6A"],"picked":"WitchOfGreed","floor":3},{"not_picked":["DarkSpark","DeepEcoloBomb","DC"],"picked":"SKIP","floor":8},{"not_picked":["AsteroidBelt","ManaRampage","6A"],"picked":"SKIP","floor":10},{"not_picked":["6A","EnergyFlow","DarkMatter"],"picked":"SKIP","floor":11},{"not_picked":["MysteriousBeam","AsteroidBelt"],"picked":"LuminesStrike","floor":13},{"not_picked":["StarlightTyphoon","GrandCross","MachineGunSpark"],"picked":"SKIP","floor":14},{"not_picked":["GrandCross","ChargingUp"],"picked":"DoubleSpark+1","floor":18},{"not_picked":["EnergyRecoil","ShootingEcho"],"picked":"MilkyWay+1","floor":19},{"not_picked":["NonDirectionalLaser","MysteriousBeam"],"picked":"EarthLightRay+1","floor":20},{"not_picked":["OrrerysSun","RefractionSpark","DC","6A"],"picked":"SKIP","floor":22}],"player_experience":372958,"relics_obtained":[{"floor":8,"key":"Pantograph"},{"floor":10,"key":"Vajra"}],"event_choices":[{"damage_healed":0,"gold_gain":0,"player_choice":"Entered Light","damage_taken":15,"max_hp_gain":0,"max_hp_loss":0,"event_name":"Shining Light","floor":5,"gold_loss":0,"cards_upgraded":["Defend_MRS","Strike_MRS"]},{"damage_healed":0,"gold_gain":100,"player_choice":"Pray","damage_taken":0,"max_hp_gain":0,"max_hp_loss":0,"event_name":"Golden Shrine","floor":7,"gold_loss":0},{"damage_healed":0,"gold_gain":0,"player_choice":"Paid Gold","damage_taken":0,"relics_obtained":["Question Card"],"max_hp_gain":0,"max_hp_loss":0,"event_name":"WeMeetAgain","floor":21,"gold_loss":63}],"is_beta":false,"boss_relics":[{"not_picked":["Empty Cage","Astrolabe"],"picked":"Runic Pyramid"}],"items_purged_floors":[4],"is_endless":false,"potions_floor_spawned":[1,3,8,10,20,22],"killed_by":"Gremlin Leader","ascension_level":2}}