{"host":"qjy62f5erwny7xxh","time":1612826726,"event":{"mods":["2.2 Compatiblity","AchievementEnabler","BaseMod","Colored Powertips","Curses Come First","Downfall","Minty Spire (QoL Compilation)","StSLib"],"gold_per_floor":[112,112,112,129,148,182,193,193,193,220,220,237,253,40,40,142,142,156,166,186,186,186,186,219,243,243,243,243],"floor_reached":27,"language":"ENG","playtime":2212,"items_purged":["Strike_B"],"score":352,"play_id":"188ffa44-94d9-479b-8525-5d48297daae2","local_time":"20210208232526","is_ascension_mode":true,"campfire_choices":[{"floor":8,"key":"REST"},{"data":"Creative AI","floor":11,"key":"SMITH"},{"floor":15,"key":"REST"},{"floor":23,"key":"REST"}],"circlet_count":0,"master_deck":["Zap","Dualcast","Leap","Consume","Aggregate","Cold Snap","Gash","Creative AI+1","Defragment","Cold Snap","BootSequence","Gash","Glacier","Static Discharge","Echo Form","Biased Cognition+1","Hello World+1","Hyperbeam+1","Gash+1","Blizzard","Coolheaded","Coolheaded","Defragment"],"relics":["Cracked Core","Smiling Mask","Pen Nib","Ornamental Fan","Astrolabe","Blue Candle","Omamori","Shuriken"],"acts_visited":["Exordium","TheCity"],"potions_floor_usage":[6,6,7,10,13,24,27],"damage_taken":[{"damage":1,"enemies":"Small Slimes","floor":1,"turns":4},{"damage":0,"enemies":"2 Louse","floor":4,"turns":2},{"damage":2,"enemies":"Jaw Worm","floor":5,"turns":3},{"damage":18,"enemies":"3 Sentries","floor":6,"turns":10},{"damage":1,"enemies":"Large Slime","floor":7,"turns":6},{"damage":12,"enemies":"Lagavulin","floor":10,"turns":7},{"damage":3,"enemies":"Blue Slaver","floor":12,"turns":4},{"damage":10,"enemies":"Red Slaver","floor":13,"turns":3},{"damage":21,"enemies":"Slime Boss","floor":16,"turns":13},{"damage":4,"enemies":"3 Byrds","floor":18,"turns":6},{"damage":13,"enemies":"2 Thieves","floor":19,"turns":4},{"damage":16,"enemies":"Chosen and Byrds","floor":20,"turns":10},{"damage":48,"enemies":"Slavers","floor":24,"turns":6},{"damage":9,"enemies":"Snecko","floor":27,"turns":2}],"seed_played":"-1025244494524289130","potions_obtained":[{"floor":1,"key":"Regen Potion"},{"floor":4,"key":"PowerPotion"},{"floor":6,"key":"Block Potion"},{"floor":7,"key":"SpeedPotion"},{"floor":12,"key":"Dexterity Potion"},{"floor":20,"key":"LiquidBronze"},{"floor":24,"key":"champ:CounterPotion"}],"is_trial":false,"path_per_floor":["M","?","?","M","M","E","M","R","T","E","R","M","M","$","R","B",null,"M","M","M","?","?","R","E","T","T","M"],"character_chosen":"DEFECT","items_purchased":["Gash","Glacier","Static Discharge"],"campfire_rested":3,"item_purchase_floors":[14,14,14],"current_hp_per_floor":[67,60,45,45,43,40,39,61,61,49,49,46,36,36,58,37,66,62,49,33,33,33,55,7,7,7,0,0],"gold":243,"neow_bonus":"TRANSFORM_CARD","is_daily":false,"chose_seed":false,"campfire_upgraded":1,"win_rate":0.0,"timestamp":1612826726,"path_taken":["M","?","?","M","M","E","M","R","T","E","R","M","M","$","R","BOSS","M","M","M","?","?","R","E","?","T","?"],"items_purchased_type":["Card","Card","Card"],"build_version":"2020-12-22","purchased_purges":1,"victory":false,"max_hp_per_floor":[75,75,75,75,75,75,75,75,75,75,75,75,75,75,75,75,75,75,75,75,75,75,75,75,75,75,75,75],"card_choices":[{"not_picked":["Hologram","Double Energy"],"picked":"Consume","floor":1},{"not_picked":["Barrage","Auto Shields"],"picked":"Aggregate","floor":4},{"not_picked":["Aggregate","White Noise"],"picked":"Cold Snap","floor":5},{"not_picked":["Steam","Hologram"],"picked":"Gash","floor":6},{"not_picked":["Static Discharge","Blizzard"],"picked":"Creative AI","floor":7},{"not_picked":["Go for the Eyes","Steam"],"picked":"Defragment","floor":10},{"not_picked":["Beam Cell","Skim"],"picked":"Cold Snap","floor":12},{"not_picked":["Steam","Turbo"],"picked":"BootSequence","floor":13},{"not_picked":["Fission","Reboot"],"picked":"Echo Form","floor":16},{"not_picked":["BootSequence","Double Energy"],"picked":"Gash+1","floor":18},{"not_picked":["Conserve Battery","Streamline+1"],"picked":"Blizzard","floor":19},{"not_picked":["Streamline","Stack"],"picked":"Coolheaded","floor":20},{"not_picked":["Beam Cell+1","Turbo"],"picked":"Defragment","floor":24}],"player_experience":1188322,"relics_obtained":[{"floor":6,"key":"Smiling Mask"},{"floor":9,"key":"Pen Nib"},{"floor":10,"key":"Ornamental Fan"},{"floor":24,"key":"Blue Candle"},{"floor":25,"key":"Omamori"},{"floor":26,"key":"Shuriken"}],"event_choices":[{"cards_removed":["Defend_B"],"damage_healed":0,"gold_gain":0,"player_choice":"Card Removal","damage_taken":7,"max_hp_gain":0,"max_hp_loss":0,"event_name":"Golden Wing","floor":2,"gold_loss":0},{"damage_healed":0,"gold_gain":0,"player_choice":"Entered Light","damage_taken":15,"max_hp_gain":0,"max_hp_loss":0,"event_name":"Shining Light","floor":3,"gold_loss":0,"cards_upgraded":["Strike_B","Defend_B"]},{"damage_healed":0,"gold_gain":0,"cards_transformed":["Defend_B","Defend_B"],"player_choice":"Became Test Subject","damage_taken":0,"max_hp_gain":0,"max_hp_loss":0,"event_name":"Drug Dealer","floor":21,"gold_loss":0,"cards_obtained":["Recycle","Coolheaded"]},{"cards_removed":["Recycle"],"damage_healed":0,"gold_gain":0,"player_choice":"Elegance","damage_taken":0,"max_hp_gain":0,"max_hp_loss":0,"event_name":"Back to Basics","floor":22,"gold_loss":0}],"is_beta":false,"boss_relics":[{"not_picked":["Cursed Key","Runic Pyramid"],"picked":"Astrolabe"}],"items_purged_floors":[14],"is_endless":false,"potions_floor_spawned":[1,4,6,7,12,20,24],"killed_by":"Snecko","ascension_level":9}}