{"host":"sz4vhr3g5wh6zlgr","time":1612798402,"event":{"mods":["2.2 Compatiblity","AchievementEnabler","AlwaysNeverKeys","Ascension Reborn","Bartender","BaseMod","Better Note","BetterRewards","Clawfect","Colored Map","Colored Powertips","Dota2Spire","Faster Ascension Climbing","Highlight Path","Minty Spire (QoL Compilation)","Permanent Neow","Rare Cards Sparkle","Replay The Spire","Shop Mod","StSLib","SuperFastMode","Transform Curses","Uncapped","Unceasing Turn Reminder","[IsaacMod]????"],"gold_per_floor":[113,135,135,147,170,201,201,213,243,292,396,410,462,476,490,653,667,718,755,785,799,813,879,808,874,888,1021,1077,1119,1133,1163,1177,1341,1355,1399,1499,1320,1396,1426,1475,1475,1527,1527,1527,1625,1355,1416,1432,1509,1533,1533,1569,1569,1569,772,809,845],"floor_reached":58,"language":"ENG","playtime":3247,"items_purged":[],"score":1975,"play_id":"5532f461-a780-4d87-b935-8301ebe37c35","local_time":"20210208120322","is_ascension_mode":true,"campfire_choices":[{"floor":7,"key":"REST"},{"floor":15,"key":"REST"},{"data":"1","floor":41,"key":"LIFT"},{"data":"2","floor":51,"key":"LIFT"},{"data":"3","floor":54,"key":"LIFT"}],"circlet_count":0,"master_deck":["Gash+1","Gash+1","Gash+1","Gash+1","Gash+1","Defend_B+2","Defend_B+1","Defend_B+1","Defend_B+1","Defend_B+2","Crystallizer","Defragment","FTL+1","Coolheaded+1","FIFO Queue","Clawfect:ClawpileDriver","ReplayTheSpireMod:Calculation Training+1","Clawfect:ClawAndTear+1","Clawfect:ClawCell+1","Heatsinks+1","Chill","Mirror Shield","Echo Form","Panache","Clawfect:ClawpileDriver","Loop+1","Clawfect:ClawSnap","EpicFetus+1","Clawfect:ClawpileDriver+1","Chaos+1","Leap+1","Stack+1","Blizzard+1","Clawfect:ClawForOne","Clawfect:ClawSnap+1","Conserve Battery","Coolheaded+1","Clawfect:Clawter+1","FTL+1","Clawfect:Clawrage+1","Clawfect:Clawrage+1","ReplayTheSpireMod:Calculation Training","Finesse","Clawfect:ClawCell+1","Steam","Coolheaded","Amplify","Echo Form","Clawfect:Clawrage+1","Coolheaded","Clawfect:ClawSnap+1"],"relics":["HushsDoor","BookOfRevelations","Fusion Hammer","BookofShadows","Centennial Puzzle","MawBank","D4","Bag of Marbles","Golden Idol","BlankCard","Coffee Dripper","Dota2Spire:OctarineCore","Snack Pack","Dota2Spire:EchoSabre","Lantern","Bottled Flame","Replay:Antivirus Software","Dota2Spire:Bloodstone","GuppysTail","Molten Egg 2","Blue Candle","Simple Rune","Girya","PokeGo","Incense Burner","Dota2Spire:HandOfMidas","Dota2Spire:AghanimScepter","BFFS","Strawberry","Dota2Spire:Dagon","DollysMirror","Replay:Baseball","BlankCard","Unceasing Top"],"acts_visited":["Exordium","TheCity","TheBeyond","TheEnding"],"potions_floor_usage":[57,57],"damage_taken":[{"damage":0,"enemies":"Small Slimes","floor":1,"turns":3},{"damage":0,"enemies":"Cultist","floor":2,"turns":3},{"damage":0,"enemies":"Jaw Worm","floor":4,"turns":3},{"damage":0,"enemies":"Large Slime","floor":5,"turns":4},{"damage":0,"enemies":"3 Sentries","floor":6,"turns":5},{"damage":0,"enemies":"2 Fungi Beasts","floor":8,"turns":3},{"damage":0,"enemies":"Lagavulin","floor":10,"turns":5},{"damage":0,"enemies":"Gremlin Nob","floor":13,"turns":3},{"damage":0,"enemies":"The Guardian","floor":16,"turns":5},{"damage":0,"enemies":"2 Thieves","floor":18,"turns":3},{"damage":0,"enemies":"Spheric Guardian","floor":19,"turns":4},{"damage":1,"enemies":"Snecko","floor":20,"turns":4},{"damage":0,"enemies":"Replay:Snechameleon","floor":23,"turns":4},{"damage":0,"enemies":"Slavers","floor":25,"turns":4},{"damage":0,"enemies":"Replay:Snechameleon","floor":28,"turns":2},{"damage":0,"enemies":"Snake Plant","floor":29,"turns":2},{"damage":0,"enemies":"Shelled Parasite and Fungi","floor":31,"turns":3},{"damage":0,"enemies":"Pondfish","floor":33,"turns":4},{"damage":0,"enemies":"3 Shapes","floor":35,"turns":2},{"damage":8,"enemies":"Mind Bloom Boss Battle","floor":38,"turns":3},{"damage":0,"enemies":"3 Darklings","floor":39,"turns":5},{"damage":0,"enemies":"R_Hoarder","floor":40,"turns":5},{"damage":0,"enemies":"Giant Head","floor":42,"turns":2},{"damage":10,"enemies":"Spire Growth","floor":47,"turns":2},{"damage":0,"enemies":"4 Shapes","floor":48,"turns":3},{"damage":0,"enemies":"Reptomancer","floor":49,"turns":3},{"damage":0,"enemies":"3 Darklings","floor":50,"turns":2},{"damage":0,"enemies":"Donu and Deca","floor":52,"turns":3},{"damage":0,"enemies":"Shield and Spear","floor":56,"turns":3},{"damage":0,"enemies":"Delirium","floor":57,"turns":10}],"seed_played":"-2498266906837386682","potions_obtained":[{"floor":1,"key":"SteroidPotion"},{"floor":2,"key":"FocusPotion"},{"floor":6,"key":"Adrenaline Potion"},{"floor":23,"key":"PowerPotion"},{"floor":29,"key":"FocusPotion"}],"is_trial":false,"path_per_floor":["M","M","?","M","M","E","R","M","T","E","?","$","E","?","R","B",null,"M","M","M","?","?","E","?","E","T","?","E","M","R","M","R","B",null,"M","T","$","?","M","E","R","E","PTL","PTL","T","$","M","M","E","M","R","B",null,"R","$","E","B",null],"character_chosen":"DEFECT","items_purchased":["Echo Form","Panache","GuppysTail","Clawfect:ClawSnap+1","Simple Rune","Conserve Battery","BFFS","Clawfect:Clawrage+1","ReplayTheSpireMod:Calculation Training","Finesse","Dota2Spire:Dagon","DollysMirror","Replay:Baseball","Clawfect:Clawrage+1","Coolheaded"],"campfire_rested":2,"item_purchase_floors":[17,17,34,37,37,37,46,46,46,46,55,55,55,55,55],"current_hp_per_floor":[79,79,79,79,79,79,79,79,79,79,68,68,68,68,73,77,69,69,69,68,68,68,68,68,69,69,69,69,69,69,69,69,73,63,63,63,63,58,63,63,63,63,63,63,63,63,59,63,70,70,70,74,74,74,74,74,78],"gold":845,"neow_bonus":"BOSS_RELIC","is_daily":false,"chose_seed":false,"campfire_upgraded":0,"win_rate":0.0,"timestamp":1612798402,"path_taken":["M","M","?","M","M","E","R","M","T","E","?","$","E","?","R","BOSS","M","M","M","?","?","E","?","E","T","?","E","?","R","M","R","BOSS","M","?","$","?","M","E","R","E","PTL","PTL","T","$","M","?","E","M","R","BOSS","R","$","E","BOSS"],"items_purchased_type":["Card","Card","Relic","Card","Relic","Card","Relic","Card","Card","Card","Relic","Relic","Relic","Card","Card"],"build_version":"2020-12-22","purchased_purges":0,"victory":true,"max_hp_per_floor":[79,79,79,79,79,79,79,79,79,79,79,79,79,73,73,77,69,69,69,69,69,69,69,69,69,69,69,69,69,69,69,69,73,63,63,63,63,63,63,63,63,63,63,63,63,63,63,63,70,70,70,74,74,74,74,74,78],"card_choices":[{"not_picked":["Stack+1","Consume"],"picked":"Crystallizer","floor":1},{"not_picked":["Clawfect:ClawAndTear","Leap"],"picked":"Defragment","floor":2},{"not_picked":["Sunder+1","Reinforced Body"],"picked":"FTL+1","floor":4},{"not_picked":["ReplayTheSpireMod:System Scan","Clawfect:Clawter"],"picked":"Coolheaded+1","floor":5},{"not_picked":["Turbo","ReplaySort"],"picked":"FIFO Queue","floor":6},{"not_picked":["Turbo","Mirror Shield"],"picked":"Clawfect:ClawpileDriver","floor":6},{"not_picked":["Double Energy+1","Clawfect:ScrapingClaw+1"],"picked":"ReplayTheSpireMod:Calculation Training+1","floor":8},{"not_picked":["Bomb","Steam"],"picked":"Clawfect:ClawAndTear+1","floor":10},{"not_picked":["ReplayTheSpireMod:GoodbyeWorld","Steam"],"picked":"Clawfect:ClawCell+1","floor":10},{"not_picked":["Clawfect:ClawAndGloom","FIFO Queue"],"picked":"Heatsinks+1","floor":13},{"not_picked":["Aggregate","Hello World+1"],"picked":"Chill","floor":13},{"not_picked":["Buffer","Fission"],"picked":"Mirror Shield","floor":16},{"not_picked":["FIFO Queue","Steam+1"],"picked":"Clawfect:ClawpileDriver","floor":18},{"not_picked":["Turbo+1","Clawfect:ClawingBeam"],"picked":"Loop+1","floor":19},{"not_picked":["Skim","Steam Power"],"picked":"Clawfect:ClawSnap","floor":20},{"not_picked":["Panic Button+1","BasicCrystalCard"],"picked":"Clawfect:ClawpileDriver+1","floor":23},{"not_picked":["Tempest+1","Clawfect:ClawLightning+1"],"picked":"Chaos+1","floor":25},{"not_picked":["Reboot","Lockon"],"picked":"Leap+1","floor":28},{"not_picked":["Force Field","Time Bomb"],"picked":"Stack+1","floor":29},{"not_picked":["Static Discharge","Hello World"],"picked":"Blizzard+1","floor":31},{"not_picked":["Core Surge","ElectricPowerLearning"],"picked":"Clawfect:ClawForOne","floor":33},{"not_picked":["Fan+1","Undo+1","Recycle"],"picked":"SKIP","floor":35},{"not_picked":["Force Field","ReplayTheSpireMod:Repulse+1"],"picked":"Coolheaded+1","floor":38},{"not_picked":["Time Bomb","FIFO Queue+1"],"picked":"Clawfect:Clawter+1","floor":39},{"not_picked":["Clawfect:ClawLightning+1","Rebound+1"],"picked":"FTL+1","floor":40},{"not_picked":["Hologram","Rebound+1"],"picked":"Clawfect:Clawrage+1","floor":42},{"not_picked":["Steam+1","Conserve Battery+1"],"picked":"Clawfect:ClawCell+1","floor":47},{"not_picked":["ReplayGash+1","Rebound+1"],"picked":"Steam","floor":48},{"not_picked":["Leap+1","Redo+1"],"picked":"Coolheaded","floor":49},{"not_picked":["Recycle","Auto Shields"],"picked":"Amplify","floor":50},{"not_picked":["Redo","Hologram+1"],"picked":"Clawfect:ClawSnap+1","floor":56}],"player_experience":1368564,"relics_obtained":[{"floor":6,"key":"BookofShadows"},{"floor":9,"key":"Centennial Puzzle"},{"floor":9,"key":"MawBank"},{"floor":10,"key":"D4"},{"floor":13,"key":"Bag of Marbles"},{"floor":16,"key":"BlankCard"},{"floor":23,"key":"Dota2Spire:OctarineCore"},{"floor":25,"key":"Dota2Spire:EchoSabre"},{"floor":26,"key":"Lantern"},{"floor":26,"key":"Bottled Flame"},{"floor":28,"key":"Replay:Antivirus Software"},{"floor":33,"key":"Diplopia"},{"floor":35,"key":"Molten Egg 2"},{"floor":36,"key":"Blue Candle"},{"floor":38,"key":"Girya"},{"floor":40,"key":"PokeGo"},{"floor":42,"key":"Incense Burner"},{"floor":45,"key":"Dota2Spire:HandOfMidas"},{"floor":45,"key":"Dota2Spire:AghanimScepter"},{"floor":49,"key":"Strawberry"},{"floor":56,"key":"Unceasing Top"}],"event_choices":[{"damage_healed":0,"gold_gain":75,"player_choice":"Gather Gold","damage_taken":11,"max_hp_gain":0,"max_hp_loss":0,"event_name":"World of Goop","floor":11,"gold_loss":0},{"damage_healed":0,"gold_gain":0,"player_choice":"Lose Max HP","damage_taken":0,"relics_obtained":["Golden Idol"],"max_hp_gain":0,"max_hp_loss":6,"event_name":"Golden Idol","floor":14,"gold_loss":0},{"cards_removed":["EpicFetus"],"damage_healed":0,"gold_gain":0,"player_choice":"Take \u0026 Give","damage_taken":0,"max_hp_gain":0,"max_hp_loss":0,"event_name":"betterNote:BetterNote","floor":21,"gold_loss":0,"cards_obtained":["EpicFetus"]},{"damage_healed":0,"gold_gain":0,"player_choice":"Ignored","damage_taken":0,"max_hp_gain":0,"max_hp_loss":0,"event_name":"Vampires","floor":22,"gold_loss":0},{"damage_healed":0,"gold_gain":0,"player_choice":"Obtained Relic","damage_taken":0,"relics_obtained":["Snack Pack"],"max_hp_gain":0,"max_hp_loss":0,"event_name":"Addict","floor":24,"gold_loss":85},{"damage_healed":0,"gold_gain":99,"player_choice":"Stole From Cult","damage_taken":0,"max_hp_gain":0,"max_hp_loss":0,"event_name":"Nest","floor":27,"gold_loss":0},{"damage_healed":0,"gold_gain":0,"player_choice":"Fight","damage_taken":0,"max_hp_gain":0,"max_hp_loss":0,"event_name":"MindBloom","floor":38,"gold_loss":0}],"is_beta":false,"boss_relics":[{"not_picked":["SacredBark","Sozu"],"picked":"Coffee Dripper"},{"not_picked":[]},{"not_picked":["Runic Dome","SlaversCollar"],"picked":"Dota2Spire:Bloodstone"},{"not_picked":[]}],"items_purged_floors":[],"is_endless":false,"potions_floor_spawned":[2,5,6,13,16,20,23,28,29,33,38,40,48,49,56],"ascension_level":0}}