{"host":"kiehjq3lc4w5t4uc","time":1612802888,"event":{"mods":["AchievementEnabler","BaseMod","Colored Map","Colored Powertips","DeckTracker","Hermit","Keyboard Shortcuts","Minty Spire (QoL Compilation)","Permanent Neow","Quick Restart","Rare Cards Sparkle","Relic Stats","StSLib","SuperFastMode"],"gold_per_floor":[112,62,72,34,34,72,72,93,117,117,179,179,179,200,200,328,328,343,268,47,47,47,65,65,65,92,18,18,18],"floor_reached":28,"language":"KOR","playtime":1187,"items_purged":[],"score":212,"play_id":"6484eef7-3c0d-4669-92af-f65b1ca39e65","local_time":"20210209014808","is_ascension_mode":false,"campfire_choices":[{"data":"hermit:FromBeyond","floor":10,"key":"SMITH"},{"data":"hermit:Covet","floor":12,"key":"SMITH"},{"floor":15,"key":"REST"},{"data":"Apotheosis","floor":24,"key":"SMITH"}],"circlet_count":0,"master_deck":["hermit:Strike_Hermit+1","hermit:Strike_Hermit","hermit:Defend_Hermit","hermit:Defend_Hermit+1","hermit:Defend_Hermit+1","hermit:Snapshot","hermit:Covet+1","hermit:FromBeyond+1","hermit:Ricochet","hermit:Misfire","hermit:Malice+1","Injury","hermit:NoHoldsBarred","hermit:Reprieve","Apotheosis+1","hermit:ItchyTrigger","Decay","hermit:SprayPray","hermit:BlackWind","hermit:TakeAim"],"relics":["hermit:Momento","Golden Idol","Lantern","War Paint","Snecko Eye","Bag of Marbles"],"acts_visited":["Exordium","TheCity"],"potions_floor_usage":[16],"damage_taken":[{"damage":2,"enemies":"2 Louse","floor":1,"turns":3},{"damage":5,"enemies":"Small Slimes","floor":3,"turns":3},{"damage":26,"enemies":"Lagavulin","floor":6,"turns":5},{"damage":0,"enemies":"Cultist","floor":8,"turns":2},{"damage":1,"enemies":"Blue Slaver","floor":14,"turns":2},{"damage":42,"enemies":"Hexaghost","floor":16,"turns":8},{"damage":10,"enemies":"Shell Parasite","floor":18,"turns":4},{"damage":0,"enemies":"Spheric Guardian","floor":23,"turns":3},{"damage":64,"enemies":"Shelled Parasite and Fungi","floor":28,"turns":6}],"seed_played":"-2052836910405403420","potions_obtained":[{"floor":1,"key":"Regen Potion"},{"floor":3,"key":"Strength Potion"},{"floor":16,"key":"SneckoOil"},{"floor":18,"key":"LiquidBronze"}],"is_trial":false,"path_per_floor":["M","?","M","$","?","E","?","M","T","R","?","R","?","M","R","B",null,"M","?","$","?","?","M","R","?","T","$","M"],"character_chosen":"HERMIT","items_purchased":["hermit:Malice","Apotheosis","hermit:ItchyTrigger","hermit:TakeAim"],"campfire_rested":1,"item_purchase_floors":[4,20,20,27],"current_hp_per_floor":[73,73,68,68,68,42,42,42,42,42,42,42,27,26,48,21,75,65,65,65,65,65,73,73,73,73,73,17,17],"gold":18,"neow_bonus":"TRANSFORM_CARD","is_daily":false,"chose_seed":false,"campfire_upgraded":3,"win_rate":0.0,"timestamp":1612802888,"path_taken":["M","?","M","$","?","E","?","?","T","R","?","R","?","M","R","BOSS","M","?","$","?","?","M","R","?","T","?","M"],"items_purchased_type":["Card","Card","Card","Card"],"build_version":"2020-12-22","purchased_purges":0,"victory":false,"max_hp_per_floor":[75,75,75,75,75,75,75,75,75,75,75,75,75,75,75,75,75,75,75,75,75,75,75,75,75,75,75,75,75],"relic_stats":{"counters":[9,36],"Golden Idol":49,"Snecko Eye":[18,18,18,28],"War Paint":["hermit:Defend_Hermit","hermit:Defend_Hermit"],"obtain_stats":[{"Lantern":6,"Golden Idol":5,"Snecko Eye":17,"Bag of Marbles":26,"War Paint":9,"hermit:Momento":0},{"Lantern":3,"Golden Idol":2,"Snecko Eye":6,"Bag of Marbles":8,"War Paint":4,"hermit:Momento":0},{"Lantern":11,"Golden Idol":6,"Snecko Eye":23,"Bag of Marbles":30,"War Paint":13,"hermit:Momento":0}]},"card_choices":[{"not_picked":["hermit:Cheat","hermit:Desperado"],"picked":"hermit:Ricochet","floor":1},{"not_picked":["hermit:LowProfile","hermit:TakeCover"],"picked":"hermit:Misfire","floor":3},{"not_picked":["hermit:Coalescence","hermit:Desperado","hermit:Headshot"],"picked":"SKIP","floor":6},{"not_picked":["hermit:NoHoldsBarred","hermit:Desperado"],"picked":"hermit:Glare","floor":8},{"not_picked":["hermit:WideOpen","hermit:HighCaliber","hermit:BodyArmor"],"picked":"SKIP","floor":14},{"not_picked":["hermit:Dissolve","hermit:OverwhelmingPower"],"picked":"hermit:Reprieve","floor":16},{"not_picked":["hermit:WideOpen+1","hermit:Snipe+1","hermit:Ricochet+1"],"picked":"SKIP","floor":18},{"not_picked":["hermit:HighCaliber+1","hermit:Virtue+1"],"picked":"hermit:SprayPray","floor":23}],"player_experience":173272,"relics_obtained":[{"floor":6,"key":"Lantern"},{"floor":9,"key":"War Paint"},{"floor":26,"key":"Bag of Marbles"}],"event_choices":[{"cards_removed":["hermit:Strike_Hermit"],"damage_healed":0,"gold_gain":0,"player_choice":"Card Removal","damage_taken":0,"max_hp_gain":0,"max_hp_loss":0,"event_name":"The Cleric","floor":2,"gold_loss":50},{"damage_healed":0,"gold_gain":0,"player_choice":"Take Wound","damage_taken":0,"relics_obtained":["Golden Idol"],"max_hp_gain":0,"max_hp_loss":0,"event_name":"Golden Idol","floor":5,"gold_loss":0,"cards_obtained":["Injury"]},{"damage_healed":0,"gold_gain":0,"cards_transformed":["hermit:Defend_Hermit"],"player_choice":"Transformed","damage_taken":0,"max_hp_gain":0,"max_hp_loss":0,"event_name":"Transmorgrifier","floor":7,"gold_loss":0,"cards_obtained":["hermit:NoHoldsBarred"]},{"damage_healed":0,"gold_gain":62,"player_choice":"Gained Gold","damage_taken":0,"max_hp_gain":0,"max_hp_loss":0,"event_name":"Golden Wing","floor":11,"gold_loss":0},{"damage_healed":0,"gold_gain":0,"player_choice":"Entered Light","damage_taken":15,"max_hp_gain":0,"max_hp_loss":0,"event_name":"Shining Light","floor":13,"gold_loss":0,"cards_upgraded":["hermit:Malice","hermit:Strike_Hermit"]},{"cards_removed":["hermit:Glare"],"damage_healed":0,"gold_gain":0,"player_choice":"Gave Gold","damage_taken":0,"max_hp_gain":0,"max_hp_loss":0,"event_name":"Beggar","floor":19,"gold_loss":75},{"damage_healed":0,"gold_gain":0,"player_choice":"Smashed Altar","damage_taken":0,"max_hp_gain":0,"max_hp_loss":0,"event_name":"Forgotten Altar","floor":21,"gold_loss":0,"cards_obtained":["Decay"]},{"damage_healed":0,"gold_gain":0,"player_choice":"Ignored","damage_taken":0,"max_hp_gain":0,"max_hp_loss":0,"event_name":"Ghosts","floor":22,"gold_loss":0},{"damage_healed":0,"gold_gain":0,"player_choice":"Read","damage_taken":0,"max_hp_gain":0,"max_hp_loss":0,"event_name":"The Library","floor":25,"gold_loss":0,"cards_obtained":["hermit:BlackWind"]}],"is_beta":false,"boss_relics":[{"not_picked":["hermit:DentedPlate","Fusion Hammer"],"picked":"Snecko Eye"}],"items_purged_floors":[],"is_endless":false,"potions_floor_spawned":[1,3,16,18],"killed_by":"Shelled Parasite and Fungi","ascension_level":0}}