{"host":"8lgo2trwv2o0qyml","time":1612813154,"event":{"mods":["BaseMod","Colored Map","Colored Powertips","DeckTracker","Highlight Path","Hubris","Infinite Spire","Minty Spire (QoL Compilation)","Quick Restart","Random Character Button","Relic Sorter","Replay The Spire","StSLib","SuperFastMode","Synergy Search"],"gold_per_floor":[112,125,125,143,13,13,13,48,48,62,82,82,82],"floor_reached":12,"playtime":874,"items_purged":["Hallucinations"],"score":80,"play_id":"d9a9ccb8-13d5-4e29-9e6b-4bd38972bd16","local_time":"20210208143914","is_ascension_mode":false,"campfire_choices":[{"data":"Collect","floor":7,"key":"SMITH"}],"circlet_count":0,"master_deck":["Strike_P","Strike_P","Strike_P","Strike_P","Defend_P","Defend_P","Defend_P","Defend_P","Eruption+1","Vigilance","hubris:Insight","CrushJoints+1","Collect+1","FlurryOfBlows","LikeWater+1","MasterReality","WreathOfFlame","Weave"],"relics":["PureWater","ReplayTheSpireMod:CursedCoin","Potion Belt","Whetstone","hubris:TenFootPole"],"acts_visited":["Exordium"],"potions_floor_usage":[8,10,12],"damage_taken":[{"damage":0,"enemies":"Cultist","floor":1,"turns":4},{"damage":15,"enemies":"infinitespire:Voidling","floor":2,"turns":6},{"damage":0,"enemies":"Small Slimes","floor":4,"turns":4},{"damage":35,"enemies":"3 Sentries","floor":8,"turns":15},{"damage":8,"enemies":"3 Louse","floor":10,"turns":4},{"damage":21,"enemies":"Lots of Slimes","floor":11,"turns":5},{"damage":27,"enemies":"Gremlin Nob","floor":12,"turns":3}],"seed_played":"-6840093322117705060","potions_obtained":[{"floor":4,"key":"Regen Potion"},{"floor":8,"key":"BottledMiracle"},{"floor":10,"key":"Elixir"},{"floor":11,"key":"BlessingOfTheForge"}],"is_trial":false,"path_per_floor":["M","M","?","M","$","?","R","E","T","M","M","E"],"character_chosen":"WATCHER","items_purchased":["ReplayTheSpireMod:CursedCoin","Potion Belt","LikeWater+1"],"campfire_rested":0,"item_purchase_floors":[5,5,5],"current_hp_per_floor":[72,61,61,61,61,61,61,41,41,33,12,0,0],"gold":82,"neow_bonus":"RANDOM_COLORLESS","is_daily":false,"chose_seed":false,"campfire_upgraded":1,"win_rate":0.0,"timestamp":1612813154,"path_taken":["M","M","?","?","$","?","R","E","T","M","M","E"],"items_purchased_type":["Relic","Relic","Card"],"build_version":"2020-12-22","purchased_purges":1,"victory":false,"max_hp_per_floor":[72,72,72,72,72,72,72,72,72,72,72,72,72],"card_choices":[{"not_picked":["PanicButton","Dramatic Entrance"],"picked":"hubris:Insight","floor":0},{"not_picked":["PathToVictory","FlurryOfBlows"],"picked":"Replay:AtTheReady","floor":1},{"not_picked":["FlyingSleeves","CutThroughFate"],"picked":"CrushJoints","floor":2},{"not_picked":["SignatureMove","FollowUp"],"picked":"FlurryOfBlows","floor":4},{"not_picked":["Replay:Battleflow","Replay:Vibes"],"picked":"MasterReality","floor":8},{"not_picked":["CutThroughFate","Replay:ManipulateFuture"],"picked":"WreathOfFlame","floor":10},{"not_picked":["BowlingBash","Tantrum"],"picked":"Weave","floor":11}],"player_experience":125454,"relics_obtained":[{"floor":8,"key":"Whetstone"},{"floor":9,"key":"hubris:TenFootPole"}],"event_choices":[{"damage_healed":0,"gold_gain":0,"cards_transformed":["Replay:AtTheReady"],"player_choice":"Transformed","damage_taken":0,"max_hp_gain":0,"max_hp_loss":0,"event_name":"Transmorgrifier","floor":3,"gold_loss":0,"cards_obtained":["Collect"]},{"damage_healed":0,"gold_gain":0,"player_choice":"Ignored","damage_taken":0,"max_hp_gain":0,"max_hp_loss":0,"event_name":"NoteForYourself","floor":6,"gold_loss":0}],"is_beta":false,"boss_relics":[],"items_purged_floors":[5],"is_endless":false,"potions_floor_spawned":[4,8,10,11],"killed_by":"Gremlin Nob","ascension_level":0}}