{"host":"v3qphhcqhwfpabne","time":1612762658,"event":{"mods":["100% Spire Juice","2.2 Compatiblity","BaseMod","CapriCore","KinomotoSakuraMod(ÙÊñýÜâ?)","Koishi","Marisa£¨Ùöéë¡¡Øª×âÞÞ£©","Minty Spire (QoL Compilation)","Permanent Neow","Prisma Mod","StSLib","Td1madao Mod","The Bug Knight","The Cursed","The Immortal","The Runesmith","WarShipGirlsR/??á´Ò³R mod"],"gold_per_floor":[215,231,74,93,113,113,113],"floor_reached":6,"language":"KOR","playtime":333,"items_purged":["Koishi:BasicStrike"],"score":40,"play_id":"6122efaf-b083-4d82-8602-033467af94d0","local_time":"20210208143738","is_ascension_mode":true,"campfire_choices":[],"circlet_count":0,"master_deck":["Koishi:BasicStrike","Koishi:BasicStrike","Koishi:BasicStrike","Koishi:BasicDefend","Koishi:BasicDefend","Koishi:BasicDefend","Koishi:BasicDefend","Koishi:Provoke","Koishi:HauntingSlash","Koishi:IdleWhim","Koishi:SubconsciousSweep","Koishi:MassHysteria","Koishi:SubterraneanRose","Koishi:HeartfeltFancy"],"relics":["Koishi:ImaginaryFriend"],"acts_visited":["Exordium"],"potions_floor_usage":[6,6],"damage_taken":[{"damage":0,"enemies":"Jaw Worm","floor":1,"turns":6},{"damage":11,"enemies":"Small Slimes","floor":2,"turns":6},{"damage":11,"enemies":"2 Louse","floor":4,"turns":2},{"damage":9,"enemies":"Blue Slaver","floor":5,"turns":4},{"damage":32,"enemies":"Lagavulin","floor":6,"turns":7}],"seed_played":"-1456508198517156896","potions_obtained":[{"floor":1,"key":"Explosive Potion"},{"floor":2,"key":"Ancient Potion"}],"is_trial":false,"path_per_floor":["M","M","$","M","M","E"],"character_chosen":"KOISHI","items_purchased":["Koishi:MassHysteria"],"campfire_rested":0,"item_purchase_floors":[3],"current_hp_per_floor":[60,51,51,40,31,0,0],"gold":113,"neow_bonus":"HUNDRED_GOLD","is_daily":false,"chose_seed":false,"campfire_upgraded":0,"win_rate":0.0,"timestamp":1612762658,"path_taken":["M","M","$","M","M","E"],"items_purchased_type":["Card"],"build_version":"2020-12-22","purchased_purges":1,"victory":false,"max_hp_per_floor":[60,60,60,60,60,60,60],"card_choices":[{"not_picked":["Koishi:TremblingHands","Koishi:Jaunt"],"picked":"Koishi:IdleWhim","floor":1},{"not_picked":["Koishi:Whimsy","Koishi:SubterraneanRose"],"picked":"Koishi:SubconsciousSweep","floor":2},{"not_picked":["Koishi:ParalyzingFear","Koishi:IdleWhim"],"picked":"Koishi:SubterraneanRose","floor":4},{"not_picked":["Koishi:BloodcurdlingScream","Koishi:PhantomBarrier"],"picked":"Koishi:HeartfeltFancy","floor":5}],"player_experience":106092,"relics_obtained":[],"event_choices":[],"is_beta":false,"boss_relics":[],"items_purged_floors":[3],"is_endless":false,"potions_floor_spawned":[1,2],"killed_by":"Lagavulin","ascension_level":1}}