{"host":"ouhnlk7sufsq27y5","time":1612810984,"event":{"mods":["Act Like it!","AlwaysNeverKeys","Aspiration","BaseMod","Better Match","Better Third Choice","Card Forge","Conspire","Dark Map","Gold Saver","HololiveMod","Hubris","Infinite Spire","Melee Mod","Minty Spire (QoL Compilation)","Reliquary","Replay The Spire","Shop Mod","StSLib","Yuri Mod"],"gold_per_floor":[144,164,24,24,38,75,75,3,3,21,57,57,90,115,115,226,226,241,128,144,144,186,186,222,232,232,245,245,282,311,348,348,443,443,456,505,192,192,13,61,61,61,85,85,124,178,178,10,10,153,153,155,155,194,194,194,194,31,31,31,14,14,54,67,67,154,254,250,269,269,544,561,650,650,650,61,120,120,120,120,223,223,241,241,241,270,270,297,297,341,341,341,368,13,78,78,176,176,105,28,64,64,239,239,239,218,218,272,272,388,388,408,484,484,484,484],"floor_reached":124,"language":"ENG","playtime":7358,"items_purged":[],"score":3016,"play_id":"1783b919-bf30-4101-a09e-fc9d1eeddcb4","local_time":"20210208140304","is_ascension_mode":false,"campfire_choices":[{"floor":7.0,"key":"RECALL"},{"data":"Hololive_DDD","floor":12.0,"key":"SMITH"},{"floor":15.0,"key":"REST"},{"data":"hubris:InfiniteBlow+2","floor":23.0,"key":"SMITH"},{"data":"Hololive_CallAmaneKanata","floor":32.0,"key":"SMITH"},{"data":"Hololive_CandyCastle","floor":41.0,"key":"SMITH"},{"data":"Hololive_CallMomosuzuNene+6","floor":44.0,"key":"SMITH"},{"data":"Hololive_CallMomosuzuNene+9","floor":49.0,"key":"SMITH"},{"data":"ReplayTheSpireMod:Private Reserves","floor":57.0,"key":"SMITH"},{"data":"Hololive_Sequa","floor":62.0,"key":"SMITH"},{"data":"Hololive_CallUsadaPekora","floor":66.0,"key":"SMITH"},{"floor":80.0,"key":"DIG"},{"floor":83.0,"key":"DIG"},{"floor":92,"key":"DIG"},{"floor":95,"key":"DIG"},{"floor":100,"key":"DIG"},{"floor":108,"key":"DIG"},{"floor":117,"key":"DIG"}],"circlet_count":0,"master_deck":["Hololive_Sequa+1","Hololive_CallTokinoSora+1","Hololive_CallDoris+1","Hololive_CallShiranuiFlare+1","Hololive_CallOkamiMio+1","Hololive_CallSpadeEcho+1","Hololive_CallUruhaRushia+1","Hololive_Trident+1","Hololive_BringToTrial+1","Hololive_DDD+1","Hololive_CallArtia+1","Hololive_CallArtia+1","Hololive_ScarfAndHalo+1","Mayhem+1","Hololive_CandyCastle+1","Hololive_CallHoushouMarine+1","hubris:InfiniteBlow+14","conspire:Banana+1","Machine Learning+1","Hololive_CallRoboco+1","Hololive_DiamondStrike+1","Hololive_Rebound+1","Hololive_CallSakuraMiko+1","Hololive_CallOzoraSubaru+1","Hololive_CallTokoyamiTowa+1","Hololive_CallShirakamiFubuki+1","Hololive_CallMomosuzuNene+38","Hololive_CallHoshimachiSuisei+1","Hololive_FlyingPonyTail+1","Hololive_Drill+1","Hololive_StrengthChampion+9","Hololive_CallAmaneKanata+1","Hololive_CallMurasakiShion+1","Hololive_CallSpadeEcho+1","Hololive_CallInugamiKorone+1","Hololive_CallNekomataOkayu+1","Hololive_OvertimeWork+1","Hololive_StarCraft+1","Hololive_IdolExercise+1","Hololive_CallOmaruPolka+1","Hololive_CocoNews+1","Hololive_Rebound+1","Hololive_CallYukihanaLamy+1","Hololive_FlyingPonyTail+1","Hololive_Breathe+1","Hololive_SoulCatcher+1","Hololive_Psychosis+1","Hololive_Yoholoon+1","Hololive_FlareMind+1","Hololive_CandyCastle+1","Hololive_Watashimo+1","Hololive_CallSakuraMiko+1","ReplayTheSpireMod:Private Reserves+1","Hololive_ManjiGathering+1","Hololive_CallUsadaPekora+1","Hololive_CallYuzukiChoco+1","Hololive_Drill+1","Hololive_WolfAndLamb+1","Hololive_CallAZKi+1","Hololive_CallAyundaRisu+1","Hololive_StrengthChampion+6","Hololive_CallShiroganeNoel+1","Hololive_CallShishiroBotan+1","Hololive_CallManoAloe+1","Hololive_CallManoAloe+1","Hololive_Yoholoon+1","infinitespire:Collect+1","Hololive_CallMinatoAqua+1","Hololive_AWSL","Hololive_DevilCharm+1","Hololive_CallFriendA+1","Magnetism+1","Hololive_FlareMind+1","Hololive_Recruit+1","infinitespire:DeathsTouch+1","Hololive_CallYogiri+1","Hololive_CallMurasakiShion+1","Hololive_CallMoonaHoshinova+1","Hololive_CallHoushouMarine+1","Hololive_CallNatsuiroMatsuri+1","Hololive_CallNatsuiroMatsuri+1","Hololive_CallNatsuiroMatsuri+1","Hololive_CallNekomataOkayu+1","Hololive_SummonFox+1","Hololive_RevenueBasedLive+1","Hololive_CallDoris+1","Machine Learning+1","Hololive_CallSakuraMiko+1","Noxious Fumes+1","Tools of the Trade+1","Hololive_StrengthChampion+1","Hololive_CallSakuraMiko+1","Hololive_DDD"],"relics":["Hololive_TheStar","Hammer of Thor","Seething Fire","Anvil of the Gods","NeowsBlessing","MerchantsRug","hubris:Metronome","BargainBundle","Blue Candle","infinitespire:Lychee Nut","Prayer Wheel","Kunai","Juzu Bracelet","hubris:ScarierMask","Bag of Marbles","Replay:Bronze Core","Sling","infinitespire:Broken Mirror","Durian","hubris:Towel","conspire:RoyalGoblet","Vajra","Orichalcum","Sling","reliquary:Bookmark","aspiration:TomeofQuesting","Bottled Tornado","Oddly Smooth Stone","Unceasing Top","CaptainsWheel","hubris:Icosahedron","infinitespire:DarkRift","aspiration:HatOfInfinitePower","hubris:SlimyHat","hubris:TenFootPole","infinitespire:EmpoweringShard","hubris:Teleporter","Replay:Wanted Poster","Replay:Kaleidoscope","hubris:64BitClover","ReplayTheSpireMod:CursedCoin","Replay:Wax Seal","Replay:Mystery Machine","Ornamental Fan","Hololive_LightStick","Shovel","Smiling Mask","conspire:InfiniteJournal","aspiration:StickyExplosives","Garlic","Coffee Dripper","The Courier","reliquary:Boomerang","Peace Pipe","reliquary:Knoch","conspire:Dentures","hubris:GrandSneckoEye","DollysMirror","reliquary:HotPoker","conspire:BottledYoYo","Ginger","betterThird:SlimedRelic"],"acts_visited":["Exordium","TheCity","TheBeyond","Exordium","TheCity","TheBeyond","Exordium","TheCity"],"potions_floor_usage":[],"damage_taken":[{"damage":0.0,"enemies":"Small Slimes","floor":1.0,"turns":1.0},{"damage":0.0,"enemies":"Cultist","floor":2.0,"turns":1.0},{"damage":0.0,"enemies":"Jaw Worm","floor":5.0,"turns":1.0},{"damage":0.0,"enemies":"Gremlin Nob","floor":6.0,"turns":4.0},{"damage":0.0,"enemies":"Exordium Wildlife","floor":10.0,"turns":4.0},{"damage":0.0,"enemies":"Lagavulin","floor":11.0,"turns":8.0},{"damage":19.0,"enemies":"Gremlin Nob","floor":13.0,"turns":6.0},{"damage":0.0,"enemies":"Hexaghost","floor":16.0,"turns":8.0},{"damage":0.0,"enemies":"3 Byrds","floor":18.0,"turns":3.0},{"damage":0.0,"enemies":"Spheric Guardian","floor":20.0,"turns":4.0},{"damage":0.0,"enemies":"Snecko","floor":22.0,"turns":6.0},{"damage":0.0,"enemies":"Nightmare","floor":24.0,"turns":6.0},{"damage":0.0,"enemies":"Centurion and Healer","floor":25.0,"turns":3.0},{"damage":0.0,"enemies":"Shelled Parasite and Fungi","floor":27.0,"turns":3.0},{"damage":0.0,"enemies":"3 Cultists","floor":29.0,"turns":3.0},{"damage":0.0,"enemies":"Snecko","floor":30.0,"turns":3.0},{"damage":0.0,"enemies":"Snake Plant","floor":31.0,"turns":3.0},{"damage":0.0,"enemies":"hubris:MusketHawk","floor":33.0,"turns":6.0},{"damage":0.0,"enemies":"3 Shapes","floor":35.0,"turns":3.0},{"damage":0.0,"enemies":"conspire:MimicChest","floor":36.0,"turns":5.0},{"damage":0.0,"enemies":"R_Hoarder","floor":40.0,"turns":4.0},{"damage":0.0,"enemies":"Nightmare","floor":45.0,"turns":4.0},{"damage":0.0,"enemies":"Mind Bloom Boss Battle","floor":46.0,"turns":3.0},{"damage":0.0,"enemies":"Donu and Deca","floor":50.0,"turns":7.0},{"damage":0.0,"enemies":"Jaw Worm","floor":52.0,"turns":1.0},{"damage":0.0,"enemies":"3 Sentries","floor":54.0,"turns":3.0},{"damage":0.0,"enemies":"Gremlin Nob","floor":63.0,"turns":2.0},{"damage":0.0,"enemies":"Cultist","floor":64.0,"turns":1.0},{"damage":0.0,"enemies":"Hexaghost","floor":67.0,"turns":4.0},{"damage":0.0,"enemies":"3 Byrds","floor":69.0,"turns":2.0},{"damage":0.0,"enemies":"2 Thieves","floor":71.0,"turns":2.0},{"damage":0.0,"enemies":"Replay:Snechameleon","floor":74.0,"turns":3.0},{"damage":13.0,"enemies":"Nightmare_Alpha","floor":79.0,"turns":4.0},{"damage":0.0,"enemies":"conspire:MysteriousRune","floor":84.0,"turns":3.0},{"damage":0,"enemies":"3 Darklings","floor":86,"turns":1},{"damage":0,"enemies":"3 Shapes","floor":89,"turns":1},{"damage":0,"enemies":"Giant Head","floor":91,"turns":3},{"damage":0,"enemies":"R_Hoarder","floor":93,"turns":2},{"damage":0,"enemies":"Jaw Worm Horde","floor":96,"turns":1},{"damage":0,"enemies":"Nemesis","floor":99,"turns":1},{"damage":0,"enemies":"Donu and Deca","floor":101,"turns":4},{"damage":0,"enemies":"Small Slimes","floor":103,"turns":1},{"damage":0,"enemies":"2 Louse","floor":107,"turns":2},{"damage":0,"enemies":"Hexaghost","floor":118,"turns":1},{"damage":0,"enemies":"Spheric Guardian","floor":120,"turns":1},{"damage":58,"enemies":"Chosen","floor":124,"turns":6}],"seed_played":"-7893087742153154301","potions_obtained":[{"floor":1.0,"key":"Adrenaline Potion"},{"floor":6.0,"key":"ColorlessPotion"},{"floor":10.0,"key":"Adrenaline Potion"},{"floor":22.0,"key":"AttackPotion"},{"floor":27.0,"key":"SkillPotion"},{"floor":29.0,"key":"Reflective Coating"},{"floor":30.0,"key":"BlessingOfTheForge"},{"floor":40.0,"key":"Death Potion"},{"floor":46.0,"key":"LiquidBronze"},{"floor":52.0,"key":"LiquidMemories"},{"floor":54.0,"key":"Dexterity Potion"},{"floor":63.0,"key":"LiquidBronze"},{"floor":71.0,"key":"Elixir"},{"floor":86,"key":"Energy Potion"},{"floor":91,"key":"EssenceOfSteel"},{"floor":93,"key":"Elixir"},{"floor":101,"key":"Ancient Potion"},{"floor":103,"key":"SpeedPotion"},{"floor":107,"key":"ColorlessPotion"}],"is_trial":false,"path_per_floor":["M","M","$","?","M","E","R","$","T","M","E","R","E","T","R","B",null,"M","$","M","AVR","M","R","NM","M","T","M","?","M","M","M","R","B",null,"M","?","$","?","$","E","R","AVR","T","R","NM","?","?","$","R","B",null,"M","AVR","?","?","?","R","$","?","T","$","R","E","M","R","B",null,"M","M","AVR","?","E","$","?","T","$","NM","R","?","R","B",null,"M","?","?","M","AVR","E","R","E","T","R","M","$","E","R","B",null,"M","$","M","R","?","T","?","?","?","?","R","B",null,"M","$","?","M"],"character_chosen":"Hololive_HololiveCharacter","items_purchased":["MerchantsRug","BargainBundle","CultistPotion","Block Potion","BlessingOfTheForge","conspire:GiftBox","Blue Candle","Hololive_CallArtia","Hololive_ScarfAndHalo","Mayhem","Hololive_CallSakuraMiko","Bag of Marbles","Orichalcum","Sling","Hololive_CallYukihanaLamy","reliquary:Bookmark","Hololive_FlyingPonyTail","aspiration:Nostalgia","Hololive_Yoholoon","Hololive_ManjiGathering+1","hubris:TenFootPole","infinitespire:EmpoweringShard","ReplayTheSpireMod:CursedCoin","Replay:Wax Seal","Replay:Mystery Machine","Hololive_LightStick","Shovel","Hololive_CallManoAloe","Hololive_Yoholoon","hubris:Spice","Hololive_CallNatsuiroMatsuri","Hololive_CallNatsuiroMatsuri","Hololive_CallNekomataOkayu","DollysMirror"],"campfire_rested":1,"item_purchase_floors":[3,8,8,8,8,8,8,8,8,8,19,19,37,37,37,39,39,48,48,58,58,61,75,75,75,78,78,78,78,97,97,97,97,105],"current_hp_per_floor":[35,35,35,35,35,35,35,35,35,35,26,26,11,11,20,30,34,36,36,40,40,44,44,48,52,57,59,59,63,63,63,63,67,67,67,69,69,69,69,71,71,71,71,71,73,75,75,75,75,79,79,79,79,79,79,79,79,79,79,79,79,79,79,79,79,81,81,81,81,81,81,83,83,62,62,62,55,55,55,55,70,83,84,84,84,85,85,86,94,97,105,105,106,98,91,91,86,86,87,87,82,82,82,82,82,77,74,66,58,59,51,38,38,41,0,0],"gold":484,"neow_bonus":"THREE_ENEMY_KILL","is_daily":false,"chose_seed":false,"campfire_upgraded":9,"win_rate":0.0,"timestamp":1612810984,"path_taken":["M","M","$","?","M","E","R","?","T","M","E","R","E","?","R","BOSS","M","$","M","AVR","M","R","NM","M","T","M","?","M","M","M","R","BOSS","M","?","$","?","$","E","R","AVR","T","R","NM","?","?","?","R","BOSS","M","AVR","?","?","?","R","$","?","T","?","R","E","M","R","BOSS","M","M","AVR","?","E","?","?","T","$","NM","R","?","R","BOSS","M","?","?","M","AVR","E","R","E","T","R","M","$","E","R","BOSS","M","$","M","R","?","T","?","?","?","?","R","BOSS","M","$","?","M"],"items_purchased_type":["Relic","Relic","Potion","Potion","Potion","Relic","Relic","Card","Card","Card","Card","Relic","Relic","Relic","Card","Relic","Card","Relic","Card","Card","Relic","Relic","Relic","Relic","Relic","Relic","Relic","Card","Card","Relic","Card","Card","Card","Relic"],"build_version":"2020-12-22","purchased_purges":0,"victory":false,"max_hp_per_floor":[35,35,35,35,35,35,35,35,35,35,26,26,30,30,30,34,34,36,36,40,40,44,44,48,52,57,59,59,63,63,63,63,67,67,67,69,69,69,69,71,71,71,71,71,73,75,75,75,75,79,79,79,79,79,79,79,79,79,79,79,79,79,79,79,79,81,81,81,81,81,81,83,83,83,83,83,83,83,83,83,83,83,84,84,84,85,85,86,94,97,105,105,106,98,91,91,86,86,87,87,82,82,82,82,82,82,74,66,58,59,51,38,38,41,42,42],"card_choices":[{"not_picked":["Hololive_Trident","Hololive_CallHimemoriLuna","Hololive_CallNekomataOkayu"],"picked":"Hololive_CallSpadeEcho","floor":1.0},{"not_picked":["Hololive_CallNakiriAyame","Hololive_CallHoshimachiSuisei","Hololive_StrengthChampion"],"picked":"Hololive_CallUruhaRushia","floor":2.0},{"not_picked":["Hololive_HuntDinosaur","Hololive_RevenueBasedLive","Hololive_Rebound"],"picked":"Hololive_Trident","floor":5.0},{"not_picked":["Hololive_HuntDinosaur","Hololive_OvertimeWork","Hololive_Trident"],"picked":"Hololive_BringToTrial","floor":6.0},{"not_picked":["Hololive_FlareMind","Hololive_HighAtkLowDef"],"picked":"Hololive_DDD","floor":8.0},{"not_picked":["Hololive_OpenUp","Hololive_OvertimeWork","Hololive_DevilCharm"],"picked":"Hololive_CandyCastle","floor":10.0},{"not_picked":["Hololive_RevenueBasedLive","Hololive_HuntDinosaur","Hololive_CallYuzukiChoco"],"picked":"Hololive_CallHoushouMarine","floor":11.0},{"not_picked":["Hololive_Rebound","Hololive_SummonFox","Hololive_Trident"],"picked":"Hololive_CallRoboco","floor":13.0},{"not_picked":["Hololive_DDD","Hololive_HighAtkLowDef","Hololive_StarCraft"],"picked":"Hololive_DiamondStrike","floor":16.0},{"not_picked":["Hololive_CallRoboco","Hololive_Teleport+1","Hololive_StrengthChampion"],"picked":"Hololive_Rebound+1","floor":18.0},{"not_picked":["Hololive_CallOzoraSubaru","Hololive_StrengthChampion","Hololive_HuntDinosaur"],"picked":"Hololive_CallNatsuiroMatsuri","floor":18.0},{"not_picked":["Hololive_Rebound","Hololive_Breathe","Hololive_Sequa"],"picked":"Hololive_CallOzoraSubaru+1","floor":20.0},{"not_picked":["Hololive_Trident+1","Hololive_Drill","Hololive_LuckPotion+1"],"picked":"Hololive_CallTokoyamiTowa","floor":20.0},{"not_picked":["Hololive_OvertimeWork","Hololive_CallDoris","Hololive_Sequa+1"],"picked":"Hololive_CallShirakamiFubuki","floor":22.0},{"not_picked":["Hololive_WolfAndLamb","Hololive_Trident","Hololive_OvertimeWork"],"picked":"Hololive_CallMomosuzuNene","floor":22.0},{"not_picked":["Hololive_Sequa","Hololive_RevenueBasedLive","Hololive_Spy+1"],"picked":"Hololive_CallHoshimachiSuisei","floor":24.0},{"not_picked":["Hololive_Trident","Hololive_LuckPotion+1","Hololive_RevenueBasedLive+1"],"picked":"Hololive_FlyingPonyTail","floor":25.0},{"not_picked":["Hololive_OvertimeWork+1","Hololive_SoulCatcher","Hololive_StrengthChampion"],"picked":"Hololive_Drill","floor":25.0},{"not_picked":["Hololive_CallArtia","Hololive_RevenueBasedLive","Hololive_SummonFox"],"picked":"Hololive_StrengthChampion","floor":27.0},{"not_picked":["Hololive_CocoNews+1","Hololive_Trident","Hololive_LuckPotion"],"picked":"Hololive_CallAmaneKanata","floor":27.0},{"not_picked":["Hololive_CallAiraniIofifteen","Hololive_StrengthChampion","Hololive_CallKiryuuCoco"],"picked":"Hololive_CallMurasakiShion+1","floor":29.0},{"not_picked":["Hololive_CocoNews","Hololive_Trident","Hololive_LuckPotion"],"picked":"Hololive_CallSpadeEcho+1","floor":29.0},{"not_picked":["Hololive_Breathe","Hololive_CallNakiriAyame","Hololive_CallAkiRosenthal"],"picked":"Hololive_CallInugamiKorone+1","floor":30.0},{"not_picked":["Hololive_CallNakiriAyame+1","Hololive_Drill","Hololive_Sequa"],"picked":"Hololive_CallNekomataOkayu","floor":30.0},{"not_picked":["Hololive_Breathe","Hololive_CallTokoyamiTowa+1","Hololive_CocoNews"],"picked":"Hololive_OvertimeWork+1","floor":31.0},{"not_picked":["Hololive_Drill","Hololive_CallMurasakiShion","Hololive_LuckPotion"],"picked":"Hololive_StarCraft","floor":31.0},{"not_picked":["Hololive_ASMR","Hololive_BeCareful","Hololive_StarCraft"],"picked":"Hololive_IdolExercise","floor":33.0},{"not_picked":["Hololive_Drill","Hololive_CallMurasakiShion+1","Hololive_CallArtia+1"],"picked":"Hololive_CallOmaruPolka+1","floor":35.0},{"not_picked":["Hololive_Sequa","Hololive_FlyingPonyTail","Hololive_Breathe"],"picked":"Hololive_CocoNews+1","floor":35.0},{"not_picked":["Hololive_CocoNews","Hololive_FlyingPonyTail","Hololive_CallAmaneKanata"],"picked":"Hololive_Rebound+1","floor":36.0},{"not_picked":["Hololive_CallNatsuiroMatsuri","Hololive_CallShirakamiFubuki","Hololive_CallRoboco+1"],"picked":"Hololive_Breathe+1","floor":40.0},{"not_picked":["Hololive_Breathe+1","Hololive_Spy","Hololive_Sequa+1"],"picked":"Hololive_SoulCatcher+1","floor":45.0},{"not_picked":["Hololive_ScarfAndHalo","Hololive_Watashimo","Hololive_OvertimeWork+1"],"picked":"Hololive_Psychosis+1","floor":46.0},{"not_picked":["Hololive_BeCareful","Hololive_Rebirth","Hololive_OpenUp"],"picked":"Hololive_FlareMind","floor":50.0},{"not_picked":["Hololive_StrengthChampion","Hololive_Psychosis","Hololive_CallMurasakiShion"],"picked":"Hololive_CandyCastle","floor":52.0},{"not_picked":["Hololive_CallShirakamiFubuki","Hololive_RevenueBasedLive","Hololive_CocoNews"],"picked":"Hololive_Watashimo","floor":52.0},{"not_picked":["Hololive_Sequa","Hololive_Breathe","Hololive_OvertimeWork"],"picked":"Hololive_CallSakuraMiko","floor":54.0},{"not_picked":["Hololive_CallAmaneKanata","Hololive_OvertimeWork","Hololive_CallYuzukiChoco"],"picked":"Hololive_CallUsadaPekora","floor":63.0},{"not_picked":["Hololive_ScarfAndHalo","Hololive_DevilCharm","Hololive_Psychosis"],"picked":"Hololive_CallYuzukiChoco","floor":64.0},{"not_picked":["Hololive_BringToTrial","Hololive_CallUruhaRushia","Hololive_SummonFox"],"picked":"Hololive_Drill","floor":64.0},{"not_picked":["Hololive_ScarfAndHalo","Hololive_MaximGun","Hololive_IdolExercise"],"picked":"Hololive_WolfAndLamb","floor":67.0},{"not_picked":["infinitespire:SevenWalls","infinitespire:Execution"],"picked":"infinitespire:Oblivion","floor":68.0},{"not_picked":["Hololive_FlyingPonyTail","Hololive_Rebound","Hololive_CallRosalyn"],"picked":"Hololive_CallAZKi","floor":69.0},{"not_picked":["Hololive_OvertimeWork+1","Hololive_CocoNews","Hololive_Trident+1"],"picked":"Hololive_CallAyundaRisu+1","floor":69.0},{"not_picked":["Hololive_FlareMind","Hololive_RevenueBasedLive","Hololive_Sequa"],"picked":"Hololive_StrengthChampion+1","floor":71.0},{"not_picked":["Hololive_CallOmaruPolka+1","Hololive_Rebound","Hololive_CocoNews"],"picked":"Hololive_CallShiroganeNoel","floor":71.0},{"not_picked":["Hololive_HuntDinosaur","Hololive_Recruit","Hololive_Psychosis+1"],"picked":"Hololive_CallShishiroBotan","floor":74.0},{"not_picked":["infinitespire:TheBestDefense","infinitespire:Starlight"],"picked":"infinitespire:Collect","floor":79.0},{"not_picked":["Hololive_CallTokinoSora+1","Hololive_Trident+1","Hololive_Rebound"],"picked":"Hololive_CallMinatoAqua","floor":79.0},{"not_picked":["Hololive_DDD","Hololive_WolfAndLamb","Hololive_Rebirth"],"picked":"Hololive_AWSL","floor":84.0},{"not_picked":["Hololive_HuntDinosaur+1","Hololive_LuckPotion","Hololive_StrengthChampion"],"picked":"Hololive_DevilCharm+1","floor":86},{"not_picked":["Hololive_Sequa+1","Hololive_OvertimeWork","Hololive_Trident+1"],"picked":"Hololive_CallFriendA","floor":86},{"not_picked":["hubris:Ssssneak","Blind","Impatience"],"picked":"Magnetism","floor":88},{"not_picked":["Hololive_CocoNews+1","Hololive_OvertimeWork+1","Hololive_HuntDinosaur+1"],"picked":"Hololive_FlareMind","floor":89},{"not_picked":["Hololive_OvertimeWork","Hololive_RevenueBasedLive","Hololive_Sequa"],"picked":"Hololive_Recruit","floor":89},{"not_picked":["Hololive_CallFriendA","Hololive_CallOzoraSubaru+1","Hololive_CallOkamiMio+1"],"picked":"Hololive_CallYogiri+1","floor":91},{"not_picked":["Hololive_Psychosis","Hololive_CallInugamiKorone","Hololive_CocoNews+1"],"picked":"Hololive_CallMurasakiShion","floor":93},{"not_picked":["Hololive_Breathe+1","Hololive_CallUruhaRushia+1","Hololive_OvertimeWork+1"],"picked":"Hololive_CallMoonaHoshinova","floor":96},{"not_picked":["Hololive_CallDoris+1","Hololive_CallShiroganeNoel","Hololive_Trident"],"picked":"Hololive_CallHoushouMarine+1","floor":96},{"not_picked":["Hololive_CallOkamiMio+1","Hololive_Rebound","Hololive_CocoNews+1"],"picked":"Hololive_SummonFox+1","floor":99},{"not_picked":["Hololive_ASMR","Hololive_Thief","Hololive_WolfAndLamb"],"picked":"hubris:SpiceAddiction","floor":101},{"not_picked":["Hololive_LuckPotion","Hololive_Psychosis","Hololive_Sequa"],"picked":"Hololive_RevenueBasedLive","floor":103},{"not_picked":["Hololive_Breathe","Hololive_CallOkamiMio","Hololive_Yoholoon"],"picked":"Hololive_CallDoris","floor":103},{"not_picked":["hubris:SpiceAddiction","Hololive_ILoveYou","Hololive_CallManoAloe"],"picked":"hubris:SpiceAddiction","floor":107},{"not_picked":["Hololive_Drill","Hololive_Rebound","Hololive_OvertimeWork"],"picked":"Hololive_CallSakuraMiko","floor":107},{"not_picked":["Hololive_Trident","Hololive_Psychosis","Hololive_Drill"],"picked":"Hololive_StrengthChampion","floor":116},{"not_picked":["Hololive_Recruit","Hololive_LuckPotion","Hololive_Drill"],"picked":"Hololive_CallSakuraMiko","floor":116},{"not_picked":["Hololive_DurableLive","hubris:SpiceAddiction","Hololive_Thief"],"picked":"Hololive_DDD","floor":118},{"not_picked":["Hololive_CallOzoraSubaru+1","Hololive_CallFriendA+1","Hololive_CallAyundaRisu"],"picked":"hubris:SpiceAddiction","floor":120},{"not_picked":["Hololive_CallAkaiHaato","Hololive_RevenueBasedLive+1","Hololive_CocoNews"],"picked":"hubris:SpiceAddiction","floor":120}],"player_experience":1528325,"relics_obtained":[{"floor":6.0,"key":"hubris:Metronome"},{"floor":11.0,"key":"infinitespire:Lychee Nut"},{"floor":13.0,"key":"Kunai"},{"floor":14.0,"key":"Juzu Bracelet"},{"floor":24.0,"key":"infinitespire:Broken Mirror"},{"floor":26.0,"key":"Durian"},{"floor":36.0,"key":"Vajra"},{"floor":40.0,"key":"aspiration:TomeofQuesting"},{"floor":43.0,"key":"Oddly Smooth Stone"},{"floor":45.0,"key":"Unceasing Top"},{"floor":46.0,"key":"CaptainsWheel"},{"floor":54.0,"key":"hubris:SlimyHat"},{"floor":60.0,"key":"infinitespire:Midas Blood"},{"floor":63.0,"key":"hubris:Teleporter"},{"floor":74.0,"key":"hubris:64BitClover"},{"floor":77.0,"key":"Ornamental Fan"},{"floor":79.0,"key":"Smiling Mask"},{"floor":80.0,"key":"conspire:InfiniteJournal"},{"floor":83.0,"key":"Garlic"},{"floor":91,"key":"reliquary:Boomerang"},{"floor":92,"key":"hubris:Spice"},{"floor":93,"key":"Peace Pipe"},{"floor":94,"key":"hubris:Spice"},{"floor":95,"key":"reliquary:Knoch"},{"floor":99,"key":"hubris:Spice"},{"floor":100,"key":"conspire:Dentures"},{"floor":107,"key":"reliquary:HotPoker"},{"floor":108,"key":"conspire:BottledYoYo"},{"floor":111,"key":"Ginger"},{"floor":116,"key":"hubris:Spice"},{"floor":117,"key":"hubris:Spice"}],"event_choices":[{"damage_healed":0.0,"max_hp_gain":0.0,"max_hp_loss":0.0,"gold_gain":0.0,"event_name":"NoteForYourself","player_choice":"Ignored","floor":4.0,"gold_loss":0.0,"damage_taken":0.0},{"damage_healed":0.0,"max_hp_gain":0.0,"max_hp_loss":0.0,"gold_gain":0.0,"event_name":"Upgrade Shrine","player_choice":"Upgraded","floor":38.0,"gold_loss":0.0,"damage_taken":0.0,"cards_upgraded":["Hololive_CallYukihanaLamy"]},{"damage_healed":0.0,"max_hp_gain":0.0,"max_hp_loss":0.0,"gold_gain":0.0,"event_name":"MindBloom","player_choice":"Fight","floor":46.0,"gold_loss":0.0,"damage_taken":0.0},{"damage_healed":0.0,"max_hp_gain":0.0,"max_hp_loss":0.0,"gold_gain":0.0,"event_name":"Dead Adventurer","player_choice":"Searched \u00271\u0027 times","floor":54.0,"gold_loss":0.0,"damage_taken":0.0},{"damage_healed":0.0,"max_hp_gain":0.0,"max_hp_loss":0.0,"gold_gain":0.0,"event_name":"conspire:LoneGhost","player_choice":"Agree","floor":55.0,"gold_loss":0.0,"damage_taken":0.0},{"damage_healed":0.0,"max_hp_gain":0.0,"max_hp_loss":0.0,"gold_gain":0.0,"cards_transformed":["conspire:GhostlyDefend"],"event_name":"Transmorgrifier","player_choice":"Transformed","floor":56.0,"gold_loss":0.0,"damage_taken":0.0,"cards_obtained":["ReplayTheSpireMod:Private Reserves"]},{"cards_removed":["conspire:GhostlyStrike"],"damage_healed":0.0,"max_hp_gain":0.0,"max_hp_loss":0.0,"gold_gain":0.0,"event_name":"Purifier","player_choice":"Purged","floor":59.0,"gold_loss":0.0,"damage_taken":0.0},{"damage_healed":0.0,"max_hp_gain":0.0,"max_hp_loss":0.0,"gold_gain":275.0,"event_name":"Golden Shrine","player_choice":"Desecrate","floor":73.0,"gold_loss":0.0,"damage_taken":0.0,"cards_obtained":["Regret"]},{"damage_healed":0.0,"max_hp_gain":0.0,"max_hp_loss":0.0,"gold_gain":0.0,"event_name":"Addict","player_choice":"Stole Relic","floor":81.0,"gold_loss":0.0,"damage_taken":0.0,"relics_obtained":["aspiration:StickyExplosives"],"cards_obtained":["Shame"]},{"damage_healed":0,"gold_gain":0,"player_choice":"Memory 1","damage_taken":0,"max_hp_gain":0,"max_hp_loss":0,"event_name":"SensoryStone","floor":88,"gold_loss":0},{"damage_healed":0,"gold_gain":175,"player_choice":"AGREE","damage_taken":64,"max_hp_gain":0,"max_hp_loss":0,"event_name":"betterThird:BetterSerpent","floor":109,"gold_loss":0},{"damage_healed":0,"gold_gain":0,"player_choice":"Slimed","damage_taken":11,"max_hp_gain":0,"max_hp_loss":0,"event_name":"betterThird:BetterGoop","floor":114,"gold_loss":21},{"damage_healed":0,"gold_gain":0,"player_choice":"Box","damage_taken":0,"relics_obtained":["hubris:Spice"],"max_hp_gain":0,"max_hp_loss":0,"event_name":"Big Fish","floor":115,"gold_loss":0,"cards_obtained":["Regret"]}],"is_beta":false,"boss_relics":[{"not_picked":["conspire:RunicOctahedron","Velvet Choker"],"picked":"hubris:ScarierMask"},{"not_picked":["Sozu","Pandora\u0027s Box"],"picked":"conspire:RoyalGoblet"},{"not_picked":["Empty Cage","Hololive_ChaosS"],"picked":"aspiration:PoetsPen"},{"not_picked":["Snecko Eye","Busted Crown"],"picked":"Replay:Wanted Poster"},{"not_picked":["reliquary:KinkedSpring","Ring of Chaos"],"picked":"Coffee Dripper"},{"not_picked":["hubris:Spice","hubris:Spice"],"picked":"hubris:GrandSneckoEye"},{"not_picked":["hubris:Spice","hubris:Spice"],"picked":"hubris:Spice"}],"items_purged_floors":[],"is_endless":true,"potions_floor_spawned":[1,6,10,22,27,29,30,35,40,46,52,54,63,71,86,91,93,101,103,107],"killed_by":"Chosen","ascension_level":0}}