{"host":"whyfdmrq1ty0e9zp","time":1612812979,"event":{"mods":["Act Like it!","BaseMod","Colored Map","Colored Powertips","Conspire","Energized Spire","Gensokyo","Marisa£®ÏF”Í°°ƒß¿Ì…≥£©","Minty Spire (QoL Compilation)","MostiFishMod","Prisma Mod","Quick Restart","Relic Stats","Remilia£®¿Ÿ√◊¿Ú—«£©","Replay The Spire","StSLib","TestMod","The Servant 0.9.4","°æ“≈ŒÔø®≈∆°øREMEMod"],"gold_per_floor":[111,57,74,93,93,93,126,126,126,141,160,185,202,127,127,202,202,213,38,53,67,12,44,44,74,74,102,102,114,26,26,26,102,102,112,125,0,0,15,50,50,114,114,43,77,77,77,111,111,111,111],"floor_reached":52,"language":"ZHS","playtime":2042,"items_purged":["Strike_B","Dualcast","Undo+1"],"score":2702,"play_id":"50042a15-37ee-4aa9-8df9-7c3725eeb03f","local_time":"20210209033619","is_ascension_mode":true,"campfire_choices":[{"data":"Atom Bomb","floor":6.0,"key":"SMITH"},{"data":"Fusion","floor":8.0,"key":"SMITH"},{"data":"Zap","floor":15.0,"key":"SMITH"},{"data":"Hologram","floor":24.0,"key":"SMITH"},{"data":"White Noise","floor":28.0,"key":"SMITH"},{"data":"Chaos","floor":32.0,"key":"SMITH"},{"data":"Defragment","floor":41.0,"key":"SMITH"},{"data":"MostiFishMod:GatherIntelligence","floor":47,"key":"SMITH"},{"data":"Coolheaded","floor":49,"key":"SMITH"}],"circlet_count":0,"master_deck":["AscendersBane","Defend_B","Defend_B+1","Defend_B","Defend_B","Zap+1","Atom Bomb+1","Cold Snap","Fusion+1","Machine Learning","Coolheaded+1","MostiFishMod:StrandedSiren","Doom and Gloom","Hologram+1","MostiFishMod:IceShield+1","Conserve Battery","Blizzard+1","White Noise+1","MostiFishMod:GatherIntelligence+1","ReplayTheSpireMod:GoodbyeWorld","Chaos+1","Reboot","Defragment+1","Storm","Force Field","FIFO Queue"],"relics":["Cracked Core","testmod-TestBox","DaveBox","REME_ComplimentaryCards","FeatherPendant","testmod-D®¶j®§vu","BloodWine","Replay:Drink Me","SynthV:TestCard","Replay:Accelerometer","MealTicket","Solar Panel","conspire:RoyalGoblet","Prayer Wheel","conspire:Flyswatter","Replay:Rubber Ducky","War Paint","energizedSpire:EnergizedDie","CeramicFish","testmod-CasingShield","Pondfish Scales","Ginger","testmod-Justice"],"acts_visited":["Exordium","TheCity","TheBeyond"],"potions_floor_usage":[],"damage_taken":[{"damage":0.0,"enemies":"Jaw Worm","floor":1.0,"turns":2.0},{"damage":0.0,"enemies":"conspire:RoseBush","floor":3.0,"turns":2.0},{"damage":0.0,"enemies":"Cultist","floor":4.0,"turns":2.0},{"damage":0.0,"enemies":"Lagavulin","floor":7.0,"turns":3.0},{"damage":5.0,"enemies":"Lots of Slimes","floor":10.0,"turns":2.0},{"damage":4.0,"enemies":"Exordium Wildlife","floor":11.0,"turns":3.0},{"damage":0.0,"enemies":"3 Sentries","floor":12.0,"turns":4.0},{"damage":4.0,"enemies":"Exordium Thugs","floor":13.0,"turns":4.0},{"damage":21.0,"enemies":"The Guardian","floor":16.0,"turns":5.0},{"damage":0.0,"enemies":"2 Thieves","floor":18.0,"turns":4.0},{"damage":0.0,"enemies":"Chosen","floor":20.0,"turns":2.0},{"damage":3.0,"enemies":"3 Cultists","floor":21.0,"turns":3.0},{"damage":8.0,"enemies":"Slavers","floor":23.0,"turns":3.0},{"damage":0.0,"enemies":"Book of Stabbing","floor":25.0,"turns":4.0},{"damage":7.0,"enemies":"Gremlin Leader","floor":27.0,"turns":3.0},{"damage":0.0,"enemies":"Cultist and Chosen","floor":29.0,"turns":5.0},{"damage":0.0,"enemies":"Champ","floor":33.0,"turns":5.0},{"damage":0.0,"enemies":"Orb Walker","floor":35.0,"turns":3.0},{"damage":8.0,"enemies":"3 Shapes","floor":36.0,"turns":4.0},{"damage":15.0,"enemies":"Spire Growth","floor":39.0,"turns":3.0},{"damage":0.0,"enemies":"R_Hoarder","floor":40.0,"turns":4.0},{"damage":0.0,"enemies":"2 Orb Walkers","floor":42.0,"turns":2.0},{"damage":0,"enemies":"Mind Bloom Boss Battle","floor":45,"turns":2},{"damage":0,"enemies":"Nemesis","floor":48,"turns":5},{"damage":0,"enemies":"Donu and Deca","floor":50,"turns":4},{"damage":0,"enemies":"conspire:OrnateMirror","floor":51,"turns":4}],"seed_played":"-3805492290065414476","potions_obtained":[{"floor":3.0,"key":"Explosive Potion"},{"floor":4.0,"key":"GamblersBrew"},{"floor":11.0,"key":"Block Potion"},{"floor":18.0,"key":"AttackPotion"},{"floor":23.0,"key":"Adrenaline Potion"},{"floor":35.0,"key":"FearPotion"},{"floor":39.0,"key":"Adrenaline Potion"},{"floor":42.0,"key":"DuplicationPotion"}],"is_trial":false,"path_per_floor":["M","$","M","M","?","R","E","R","T","M","M","E","M","$","R","B",null,"M","$","M","M","$","E","R","E","T","E","R","M","$","?","R","B",null,"M","M","$","?","M","E","R","?","T","$","?","$","R","E","R","B","B",null],"character_chosen":"DEFECT","items_purchased":["Cold Snap","Doom and Gloom","Conserve Battery","Chaos","Force Field"],"campfire_rested":0,"item_purchase_floors":[2,19,22,30,44],"current_hp_per_floor":[54,54,54,54,54,54,54,54,54,49,45,45,45,54,54,50,53,54,54,54,51,54,52,52,52,52,51,51,54,54,54,54,54,54,54,46,54,54,39,43,43,47,47,54,54,54,54,54,54,54,54],"gold":111,"neow_bonus":"DOUBLE_BOSS_RELIC","is_daily":false,"chose_seed":false,"campfire_upgraded":9,"win_rate":0.0,"timestamp":1612812979,"path_taken":["M","$","M","M","?","R","E","R","T","M","M","E","?","?","R","BOSS","M","$","M","M","?","E","R","E","T","E","R","M","$","?","R","BOSS","M","M","$","?","M","E","R","?","T","?","?","?","R","E","R","BOSS","BOSS"],"items_purchased_type":["Card","Card","Card","Card","Card"],"build_version":"2020-12-22","purchased_purges":3,"victory":true,"max_hp_per_floor":[54,54,54,54,54,54,54,54,54,54,54,54,54,54,54,54,54,54,54,54,54,54,54,54,54,54,54,54,54,54,54,54,54,54,54,54,54,54,54,54,54,54,54,54,54,54,54,54,54,54,54],"relic_stats":{"counters":[26,87],"CeramicFish":27,"MealTicket":27,"Prayer Wheel":4,"Ginger":[0],"War Paint":["Undo","Defend_B"],"obtain_stats":[{"Solar Panel":12,"Replay:Accelerometer":7,"testmod-TestBox":0,"DaveBox":0,"conspire:RoyalGoblet":17,"CeramicFish":40,"energizedSpire:EnergizedDie":34,"BloodWine":0,"Ginger":45,"War Paint":31,"testmod-Justice":48,"testmod-CasingShield":42,"Replay:Rubber Ducky":27,"Pondfish Scales":43,"SynthV:TestCard":1,"FeatherPendant":0,"MealTicket":9,"Prayer Wheel":25,"testmod-D®¶j®§vu":0,"Cracked Core":0,"Replay:Drink Me":0,"REME_ComplimentaryCards":0,"conspire:Flyswatter":26},{"Solar Panel":7,"Replay:Accelerometer":4,"testmod-TestBox":0,"DaveBox":0,"conspire:RoyalGoblet":9,"CeramicFish":21,"energizedSpire:EnergizedDie":17,"BloodWine":0,"Ginger":23,"War Paint":16,"testmod-Justice":24,"testmod-CasingShield":22,"Replay:Rubber Ducky":15,"Pondfish Scales":22,"SynthV:TestCard":1,"FeatherPendant":0,"MealTicket":4,"Prayer Wheel":14,"testmod-D®¶j®§vu":0,"Cracked Core":0,"Replay:Drink Me":0,"REME_ComplimentaryCards":0,"conspire:Flyswatter":14},{"Solar Panel":18,"Replay:Accelerometer":9,"testmod-TestBox":0,"DaveBox":0,"conspire:RoyalGoblet":27,"CeramicFish":70,"energizedSpire:EnergizedDie":56,"BloodWine":0,"Ginger":74,"War Paint":51,"testmod-Justice":79,"testmod-CasingShield":72,"Replay:Rubber Ducky":46,"Pondfish Scales":72,"SynthV:TestCard":2,"FeatherPendant":0,"MealTicket":9,"Prayer Wheel":41,"testmod-D®¶j®§vu":0,"Cracked Core":0,"Replay:Drink Me":0,"REME_ComplimentaryCards":0,"conspire:Flyswatter":43}]},"card_choices":[{"not_picked":["Auto Shields","Gash","Panic Button"],"picked":"SKIP","floor":1.0},{"not_picked":["Fusion","Chill","Sweeping Beam","MostiFishMod:PushDownKick"],"picked":"Undo","floor":3.0},{"not_picked":["Gash","ReplayGash","BasicCrystalCard","Stack","ReplayTheSpireMod:GoodbyeWorld"],"picked":"SKIP","floor":4.0},{"not_picked":["Redo","Beam Cell","Turbo","ReplayTheSpireMod:Dual Polarity"],"picked":"Fusion","floor":7.0},{"not_picked":["Sweeping Beam","Rebound","Beam Cell","Stack","Steam"],"picked":"SKIP","floor":10.0},{"not_picked":["Streamline","ReplayGash","Redo","Coolheaded"],"picked":"Ball Lightning","floor":11.0},{"not_picked":["ReplayTheSpireMod:Dual Polarity","Streamline","Ball Lightning","Sunder"],"picked":"Machine Learning","floor":12.0},{"not_picked":["Go for the Eyes","Tempest","ReplaySort","Redo"],"picked":"Coolheaded","floor":13.0},{"not_picked":["MostiFishMod:InterfaceCompatibility","MostiFishMod:Exploitation","Hyperbeam","MostiFishMod:Nova"],"picked":"MostiFishMod:StrandedSiren","floor":16.0},{"not_picked":["Ball Lightning","Barrage","Stack","ReplayTheSpireMod:Repulse+1","MostiFishMod:Impulse"],"picked":"SKIP","floor":18.0},{"not_picked":["Turbo","MostiFishMod:PushDownKick","Chaos","Redo"],"picked":"Hologram","floor":20.0},{"not_picked":["ReplayTheSpireMod:Reroute Power+1","Undo","Steam","Leap+1"],"picked":"MostiFishMod:IceShield+1","floor":21.0},{"not_picked":["MostiFishMod:Impulse+1","ReplayTheSpireMod:Calculation Training","Barrage","Rebound"],"picked":"ReplayTheSpireMod:Fabricate Wheel","floor":23.0},{"not_picked":["FIFO Queue","Barrage","Leap","Stack+1"],"picked":"Blizzard+1","floor":25.0},{"not_picked":["Go for the Eyes","Static Discharge","Cold Snap","Conserve Battery"],"picked":"White Noise","floor":27.0},{"not_picked":["Barrage+1","Go for the Eyes","BasicCrystalCard+1","Hello World+1","Crystallizer","MostiFishMod:ReprogramOld","Redo","Sunder"],"picked":"MostiFishMod:GatherIntelligence","floor":29.0},{"not_picked":["BootSequence+1","MostiFishMod:ATRI","Lockon","Sweeping Beam","Self Repair","Storm","Beam Cell","Fusion"],"picked":"ReplayTheSpireMod:GoodbyeWorld","floor":29.0},{"not_picked":["MostiFishMod:Nova","Fission","MostiFishMod:Culaccino","MostiFishMod:Exploitation"],"picked":"Reboot","floor":33.0},{"not_picked":["Stack","Compile Driver+1","Streamline","Coolheaded","Sweeping Beam"],"picked":"SKIP","floor":35.0},{"not_picked":["BasicCrystalCard+1","Beam Cell","Steam","Chill","Compile Driver"],"picked":"SKIP","floor":35.0},{"not_picked":["Melter+1","Panic Button","MostiFishMod:InterfaceCompatibility","MostiFishMod:PushDownKick","Leap"],"picked":"SKIP","floor":36.0},{"not_picked":["BasicCrystalCard","conspire:Rain+1","Hologram","ReplaySort+1","Panic Button"],"picked":"SKIP","floor":36.0},{"not_picked":["Doom and Gloom+1","Skim","Scrape","Melter"],"picked":"Defragment","floor":39.0},{"not_picked":["ReplaySolidLightProjector","Cold Snap","Rebound","ReplaySort","Redo+1"],"picked":"SKIP","floor":39.0},{"not_picked":["MostiFishMod:Impulse+1","Panic Button","ReplaySort","MostiFishMod:Exploitation","Steam","Cold Snap+1","BasicCrystalCard"],"picked":"SKIP","floor":40.0},{"not_picked":["Ball Lightning","Leap","Hologram","MostiFishMod:InterfaceCompatibility"],"picked":"Storm","floor":42.0},{"not_picked":["Turbo","Steam+1","conspire:SharedLibrary","Go for the Eyes"],"picked":"FIFO Queue","floor":45},{"not_picked":["Rebound","Stack","MostiFishMod:IceShield","Skim+1","Turbo"],"picked":"SKIP","floor":48}],"player_experience":497980,"relics_obtained":[{"floor":1.0,"key":"SynthV:TestCard"},{"floor":7.0,"key":"Replay:Accelerometer"},{"floor":9.0,"key":"MealTicket"},{"floor":12.0,"key":"Solar Panel"},{"floor":26.0,"key":"conspire:Flyswatter"},{"floor":27.0,"key":"Replay:Rubber Ducky"},{"floor":40.0,"key":"CeramicFish"},{"floor":42.0,"key":"testmod-CasingShield"},{"floor":43.0,"key":"Pondfish Scales"},{"floor":45,"key":"Ginger"},{"floor":48,"key":"testmod-Justice"}],"event_choices":[{"damage_healed":0.0,"max_hp_gain":0.0,"max_hp_loss":0.0,"gold_gain":0.0,"event_name":"Match and Keep!","player_choice":"0 cards matched","floor":5.0,"gold_loss":0.0,"damage_taken":0.0,"cards_obtained":[]},{"cards_removed":["Ball Lightning"],"damage_healed":0.0,"max_hp_gain":0.0,"max_hp_loss":0.0,"gold_gain":0.0,"event_name":"WeMeetAgain","player_choice":"Gave Card","floor":31.0,"gold_loss":0.0,"damage_taken":0.0,"relics_obtained":["War Paint"]},{"damage_healed":0.0,"max_hp_gain":0.0,"max_hp_loss":0.0,"gold_gain":0.0,"event_name":"SensoryStone","player_choice":"Memory 1","floor":38.0,"gold_loss":0.0,"damage_taken":0.0},{"damage_healed":0.0,"max_hp_gain":0.0,"max_hp_loss":0.0,"gold_gain":0.0,"event_name":"Mysterious Sphere","player_choice":"Fight","floor":42.0,"gold_loss":0.0,"damage_taken":0.0},{"damage_healed":0,"gold_gain":0,"player_choice":"Fight","damage_taken":0,"max_hp_gain":0,"max_hp_loss":0,"event_name":"MindBloom","floor":45,"gold_loss":0}],"is_beta":false,"boss_relics":[{"not_picked":["Sozu","testmod-KeyOfTheVoid"],"picked":"conspire:RoyalGoblet"},{"not_picked":["testmod-TimeTraveler","Calling Bell"],"picked":"energizedSpire:EnergizedDie"}],"items_purged_floors":[14,19,37],"is_endless":false,"potions_floor_spawned":[3,4,11,13,18,21,23,25,35,39,42],"ascension_level":20}}