{"host":"8kd0mw0b4mjhs7vl","time":1612810789,"event":{"mods":["BaseMod","Bestiary","Colored Map","Friendly Minions","Minty Spire (QoL Compilation)","Morshu Shopkeeper - ENHANCED","StSLib","SuperFastMode"],"gold_per_floor":[118,118,118,0,0,25,25,35,58,75,86,86,99,132,132,207,207,220,220,220,220,65,92,92,119,119,119,139,64,64,83,83,83,83],"floor_reached":33,"language":"ENG","playtime":907,"items_purged":["Strike_G"],"score":546,"play_id":"c1ec6236-75d1-4140-b0f9-1b5c4c339c25","local_time":"20210208185949","is_ascension_mode":true,"campfire_choices":[{"data":"Infinite Blades","floor":7,"key":"SMITH"},{"data":"Neutralize","floor":12,"key":"SMITH"},{"data":"Accuracy","floor":15,"key":"SMITH"},{"data":"Choke","floor":24,"key":"SMITH"},{"data":"Footwork","floor":27,"key":"SMITH"},{"floor":32,"key":"REST"}],"circlet_count":0,"master_deck":["AscendersBane","Defend_G","Defend_G","Defend_G","Defend_G","Defend_G","Survivor","Neutralize","All Out Attack","Infinite Blades+1","Deflect","Quick Slash","Neutralize+1","Backstab","Backflip","Backflip","Accuracy+1","Heel Hook","Venomology+1","PiercingWail","Cloak And Dagger","Footwork+1","Finisher","Choke+1","Blur","Bite","Bite","Bite","Bite","Bite"],"relics":["Ring of the Snake","NeowsBlessing","Turnip","Vajra","Snake Skull","Lantern","SacredBark","Ninja Scroll","Ancient Tea Set","Eternal Feather"],"acts_visited":["Exordium","TheCity"],"potions_floor_usage":[6,18,18,23,23,23,31,33],"damage_taken":[{"damage":0,"enemies":"Jaw Worm","floor":1,"turns":1},{"damage":0,"enemies":"Gremlin Nob","floor":6,"turns":1},{"damage":0,"enemies":"Small Slimes","floor":8,"turns":1},{"damage":0,"enemies":"Cultist","floor":10,"turns":3},{"damage":4,"enemies":"Exordium Wildlife","floor":11,"turns":4},{"damage":1,"enemies":"2 Fungi Beasts","floor":13,"turns":2},{"damage":8,"enemies":"3 Sentries","floor":14,"turns":7},{"damage":21,"enemies":"Hexaghost","floor":16,"turns":10},{"damage":0,"enemies":"Chosen","floor":18,"turns":4},{"damage":1,"enemies":"Book of Stabbing","floor":23,"turns":3},{"damage":33,"enemies":"Slavers","floor":25,"turns":7},{"damage":0,"enemies":"3 Byrds","floor":28,"turns":4},{"damage":2,"enemies":"Cultist and Chosen","floor":31,"turns":5},{"damage":111,"enemies":"Champ","floor":33,"turns":13}],"seed_played":"-8006650687511310253","potions_obtained":[{"floor":1,"key":"FearPotion"},{"floor":8,"key":"GamblersBrew"},{"floor":16,"key":"Explosive Potion"},{"floor":18,"key":"SteroidPotion"},{"floor":25,"key":"SpeedPotion"},{"floor":31,"key":"DuplicationPotion"}],"is_trial":false,"path_per_floor":["M","?","T","$","?","E","R","M","T","M","M","R","M","E","R","B",null,"M","?","?","?","$","E","R","E","T","R","M","$","?","M","R","B"],"character_chosen":"THE_SILENT","items_purchased":["Infinite Blades","Deflect","Cloak And Dagger","Footwork","Finisher"],"campfire_rested":1,"item_purchase_floors":[4,4,22,22,22],"current_hp_per_floor":[63,56,56,56,56,56,56,56,56,56,52,52,51,43,43,22,58,58,58,45,45,45,44,44,11,11,26,26,26,26,30,52,14,14],"gold":83,"neow_bonus":"THREE_ENEMY_KILL","is_daily":false,"chose_seed":false,"campfire_upgraded":5,"win_rate":0.0,"timestamp":1612810789,"path_taken":["M","?","?","$","?","E","R","?","T","M","M","R","M","E","R","BOSS","M","?","?","?","$","E","R","E","T","R","?","$","?","M","R","BOSS"],"items_purchased_type":["Card","Card","Card","Card","Card"],"build_version":"2020-12-22","purchased_purges":1,"victory":false,"max_hp_per_floor":[70,70,70,70,70,70,70,70,70,70,70,70,70,70,70,70,70,70,70,75,75,75,75,75,75,75,75,75,75,52,52,52,52,52],"card_choices":[{"not_picked":["Prepared","Predator"],"picked":"All Out Attack","floor":1},{"not_picked":["Flechettes","Outmaneuver"],"picked":"Backstab","floor":6},{"not_picked":["Endless Agony","Flying Knee","Eviscerate"],"picked":"SKIP","floor":8},{"not_picked":["Bouncing Flask","Eviscerate"],"picked":"Backflip","floor":10},{"not_picked":["Sucker Punch","Footwork"],"picked":"Backflip","floor":11},{"not_picked":["Dagger Throw","Deflect"],"picked":"Accuracy","floor":13},{"not_picked":["Crippling Poison","PiercingWail"],"picked":"Heel Hook","floor":14},{"not_picked":["Doppelganger","Bullet Time"],"picked":"Venomology","floor":16},{"not_picked":["Distraction","Outmaneuver"],"picked":"PiercingWail","floor":18},{"not_picked":["Unload","Heel Hook"],"picked":"Choke","floor":23},{"not_picked":["Deflect","Footwork"],"picked":"Blur","floor":25},{"not_picked":["Riddle With Holes","Dash","Dagger Throw"],"picked":"SKIP","floor":28},{"not_picked":["Crippling Poison","Prepared","Setup"],"picked":"SKIP","floor":31}],"player_experience":278372,"relics_obtained":[{"floor":3,"key":"Turnip"},{"floor":6,"key":"Vajra"},{"floor":9,"key":"Snake Skull"},{"floor":14,"key":"Lantern"},{"floor":23,"key":"Ninja Scroll"},{"floor":25,"key":"Ancient Tea Set"},{"floor":26,"key":"Eternal Feather"}],"event_choices":[{"cards_removed":["Strike_G"],"damage_healed":0,"gold_gain":0,"player_choice":"Card Removal","damage_taken":7,"max_hp_gain":0,"max_hp_loss":0,"event_name":"Golden Wing","floor":2,"gold_loss":0},{"damage_healed":0,"gold_gain":0,"player_choice":"2 cards matched","damage_taken":0,"max_hp_gain":0,"max_hp_loss":0,"event_name":"Match and Keep!","floor":5,"gold_loss":0,"cards_obtained":["Quick Slash","Neutralize"]},{"damage_healed":0,"gold_gain":0,"player_choice":"Ignored","damage_taken":0,"max_hp_gain":0,"max_hp_loss":0,"event_name":"Ghosts","floor":19,"gold_loss":0},{"damage_healed":0,"gold_gain":0,"player_choice":"Shed Blood","damage_taken":18,"max_hp_gain":5,"max_hp_loss":0,"event_name":"Forgotten Altar","floor":20,"gold_loss":0},{"damage_healed":0,"gold_gain":0,"player_choice":"Forge","damage_taken":0,"max_hp_gain":0,"max_hp_loss":0,"event_name":"Accursed Blacksmith","floor":21,"gold_loss":0,"cards_upgraded":["Venomology"]},{"damage_healed":0,"gold_gain":0,"player_choice":"Became a vampire","damage_taken":0,"max_hp_gain":0,"max_hp_loss":23,"event_name":"Vampires","floor":30,"gold_loss":0,"cards_obtained":["Bite","Bite","Bite","Bite","Bite"]}],"is_beta":false,"boss_relics":[{"not_picked":["Ring of the Serpent","SlaversCollar"],"picked":"SacredBark"}],"items_purged_floors":[29],"is_endless":false,"potions_floor_spawned":[1,8,16,18,25,31],"killed_by":"Champ","ascension_level":13}}