{"host":"dscols65uipasqd2","time":1612760954,"event":{"mods":["2.2 Compatiblity","AchievementEnabler","Aspiration","BaseMod","Colored Powertips","Downfall","Energized Spire","GifTheSpireLib","Hermit","Hubris","Infinite Spire","JesterMod","Jorbs\u0027s Wanderer Trilogy","Marisa????????","Minty Spire (QoL Compilation)","Rare Cards Sparkle","Replay The Spire","StSLib","Stuff the Spire","The Cursed","The Disciple","The Hierophant","The Judge","The Jungle","The Runesmith","TheFirefly"],"gold_per_floor":[99,115,129,129,148,48,48,48,64,77,77,77,10,45,65,161,161,161,181,191,191,26,26,26,26,26,26,41,57,8,34,50,148,148,48,61,73,73,91,91,142,159,170,190,91,107,7,26,39,39,39,68,18,18,18,18,18,18],"floor_reached":56,"language":"ENG","playtime":5395,"items_purged":[],"score":995,"play_id":"1e7f1e90-2be5-4aeb-b99b-842e7aec8fcb","local_time":"20210208000914","is_ascension_mode":true,"campfire_choices":[{"floor":1,"key":"RECALL"},{"data":"Slimebound:Split","floor":6,"key":"SMITH"},{"data":"Slimebound:Prepare","floor":8,"key":"SMITH"},{"floor":12,"key":"REST"},{"data":"Slimebound:Prepare","floor":18,"key":"SMITH"},{"floor":23,"key":"REST"},{"data":"Slimebound:LivingWall","floor":27,"key":"SMITH"},{"data":"stsjorbsmod:Assertion","floor":35,"key":"SMITH"},{"floor":47,"key":"REST"},{"floor":54,"key":"REST"}],"circlet_count":0,"master_deck":["Slimebound:Strike_Slimebound","Slimebound:Strike_Slimebound","Slimebound:Strike_Slimebound","Slimebound:Tackle","Slimebound:Defend_Slimebound","Slimebound:Defend_Slimebound","Slimebound:Defend_Slimebound","Slimebound:Defend_Slimebound","Slimebound:Split+1","Slimebound:DuplicatedForm","Slimebound:Prepare+1","Slimebound:DivideAndConquer","Slimebound:Prepare+1","Slimebound:LivingWall+1","Slimebound:SlimeBarrage","Slimebound:RejuvenatingLick","Slimebound:SplitAcid","Slimebound:FlameTackle","Slimebound:ItLooksTasty","Slimebound:TagTeam","Slimebound:PressTheAttack+1","Slimebound:ComboTackle+1","Slimebound:GoopSpray","ReplayTheSpireMod:Doomed","Writhe","Slimebound:SelfFormingGoo","Slimebound:Recollect+1","Slimebound:MinionMaster","expansioncontent:StudyTheSpire","Slimebound:SlimeBrawl+1","Slimebound:SplitLeeching+1","Slimebound:WasteNot+1","stsjorbsmod:Investment+1","stsjorbsmod:Assertion+1","Slimebound:CheckThePlaybook+1","Slimebound:MegaLick+1","hubris:Fate+1","infinitespire:Collect+1","Slimebound:Prepare+1","Slimebound:OozeBath+1","Slimebound:LivingWall+1","Slimebound:Recollect+1","Slimebound:GrowthPunch+1","Slimebound:GoopSpray+1","Slimebound:SplitMire+1","Slimebound:ItLooksTasty+1","stsjorbsmod:MirroredTechnique","stsjorbsmod:RepressedMemory+1","Slimebound:SlimeTap+1"],"relics":["Slimebound:AbsorbEndCombat","WarpedTongs","downfall:HeartBlessingRed","infinitespire:EmpoweringShard","hubris:Towel","Potion Belt","StuffTheSpire:Kangaroo","Replay:Bottled Eggs","Toxic Egg 2","hubris:Reverence","Nloth\u0027s Gift","StuffTheSpire:Experiment12","StuffTheSpire:ForceGauntlet","hubris:Backtick","stsjorbsmod:BookOfTrialsRelic","downfall:HeartBlessingGreen","Sling","downfall:HeartBlessingBlue","Simple Rune"],"acts_visited":["Exordium","TheCity","TheBeyond","TheEnding"],"potions_floor_usage":[14,16,16,16,29,31,32,33,33,33,42,44,50,50,50,50,50,55],"damage_taken":[{"damage":5,"enemies":"Small Slimes","floor":2,"turns":4},{"damage":2,"enemies":"Cultist","floor":3,"turns":4},{"damage":7,"enemies":"2 Louse","floor":5,"turns":3},{"damage":9,"enemies":"Exordium Wildlife","floor":9,"turns":4},{"damage":16,"enemies":"Exordium Thugs","floor":10,"turns":3},{"damage":4,"enemies":"downfall:FleeingMerchant","floor":13,"turns":4},{"damage":22,"enemies":"3 Sentries","floor":14,"turns":5},{"damage":2,"enemies":"3 Louse","floor":15,"turns":3},{"damage":4,"enemies":"SI_SHIV_ARCHETYPE","floor":16,"turns":6},{"damage":4,"enemies":"Shell Parasite","floor":19,"turns":2},{"damage":8,"enemies":"Chosen","floor":20,"turns":2},{"damage":11,"enemies":"downfall:FleeingMerchant","floor":22,"turns":4},{"damage":6,"enemies":"Snake Plant","floor":28,"turns":3},{"damage":3,"enemies":"Centurion and Healer","floor":29,"turns":3},{"damage":0,"enemies":"downfall:FleeingMerchant","floor":30,"turns":3},{"damage":18,"enemies":"Gremlin Leader","floor":31,"turns":7},{"damage":1,"enemies":"Chosen and Byrds","floor":32,"turns":5},{"damage":26,"enemies":"WA_ARCHETYPE_CALM","floor":33,"turns":8},{"damage":10,"enemies":"Orb Walker","floor":36,"turns":5},{"damage":15,"enemies":"3 Shapes","floor":37,"turns":3},{"damage":16,"enemies":"Transient","floor":39,"turns":5},{"damage":1,"enemies":"4 Shapes","floor":42,"turns":5},{"damage":28,"enemies":"Jaw Worm Horde","floor":43,"turns":4},{"damage":11,"enemies":"Spire Growth","floor":44,"turns":5},{"damage":5,"enemies":"3 Darklings","floor":46,"turns":5},{"damage":16,"enemies":"Sphere and 2 Shapes","floor":48,"turns":5},{"damage":0,"enemies":"Writhing Mass","floor":49,"turns":2},{"damage":19,"enemies":"IC_BLOCK_ARCHETYPE","floor":50,"turns":12},{"damage":21,"enemies":"downfall:CharBossMerchant","floor":52,"turns":7},{"damage":1,"enemies":"downfall:NeowBoss","floor":55,"turns":17}],"seed_played":"-8177414053352768364","potions_obtained":[{"floor":2,"key":"Toxic Potion"},{"floor":3,"key":"Slimebound:ThreeZeroPotion"},{"floor":5,"key":"SkillPotion"},{"floor":15,"key":"BlessingOfTheForge"},{"floor":16,"key":"Dexterity Potion"},{"floor":28,"key":"EssenceOfSteel"},{"floor":29,"key":"Strength Potion"},{"floor":32,"key":"Swift Potion"},{"floor":33,"key":"Milkshake"},{"floor":36,"key":"Regen Potion"},{"floor":43,"key":"Dexterity Potion"},{"floor":44,"key":"ColorlessPotion"},{"floor":46,"key":"Energy Potion"}],"is_trial":false,"path_per_floor":["R","M","M","?","M","R","T","R","M","M","?","R","$","E","M","B",null,"R","M","M","?","$","R","T","?","?","R","M","M","$","E","M","B",null,"R","M","M","AVR","M","?","T","M","M","M","$","M","R","M","M","B",null,"E","$","R","B","B"],"character_chosen":"SLIMEBOUND","items_purchased":["Slimebound:SplitAcid","ReplayTheSpireMod:CursedCoin","Replay:Bottled Eggs","AttackPotion","StuffTheSpire:Experiment12","expansioncontent:StudyTheSpire","Block Potion","Swift Potion","BlessingOfTheForge","hexamod:SoulburnPotion"],"campfire_rested":4,"item_purchase_floors":[13,22,22,22,30,30,30,45,45,53],"current_hp_per_floor":[65,64,63,63,56,56,56,56,49,39,39,58,58,38,40,44,65,65,61,55,55,46,65,65,65,65,65,65,62,65,51,52,34,65,65,59,46,46,34,34,34,54,47,42,42,45,75,65,69,56,75,58,58,75,75,0,0,0],"gold":18,"neow_bonus":"ONE_RANDOM_RARE_CARD","is_daily":false,"chose_seed":false,"campfire_upgraded":5,"win_rate":0.0,"timestamp":1612760954,"path_taken":["R","M","M","?","M","R","T","R","M","?","?","R","$","E","M","BOSS","R","M","M","?","?","R","T","?","?","R","M","M","$","E","M","BOSS","R","M","?","AVR","M","?","T","M","M","M","?","M","R","?","M","BOSS","E","$","R","BOSS","BOSS"],"items_purchased_type":["Card","Relic","Relic","Potion","Relic","Card","Potion","Potion","Potion","Potion"],"build_version":"2020-12-22","purchased_purges":0,"victory":false,"max_hp_per_floor":[65,65,65,65,65,65,65,65,65,65,65,65,65,65,65,65,65,65,65,65,65,65,65,65,65,65,65,65,65,65,65,65,65,65,65,65,65,65,65,65,65,65,65,65,65,65,75,75,75,75,75,75,75,75,75,75,75,75],"card_choices":[{"not_picked":["Slimebound:DisruptingSlam","Slimebound:RejuvenatingLick"],"picked":"Slimebound:Prepare","floor":2},{"not_picked":["Slimebound:ServeAndProtect","Slimebound:Schlurp"],"picked":"Slimebound:DivideAndConquer","floor":3},{"not_picked":["Slimebound:Equalize","Slimebound:SamplingLick"],"picked":"Slimebound:Prepare","floor":5},{"not_picked":["Slimebound:SamplingLick","Slimebound:SplitMire"],"picked":"Slimebound:LivingWall","floor":9},{"not_picked":["Slimebound:GoopTackle","Slimebound:ItLooksTasty"],"picked":"Slimebound:SlimeBarrage","floor":10},{"not_picked":["Slimebound:Grow","Slimebound:SplitMire"],"picked":"Slimebound:RejuvenatingLick","floor":13},{"not_picked":["Slimebound:HauntingLick","Slimebound:SlimeSpikes"],"picked":"Slimebound:FlameTackle","floor":14},{"not_picked":["Slimebound:DivideAndConquer","Slimebound:ComboTackle"],"picked":"Slimebound:ItLooksTasty","floor":15},{"not_picked":["Slimebound:LeechLife","Slimebound:Teamwork"],"picked":"Slimebound:TagTeam","floor":16},{"not_picked":["Slimebound:SlimeTap","Slimebound:SplitBruiser"],"picked":"Slimebound:PressTheAttack+1","floor":19},{"not_picked":["Slimebound:PressTheAttack","Slimebound:SamplingLick"],"picked":"Slimebound:ComboTackle+1","floor":20},{"not_picked":["Slimebound:HauntingLick","Slimebound:LivingWall"],"picked":"Slimebound:GoopSpray","floor":22},{"not_picked":["Slimebound:ItLooksTasty","Slimebound:GoopSpray+1"],"picked":"Slimebound:SelfFormingGoo","floor":28},{"not_picked":["Slimebound:ItLooksTasty","Slimebound:SplitAcid+1"],"picked":"Slimebound:Recollect+1","floor":29},{"not_picked":["Slimebound:SlimeSpikes+1","Slimebound:ItLooksTasty+1"],"picked":"Slimebound:MinionMaster","floor":30},{"not_picked":["Slimebound:SlimeSlap","Slimebound:MassFeed"],"picked":"Slimebound:SlimeBrawl+1","floor":31},{"not_picked":["Slimebound:Repurpose+1","Slimebound:ComboTackle"],"picked":"Slimebound:SplitLeeching+1","floor":32},{"not_picked":["Slimebound:MinionMaster","Slimebound:Teamwork+1"],"picked":"Slimebound:WasteNot+1","floor":33},{"not_picked":["Slimebound:AcidTongue+1","Slimebound:Equalize+1"],"picked":"Slimebound:CheckThePlaybook+1","floor":36},{"not_picked":["Slimebound:GoopSpray+1","Slimebound:SamplingLick+1"],"picked":"Slimebound:MegaLick+1","floor":37},{"not_picked":["Slimebound:GoopSpray+1","Slimebound:LeechLife"],"picked":"Slimebound:Prepare+1","floor":39},{"not_picked":["Slimebound:ProtectTheBoss+1","Slimebound:ItLooksTasty+1"],"picked":"Slimebound:LivingWall+1","floor":42},{"not_picked":["Slimebound:CheckThePlaybook+1","Slimebound:SlimeBrawl+1"],"picked":"Slimebound:Recollect+1","floor":43},{"not_picked":["Slimebound:SamplingLick+1","Slimebound:PressTheAttack+1"],"picked":"Slimebound:GrowthPunch+1","floor":44},{"not_picked":["Slimebound:HauntingLick+1","Slimebound:RollThrough"],"picked":"Slimebound:GoopSpray+1","floor":46},{"not_picked":["Slimebound:Equalize","Slimebound:FlameTackle"],"picked":"Slimebound:SplitMire+1","floor":48},{"not_picked":["Slimebound:BestDefense","Slimebound:Equalize"],"picked":"Slimebound:ItLooksTasty+1","floor":49},{"not_picked":["Slimebound:SplitBruiser+1","Slimebound:ComboTackle"],"picked":"Slimebound:SlimeTap+1","floor":52}],"player_experience":601021,"relics_obtained":[{"floor":7,"key":"infinitespire:EmpoweringShard"},{"floor":14,"key":"Potion Belt"},{"floor":24,"key":"Toxic Egg 2"},{"floor":31,"key":"StuffTheSpire:ForceGauntlet"},{"floor":52,"key":"Simple Rune"}],"event_choices":[{"damage_healed":0,"gold_gain":0,"player_choice":"Rummage","damage_taken":0,"relics_obtained":["WarpedTongs"],"max_hp_gain":0,"max_hp_loss":0,"event_name":"Accursed Blacksmith","floor":4,"gold_loss":0,"cards_obtained":["Pain"]}],"is_beta":false,"boss_relics":[{"not_picked":["Replay:Wanted Poster","StuffTheSpire:RunicHypercube"],"picked":"StuffTheSpire:Kangaroo"},{"not_picked":["Replay:Grab Bag","Fusion Hammer"],"picked":"hubris:Backtick"}],"items_purged_floors":[],"is_endless":false,"potions_floor_spawned":[2,3,5,15,16,28,29,32,33,36,43,44,46,49],"killed_by":"downfall:NeowBossFinal","ascension_level":1}}