{"host":"aaqofma31c3gm2hj","time":1612782196,"event":{"mods":["BaseMod","GungeonMod","Minty Spire (QoL Compilation)","Replay The Spire","Spicy Shops","StSLib"],"gold_per_floor":[111,44,44,44,44,73,73,73,108,108,123,133,133,164,176,176,176,249,249,266,296,310,310,18,34,59,59,71,118,144,160,179,196,220,232,232,232,311,311,324,338,75,85,100,126,172,197,222,222,444,444,476,501,501,501,501,501,501,7,39,39],"floor_reached":62,"language":"ZHS","playtime":4352,"items_purged":["Reprogram","Scrape","Lockon"],"score":3039,"play_id":"292d5c63-de88-4cc7-9b5a-246f87458633","local_time":"20210208190316","is_ascension_mode":true,"campfire_choices":[{"floor":8.0,"key":"RECALL"},{"data":"Defragment","floor":16.0,"key":"SMITH"},{"data":"Shame","floor":17.0,"key":"PURGE"},{"data":"ReplayTheSpireMod:Calculation Training","floor":27.0,"key":"SMITH"},{"floor":36.0,"key":"REST"},{"data":"Turbo","floor":37.0,"key":"SMITH"},{"data":"Recycle","floor":49.0,"key":"SMITH"},{"data":"Heatsinks","floor":51.0,"key":"SMITH"},{"data":"Pot Of Greed","floor":54.0,"key":"SMITH"},{"data":"Pot Of Greed","floor":58,"key":"SMITH"}],"circlet_count":0,"master_deck":["AscendersBane","Zap","Dualcast","Defragment+1","Coolheaded","Chaos+1","Machine Learning","Skim","Glacier","Heatsinks+1","ReplayTheSpireMod:Calculation Training+1","Ghostly","Ghostly","Ghostly","Turbo+1","Skim","Creative AI","Core Surge","Recycle+1","Echo Form","Meteor Strike","Pot Of Greed+1","Pot Of Greed+1"],"relics":["Cracked Core","NeowsBlessing","Medical Kit","ReplayTheSpireMod:Lightbulb","Pear","Nunchaku","Singing Bowl","DemoMod:WhiteGuonStone","Pandora\u0027s Box","Red Mask","BargainBundle","Replay:Rubber Ducky","Strawberry","Blue Doll","Anchor","Runic Pyramid","Orrery","DemoMod:Antibody","Prayer Wheel","Gambling Chip","DemoMod:GlassGuonStoneRelic","Happy Flower","Grinning Jar","CaptainsWheel","DataDisk","Runic Capacitor","Ice Cream","DemoMod:PoisonVial"],"acts_visited":["Exordium","TheCity","TheBeyond","TheEnding"],"potions_floor_usage":[61],"damage_taken":[{"damage":0.0,"enemies":"Small Slimes","floor":1.0,"turns":1.0},{"damage":0.0,"enemies":"3 Sentries","floor":6.0,"turns":1.0},{"damage":0.0,"enemies":"Gremlin Nob","floor":9.0,"turns":1.0},{"damage":3.0,"enemies":"2 Louse","floor":11.0,"turns":3.0},{"damage":6.0,"enemies":"Jaw Worm","floor":12.0,"turns":3.0},{"damage":35.0,"enemies":"3 Sentries","floor":14.0,"turns":6.0},{"damage":13.0,"enemies":"Large Slime","floor":15.0,"turns":6.0},{"damage":5.0,"enemies":"Fading Forest","floor":18.0,"turns":13.0},{"damage":7.0,"enemies":"Shell Parasite","floor":20.0,"turns":5.0},{"damage":0.0,"enemies":"Masked Bandits","floor":21.0,"turns":6.0},{"damage":36.0,"enemies":"3 Byrds","floor":22.0,"turns":6.0},{"damage":2.0,"enemies":"Shelled Parasite and Fungi","floor":25.0,"turns":7.0},{"damage":4.0,"enemies":"Book of Stabbing","floor":26.0,"turns":8.0},{"damage":0.0,"enemies":"Cultist and Chosen","floor":28.0,"turns":7.0},{"damage":0.0,"enemies":"Snake Plant","floor":31.0,"turns":6.0},{"damage":1.0,"enemies":"Chosen and Byrds","floor":32.0,"turns":9.0},{"damage":0.0,"enemies":"Shelled Parasite and Fungi","floor":33.0,"turns":7.0},{"damage":0.0,"enemies":"Centurion and Healer","floor":35.0,"turns":11.0},{"damage":0.0,"enemies":"Champ","floor":38.0,"turns":9.0},{"damage":6.0,"enemies":"3 Darklings","floor":40.0,"turns":5.0},{"damage":0.0,"enemies":"3 Shapes","floor":41.0,"turns":7.0},{"damage":0.0,"enemies":"Maw","floor":43.0,"turns":11.0},{"damage":0.0,"enemies":"Sphere and 2 Shapes","floor":44.0,"turns":9.0},{"damage":0.0,"enemies":"R_Hoarder","floor":45.0,"turns":8.0},{"damage":36.0,"enemies":"2 Orb Walkers","floor":46.0,"turns":9.0},{"damage":0.0,"enemies":"Nemesis","floor":47.0,"turns":13.0},{"damage":0.0,"enemies":"Reptomancer","floor":52.0,"turns":6.0},{"damage":0.0,"enemies":"Mind Bloom Boss Battle","floor":53.0,"turns":6.0},{"damage":0.0,"enemies":"Replay:Hell Engine","floor":55.0,"turns":13.0},{"damage":0,"enemies":"Awakened One","floor":56,"turns":7},{"damage":0,"enemies":"Shield and Spear","floor":60,"turns":3},{"damage":0,"enemies":"The Heart","floor":61,"turns":9}],"seed_played":"-7051102356171550845","potions_obtained":[{"floor":1.0,"key":"Swift Potion"},{"floor":12.0,"key":"Toxic Potion"},{"floor":14.0,"key":"FocusPotion"},{"floor":22.0,"key":"Regen Potion"},{"floor":28.0,"key":"DemoMod:BlankPotion"},{"floor":31.0,"key":"Milkshake"},{"floor":47.0,"key":"DemoMod:LeadSkinPotion"},{"floor":53.0,"key":"Elixir"}],"is_trial":false,"path_per_floor":["M","$","?","?","?","E","?","R","E","T","M","M","?","E","M","R","R","B",null,"M","?","M","?","$","M","E","R","M","T","T","M","M","M","T","M","R","R","B",null,"M","M","$","M","M","E","?","E","T","R","?","R","E","?","R","B","B",null,"R","$","E","B",null],"character_chosen":"DEFECT","items_purchased":["Medical Kit","BargainBundle","Turbo","Skim","Orrery","DataDisk","Runic Capacitor","Ice Cream"],"campfire_rested":1,"item_purchase_floors":[2,24,24,24,42,59,59,59],"current_hp_per_floor":[64,64,64,53,53,63,63,63,63,63,62,56,56,21,10,10,10,7,67,62,64,28,28,28,43,39,39,41,48,48,50,49,51,51,53,62,62,64,64,60,60,68,70,70,70,36,40,40,40,40,40,42,44,44,44,44,84,84,84,86,86],"gold":39,"neow_bonus":"THREE_ENEMY_KILL","is_daily":false,"chose_seed":false,"campfire_upgraded":7,"win_rate":0.0,"timestamp":1612782196,"path_taken":["M","$","?","?","?","E","?","R","E","T","M","?","?","E","M","R","R","BOSS","M","?","M","?","$","M","E","R","?","T","T","M","M","M","?","M","R","R","BOSS","M","M","$","M","M","E","?","E","T","R","?","R","E","?","R","BOSS","BOSS","R","$","E","BOSS"],"items_purchased_type":["Relic","Relic","Card","Card","Relic","Relic","Relic","Relic"],"build_version":"2020-12-22","purchased_purges":3,"victory":true,"max_hp_per_floor":[71,71,71,71,71,81,81,81,81,81,83,83,83,83,85,85,85,87,87,89,91,91,45,45,47,47,47,49,56,56,58,58,60,60,62,62,62,64,64,66,66,74,76,76,76,78,80,80,80,80,80,82,84,84,84,84,84,84,84,86,86],"card_choices":[{"not_picked":["ReplaySolidLightProjector","Beam Cell","Hologram"],"picked":"SKIP","floor":1.0},{"not_picked":["Hello World","BootSequence","Thunder Strike"],"picked":"SKIP","floor":6.0},{"not_picked":["Rebound","Sweeping Beam","Redo"],"picked":"SKIP","floor":9.0},{"not_picked":["Rebound","BasicCrystalCard","Barrage"],"picked":"Singing Bowl","floor":11.0},{"not_picked":["Go for the Eyes","Blizzard"],"picked":"Coolheaded","floor":12.0},{"not_picked":["Coolheaded","Time Bomb"],"picked":"Machine Learning","floor":14.0},{"not_picked":["ReplayGash","Redo","Beam Cell"],"picked":"Singing Bowl","floor":15.0},{"not_picked":["Rainbow","Thunder Strike","All For One"],"picked":"Singing Bowl","floor":18.0},{"not_picked":["Go for the Eyes","Gash+1","ReplayGash"],"picked":"Singing Bowl","floor":20.0},{"not_picked":["Storm","Leap","Reinforced Body"],"picked":"Singing Bowl","floor":21.0},{"not_picked":["ReplayTheSpireMod:System Scan","Chill"],"picked":"ReplayTheSpireMod:Calculation Training","floor":22.0},{"not_picked":["Leap","Turbo","Go for the Eyes"],"picked":"Singing Bowl","floor":25.0},{"not_picked":["Rip and Tear","ReplaySolidLightProjector"],"picked":"Creative AI","floor":26.0},{"not_picked":["ReplayTheSpireMod:Repulse","Panic Button","Stack+1"],"picked":"Singing Bowl","floor":28.0},{"not_picked":["Beam Cell","Hologram","Redo"],"picked":"Singing Bowl","floor":31.0},{"not_picked":["Consume","Auto Shields"],"picked":"Core Surge","floor":32.0},{"not_picked":["Redo","Darkness","Hologram"],"picked":"Singing Bowl","floor":33.0},{"not_picked":["Sunder","ReplayTheSpireMod:GoodbyeWorld","Crystallizer"],"picked":"Singing Bowl","floor":35.0},{"not_picked":["Rainbow","Machine Learning","ReplayRNGCard"],"picked":"Singing Bowl","floor":38.0},{"not_picked":["Gash","Stack","Sweeping Beam"],"picked":"Singing Bowl","floor":40.0},{"not_picked":["Beam Cell+1","Panic Button"],"picked":"Recycle","floor":41.0},{"not_picked":["Auto Shields+1","Cold Snap+1","Beam Cell+1"],"picked":"Singing Bowl","floor":42.0},{"not_picked":["Compile Driver+1","Hologram","Turbo+1"],"picked":"Singing Bowl","floor":42.0},{"not_picked":["Go for the Eyes","Buffer","Compile Driver"],"picked":"Singing Bowl","floor":42.0},{"not_picked":["Gash","BasicCrystalCard","FTL"],"picked":"Singing Bowl","floor":42.0},{"not_picked":["Conserve Battery","ReplayTheSpireMod:Fabricate Wheel"],"picked":"Echo Form","floor":42.0},{"not_picked":["Steam Power+1","Rebound","Ball Lightning"],"picked":"Singing Bowl","floor":43.0},{"not_picked":["Undo+1","Conserve Battery"],"picked":"Meteor Strike","floor":44.0},{"not_picked":["Rebound","Gash"],"picked":"ReplayTheSpireMod:Fabricate Wheel","floor":45.0},{"not_picked":["Leap","Redo+1","ReplayTheSpireMod:System Scan"],"picked":"Singing Bowl","floor":46.0},{"not_picked":["Chill+1","Steam","Hologram"],"picked":"Singing Bowl","floor":47.0},{"not_picked":["Steam+1","Fusion","Amplify"],"picked":"Singing Bowl","floor":52.0},{"not_picked":["BasicCrystalCard+1","Capacitor","Leap"],"picked":"Singing Bowl","floor":53.0},{"not_picked":["Conserve Battery","Compile Driver","Recycle"],"picked":"Singing Bowl","floor":60}],"player_experience":657797,"relics_obtained":[{"floor":6.0,"key":"Pear"},{"floor":9.0,"key":"Nunchaku"},{"floor":10.0,"key":"Singing Bowl"},{"floor":14.0,"key":"DemoMod:WhiteGuonStone"},{"floor":21.0,"key":"Red Mask"},{"floor":26.0,"key":"Replay:Rubber Ducky"},{"floor":29.0,"key":"Strawberry"},{"floor":30.0,"key":"Blue Doll"},{"floor":34.0,"key":"Anchor"},{"floor":45.0,"key":"DemoMod:Antibody"},{"floor":46.0,"key":"Gambling Chip"},{"floor":47.0,"key":"Happy Flower"},{"floor":52.0,"key":"Grinning Jar"},{"floor":53.0,"key":"CaptainsWheel"},{"floor":60,"key":"DemoMod:PoisonVial"}],"event_choices":[{"damage_healed":0.0,"max_hp_gain":0.0,"max_hp_loss":0.0,"gold_gain":0.0,"event_name":"Liars Game","player_choice":"Ignored","floor":3.0,"gold_loss":0.0,"damage_taken":0.0},{"damage_healed":0.0,"max_hp_gain":0.0,"max_hp_loss":0.0,"gold_gain":0.0,"event_name":"Scrap Ooze","player_choice":"Success","floor":4.0,"gold_loss":0.0,"damage_taken":11.0,"relics_obtained":["ReplayTheSpireMod:Lightbulb"]},{"damage_healed":0.0,"max_hp_gain":0.0,"max_hp_loss":0.0,"gold_gain":0.0,"event_name":"The Cleric","player_choice":"Leave","floor":5.0,"gold_loss":0.0,"damage_taken":0.0},{"damage_healed":0.0,"max_hp_gain":0.0,"max_hp_loss":0.0,"gold_gain":0.0,"cards_transformed":["Strike_B"],"event_name":"Living Wall","player_choice":"Change","floor":7.0,"gold_loss":0.0,"damage_taken":0.0,"cards_obtained":["Defragment"]},{"damage_healed":0.0,"max_hp_gain":0.0,"max_hp_loss":0.0,"gold_gain":0.0,"event_name":"Masked Bandits","player_choice":"Fought Bandits","floor":21.0,"gold_loss":0.0,"damage_taken":0.0},{"damage_healed":0.0,"max_hp_gain":0.0,"max_hp_loss":46.0,"gold_gain":0.0,"event_name":"Ghosts","player_choice":"Became a Ghost","floor":23.0,"gold_loss":0.0,"damage_taken":0.0,"cards_obtained":["Ghostly","Ghostly","Ghostly"]},{"damage_healed":0.0,"max_hp_gain":0.0,"max_hp_loss":0.0,"gold_gain":0.0,"event_name":"Mysterious Sphere","player_choice":"Fight","floor":46.0,"gold_loss":0.0,"damage_taken":0.0},{"damage_healed":0.0,"max_hp_gain":0.0,"max_hp_loss":0.0,"gold_gain":222.0,"event_name":"Tomb of Lord Red Mask","player_choice":"Wore Mask","floor":50.0,"gold_loss":0.0,"damage_taken":0.0},{"damage_healed":0.0,"max_hp_gain":0.0,"max_hp_loss":0.0,"gold_gain":0.0,"event_name":"MindBloom","player_choice":"Fight","floor":53.0,"gold_loss":0.0,"damage_taken":0.0}],"is_beta":false,"boss_relics":[{"not_picked":["DemoMod:RiddleOfLead","Ring of Chaos"],"picked":"Pandora\u0027s Box"},{"not_picked":["Snecko Eye","Cursed Key"],"picked":"Runic Pyramid"}],"items_purged_floors":[24,42,59],"is_endless":false,"potions_floor_spawned":[1,12,14,20,22,28,31,40,44,47,53],"ascension_level":20}}