{"host":"kpyoctgc7jne3jiy","time":1612803464,"event":{"mods":["AchievementEnabler","BaseMod","Minty Spire (QoL Compilation)","Relic Stats"],"gold_per_floor":[118,137,192,212,231,263,263,294,294,309,24,51,51,70,70,175,175,194,194,194,34,52,81,81,131,131,141,141,175,193,218,218,317,317,332,382,382,30,48,82,120,132,168,80,95,107,107,142,142,142,142,142,37,68,68],"floor_reached":56,"language":"ENG","playtime":4556,"items_purged":["Strike_G+1","Regret"],"score":1769,"play_id":"a28e4be2-29a7-44f8-a7fd-f880b9de53b4","local_time":"20210208175744","is_ascension_mode":true,"campfire_choices":[{"floor":7.0,"key":"REST"},{"floor":13.0,"key":"REST"},{"data":"Crippling Poison","floor":15.0,"key":"SMITH"},{"data":"Wraith Form v2","floor":24.0,"key":"SMITH"},{"floor":28.0,"key":"REST"},{"floor":32.0,"key":"REST"},{"floor":42.0,"key":"RECALL"},{"floor":49.0,"key":"REST"},{"floor":52.0,"key":"REST"}],"circlet_count":0,"master_deck":["Strike_G+1","Strike_G+1","Strike_G+1","Strike_G+1","Defend_G+1","Defend_G+1","Defend_G+1","Defend_G+1","Defend_G+1","Survivor","All Out Attack","Crippling Poison+1","Poisoned Stab","Flying Knee","Backflip","Dagger Spray","Predator","Escape Plan","Poisoned Stab+1","Leg Sweep","Burst","Well Laid Plans","RitualDagger","Wraith Form v2+1","Footwork","Prepared+1","Backflip","Infinite Blades+1","Adrenaline","Heel Hook+1","Blur","Mayhem","Apotheosis","Acrobatics","Dodge and Roll","Deadly Poison+1","Acrobatics+1","PiercingWail+1","Quick Slash+1","Blur+1","Caltrops","Outmaneuver","Calculated Gamble"],"relics":["Philosopher\u0027s Stone","WingedGreaves","HornCleat","CaptainsWheel","Kunai","Torii","Sozu","Whetstone","Mummified Hand","Blue Candle","Bottled Lightning","Cursed Key","TungstenRod","MawBank","Question Card","Toy Ornithopter","Lantern"],"acts_visited":["Exordium","TheCity","TheBeyond","TheEnding"],"potions_floor_usage":[],"damage_taken":[{"damage":3.0,"enemies":"2 Louse","floor":1.0,"turns":3.0},{"damage":2.0,"enemies":"Jaw Worm","floor":2.0,"turns":4.0},{"damage":0.0,"enemies":"Small Slimes","floor":4.0,"turns":3.0},{"damage":5.0,"enemies":"Looter","floor":5.0,"turns":3.0},{"damage":23.0,"enemies":"Lagavulin","floor":6.0,"turns":8.0},{"damage":14.0,"enemies":"3 Sentries","floor":8.0,"turns":9.0},{"damage":5.0,"enemies":"Lots of Slimes","floor":10.0,"turns":2.0},{"damage":9.0,"enemies":"Lagavulin","floor":12.0,"turns":6.0},{"damage":14.0,"enemies":"Gremlin Gang","floor":14.0,"turns":3.0},{"damage":8.0,"enemies":"Hexaghost","floor":16.0,"turns":11.0},{"damage":0.0,"enemies":"3 Byrds","floor":18.0,"turns":3.0},{"damage":16.0,"enemies":"Shell Parasite","floor":22.0,"turns":4.0},{"damage":0.0,"enemies":"Book of Stabbing","floor":23.0,"turns":8.0},{"damage":6.0,"enemies":"Shelled Parasite and Fungi","floor":27.0,"turns":7.0},{"damage":8.0,"enemies":"Slavers","floor":29.0,"turns":6.0},{"damage":18.0,"enemies":"Snake Plant","floor":30.0,"turns":5.0},{"damage":0.0,"enemies":"Gremlin Leader","floor":31.0,"turns":6.0},{"damage":31.0,"enemies":"Collector","floor":33.0,"turns":12.0},{"damage":1.0,"enemies":"Orb Walker","floor":35.0,"turns":3.0},{"damage":0.0,"enemies":"Mind Bloom Boss Battle","floor":36.0,"turns":10.0},{"damage":0.0,"enemies":"3 Darklings","floor":39.0,"turns":5.0},{"damage":0.0,"enemies":"Nemesis","floor":40.0,"turns":9.0},{"damage":14.0,"enemies":"Reptomancer","floor":41.0,"turns":8.0},{"damage":0.0,"enemies":"Jaw Worm Horde","floor":45.0,"turns":5.0},{"damage":0.0,"enemies":"Transient","floor":46.0,"turns":5.0},{"damage":0.0,"enemies":"Nemesis","floor":48.0,"turns":9.0},{"damage":61.0,"enemies":"Time Eater","floor":50.0,"turns":17.0},{"damage":11,"enemies":"Shield and Spear","floor":54,"turns":11},{"damage":22,"enemies":"The Heart","floor":55,"turns":13}],"seed_played":"2843802178252258713","potions_obtained":[{"floor":1.0,"key":"SpeedPotion"},{"floor":5.0,"key":"Swift Potion"},{"floor":6.0,"key":"Poison Potion"},{"floor":14.0,"key":"Energy Potion"}],"is_trial":false,"path_per_floor":["M","M","?","M","M","E","R","E","T","M","$","E","R","M","R","B",null,"M","?","?","$","M","E","R","?","T","M","R","E","M","E","R","B",null,"M","?","?","$","M","E","E","R","T","$","M","M","?","E","R","B",null,"R","$","E","B",null],"character_chosen":"THE_SILENT","items_purchased":["Kunai","Escape Plan","Wraith Form v2","Apotheosis","Acrobatics","Dodge and Roll","Caltrops","Outmaneuver"],"campfire_rested":6,"item_purchase_floors":[11,11,21,38,38,38,53,53],"current_hp_per_floor":[60,58,58,58,53,30,51,37,37,32,32,23,44,30,30,22,58,58,58,52,52,36,36,36,36,36,30,51,43,25,25,46,15,56,55,55,55,55,55,55,41,41,41,41,41,41,41,41,62,1,53,70,70,59,37],"gold":68,"neow_bonus":"BOSS_RELIC","is_daily":false,"chose_seed":false,"campfire_upgraded":2,"win_rate":0.0,"timestamp":1612803464,"path_taken":["M","M","?","M","M","E","R","E","T","M","$","E","R","M","R","BOSS","M","?","?","$","M","E","R","?","T","?","R","E","?","E","R","BOSS","M","?","?","?","M","E","E","R","T","$","M","?","?","E","R","BOSS","R","$","E","BOSS"],"items_purchased_type":["Relic","Card","Card","Card","Card","Card","Card","Card"],"build_version":"2020-12-22","purchased_purges":2,"victory":true,"max_hp_per_floor":[70,70,70,70,70,70,70,70,70,70,70,70,70,70,70,70,70,70,70,70,70,70,70,70,70,70,70,70,70,70,70,70,70,70,70,70,70,70,70,70,70,70,70,70,70,70,70,70,70,70,70,70,70,70,70],"relic_stats":{"Torii":26,"counters":[29,198],"Blue Candle":[0],"Whetstone":["Poisoned Stab","Neutralize"],"Cursed Key":1,"MawBank":48,"Question Card":4,"Sozu":8,"Mummified Hand":[68],"Kunai":[108],"obtain_stats":[{"Lantern":54,"Torii":12,"Blue Candle":29,"Whetstone":23,"Cursed Key":34,"MawBank":40,"Question Card":41,"Sozu":17,"CaptainsWheel":9,"HornCleat":8,"Mummified Hand":26,"Philosopher\u0027s Stone":0,"WingedGreaves":6,"Kunai":11,"Bottled Lightning":31,"TungstenRod":36,"Toy Ornithopter":48,"Ring of the Snake":0},{"Lantern":28,"Torii":8,"Blue Candle":15,"Whetstone":13,"Cursed Key":18,"MawBank":22,"Question Card":23,"Sozu":10,"CaptainsWheel":6,"HornCleat":6,"Mummified Hand":13,"Philosopher\u0027s Stone":0,"WingedGreaves":5,"Kunai":7,"Bottled Lightning":17,"TungstenRod":20,"Toy Ornithopter":26,"Ring of the Snake":0},{"Lantern":185,"Torii":38,"Blue Candle":80,"Whetstone":67,"Cursed Key":103,"MawBank":130,"Question Card":138,"Sozu":52,"CaptainsWheel":30,"HornCleat":30,"Mummified Hand":67,"Philosopher\u0027s Stone":0,"WingedGreaves":21,"Kunai":32,"Bottled Lightning":91,"TungstenRod":116,"Toy Ornithopter":157,"Ring of the Snake":0}],"TungstenRod":22,"Toy Ornithopter":0},"card_choices":[{"not_picked":["Bane","Heel Hook"],"picked":"All Out Attack","floor":1.0},{"not_picked":["PiercingWail","Setup"],"picked":"Crippling Poison","floor":2.0},{"not_picked":["Deflect","Acrobatics"],"picked":"Poisoned Stab","floor":4.0},{"not_picked":["Escape Plan","Slice"],"picked":"Flying Knee","floor":5.0},{"not_picked":["Bullet Time","Quick Slash"],"picked":"Backflip","floor":6.0},{"not_picked":["Quick Slash","Flying Knee"],"picked":"Dagger Spray","floor":8.0},{"not_picked":["Outmaneuver","Crippling Poison"],"picked":"Predator","floor":10.0},{"not_picked":["Choke","Deadly Poison"],"picked":"Poisoned Stab","floor":12.0},{"not_picked":["Distraction","Expertise"],"picked":"Leg Sweep","floor":14.0},{"not_picked":["Malaise","Phantasmal Killer"],"picked":"Burst","floor":16.0},{"not_picked":["Quick Slash","Slice"],"picked":"Well Laid Plans","floor":18.0},{"not_picked":["Predator","Flechettes+1"],"picked":"Footwork","floor":22.0},{"not_picked":["Dodge and Roll","Bane","Dagger Spray+1"],"picked":"SKIP","floor":23.0},{"not_picked":["Accuracy","Underhanded Strike+1","Poisoned Stab"],"picked":"SKIP","floor":27.0},{"not_picked":["Setup+1","Acrobatics"],"picked":"Prepared+1","floor":29.0},{"not_picked":["Dagger Throw","Flechettes"],"picked":"Backflip","floor":30.0},{"not_picked":["Leg Sweep","Prepared+1"],"picked":"Infinite Blades+1","floor":31.0},{"not_picked":["Bullet Time","Tools of the Trade"],"picked":"Adrenaline","floor":33.0},{"not_picked":["Predator","Dagger Throw+1"],"picked":"Heel Hook+1","floor":35.0},{"not_picked":["Reflex+1","Bane"],"picked":"Blur","floor":36.0},{"not_picked":["Discovery","Secret Technique"],"picked":"Mayhem","floor":37.0},{"not_picked":["Eviscerate+1","Dagger Spray"],"picked":"Deadly Poison+1","floor":39.0},{"not_picked":["Dodge and Roll","Reflex"],"picked":"Acrobatics+1","floor":40.0},{"not_picked":["Poisoned Stab+1","Underhanded Strike+1"],"picked":"PiercingWail+1","floor":41.0},{"not_picked":["Outmaneuver","Dagger Spray","PiercingWail"],"picked":"Quick Slash+1","floor":45.0},{"not_picked":["Tools of the Trade","Masterful Stab","Acrobatics"],"picked":"Blur+1","floor":46.0},{"not_picked":["Quick Slash+1","PiercingWail","Endless Agony","Dagger Throw"],"picked":"SKIP","floor":48.0},{"not_picked":["PiercingWail","Outmaneuver+1","Infinite Blades+1"],"picked":"Calculated Gamble","floor":54}],"player_experience":338043,"relics_obtained":[{"floor":6.0,"key":"WingedGreaves"},{"floor":8.0,"key":"HornCleat"},{"floor":9.0,"key":"CaptainsWheel"},{"floor":12.0,"key":"Torii"},{"floor":23.0,"key":"Whetstone"},{"floor":26.0,"key":"Mummified Hand"},{"floor":29.0,"key":"Blue Candle"},{"floor":31.0,"key":"Bottled Lightning"},{"floor":36.0,"key":"TungstenRod"},{"floor":40.0,"key":"MawBank"},{"floor":41.0,"key":"Question Card"},{"floor":48.0,"key":"Toy Ornithopter"},{"floor":54,"key":"Lantern"}],"event_choices":[{"damage_healed":0.0,"max_hp_gain":0.0,"max_hp_loss":0.0,"gold_gain":55.0,"event_name":"Golden Wing","player_choice":"Gained Gold","floor":3.0,"gold_loss":0.0,"damage_taken":0.0},{"damage_healed":0.0,"max_hp_gain":0.0,"max_hp_loss":0.0,"gold_gain":0.0,"event_name":"Back to Basics","player_choice":"Simplicity","floor":19.0,"gold_loss":0.0,"damage_taken":0.0,"cards_upgraded":["Strike_G","Strike_G","Strike_G","Strike_G","Strike_G","Defend_G","Defend_G","Defend_G","Defend_G","Defend_G"]},{"damage_healed":0.0,"max_hp_gain":0.0,"max_hp_loss":0.0,"gold_gain":0.0,"event_name":"Nest","player_choice":"Joined the Cult","floor":20.0,"gold_loss":0.0,"damage_taken":6.0,"cards_obtained":["RitualDagger"]},{"damage_healed":0.0,"max_hp_gain":0.0,"max_hp_loss":0.0,"gold_gain":100.0,"event_name":"The Joust","player_choice":"Bet on Murderer","floor":25.0,"gold_loss":50.0,"damage_taken":0.0},{"damage_healed":0.0,"max_hp_gain":0.0,"max_hp_loss":0.0,"gold_gain":0.0,"event_name":"MindBloom","player_choice":"Fight","floor":36.0,"gold_loss":0.0,"damage_taken":0.0},{"damage_healed":0.0,"max_hp_gain":0.0,"max_hp_loss":0.0,"gold_gain":0.0,"event_name":"SensoryStone","player_choice":"Memory 1","floor":37.0,"gold_loss":0.0,"damage_taken":0.0},{"cards_removed":["Neutralize"],"damage_healed":0.0,"max_hp_gain":0.0,"max_hp_loss":0.0,"gold_gain":0.0,"event_name":"Falling","player_choice":"Removed Attack","floor":47.0,"gold_loss":0.0,"damage_taken":0.0}],"is_beta":false,"boss_relics":[{"not_picked":["WristBlade","Velvet Choker"],"picked":"Sozu"},{"not_picked":["Runic Dome","Snecko Eye"],"picked":"Cursed Key"}],"items_purged_floors":[38,44],"is_endless":false,"potions_floor_spawned":[1,5,6,14,22,23,30,40,41,45,48,54],"ascension_level":7}}