{"host":"edndssuekvzbh3is","time":1612760334,"event":{"mods":["BaseMod","Colored Map","Colored Powertips","Minty Spire (QoL Compilation)","SuperFastMode"],"gold_per_floor":[117,129,146,161,181,212,212,237,263,263,263,281,298,314,314,412,412,430,440,64,79,92,121,220,220,220,220,251,251,277,277,277,382,382,393,413,425,442,148,148,148,148],"floor_reached":41,"language":"ENG","playtime":2857,"items_purged":["Strike_B"],"score":539,"play_id":"978026da-0437-4446-82b5-eed56cd6026c","local_time":"20210207235854","is_ascension_mode":true,"campfire_choices":[{"data":"Cold Snap","floor":7,"key":"SMITH"},{"data":"Glacier","floor":10,"key":"SMITH"},{"floor":15,"key":"REST"},{"floor":25,"key":"REST"},{"data":"Self Repair","floor":27,"key":"SMITH"},{"data":"Storm","floor":29,"key":"SMITH"},{"floor":32,"key":"REST"},{"data":"Loop","floor":40,"key":"SMITH"}],"circlet_count":0,"master_deck":["Strike_B","Strike_B","Strike_B","Defend_B","Defend_B","Defend_B","Defend_B","Zap","Dualcast","Cold Snap+1","Reboot","Ball Lightning+1","Leap","Conserve Battery","Darkness","Glacier+1","Beam Cell","Streamline","Go for the Eyes","Echo Form","Hologram","Conserve Battery+1","Self Repair+1","Cold Snap","Rebound","Fusion","Storm+1","Stack+1","Electrodynamics","Static Discharge+1","Turbo","Steam+1","Go for the Eyes+1","Loop+1","Self Repair+1"],"relics":["Cracked Core","NeowsBlessing","Nunchaku","Mango","Anchor","Cursed Key","Runic Capacitor","Omamori","Oddly Smooth Stone","Mercury Hourglass","Regal Pillow","White Beast Statue","Molten Egg 2","SacredBark","DollysMirror"],"acts_visited":["Exordium","TheCity","TheBeyond"],"potions_floor_usage":[6,6,8,16,28,30,35,38,41,41],"damage_taken":[{"damage":0,"enemies":"Small Slimes","floor":1,"turns":1},{"damage":0,"enemies":"2 Louse","floor":2,"turns":1},{"damage":0,"enemies":"Cultist","floor":3,"turns":1},{"damage":15,"enemies":"Exordium Thugs","floor":4,"turns":5},{"damage":4,"enemies":"Looter","floor":5,"turns":3},{"damage":4,"enemies":"Gremlin Nob","floor":6,"turns":3},{"damage":25,"enemies":"Lagavulin","floor":8,"turns":6},{"damage":4,"enemies":"Blue Slaver","floor":12,"turns":3},{"damage":2,"enemies":"Exordium Thugs","floor":13,"turns":5},{"damage":0,"enemies":"Looter","floor":14,"turns":2},{"damage":39,"enemies":"Hexaghost","floor":16,"turns":11},{"damage":0,"enemies":"Chosen","floor":18,"turns":5},{"damage":5,"enemies":"Shell Parasite","floor":19,"turns":5},{"damage":13,"enemies":"Shelled Parasite and Fungi","floor":21,"turns":6},{"damage":34,"enemies":"Snake Plant","floor":22,"turns":5},{"damage":34,"enemies":"Book of Stabbing","floor":23,"turns":7},{"damage":22,"enemies":"Slavers","floor":28,"turns":7},{"damage":24,"enemies":"Book of Stabbing","floor":30,"turns":7},{"damage":55,"enemies":"Collector","floor":33,"turns":13},{"damage":6,"enemies":"Orb Walker","floor":35,"turns":5},{"damage":29,"enemies":"3 Darklings","floor":36,"turns":4},{"damage":8,"enemies":"Sphere and 2 Shapes","floor":37,"turns":4},{"damage":33,"enemies":"Jaw Worm Horde","floor":38,"turns":3},{"damage":47,"enemies":"Giant Head","floor":41,"turns":6}],"seed_played":"8483469422154675291","potions_obtained":[{"floor":2,"key":"Energy Potion"},{"floor":3,"key":"Weak Potion"},{"floor":4,"key":"Strength Potion"},{"floor":6,"key":"FocusPotion"},{"floor":12,"key":"AttackPotion"},{"floor":18,"key":"FocusPotion"},{"floor":19,"key":"SteroidPotion"},{"floor":22,"key":"DuplicationPotion"},{"floor":33,"key":"Fire Potion"},{"floor":35,"key":"FearPotion"},{"floor":36,"key":"AttackPotion"},{"floor":37,"key":"SkillPotion"},{"floor":38,"key":"DuplicationPotion"}],"is_trial":false,"path_per_floor":["M","M","M","M","M","E","R","E","T","R","?","M","M","M","R","B",null,"M","M","$","M","M","E","?","R","T","R","E","R","E","?","R","B",null,"M","M","M","M","$","R","E"],"character_chosen":"DEFECT","items_purchased":["Runic Capacitor","Omamori","Self Repair","Loop","DollysMirror"],"campfire_rested":3,"item_purchase_floors":[20,20,20,39,39],"current_hp_per_floor":[75,75,75,60,56,52,52,41,41,41,41,37,35,35,61,22,89,89,84,84,78,58,31,31,57,57,57,45,45,41,41,82,47,89,89,60,52,29,29,29,0,0],"gold":148,"neow_bonus":"THREE_ENEMY_KILL","is_daily":false,"chose_seed":false,"campfire_upgraded":5,"win_rate":0.0,"timestamp":1612760334,"path_taken":["M","M","M","M","M","E","R","E","T","R","?","M","M","M","R","BOSS","M","M","$","M","M","E","?","R","T","R","E","R","E","?","R","BOSS","M","M","M","M","$","R","E"],"items_purchased_type":["Relic","Relic","Card","Card","Relic"],"build_version":"2020-12-22","purchased_purges":1,"victory":false,"max_hp_per_floor":[75,75,75,75,75,75,75,89,89,89,89,89,89,89,89,89,89,89,89,89,89,89,89,89,89,89,89,89,89,89,89,89,89,89,89,89,89,89,89,89,89,89],"card_choices":[{"not_picked":["Aggregate","Fusion"],"picked":"Cold Snap","floor":1},{"not_picked":["Gash","Compile Driver"],"picked":"Reboot","floor":2},{"not_picked":["Go for the Eyes","Stack"],"picked":"Ball Lightning","floor":3},{"not_picked":["Double Energy","Compile Driver"],"picked":"Leap","floor":4},{"not_picked":["Consume","BootSequence"],"picked":"Conserve Battery","floor":5},{"not_picked":["Fission","Storm"],"picked":"Darkness","floor":6},{"not_picked":["Cold Snap","Buffer"],"picked":"Glacier","floor":8},{"not_picked":["White Noise","Leap"],"picked":"Beam Cell","floor":12},{"not_picked":["Blizzard","Consume"],"picked":"Streamline","floor":13},{"not_picked":["Streamline","Hello World"],"picked":"Go for the Eyes","floor":14},{"not_picked":["Rainbow","Buffer"],"picked":"Echo Form","floor":16},{"not_picked":["Redo+1","Leap"],"picked":"Hologram","floor":18},{"not_picked":["Steam Power","Chaos"],"picked":"Conserve Battery+1","floor":19},{"not_picked":["Hologram","Leap"],"picked":"Cold Snap","floor":21},{"not_picked":["Consume","Undo"],"picked":"Rebound","floor":22},{"not_picked":["Leap","Recycle"],"picked":"Fusion","floor":23},{"not_picked":["Cold Snap+1","Ball Lightning+1"],"picked":"Storm","floor":28},{"not_picked":["Cold Snap","Reinforced Body"],"picked":"Stack+1","floor":30},{"not_picked":["Biased Cognition","Machine Learning"],"picked":"Electrodynamics","floor":33},{"not_picked":["Hello World+1","Doom and Gloom+1"],"picked":"Static Discharge+1","floor":35},{"not_picked":["Conserve Battery","Blizzard+1"],"picked":"Turbo","floor":36},{"not_picked":["Darkness","Stack"],"picked":"Steam+1","floor":37},{"not_picked":["Stack","Gash+1"],"picked":"Go for the Eyes+1","floor":38}],"player_experience":355667,"relics_obtained":[{"floor":6,"key":"Nunchaku"},{"floor":8,"key":"Mango"},{"floor":9,"key":"Anchor"},{"floor":23,"key":"Oddly Smooth Stone"},{"floor":26,"key":"Mercury Hourglass"},{"floor":28,"key":"Regal Pillow"},{"floor":30,"key":"White Beast Statue"},{"floor":31,"key":"Molten Egg 2"}],"event_choices":[{"damage_healed":0,"gold_gain":0,"player_choice":"Grow","damage_taken":0,"max_hp_gain":0,"max_hp_loss":0,"event_name":"Living Wall","floor":11,"gold_loss":0,"cards_upgraded":["Ball Lightning"]},{"damage_healed":0,"gold_gain":99,"player_choice":"Stole From Cult","damage_taken":0,"max_hp_gain":0,"max_hp_loss":0,"event_name":"Nest","floor":24,"gold_loss":0},{"damage_healed":0,"gold_gain":0,"player_choice":"Relic","damage_taken":0,"max_hp_gain":0,"max_hp_loss":0,"event_name":"Wheel of Change","floor":31,"gold_loss":0}],"is_beta":false,"boss_relics":[{"not_picked":["Busted Crown","Ectoplasm"],"picked":"Cursed Key"},{"not_picked":["Velvet Choker","Fusion Hammer"],"picked":"SacredBark"}],"items_purged_floors":[39],"is_endless":false,"potions_floor_spawned":[2,3,4,6,12,18,19,22,33,35,36,37,38],"killed_by":"Giant Head","ascension_level":2}}