{"host":"hnfelxnirsihwvcb","time":1612819825,"event":{"mods":["BaseMod","Colored Map","DeckTracker","Highlight Path","Minty Spire (QoL Compilation)","Quick Restart","Relic Sorter","Relic Stats","Shop Mod","StSLib","SuperFastMode"],"gold_per_floor":[113,68,68,88,107,107,141,141,194,210,227,247,263,282,282,377,377,394,394,394,394,394,420,420,57,57,77,77,95,95,95,95,196,196,213,213,263,73,89,89,106,118,130,142,174,198,225,252,264,276],"floor_reached":51,"language":"ENG","playtime":1607,"items_purged":[],"score":946,"play_id":"555fe479-21af-4356-957f-56793b1c3921","local_time":"20210208223025","daily_mods":["SealedDeck","Vintage","Binary"],"is_ascension_mode":false,"campfire_choices":[{"data":"Choke","floor":6,"key":"SMITH"},{"data":"Backflip","floor":8,"key":"SMITH"},{"data":"PiercingWail","floor":15,"key":"SMITH"},{"data":"Dagger Spray","floor":24,"key":"SMITH"},{"data":"Accuracy","floor":28,"key":"SMITH"},{"data":"Backstab","floor":30,"key":"SMITH"},{"data":"Backstab","floor":32,"key":"SMITH"},{"data":"Accuracy","floor":40,"key":"SMITH"},{"data":"Slice","floor":42,"key":"SMITH"},{"floor":49,"key":"REST"}],"circlet_count":0,"master_deck":["PiercingWail+1","Backflip+1","Dagger Spray+1","Choke+1","Backstab+1","Slice+1","Backstab+1","Calculated Gamble+1","Blade Dance+1","Accuracy+1","Accuracy+1"],"relics":["Unceasing Top","Busted Crown","War Paint","Ginger","InkBottle","Boot","MealTicket","Singing Bowl","Snake Skull","Ninja Scroll","Centennial Puzzle","Pen Nib","Philosopher\u0027s Stone","Peace Pipe","MutagenicStrength","Shuriken","Oddly Smooth Stone","Bag of Preparation","Question Card","Juzu Bracelet","Du-Vu Doll","Sozu","Incense Burner","FossilizedHelix","Ancient Tea Set","Bag of Marbles","MawBank","Mercury Hourglass","Pocketwatch","Frozen Egg 2","Happy Flower","Gremlin Horn"],"acts_visited":["Exordium","TheCity","TheBeyond"],"potions_floor_usage":[11,50],"damage_taken":[{"damage":0,"enemies":"2 Louse","floor":1,"turns":1},{"damage":0,"enemies":"Cultist","floor":4,"turns":2},{"damage":0,"enemies":"Small Slimes","floor":5,"turns":1},{"damage":0,"enemies":"Lagavulin","floor":7,"turns":2},{"damage":0,"enemies":"3 Louse","floor":10,"turns":1},{"damage":0,"enemies":"Red Slaver","floor":11,"turns":1},{"damage":0,"enemies":"Exordium Wildlife","floor":12,"turns":2},{"damage":0,"enemies":"3 Louse","floor":13,"turns":1},{"damage":0,"enemies":"Red Slaver","floor":14,"turns":1},{"damage":0,"enemies":"Slime Boss","floor":16,"turns":2},{"damage":0,"enemies":"Spheric Guardian","floor":18,"turns":1},{"damage":0,"enemies":"Gremlin Leader","floor":23,"turns":1},{"damage":0,"enemies":"3 Byrds","floor":27,"turns":1},{"damage":0,"enemies":"Shelled Parasite and Fungi","floor":29,"turns":1},{"damage":2,"enemies":"Automaton","floor":33,"turns":3},{"damage":0,"enemies":"3 Shapes","floor":35,"turns":1},{"damage":0,"enemies":"Mind Bloom Boss Battle","floor":37,"turns":1},{"damage":0,"enemies":"3 Darklings","floor":39,"turns":1},{"damage":3,"enemies":"4 Shapes","floor":41,"turns":1},{"damage":0,"enemies":"Sphere and 2 Shapes","floor":45,"turns":1},{"damage":0,"enemies":"Jaw Worm Horde","floor":46,"turns":1},{"damage":0,"enemies":"Transient","floor":47,"turns":5},{"damage":3,"enemies":"4 Shapes","floor":48,"turns":1},{"damage":0,"enemies":"Awakened One","floor":50,"turns":2}],"seed_played":"-8714805546787343283","potions_obtained":[{"floor":5,"key":"AttackPotion"},{"floor":10,"key":"Explosive Potion"},{"floor":11,"key":"Fruit Juice"},{"floor":12,"key":"SteroidPotion"}],"is_trial":true,"path_per_floor":["M","$","?","M","M","R","E","R","T","M","M","M","M","M","R","B",null,"M","?","?","?","?","E","R","$","T","M","R","M","R","?","R","B",null,"M","?","?","$","M","R","M","R","T","?","M","M","M","M","R","B",null],"character_chosen":"THE_SILENT","items_purchased":["Blade Dance","Accuracy","Oddly Smooth Stone","Bag of Preparation","Accuracy","Ancient Tea Set"],"campfire_rested":1,"item_purchase_floors":[2,25,25,25,38,38],"current_hp_per_floor":[70,70,70,70,70,70,70,70,70,70,75,75,75,75,75,75,75,75,75,75,75,61,61,61,76,76,76,76,76,76,76,76,76,82,82,82,84,84,84,84,81,81,81,83,83,83,83,80,86,86],"gold":288,"neow_bonus":"","is_daily":false,"chose_seed":false,"campfire_upgraded":9,"win_rate":0.0,"timestamp":1612819825,"path_taken":["M","$","?","M","M","R","E","R","T","M","?","M","?","M","R","BOSS","M","?","?","?","?","E","R","$","T","M","R","M","R","?","R","BOSS","M","?","?","$","M","R","M","R","T","?","M","M","M","M","R","BOSS"],"items_purchased_type":["Card","Card","Relic","Relic","Card","Relic"],"build_version":"2020-12-22","purchased_purges":0,"victory":true,"max_hp_per_floor":[70,70,70,70,70,70,70,70,70,70,75,75,75,75,75,75,75,75,75,75,75,80,80,80,80,80,80,80,80,80,80,80,82,82,82,82,84,84,84,84,84,84,84,86,86,86,86,86,86,86],"relic_stats":{"Singing Bowl":6,"Happy Flower":[1],"Gremlin Horn":[3,3],"counters":[24,35],"Snake Skull":[0],"Pen Nib":[15],"Bag of Preparation":[24],"Juzu Bracelet":0,"Ginger":[0],"War Paint":["Calculated Gamble","Backflip"],"Boot":[48],"Question Card":3,"MawBank":120,"Mercury Hourglass":[45],"Peace Pipe":1,"Sozu":3,"Centennial Puzzle":[8],"Busted Crown":12,"Shuriken":[32],"MealTicket":15,"obtain_stats":[{"Singing Bowl":10,"Gremlin Horn":48,"Snake Skull":11,"Bag of Preparation":25,"Juzu Bracelet":27,"Incense Burner":35,"Ginger":4,"Boot":7,"Ancient Tea Set":38,"Sozu":34,"Centennial Puzzle":13,"Ninja Scroll":12,"MealTicket":9,"Philosopher\u0027s Stone":17,"InkBottle":5,"Happy Flower":47,"Oddly Smooth Stone":25,"Pen Nib":14,"War Paint":1,"Frozen Egg 2":46,"Question Card":26,"MawBank":41,"Mercury Hourglass":43,"Peace Pipe":18,"Du-Vu Doll":29,"Busted Crown":0,"Shuriken":23,"MutagenicStrength":21,"Bag of Marbles":39,"Unceasing Top":0,"FossilizedHelix":37,"Pocketwatch":45},{"Singing Bowl":5,"Gremlin Horn":23,"Snake Skull":6,"Bag of Preparation":12,"Juzu Bracelet":13,"Incense Burner":16,"Ginger":2,"Boot":4,"Ancient Tea Set":17,"Sozu":15,"Centennial Puzzle":8,"Ninja Scroll":7,"MealTicket":4,"Philosopher\u0027s Stone":10,"InkBottle":3,"Happy Flower":22,"Oddly Smooth Stone":12,"Pen Nib":9,"War Paint":1,"Frozen Egg 2":21,"Question Card":12,"MawBank":19,"Mercury Hourglass":19,"Peace Pipe":11,"Du-Vu Doll":14,"Busted Crown":0,"Shuriken":12,"MutagenicStrength":11,"Bag of Marbles":18,"Unceasing Top":0,"FossilizedHelix":17,"Pocketwatch":20},{"Singing Bowl":7,"Gremlin Horn":33,"Snake Skull":8,"Bag of Preparation":16,"Juzu Bracelet":17,"Incense Burner":22,"Ginger":3,"Boot":6,"Ancient Tea Set":23,"Sozu":21,"Centennial Puzzle":11,"Ninja Scroll":10,"MealTicket":6,"Philosopher\u0027s Stone":14,"InkBottle":4,"Happy Flower":32,"Oddly Smooth Stone":16,"Pen Nib":12,"War Paint":1,"Frozen Egg 2":27,"Question Card":16,"MawBank":25,"Mercury Hourglass":25,"Peace Pipe":15,"Du-Vu Doll":18,"Busted Crown":0,"Shuriken":16,"MutagenicStrength":15,"Bag of Marbles":24,"Unceasing Top":0,"FossilizedHelix":23,"Pocketwatch":26}],"Unceasing Top":[0],"InkBottle":[20],"Pocketwatch":[2]},"card_choices":[{"not_picked":["Die Die Die"],"picked":"Singing Bowl","floor":33},{"not_picked":["Deadly Poison"],"picked":"Singing Bowl","floor":37},{"not_picked":["Magnetism"],"picked":"Singing Bowl","floor":44}],"player_experience":852013,"relics_obtained":[{"floor":1,"key":"War Paint"},{"floor":4,"key":"Ginger"},{"floor":5,"key":"InkBottle"},{"floor":7,"key":"Boot"},{"floor":9,"key":"MealTicket"},{"floor":10,"key":"Singing Bowl"},{"floor":11,"key":"Snake Skull"},{"floor":12,"key":"Ninja Scroll"},{"floor":13,"key":"Centennial Puzzle"},{"floor":14,"key":"Pen Nib"},{"floor":18,"key":"Peace Pipe"},{"floor":23,"key":"Shuriken"},{"floor":26,"key":"Question Card"},{"floor":27,"key":"Juzu Bracelet"},{"floor":29,"key":"Du-Vu Doll"},{"floor":35,"key":"Incense Burner"},{"floor":37,"key":"FossilizedHelix"},{"floor":39,"key":"Bag of Marbles"},{"floor":41,"key":"MawBank"},{"floor":43,"key":"Mercury Hourglass"},{"floor":45,"key":"Pocketwatch"},{"floor":46,"key":"Frozen Egg 2"},{"floor":47,"key":"Happy Flower"},{"floor":48,"key":"Gremlin Horn"}],"event_choices":[{"damage_healed":0,"gold_gain":0,"player_choice":"Upgraded","damage_taken":0,"max_hp_gain":0,"max_hp_loss":0,"event_name":"Upgrade Shrine","floor":3,"gold_loss":0,"cards_upgraded":["Blade Dance"]},{"damage_healed":0,"gold_gain":0,"player_choice":"Ignored","damage_taken":0,"max_hp_gain":0,"max_hp_loss":0,"event_name":"Ghosts","floor":19,"gold_loss":0},{"cards_removed":["Backflip"],"damage_healed":0,"gold_gain":0,"player_choice":"Elegance","damage_taken":0,"max_hp_gain":0,"max_hp_loss":0,"event_name":"Back to Basics","floor":20,"gold_loss":0},{"damage_healed":0,"gold_gain":0,"player_choice":"Inject Mutagens","damage_taken":0,"relics_obtained":["MutagenicStrength"],"max_hp_gain":0,"max_hp_loss":0,"event_name":"Drug Dealer","floor":21,"gold_loss":0},{"damage_healed":0,"gold_gain":0,"player_choice":"Shed Blood","damage_taken":19,"max_hp_gain":5,"max_hp_loss":0,"event_name":"Forgotten Altar","floor":22,"gold_loss":0},{"damage_healed":0,"gold_gain":0,"player_choice":"Ignored","damage_taken":0,"max_hp_gain":0,"max_hp_loss":0,"event_name":"Transmorgrifier","floor":31,"gold_loss":0},{"cards_removed":["Deflect"],"damage_healed":0,"gold_gain":0,"player_choice":"Removed Skill","damage_taken":0,"max_hp_gain":0,"max_hp_loss":0,"event_name":"Falling","floor":36,"gold_loss":0},{"damage_healed":0,"gold_gain":0,"player_choice":"Fight","damage_taken":0,"max_hp_gain":0,"max_hp_loss":0,"event_name":"MindBloom","floor":37,"gold_loss":0},{"damage_healed":0,"gold_gain":0,"player_choice":"Memory 1","damage_taken":0,"max_hp_gain":0,"max_hp_loss":0,"event_name":"SensoryStone","floor":44,"gold_loss":0}],"is_beta":false,"boss_relics":[{"not_picked":["Astrolabe","Black Star"],"picked":"Philosopher\u0027s Stone"},{"not_picked":["HoveringKite","Snecko Eye"],"picked":"Sozu"}],"items_purged_floors":[],"is_endless":false,"potions_floor_spawned":[5,10,11,12,16,18,27,35,39,41,45],"ascension_level":0}}