{"host":"qxeepl7ydvsgmfdb","time":1612769669,"event":{"mods":["AchievementEnabler","BaseMod","Colored Powertips","Minty Spire (QoL Compilation)","Quick Restart","slay the spire mod where everything is the same but ironclad has a cowboy hat"],"gold_per_floor":[119,119,119,131,231,259,277,352,352,364,364,1,1,20,20,117,117,131,81,97,112,112,139,139,139],"floor_reached":24,"language":"ENG","playtime":1485,"items_purged":[],"score":386,"play_id":"5029e316-f946-4eab-9096-4533bfd66d17","local_time":"20210208023429","is_ascension_mode":true,"campfire_choices":[{"floor":11.0,"key":"REST"},{"floor":13.0,"key":"REST"},{"data":"Distraction","floor":15.0,"key":"SMITH"}],"circlet_count":0,"master_deck":["AscendersBane","Strike_G+1","Strike_G+1","Strike_G+1","Strike_G+1","Strike_G+1","Defend_G+1","Defend_G+1","Defend_G+1","Defend_G+1","Defend_G+1","Survivor","Neutralize","Blade Dance+1","Distraction+1","Deadly Poison","Noxious Fumes","Venomology","Poisoned Stab","All Out Attack","Poisoned Stab","Deadly Poison+1"],"relics":["Ring of the Snake","NeowsBlessing","Mummified Hand","TungstenRod","The Courier","Blood Vial","Oddly Smooth Stone","Potion Belt","Black Star","Torii","MealTicket"],"acts_visited":["Exordium","TheCity"],"potions_floor_usage":[24,24],"damage_taken":[{"damage":0.0,"enemies":"Jaw Worm","floor":1.0,"turns":1.0},{"damage":0.0,"enemies":"2 Louse","floor":4.0,"turns":1.0},{"damage":0.0,"enemies":"Gremlin Nob","floor":6.0,"turns":1.0},{"damage":0.0,"enemies":"Cultist","floor":7.0,"turns":3.0},{"damage":0.0,"enemies":"Looter","floor":10.0,"turns":4.0},{"damage":0.0,"enemies":"3 Louse","floor":14.0,"turns":3.0},{"damage":38.0,"enemies":"Slime Boss","floor":16.0,"turns":8.0},{"damage":0.0,"enemies":"Spheric Guardian","floor":18.0,"turns":2.0},{"damage":2.0,"enemies":"3 Byrds","floor":20.0,"turns":5.0},{"damage":27.0,"enemies":"Cultist and Chosen","floor":21.0,"turns":7.0},{"damage":42.0,"enemies":"Book of Stabbing","floor":23.0,"turns":6.0},{"damage":19,"enemies":"Sentry and Sphere","floor":24,"turns":3}],"seed_played":"-4616409629952567731","potions_obtained":[{"floor":4.0,"key":"CunningPotion"},{"floor":7.0,"key":"PowerPotion"},{"floor":16.0,"key":"Regen Potion"},{"floor":21.0,"key":"SteroidPotion"},{"floor":23.0,"key":"Fire Potion"}],"is_trial":false,"path_per_floor":["M","?","?","M","?","E","M","?","T","M","R","$","R","M","R","B",null,"M","?","M","M","?","E","M"],"character_chosen":"THE_SILENT","items_purchased":["Blood Vial","Oddly Smooth Stone","Potion Belt"],"campfire_rested":2,"item_purchase_floors":[12,12,12],"current_hp_per_floor":[63,30,30,30,30,30,30,20,20,20,41,41,62,64,64,28,60,62,62,62,37,37,12,0,0],"gold":139,"neow_bonus":"THREE_ENEMY_KILL","is_daily":false,"chose_seed":false,"campfire_upgraded":1,"win_rate":0.0,"timestamp":1612769669,"path_taken":["M","?","?","M","?","E","?","?","T","M","R","$","R","M","R","BOSS","M","?","?","M","?","E","M"],"items_purchased_type":["Relic","Relic","Relic"],"build_version":"2020-12-22","purchased_purges":0,"victory":false,"max_hp_per_floor":[70,70,70,70,70,70,70,70,70,70,70,70,70,70,70,70,70,70,70,70,70,70,70,70,70],"card_choices":[{"not_picked":["Sucker Punch","Catalyst"],"picked":"Blade Dance","floor":1.0},{"not_picked":["Sucker Punch","Outmaneuver","Acrobatics"],"picked":"SKIP","floor":4.0},{"not_picked":["Caltrops","Underhanded Strike","Tactician"],"picked":"SKIP","floor":6.0},{"not_picked":["Expertise","Choke"],"picked":"Distraction","floor":7.0},{"not_picked":["Dagger Spray","Prepared"],"picked":"Deadly Poison","floor":10.0},{"not_picked":["Escape Plan","Cloak And Dagger"],"picked":"Noxious Fumes","floor":14.0},{"not_picked":["Bullet Time","Wraith Form v2"],"picked":"Venomology","floor":16.0},{"not_picked":["Outmaneuver","Crippling Poison"],"picked":"Poisoned Stab","floor":18.0},{"not_picked":["Flying Knee","Acrobatics"],"picked":"All Out Attack","floor":20.0},{"not_picked":["Deflect","Acrobatics"],"picked":"Poisoned Stab","floor":21.0},{"not_picked":["Tactician","Dash"],"picked":"Deadly Poison+1","floor":23.0}],"player_experience":184929,"relics_obtained":[{"floor":6.0,"key":"TungstenRod"},{"floor":9.0,"key":"The Courier"},{"floor":23.0,"key":"Torii"},{"floor":23.0,"key":"MealTicket"}],"event_choices":[{"damage_healed":0.0,"max_hp_gain":0.0,"max_hp_loss":0.0,"gold_gain":0.0,"event_name":"Scrap Ooze","player_choice":"Success","floor":2.0,"gold_loss":0.0,"damage_taken":33.0,"relics_obtained":["Mummified Hand"]},{"damage_healed":0.0,"max_hp_gain":0.0,"max_hp_loss":0.0,"gold_gain":0.0,"event_name":"Living Wall","player_choice":"Grow","floor":3.0,"gold_loss":0.0,"damage_taken":0.0,"cards_upgraded":["Blade Dance"]},{"damage_healed":0.0,"max_hp_gain":0.0,"max_hp_loss":0.0,"gold_gain":100.0,"event_name":"Wheel of Change","player_choice":"Gold","floor":5.0,"gold_loss":0.0,"damage_taken":0.0},{"damage_healed":0.0,"max_hp_gain":0.0,"max_hp_loss":0.0,"gold_gain":75.0,"event_name":"World of Goop","player_choice":"Gather Gold","floor":8.0,"gold_loss":0.0,"damage_taken":11.0},{"damage_healed":0.0,"max_hp_gain":0.0,"max_hp_loss":0.0,"gold_gain":0.0,"event_name":"The Joust","player_choice":"Bet on Murderer","floor":19.0,"gold_loss":50.0,"damage_taken":0.0},{"damage_healed":0.0,"max_hp_gain":0.0,"max_hp_loss":0.0,"gold_gain":0.0,"event_name":"Back to Basics","player_choice":"Simplicity","floor":22.0,"gold_loss":0.0,"damage_taken":0.0,"cards_upgraded":["Strike_G","Strike_G","Strike_G","Strike_G","Strike_G","Defend_G","Defend_G","Defend_G","Defend_G","Defend_G"]}],"is_beta":false,"boss_relics":[{"not_picked":["Empty Cage","Tiny House"],"picked":"Black Star"}],"items_purged_floors":[],"is_endless":false,"potions_floor_spawned":[4,7,10,16,21,23],"killed_by":"Sentry and Sphere","ascension_level":12}}