{"host":"3xramekeme16g407","time":1612767196,"event":{"mods":["2.2 Compatiblity","AchievementEnabler","BaseMod","Bestiary","Minty Spire (QoL Compilation)","Relic Stats","StSLib"],"gold_per_floor":[112,128,128,128,146,146,163,179,203,235,235,266,266,285,285,388,388,408,408,408,408,424,424,206,206,229,259,259,269,269,302,302,302,302],"floor_reached":33,"language":"ENG","playtime":2608,"items_purged":[],"score":273,"play_id":"239c3f96-2470-45c3-bedc-bf63c9338933","local_time":"20210207225316","is_ascension_mode":false,"campfire_choices":[{"data":"Eruption","floor":6.0,"key":"SMITH"},{"data":"Ragnarok","floor":15.0,"key":"SMITH"},{"floor":23,"key":"REST"},{"floor":25,"key":"REST"},{"floor":28,"key":"REST"},{"floor":30,"key":"REST"},{"floor":32,"key":"REST"}],"circlet_count":0,"master_deck":["Strike_P","Strike_P","Strike_P","Strike_P","Defend_P","Defend_P","Defend_P","Defend_P","Eruption+1","Vigilance","LikeWater","BattleHymn","Pray","Halt","Prostrate","TalkToTheHand","ClearTheMind","Ragnarok+1","Crescendo","Vault","Meditate","EmptyMind","DeceiveReality","PathToVictory+1"],"relics":["HolyWater","Nunchaku","Bag of Marbles","Vajra","MealTicket","Red Mask","Yang"],"acts_visited":["Exordium","TheCity"],"potions_floor_usage":[16,18,27,33,33],"damage_taken":[{"damage":7.0,"enemies":"Cultist","floor":1.0,"turns":3.0},{"damage":0.0,"enemies":"Small Slimes","floor":2.0,"turns":5.0},{"damage":1.0,"enemies":"2 Louse","floor":5.0,"turns":4.0},{"damage":14.0,"enemies":"Exordium Thugs","floor":7.0,"turns":7.0},{"damage":24.0,"enemies":"Exordium Wildlife","floor":8.0,"turns":6.0},{"damage":12.0,"enemies":"3 Sentries","floor":10.0,"turns":9.0},{"damage":6.0,"enemies":"Lagavulin","floor":12.0,"turns":6.0},{"damage":0.0,"enemies":"Blue Slaver","floor":14.0,"turns":3.0},{"damage":32,"enemies":"Hexaghost","floor":16,"turns":7},{"damage":44,"enemies":"Spheric Guardian","floor":18,"turns":8},{"damage":15,"enemies":"Shell Parasite","floor":22,"turns":4},{"damage":44,"enemies":"Masked Bandits","floor":27,"turns":5},{"damage":24,"enemies":"3 Cultists","floor":29,"turns":5},{"damage":1,"enemies":"Book of Stabbing","floor":31,"turns":4},{"damage":86,"enemies":"Collector","floor":33,"turns":7}],"seed_played":"-4002798372403396949","potions_obtained":[{"floor":2.0,"key":"Explosive Potion"},{"floor":7.0,"key":"Ancient Potion"},{"floor":8.0,"key":"Swift Potion"},{"floor":14.0,"key":"BottledMiracle"},{"floor":18,"key":"StancePotion"},{"floor":31,"key":"Regen Potion"}],"is_trial":false,"path_per_floor":["M","M","?","?","M","R","M","M","T","E","?","E","$","M","R","B",null,"M","?","?","$","M","R","$","R","T","?","R","M","R","E","R","B"],"character_chosen":"WATCHER","items_purchased":["Vajra","EmptyMind"],"campfire_rested":5,"item_purchase_floors":[24,24],"current_hp_per_floor":[72,72,72,72,71,71,57,33,33,21,79,73,73,73,73,41,79,35,35,35,35,20,43,43,66,66,22,45,21,44,43,66,0,0],"gold":302,"neow_bonus":"TEN_PERCENT_HP_BONUS","is_daily":false,"chose_seed":false,"campfire_upgraded":2,"win_rate":0.0,"timestamp":1612767196,"path_taken":["M","M","?","?","M","R","?","M","T","E","?","E","$","M","R","BOSS","M","?","?","$","M","R","$","R","T","?","R","M","R","E","R","BOSS"],"items_purchased_type":["Relic","Card"],"build_version":"2020-12-22","purchased_purges":0,"victory":false,"max_hp_per_floor":[79,79,79,79,79,79,79,79,79,79,79,79,79,79,79,79,79,79,79,79,79,79,79,79,79,79,79,79,79,79,79,79,79,79],"relic_stats":{"Nunchaku":[7],"counters":[15,83],"MealTicket":0,"Yang":[7],"obtain_stats":[{"Nunchaku":10,"HolyWater":17,"Vajra":24,"MealTicket":26,"Yang":31,"Bag of Marbles":12,"Red Mask":27,"PureWater":0},{"Nunchaku":6,"HolyWater":9,"Vajra":11,"MealTicket":11,"Yang":14,"Bag of Marbles":7,"Red Mask":12,"PureWater":0},{"Nunchaku":34,"HolyWater":50,"Vajra":62,"MealTicket":62,"Yang":76,"Bag of Marbles":40,"Red Mask":67,"PureWater":0}]},"card_choices":[{"not_picked":["FlurryOfBlows","EmptyMind"],"picked":"LikeWater","floor":1.0},{"not_picked":["Worship","Protect"],"picked":"BattleHymn","floor":2.0},{"not_picked":["Consecrate","EmptyBody"],"picked":"Prostrate","floor":5.0},{"not_picked":["ReachHeaven","Collect"],"picked":"TalkToTheHand","floor":7.0},{"not_picked":["FlurryOfBlows","Fasting2"],"picked":"Wallop","floor":8.0},{"not_picked":["JustLucky","Protect"],"picked":"ClearTheMind","floor":10.0},{"not_picked":["BowlingBash","JustLucky"],"picked":"Ragnarok","floor":12.0},{"not_picked":["Wallop","FlurryOfBlows"],"picked":"Crescendo","floor":14.0},{"not_picked":["DeusExMachina","MasterReality"],"picked":"Vault","floor":16},{"not_picked":["ThirdEye","CrushJoints","FlurryOfBlows"],"picked":"SKIP","floor":18},{"not_picked":["FollowUp","Halt"],"picked":"Meditate","floor":22},{"not_picked":["ForeignInfluence","BowlingBash+1"],"picked":"DeceiveReality","floor":27},{"not_picked":["Study","Weave","ClearTheMind+1"],"picked":"SKIP","floor":29},{"not_picked":["CutThroughFate","CrushJoints"],"picked":"PathToVictory+1","floor":31}],"player_experience":479426,"relics_obtained":[{"floor":10.0,"key":"Nunchaku"},{"floor":12.0,"key":"Bag of Marbles"},{"floor":26,"key":"MealTicket"},{"floor":27,"key":"Red Mask"},{"floor":31,"key":"Yang"}],"event_choices":[{"damage_healed":0.0,"max_hp_gain":0.0,"max_hp_loss":0.0,"gold_gain":0.0,"event_name":"Liars Game","player_choice":"Ignored","floor":3.0,"gold_loss":0.0,"damage_taken":0.0},{"damage_healed":0.0,"max_hp_gain":0.0,"max_hp_loss":0.0,"gold_gain":0.0,"event_name":"Match and Keep!","player_choice":"2 cards matched","floor":4.0,"gold_loss":0.0,"damage_taken":0.0,"cards_obtained":["Pray","Halt"]},{"cards_removed":["Wallop"],"damage_healed":58.0,"max_hp_gain":0.0,"max_hp_loss":0.0,"gold_gain":0.0,"event_name":"Bonfire Elementals","player_choice":"Offered Uncommon","floor":11.0,"gold_loss":0.0,"damage_taken":0.0},{"damage_healed":0,"gold_gain":0,"player_choice":"Ignored","damage_taken":0,"max_hp_gain":0,"max_hp_loss":0,"event_name":"Beggar","floor":19,"gold_loss":0},{"damage_healed":0,"gold_gain":0,"player_choice":"Ignored","damage_taken":0,"max_hp_gain":0,"max_hp_loss":0,"event_name":"The Mausoleum","floor":20,"gold_loss":0},{"damage_healed":0,"gold_gain":0,"player_choice":"Fought Bandits","damage_taken":0,"max_hp_gain":0,"max_hp_loss":0,"event_name":"Masked Bandits","floor":27,"gold_loss":0}],"is_beta":false,"boss_relics":[{"not_picked":["Ectoplasm","Astrolabe"],"picked":"HolyWater"}],"items_purged_floors":[],"is_endless":false,"potions_floor_spawned":[2,7,8,10,14,18,31],"killed_by":"Collector","ascension_level":0}}