{"host":"jt4xaqerixsfdsye","time":1612819088,"event":{"mods":["BaseMod","Downfall","Minty Spire (QoL Compilation)","StSLib"],"gold_per_floor":[99,109,121,6,21,40,40,56,56,231,231,262,262,333,344,344,344,344],"floor_reached":16,"language":"ENG","playtime":1598,"items_purged":[],"score":102,"play_id":"e739f3d6-2b74-4950-b993-f481728c9edb","local_time":"20210208221808","is_ascension_mode":false,"campfire_choices":[{"data":"bronze:Assembly","floor":1,"key":"SMITH"},{"data":"bronze:Optimize","floor":9,"key":"SMITH"},{"floor":11,"key":"REST"}],"circlet_count":0,"master_deck":["bronze:Strike","bronze:Strike","bronze:Strike","bronze:Strike","bronze:Defend","bronze:Defend","bronze:Defend+1","bronze:Defend","bronze:Replicate","bronze:Goto+1","bronze:Assembly+1","bronze:Optimize+1","bronze:FollowUp","bronze:Frontload","bronze:WhirlingStrike","bronze:Repulsor+1","bronze:Branch","bronze:WhirlingStrike","bronze:GetLatest","Doubt","bronze:BuggyMess","downfall:Malfunctioning","bronze:Branch"],"relics":["bronze:BronzeCore","CaptainsWheel","Mango","Matryoshka"],"acts_visited":["Exordium"],"potions_floor_usage":[16],"damage_taken":[{"damage":1,"enemies":"2 Louse","floor":2,"turns":3},{"damage":6,"enemies":"Jaw Worm","floor":3,"turns":4},{"damage":0,"enemies":"downfall:FleeingMerchant","floor":4,"turns":4},{"damage":4,"enemies":"Cultist","floor":5,"turns":4},{"damage":11,"enemies":"Exordium Wildlife","floor":6,"turns":5},{"damage":9,"enemies":"Lots of Slimes","floor":8,"turns":2},{"damage":12,"enemies":"Lagavulin","floor":12,"turns":10},{"damage":0,"enemies":"2 Fungi Beasts","floor":15,"turns":1},{"damage":82,"enemies":"DF_ARCHETYPE_STREAMLINE","floor":16,"turns":14}],"seed_played":"-7063794261983600797","potions_obtained":[{"floor":2,"key":"Ancient Potion"},{"floor":6,"key":"bronze:FreeFunctionsPotion"},{"floor":8,"key":"Ancient Potion"}],"is_trial":false,"path_per_floor":["R","M","M","$","M","M","T","M","R","?","R","E","?","T","M","B"],"character_chosen":"THE_AUTOMATON","items_purchased":["bronze:WhirlingStrike","bronze:Repulsor"],"campfire_rested":1,"item_purchase_floors":[4,4],"current_hp_per_floor":[63,62,56,56,52,41,41,32,32,32,50,52,52,52,52,0,0,0],"gold":344,"neow_bonus":"THREE_RARE_CARDS","is_daily":false,"chose_seed":false,"campfire_upgraded":2,"win_rate":0.0,"timestamp":1612819088,"path_taken":["R","M","M","$","M","M","T","M","R","?","R","E","?","?","M","BOSS"],"items_purchased_type":["Card","Card"],"build_version":"2020-12-22","purchased_purges":0,"victory":false,"max_hp_per_floor":[63,63,63,63,63,63,63,63,63,63,63,77,77,77,77,77,77,77],"card_choices":[{"not_picked":["bronze:Break","bronze:ShipIt"],"picked":"bronze:Assembly","floor":0},{"not_picked":["bronze:DarkDash","bronze:Branch"],"picked":"bronze:Optimize","floor":2},{"not_picked":["bronze:Fortify","bronze:BronzeOrb"],"picked":"bronze:FollowUp","floor":3},{"not_picked":["bronze:HyperBeam","bronze:DelayedGuard"],"picked":"bronze:Frontload","floor":4},{"not_picked":["bronze:DelayedGuard","bronze:ForceShield"],"picked":"bronze:Branch","floor":5},{"not_picked":["bronze:Invalidate","bronze:Branch"],"picked":"bronze:WhirlingStrike","floor":6},{"not_picked":["bronze:Deprecate","bronze:DelayedGuard"],"picked":"bronze:GetLatest","floor":8},{"not_picked":["bronze:BitShift","bronze:Frontload"],"picked":"bronze:BuggyMess","floor":12},{"not_picked":["bronze:WhirlingStrike","bronze:FindAndReplace"],"picked":"bronze:Branch","floor":15}],"player_experience":190595,"relics_obtained":[{"floor":7,"key":"CaptainsWheel"},{"floor":12,"key":"Mango"},{"floor":14,"key":"Matryoshka"}],"event_choices":[],"is_beta":false,"boss_relics":[],"items_purged_floors":[],"is_endless":false,"potions_floor_spawned":[2,6,8],"killed_by":"DF_ARCHETYPE_STREAMLINE","ascension_level":0}}