{"host":"x730sfaw5rd1mxd8","time":1612827578,"event":{"mods":["BaseMod","BetterRewards","Colored Powertips","Highlight Path","Minty Spire (QoL Compilation)","Relic Sorter","Relic Stats","Replay The Spire","StSLib"],"gold_per_floor":[111,159,171,171,171,206,206,224,250,278,290,325,325,352,352,428,428,447,447,459,459,409,438,438,473,549,563,596,365,365,392,392,471,471,487,504,515,515,528,558,558,592,592,602,655,655,314,344,344,344,344,344,344,5,37,37],"floor_reached":57,"language":"ENG","playtime":5027,"items_purged":["Strike_G","Strike_G","Strike_G","Strike_G","Strike_G"],"score":3888,"play_id":"8be9d6c7-b6eb-4516-b289-6908aff795b8","local_time":"20210208183938","is_ascension_mode":true,"campfire_choices":[{"data":"Apotheosis","floor":7,"key":"SMITH"},{"data":"A Thousand Cuts","floor":13,"key":"SMITH"},{"floor":15,"key":"DIG"},{"floor":24,"key":"RECALL"},{"floor":30,"key":"DIG"},{"floor":32,"key":"DIG"},{"floor":41,"key":"DIG"},{"floor":46,"key":"DIG"},{"floor":49,"key":"DIG"},{"floor":53,"key":"DIG"}],"circlet_count":0,"master_deck":["AscendersBane","Defend_G+1","Defend_G+1","Defend_G+1","Defend_G+1","Defend_G+1","Neutralize+1","ReplayTheSpireMod:Speed Training+1","Infinite Blades+1","ReplayTheSpireMod:Scrap Shanks","Deadly Poison","Dagger Spray","Noxious Fumes+1","Deflect","Poisoned Stab+1","Poisoned Stab","Apotheosis+1","Footwork","Well Laid Plans","Footwork","Dash","Blade Dance+1","Footwork","m_Survivalism","A Thousand Cuts+1","Burst","Leg Sweep","Eviscerate","Leg Sweep+1","Dagger Throw","Corpse Explosion","Blade Dance+1","Blur+1","ReplayTheSpireMod:Speed Training+1","Crippling Poison+1","Footwork+1","Skewer+1","Prepared+1","Leg Sweep+1"],"relics":["Ring of the Snake","Membership Card","ReplayTheSpireMod:Ninjato","Divine Protection","Replay:Bottled Eggs","Guide Book","ReplayTheSpireMod:Lightbulb","Paper Crane","Medical Kit","Whetstone","ClockworkSouvenir","Shuriken","Centennial Puzzle","ReplayFunnel","The Courier","Omamori","Oddly Smooth Stone","Snake Skull","Replay:WaspNest","Replay:Grab Bag","ReplayTheSpireMod:Onyx Gauntlets","Replay:Bronze Core","Snecko Eye","Shovel","Gremlin Horn","Mummified Hand","Pet Ghost","Iron Hammer","Golden Egg","Blood Vial","Turnip","Toxic Egg 2","Ring of Chaos","Tingsha","Letter Opener","Basket Of Snakes","StrikeDummy","Thread and Needle","Dream Catcher","Bronze Scales","Replay:Baseball","Bottled Lightning","Boot","Smiling Mask","Replay:Arrowhead","White Beast Statue","Lantern","Replay:Rubber Ducky","Sundial","Pantograph","Replay:Bottled Snecko"],"acts_visited":["Exordium","TheCity","TheBeyond","TheEnding"],"potions_floor_usage":[56],"damage_taken":[{"damage":0,"enemies":"Cultist","floor":1,"turns":3},{"damage":0,"enemies":"2 Louse","floor":3,"turns":4},{"damage":0,"enemies":"Gremlin Nob","floor":6,"turns":5},{"damage":0,"enemies":"Jaw Worm","floor":8,"turns":3},{"damage":0,"enemies":"Lagavulin","floor":10,"turns":6},{"damage":0,"enemies":"Blue Slaver","floor":11,"turns":4},{"damage":3,"enemies":"Gremlin Nob","floor":12,"turns":4},{"damage":0,"enemies":"3 Sentries","floor":14,"turns":5},{"damage":0,"enemies":"Hexaghost","floor":16,"turns":8},{"damage":0,"enemies":"3 Byrds","floor":18,"turns":4},{"damage":0,"enemies":"Chosen","floor":20,"turns":3},{"damage":0,"enemies":"Slavers","floor":23,"turns":3},{"damage":4,"enemies":"Replay:Snechameleon","floor":25,"turns":5},{"damage":0,"enemies":"Shelled Parasite and Fungi","floor":27,"turns":3},{"damage":0,"enemies":"Book of Stabbing","floor":28,"turns":4},{"damage":0,"enemies":"Gremlin Leader","floor":31,"turns":2},{"damage":0,"enemies":"Collector","floor":33,"turns":4},{"damage":0,"enemies":"3 Darklings","floor":35,"turns":3},{"damage":0,"enemies":"Orb Walker","floor":36,"turns":1},{"damage":0,"enemies":"Maw","floor":37,"turns":3},{"damage":0,"enemies":"Transient","floor":39,"turns":6},{"damage":0,"enemies":"R_Hoarder","floor":40,"turns":6},{"damage":0,"enemies":"Reptomancer","floor":42,"turns":3},{"damage":0,"enemies":"Sphere and 2 Shapes","floor":44,"turns":2},{"damage":0,"enemies":"2 Orb Walkers","floor":45,"turns":1},{"damage":0,"enemies":"R_Hoarder","floor":48,"turns":3},{"damage":5,"enemies":"Replay:Hell Engine","floor":50,"turns":3},{"damage":0,"enemies":"Donu and Deca","floor":51,"turns":4},{"damage":0,"enemies":"Shield and Spear","floor":55,"turns":2},{"damage":0,"enemies":"The Heart","floor":56,"turns":6}],"seed_played":"-2253823998541622162","potions_obtained":[{"floor":1,"key":"Dexterity Potion"},{"floor":8,"key":"PowerPotion"}],"is_trial":false,"path_per_floor":["M","T","M","?","?","E","R","M","T","E","M","E","R","E","R","B",null,"M","?","M","$","?","E","R","E","T","M","E","$","R","E","R","B",null,"M","M","M","?","M","E","R","E","T","M","?","R","$","E","R","B","B",null,"R","$","E","B",null],"character_chosen":"THE_SILENT","items_purchased":["Membership Card","ReplayTheSpireMod:Ninjato","ReplayTheSpireMod:Speed Training","Infinite Blades","Divine Protection","ReplayTheSpireMod:Scrap Shanks","Replay:Bottled Eggs","Deadly Poison","Guide Book","Dagger Spray","ReplayTheSpireMod:Lightbulb","Noxious Fumes","Deflect","Poisoned Stab","Apotheosis","Footwork","Paper Crane","Medical Kit","Well Laid Plans","Whetstone","ClockworkSouvenir","Footwork","Shuriken","Dash","Blade Dance","Centennial Puzzle","Iron Hammer","Golden Egg","Blade Dance","Bronze Scales","Replay:Baseball","Bottled Lightning","Boot","Footwork","Skewer","Lantern","Replay:Rubber Ducky","Sundial","Pantograph"],"campfire_rested":0,"item_purchase_floors":[0,0,0,0,0,0,0,0,0,0,0,0,0,0,0,0,0,0,0,0,0,0,0,0,0,0,29,29,29,47,47,47,47,47,47,54,54,54,54],"current_hp_per_floor":[59,59,59,59,39,39,39,39,39,39,39,36,36,36,36,36,59,59,59,59,59,59,59,59,55,55,55,55,55,55,57,57,59,64,66,66,66,66,66,66,66,66,66,66,66,66,66,66,66,61,63,65,65,65,66,66],"gold":37,"neow_bonus":"","is_daily":false,"chose_seed":false,"campfire_upgraded":2,"win_rate":0.0,"timestamp":1612827578,"path_taken":["M","?","M","?","?","E","R","?","T","E","M","E","R","E","R","BOSS","M","?","M","$","?","E","R","E","T","M","E","$","R","E","R","BOSS","M","M","?","?","M","E","R","E","T","M","?","R","$","E","R","BOSS","BOSS","R","$","E","BOSS"],"items_purchased_type":["Relic","Relic","Card","Card","Relic","Card","Relic","Card","Relic","Card","Relic","Card","Card","Card","Card","Card","Relic","Relic","Card","Relic","Relic","Card","Relic","Card","Card","Relic","Relic","Relic","Card","Relic","Relic","Relic","Relic","Card","Card","Relic","Relic","Relic","Relic"],"build_version":"2020-12-22","purchased_purges":5,"victory":true,"max_hp_per_floor":[66,66,66,66,66,66,66,66,66,66,66,66,66,66,66,66,66,66,66,66,66,66,66,66,66,66,66,66,66,66,66,66,66,66,66,66,66,66,66,66,66,66,66,66,66,66,66,66,66,66,66,66,66,66,66,66],"relic_stats":{"Gremlin Horn":[30,30],"counters":[370,1574],"Tingsha":[95],"Snake Skull":[173],"Whetstone":["Neutralize","Poisoned Stab"],"Letter Opener":[302],"Medical Kit":[113],"Boot":[16],"Smiling Mask":388,"Blood Vial":9,"Centennial Puzzle":[9],"Dream Catcher":1,"Shovel":7,"Shuriken":[105],"Mummified Hand":[336],"Sundial":[0],"Bronze Scales":[549],"Pantograph":49,"Snecko Eye":[217,217,240,239],"Turnip":[7],"obtain_stats":[{"TwistedFunnel":0,"Replay:Accelerometer":26,"Golden Egg":29,"Vampiric Spirits":0,"Whetstone":55,"Bottled Tornado":54,"Boot":55,"Sling":55,"Blood Vial":20,"Replay:Wanted Poster":34,"Replay:Ringing Soul":48,"Sundial":10,"Replay:Bronze Core":17,"MealTicket":27,"Fusion Hammer":36,"Necronomicon":22,"Replay:Bottled Flurry":30,"Kunai":26,"Replay:Wax Seal":10,"Electric Blood":17,"Replay:Bottled Steam":43,"Pear":46,"Blue Candle":30,"Counterbalance":0,"Tingsha":0,"Eternal Feather":21,"Pen Nib":48,"Paper Crane":8,"Akabeko":43,"SlaversCollar":17,"Snecko Scales":34,"Bird Faced Urn":12,"Snecko Eye":34,"Mark of Pain":0,"StrikeDummy":6,"Unceasing Top":27,"Abe\u0027s Treasure":17,"Ring of the Serpent":34,"Regal Pillow":0,"Lantern":25,"Singing Bowl":10,"Torii":0,"Magic Flower":11,"Painkiller Herb":19,"StoneCalendar":30,"Bag of Preparation":55,"Replay:Multitool":44,"Cursed Key":34,"Smiling Mask":41,"Burning Blood":0,"Pet Ghost":23,"Replay:Rubber Ducky":55,"Matryoshka":0,"Shovel":0,"Chemical X":21,"Replay:Bottled Eggs":48,"InkBottle":0,"Ring of the Snake":0,"Potion Belt":0,"Lee\u0027s Waffle":54,"The Specimen":25,"Golden Idol":11,"Basket Of Snakes":39,"Thread and Needle":0,"The Courier":14,"PreservedInsect":22,"Omamori":23,"Frozen Egg 2":0,"MawBank":31,"Replay:Arrowhead":9,"Busted Crown":17,"Ornamental Fan":55,"Bloody Idol":19,"Orrery":0,"Turnip":46,"Art of War":40,"Durian":0,"Bottled Lightning":47,"ReplayTheSpireMod:Ring of Challenge":38,"ReplayTheSpireMod:Onyx Gauntlets":34,"ReplayTheSpireMod:Lightbulb":30,"Toy Ornithopter":26,"Ice Cream":14,"Divine Protection":45,"Calipers":32,"Gremlin Horn":9,"Nilry\u0027s Codex":23,"Vajra":28,"Sozu":17,"Centennial Puzzle":9,"HornCleat":14,"DollysMirror":30,"Strawberry":28,"Honey Jar":34,"Prayer Wheel":0,"Iron Hammer":0,"Toxic Egg 2":0,"Byrd Skull":11,"Happy Flower":55,"Replay:Grab Bag":34,"Oddly Smooth Stone":26,"Ring of Chaos":47,"Replay:Kaleidoscope":25,"Letter Opener":41,"War Paint":54,"Question Card":0,"Du-Vu Doll":0,"OrangePellets":0,"Bottled Flame":15,"Replay:Baseball":0,"Shuriken":12,"Bronze Scales":12,"Simple Rune":55,"Onion Ring":54,"Molten Egg 2":43,"ReplayTheSpireMod:TigerMarble":17,"Grinning Jar":23,"Pocketwatch":0,"Meat on the Bone":38,"Darkstone Periapt":5,"ReplayFunnel":55,"Mango":6,"Snake Skull":29,"Incense Burner":45,"Juzu Bracelet":43,"ClockworkSouvenir":45,"Dream Catcher":43,"Nunchaku":24,"Replay:Bandana":10,"Mummified Hand":48,"Pantograph":23,"Gambling Chip":24,"Tiny Chest":29,"Red Mask":22,"Replay:Bottled Snecko":8,"Red Skull":6,"Gremlin Food":44,"BargainBundle":7,"ReplayTheSpireMod:Ninjato":40,"Replay:Towering Pillar of Hats":10,"Quantum Egg":46,"Guide Book":0,"Replay:WaspNest":0,"Orichalcum":56,"Medical Kit":42,"White Beast Statue":53,"Mercury Hourglass":0,"Calling Bell":17,"Anchor":11,"CaptainsWheel":43,"Pondfish Scales":55,"ChewingGum":34,"Snack Pack":8,"Coffee Dripper":17,"Bag of Marbles":11,"Membership Card":0},{"TwistedFunnel":186,"Replay:Accelerometer":294,"Golden Egg":355,"Vampiric Spirits":61,"Whetstone":91,"Bottled Tornado":218,"Boot":91,"Sling":91,"Blood Vial":26,"Replay:Wanted Poster":297,"Replay:Ringing Soul":275,"Sundial":256,"Replay:Bronze Core":349,"MealTicket":58,"Fusion Hammer":80,"Necronomicon":168,"Replay:Bottled Flurry":236,"Kunai":142,"Replay:Wax Seal":224,"Electric Blood":51,"Replay:Bottled Steam":119,"Pear":122,"Blue Candle":30,"Counterbalance":279,"Tingsha":93,"Eternal Feather":200,"Pen Nib":153,"Paper Crane":66,"Akabeko":212,"SlaversCollar":24,"Snecko Scales":115,"Bird Faced Urn":22,"Snecko Eye":326,"Mark of Pain":0,"StrikeDummy":98,"Unceasing Top":143,"Abe\u0027s Treasure":229,"Ring of the Serpent":268,"Regal Pillow":93,"Lantern":294,"Singing Bowl":21,"Torii":186,"Magic Flower":49,"Painkiller Herb":72,"StoneCalendar":174,"Bag of Preparation":91,"Replay:Multitool":120,"Cursed Key":31,"Smiling Mask":211,"Burning Blood":0,"Pet Ghost":56,"Replay:Rubber Ducky":91,"Matryoshka":61,"Shovel":279,"Chemical X":200,"Replay:Bottled Eggs":245,"InkBottle":219,"Ring of the Snake":0,"Potion Belt":126,"Lee\u0027s Waffle":277,"The Specimen":76,"Golden Idol":5,"Basket Of Snakes":82,"Thread and Needle":309,"The Courier":7,"PreservedInsect":11,"Omamori":293,"Frozen Egg 2":14,"MawBank":79,"Replay:Arrowhead":131,"Busted Crown":8,"Ornamental Fan":91,"Bloody Idol":319,"Orrery":126,"Turnip":38,"Art of War":36,"Durian":186,"Bottled Lightning":365,"ReplayTheSpireMod:Ring of Challenge":81,"ReplayTheSpireMod:Onyx Gauntlets":268,"ReplayTheSpireMod:Lightbulb":205,"Toy Ornithopter":171,"Ice Cream":23,"Divine Protection":182,"Calipers":296,"Gremlin Horn":20,"Nilry\u0027s Codex":75,"Vajra":77,"Sozu":258,"Centennial Puzzle":5,"HornCleat":257,"DollysMirror":144,"Strawberry":13,"Honey Jar":237,"Prayer Wheel":93,"Iron Hammer":248,"Toxic Egg 2":156,"Byrd Skull":66,"Happy Flower":91,"Replay:Grab Bag":268,"Oddly Smooth Stone":57,"Ring of Chaos":122,"Replay:Kaleidoscope":204,"Letter Opener":362,"War Paint":185,"Question Card":186,"Du-Vu Doll":309,"OrangePellets":93,"Bottled Flame":70,"Replay:Baseball":93,"Shuriken":226,"Bronze Scales":6,"Simple Rune":91,"Onion Ring":247,"Molten Egg 2":304,"ReplayTheSpireMod:TigerMarble":164,"Grinning Jar":169,"Pocketwatch":41,"Meat on the Bone":117,"Darkstone Periapt":18,"ReplayFunnel":91,"Mango":19,"Snake Skull":78,"Incense Burner":87,"Juzu Bracelet":333,"ClockworkSouvenir":151,"Dream Catcher":37,"Nunchaku":75,"Replay:Bandana":100,"Mummified Hand":183,"Pantograph":12,"Gambling Chip":27,"Tiny Chest":266,"Red Mask":140,"Replay:Bottled Snecko":161,"Red Skull":47,"Gremlin Food":87,"BargainBundle":223,"ReplayTheSpireMod:Ninjato":149,"Replay:Towering Pillar of Hats":66,"Quantum Egg":87,"Guide Book":93,"Replay:WaspNest":61,"Orichalcum":92,"Medical Kit":119,"White Beast Statue":368,"Mercury Hourglass":61,"Calling Bell":164,"Anchor":66,"CaptainsWheel":86,"Pondfish Scales":91,"ChewingGum":176,"Snack Pack":48,"Coffee Dripper":137,"Bag of Marbles":161,"Membership Card":61},{"TwistedFunnel":766,"Replay:Accelerometer":1268,"Golden Egg":1525,"Vampiric Spirits":244,"Whetstone":364,"Bottled Tornado":916,"Boot":364,"Sling":364,"Blood Vial":107,"Replay:Wanted Poster":1276,"Replay:Ringing Soul":1193,"Sundial":1097,"Replay:Bronze Core":1503,"MealTicket":230,"Fusion Hammer":315,"Necronomicon":684,"Replay:Bottled Flurry":1006,"Kunai":570,"Replay:Wax Seal":943,"Electric Blood":208,"Replay:Bottled Steam":471,"Pear":484,"Blue Candle":123,"Counterbalance":1218,"Tingsha":376,"Eternal Feather":815,"Pen Nib":627,"Paper Crane":257,"Akabeko":879,"SlaversCollar":100,"Snecko Scales":459,"Bird Faced Urn":86,"Snecko Eye":1378,"Mark of Pain":0,"StrikeDummy":392,"Unceasing Top":574,"Abe\u0027s Treasure":971,"Ring of the Serpent":1158,"Regal Pillow":376,"Lantern":1268,"Singing Bowl":82,"Torii":766,"Magic Flower":200,"Painkiller Herb":279,"StoneCalendar":706,"Bag of Preparation":364,"Replay:Multitool":475,"Cursed Key":130,"Smiling Mask":874,"Burning Blood":0,"Pet Ghost":224,"Replay:Rubber Ducky":364,"Matryoshka":244,"Shovel":1218,"Chemical X":815,"Replay:Bottled Eggs":1055,"InkBottle":925,"Ring of the Snake":0,"Potion Belt":505,"Lee\u0027s Waffle":1204,"The Specimen":292,"Golden Idol":17,"Basket Of Snakes":325,"Thread and Needle":1312,"The Courier":25,"PreservedInsect":40,"Omamori":1267,"Frozen Egg 2":51,"MawBank":304,"Replay:Arrowhead":520,"Busted Crown":30,"Ornamental Fan":364,"Bloody Idol":1345,"Orrery":505,"Turnip":156,"Art of War":146,"Durian":766,"Bottled Lightning":1556,"ReplayTheSpireMod:Ring of Challenge":318,"ReplayTheSpireMod:Onyx Gauntlets":1158,"ReplayTheSpireMod:Lightbulb":842,"Toy Ornithopter":696,"Ice Cream":93,"Divine Protection":740,"Calipers":1273,"Gremlin Horn":78,"Nilry\u0027s Codex":288,"Vajra":296,"Sozu":1110,"Centennial Puzzle":17,"HornCleat":1103,"DollysMirror":580,"Strawberry":48,"Honey Jar":1014,"Prayer Wheel":376,"Iron Hammer":1074,"Toxic Egg 2":649,"Byrd Skull":257,"Happy Flower":364,"Replay:Grab Bag":1158,"Oddly Smooth Stone":226,"Ring of Chaos":484,"Replay:Kaleidoscope":837,"Letter Opener":1550,"War Paint":758,"Question Card":766,"Du-Vu Doll":1312,"OrangePellets":376,"Bottled Flame":268,"Replay:Baseball":376,"Shuriken":952,"Bronze Scales":20,"Simple Rune":364,"Onion Ring":1066,"Molten Egg 2":1291,"ReplayTheSpireMod:TigerMarble":674,"Grinning Jar":689,"Pocketwatch":170,"Meat on the Bone":463,"Darkstone Periapt":65,"ReplayFunnel":364,"Mango":73,"Snake Skull":300,"Incense Burner":344,"Juzu Bracelet":1411,"ClockworkSouvenir":618,"Dream Catcher":151,"Nunchaku":288,"Replay:Bandana":399,"Mummified Hand":745,"Pantograph":44,"Gambling Chip":111,"Tiny Chest":1149,"Red Mask":561,"Replay:Bottled Snecko":663,"Red Skull":189,"Gremlin Food":344,"BargainBundle":937,"ReplayTheSpireMod:Ninjato":609,"Replay:Towering Pillar of Hats":257,"Quantum Egg":344,"Guide Book":376,"Replay:WaspNest":244,"Orichalcum":369,"Medical Kit":471,"White Beast Statue":1566,"Mercury Hourglass":244,"Calling Bell":674,"Anchor":257,"CaptainsWheel":341,"Pondfish Scales":364,"ChewingGum":717,"Snack Pack":196,"Coffee Dripper":549,"Bag of Marbles":663,"Membership Card":244}],"Ring of the Snake":[182]},"card_choices":[{"not_picked":["Sucker Punch","Acrobatics"],"picked":"Footwork","floor":1},{"not_picked":["Bane","All Out Attack","Quick Slash"],"picked":"SKIP","floor":3},{"not_picked":["Setup","Slice","Deadly Poison"],"picked":"SKIP","floor":6},{"not_picked":["Prepared","Deflect"],"picked":"A Thousand Cuts","floor":8},{"not_picked":["ReplayTheSpireMod:Necrosis","Setup","Flying Knee"],"picked":"SKIP","floor":10},{"not_picked":["Dagger Spray","Hidden Blade","Bane"],"picked":"SKIP","floor":11},{"not_picked":["Acrobatics","Deadly Poison","Hidden Blade"],"picked":"SKIP","floor":12},{"not_picked":["Well Laid Plans","Acrobatics","Glass Knife"],"picked":"SKIP","floor":14},{"not_picked":["Doppelganger","Poison Darts"],"picked":"Burst","floor":16},{"not_picked":["PiercingWail","Dodge and Roll","Deflect"],"picked":"SKIP","floor":18},{"not_picked":["Dagger Spray","Heel Hook","Cloak And Dagger"],"picked":"SKIP","floor":20},{"not_picked":["Poisoned Stab","Flying Knee"],"picked":"Eviscerate","floor":23},{"not_picked":["Bane","Sneak Up"],"picked":"Leg Sweep+1","floor":25},{"not_picked":["Slice","Acrobatics"],"picked":"Dagger Throw","floor":27},{"not_picked":["Dash","Backflip"],"picked":"Corpse Explosion","floor":28},{"not_picked":["All Out Attack","Quick Slash","Flying Knee+1"],"picked":"SKIP","floor":31},{"not_picked":["Cloak And Dagger+1","ReplayTheSpireMod:Shiv Toss+1","Quick Slash"],"picked":"SKIP","floor":35},{"not_picked":["Deflect+1","Underhanded Strike","Quick Slash"],"picked":"SKIP","floor":36},{"not_picked":["Acrobatics+1","Bane"],"picked":"Blur+1","floor":37},{"not_picked":["Blade Dance+1","Dagger Spray+1","Flying Knee"],"picked":"SKIP","floor":39},{"not_picked":["Bane+1","Finisher","Flechettes"],"picked":"SKIP","floor":40},{"not_picked":["ReplayTheSpireMod:Shiv Toss+1","Tools of the Trade"],"picked":"ReplayTheSpireMod:Speed Training","floor":42},{"not_picked":["Outmaneuver+1","Bane","Underhanded Strike+1"],"picked":"SKIP","floor":44},{"not_picked":["Dagger Spray","ReplayTheSpireMod:Shiv Toss+1"],"picked":"Crippling Poison+1","floor":45},{"not_picked":["Dash","Slice+1"],"picked":"Prepared+1","floor":48},{"not_picked":["Flying Knee","Grand Finale"],"picked":"Leg Sweep+1","floor":55}],"player_experience":4118815,"relics_obtained":[{"floor":2,"key":"ReplayFunnel"},{"floor":6,"key":"The Courier"},{"floor":10,"key":"Omamori"},{"floor":12,"key":"Oddly Smooth Stone"},{"floor":14,"key":"Snake Skull"},{"floor":15,"key":"Replay:WaspNest"},{"floor":23,"key":"Shovel"},{"floor":25,"key":"Gremlin Horn"},{"floor":26,"key":"Mummified Hand"},{"floor":28,"key":"Pet Ghost"},{"floor":30,"key":"Blood Vial"},{"floor":31,"key":"Turnip"},{"floor":32,"key":"Toxic Egg 2"},{"floor":40,"key":"Tingsha"},{"floor":41,"key":"Letter Opener"},{"floor":42,"key":"Basket Of Snakes"},{"floor":43,"key":"StrikeDummy"},{"floor":45,"key":"Thread and Needle"},{"floor":46,"key":"Dream Catcher"},{"floor":48,"key":"Smiling Mask"},{"floor":49,"key":"Replay:Arrowhead"},{"floor":53,"key":"White Beast Statue"},{"floor":55,"key":"Replay:Bottled Snecko"}],"event_choices":[{"damage_healed":0,"gold_gain":0,"player_choice":"Entered Light","damage_taken":20,"max_hp_gain":0,"max_hp_loss":0,"event_name":"Shining Light","floor":5,"gold_loss":0,"cards_upgraded":["Blade Dance","Noxious Fumes"]},{"damage_healed":0,"gold_gain":0,"player_choice":"Read","damage_taken":0,"max_hp_gain":0,"max_hp_loss":0,"event_name":"The Library","floor":19,"gold_loss":0,"cards_obtained":["Leg Sweep"]},{"damage_healed":0,"gold_gain":0,"player_choice":"Bet on Murderer","damage_taken":0,"max_hp_gain":0,"max_hp_loss":0,"event_name":"The Joust","floor":22,"gold_loss":50},{"damage_healed":0,"gold_gain":0,"player_choice":"Ignored","damage_taken":0,"max_hp_gain":0,"max_hp_loss":0,"event_name":"Tomb of Lord Red Mask","floor":38,"gold_loss":0},{"damage_healed":0,"gold_gain":0,"player_choice":"Fight","damage_taken":0,"max_hp_gain":0,"max_hp_loss":0,"event_name":"Mysterious Sphere","floor":45,"gold_loss":0}],"is_beta":false,"boss_relics":[{"not_picked":["Snecko Scales","SlaversCollar"],"picked":"Replay:Grab Bag"},{"not_picked":["Abe\u0027s Treasure","ChewingGum"],"picked":"ReplayTheSpireMod:Onyx Gauntlets"},{"not_picked":["Painkiller Herb","Replay:Wanted Poster"],"picked":"Replay:Bronze Core"},{"not_picked":["Black Star","Empty Cage"],"picked":"Snecko Eye"},{"not_picked":["Kintsugi","Pandora\u0027s Box"],"picked":"Ring of Chaos"}],"items_purged_floors":[0,0,0,0,0],"is_endless":false,"potions_floor_spawned":[1,8,10,14,18,27,28,37,40,55],"ascension_level":20}}