{"host":"v3qphhcqhwfpabne","time":1612790858,"event":{"mods":["100% Spire Juice","2.2 Compatiblity","AchievementEnabler","BaseMod","CapriCore","DeckTracker","KinomotoSakuraMod(ÙÊñýÜâ?)","Koishi","Marisa£¨Ùöéë¡¡Øª×âÞÞ£©","Minty Spire (QoL Compilation)","Permanent Neow","Prisma Mod","StSLib","Td1madao Mod","The Bug Knight","The Cursed","The Immortal","The Runesmith","WarShipGirlsR/??á´Ò³R mod"],"gold_per_floor":[116,135,135,149,141,168,186,198,221,241,251,282,64,81,81,179,179,198,214,214,214],"floor_reached":20,"language":"KOR","playtime":1044,"items_purged":["Strike_R"],"score":209,"play_id":"a8386c4c-c902-48f0-820b-69dfa74d3d1c","local_time":"20210208222738","is_ascension_mode":true,"campfire_choices":[{"data":"Havoc","floor":15,"key":"SMITH"}],"circlet_count":0,"master_deck":["Strike_R","Strike_R","Strike_R","Strike_R","Defend_R","Defend_R","Defend_R","Defend_R","Bash","Infernal Blade","Cleave","Havoc+1","Secret Weapon","Rampage","Spot Weakness","Headbutt","Reaper","Armaments"],"relics":["Burning Blood","Thread and Needle","Champion Belt","Ancient Tea Set","Tiny Chest","Dream Catcher","MealTicket"],"acts_visited":["Exordium","TheCity"],"potions_floor_usage":[12,12,18,20],"damage_taken":[{"damage":0,"enemies":"Jaw Worm","floor":1,"turns":5},{"damage":0,"enemies":"Cultist","floor":2,"turns":3},{"damage":0,"enemies":"2 Louse","floor":4,"turns":3},{"damage":24,"enemies":"3 Sentries","floor":6,"turns":8},{"damage":0,"enemies":"Large Slime","floor":7,"turns":5},{"damage":4,"enemies":"Blue Slaver","floor":8,"turns":5},{"damage":13,"enemies":"Exordium Thugs","floor":10,"turns":5},{"damage":2,"enemies":"Exordium Wildlife","floor":11,"turns":2},{"damage":9,"enemies":"Gremlin Nob","floor":12,"turns":3},{"damage":0,"enemies":"Lots of Slimes","floor":14,"turns":2},{"damage":67,"enemies":"Hexaghost","floor":16,"turns":10},{"damage":50,"enemies":"3 Byrds","floor":18,"turns":7},{"damage":24,"enemies":"Chosen","floor":19,"turns":5},{"damage":24,"enemies":"Snake Plant","floor":20,"turns":3}],"seed_played":"671912486321064668","potions_obtained":[{"floor":4,"key":"FairyPotion"},{"floor":6,"key":"Explosive Potion"},{"floor":7,"key":"Explosive Potion"},{"floor":11,"key":"AttackPotion"},{"floor":16,"key":"HeartOfIron"},{"floor":19,"key":"Dexterity Potion"}],"is_trial":false,"path_per_floor":["M","M","?","M","$","E","M","M","T","M","M","E","$","M","R","B",null,"M","M","M"],"character_chosen":"IRONCLAD","items_purchased":["Havoc","Secret Weapon","Champion Belt","MealTicket"],"campfire_rested":0,"item_purchase_floors":[5,5,5,13],"current_hp_per_floor":[72,72,72,72,72,54,60,62,62,55,59,56,56,62,62,23,72,34,22,0,0],"gold":214,"neow_bonus":"ONE_RARE_RELIC","is_daily":false,"chose_seed":false,"campfire_upgraded":1,"win_rate":0.0,"timestamp":1612790858,"path_taken":["M","M","?","M","$","E","M","M","T","M","M","E","$","M","R","BOSS","M","M","M"],"items_purchased_type":["Card","Card","Relic","Relic"],"build_version":"2020-12-22","purchased_purges":1,"victory":false,"max_hp_per_floor":[72,72,72,72,72,72,72,72,72,72,72,72,72,72,72,72,72,72,72,72,72],"card_choices":[{"not_picked":["Pommel Strike","Wild Strike"],"picked":"Infernal Blade","floor":1},{"not_picked":["Twin Strike","Thunderclap"],"picked":"Cleave","floor":2},{"not_picked":["Flame Barrier","Twin Strike","Headbutt"],"picked":"SKIP","floor":4},{"not_picked":["Clothesline","Flame Barrier","True Grit"],"picked":"SKIP","floor":6},{"not_picked":["Cleave","Armaments"],"picked":"Rampage","floor":7},{"not_picked":["Perfected Strike","Rampage","Anger"],"picked":"SKIP","floor":8},{"not_picked":["Shrug It Off","Twin Strike","Second Wind"],"picked":"SKIP","floor":10},{"not_picked":["Metallicize","Twin Strike"],"picked":"Spot Weakness","floor":11},{"not_picked":["Fiend Fire","Evolve","Sever Soul"],"picked":"SKIP","floor":12},{"not_picked":["Flex","Cleave"],"picked":"Headbutt","floor":14},{"not_picked":["Fiend Fire","Immolate"],"picked":"Reaper","floor":16},{"not_picked":["Clash","Pummel+1","Sword Boomerang+1"],"picked":"SKIP","floor":18},{"not_picked":["Headbutt+1","Wild Strike"],"picked":"Armaments","floor":19}],"player_experience":114177,"relics_obtained":[{"floor":6,"key":"Ancient Tea Set"},{"floor":9,"key":"Tiny Chest"},{"floor":12,"key":"Dream Catcher"}],"event_choices":[{"damage_healed":0,"gold_gain":0,"player_choice":"0 cards matched","damage_taken":0,"max_hp_gain":0,"max_hp_loss":0,"event_name":"Match and Keep!","floor":3,"gold_loss":0,"cards_obtained":[]}],"is_beta":false,"boss_relics":[{"not_picked":["Fusion Hammer","Snecko Eye","Ectoplasm"]}],"items_purged_floors":[13],"is_endless":false,"potions_floor_spawned":[4,6,7,11,16,19],"killed_by":"Snake Plant","ascension_level":2}}