{"host":"dlyy4wv9zatha4f7","time":1612804601,"event":{"mods":["BaseMod","Better Third Choice","Colored Map","GifTheSpireLib","Minty Spire (QoL Compilation)","Spicy Shops","StSLib","SuperFastMode","Unceasing Turn Reminder"],"gold_per_floor":[215,5,5,22,42,42,69,69,69,98,98,117,133,163,163,265,265,281,298,298,2,27,58,58,91,91,6,6,6,106,131,131,227,227,243,243,243,20,38,38,67,67,67,83,83,128,28,40,40,40],"floor_reached":51,"language":"ENG","playtime":2496,"items_purged":["Decay","Strike_B","Strike_B"],"score":1097,"play_id":"36ffd6c1-aed1-463e-a691-d7c3d3f71278","local_time":"20210208191641","is_ascension_mode":true,"campfire_choices":[{"data":"Zap","floor":6.0,"key":"SMITH"},{"data":"Loop","floor":11.0,"key":"SMITH"},{"floor":15.0,"key":"REST"},{"data":"Wraith Form v2","floor":24.0,"key":"SMITH"},{"data":"Strike_B","floor":28.0,"key":"PURGE"},{"data":"Dualcast","floor":32,"key":"PURGE"},{"data":"Defragment","floor":40,"key":"SMITH"},{"data":"Strike_B","floor":45,"key":"PURGE"},{"data":"Defend_B","floor":49,"key":"PURGE"}],"circlet_count":0,"master_deck":["Defend_B","Defend_B","Defend_B","Zap+1","FTL","Loop+1","Dramatic Entrance","Thunderclap","Twin Strike","PiercingWail","Dark Shackles","Static Discharge","Wraith Form v2+1","Hologram+1","Tempest","Sweeping Beam","True Grit+1","Acrobatics","Tantrum","Immolate","Defragment+1","Compile Driver","Sanctity+1","Reboot","Core Surge+1","Cold Snap+1","Compile Driver+1","Sweeping Beam+1"],"relics":["Cracked Core","Turnip","Cables","Toy Ornithopter","Juzu Bracelet","HornCleat","Nuclear Battery","Runic Capacitor","Ginger","Red Mask","Lizard Tail","MealTicket","Peace Pipe","Smiling Mask","StoneCalendar","Blue Candle","StrikeDummy","SlaversCollar","Molten Egg 2","Pantograph","Calipers"],"acts_visited":["Exordium","TheCity","TheBeyond"],"potions_floor_usage":[30,33,41,50,50],"damage_taken":[{"damage":0.0,"enemies":"2 Louse","floor":1.0,"turns":2.0},{"damage":0.0,"enemies":"Cultist","floor":4.0,"turns":2.0},{"damage":3.0,"enemies":"Small Slimes","floor":5.0,"turns":3.0},{"damage":32.0,"enemies":"Gremlin Nob","floor":7.0,"turns":4.0},{"damage":10.0,"enemies":"3 Sentries","floor":10.0,"turns":5.0},{"damage":0.0,"enemies":"Looter","floor":12.0,"turns":2.0},{"damage":0.0,"enemies":"3 Louse","floor":13.0,"turns":2.0},{"damage":18.0,"enemies":"Lagavulin","floor":14.0,"turns":6.0},{"damage":24.0,"enemies":"Slime Boss","floor":16.0,"turns":7.0},{"damage":12.0,"enemies":"Spheric Guardian","floor":18.0,"turns":4.0},{"damage":2.0,"enemies":"Chosen","floor":19.0,"turns":6.0},{"damage":2.0,"enemies":"Masked Bandits","floor":22.0,"turns":3.0},{"damage":21.0,"enemies":"Gremlin Leader","floor":23.0,"turns":6.0},{"damage":11.0,"enemies":"Slavers","floor":25.0,"turns":5.0},{"damage":15,"enemies":"Colosseum Slavers","floor":30,"turns":5},{"damage":5,"enemies":"Colosseum Nobs","floor":30,"turns":4},{"damage":15,"enemies":"Book of Stabbing","floor":31,"turns":5},{"damage":32,"enemies":"Champ","floor":33,"turns":8},{"damage":2,"enemies":"3 Darklings","floor":35,"turns":4},{"damage":40,"enemies":"3 Shapes","floor":39,"turns":6},{"damage":0,"enemies":"Giant Head","floor":41,"turns":6},{"damage":3,"enemies":"3 Darklings","floor":44,"turns":3},{"damage":0,"enemies":"2 Orb Walkers","floor":46,"turns":4},{"damage":1,"enemies":"Transient","floor":48,"turns":5},{"damage":54,"enemies":"Donu and Deca","floor":50,"turns":8}],"seed_played":"-4003720374722320824","potions_obtained":[{"floor":5.0,"key":"LiquidBronze"},{"floor":12.0,"key":"Block Potion"},{"floor":13.0,"key":"GamblersBrew"},{"floor":18.0,"key":"Fruit Juice"},{"floor":25.0,"key":"SkillPotion"},{"floor":30,"key":"Energy Potion"},{"floor":39,"key":"Strength Potion"},{"floor":41,"key":"Dexterity Potion"}],"is_trial":false,"path_per_floor":["M","$","?","M","M","R","E","T","T","E","R","M","M","E","R","B",null,"M","M","?","$","?","E","R","E","T","?","R","?","?","E","R","B",null,"M","?","?","$","M","R","E","?","T","M","R","?","$","M","R","B",null],"character_chosen":"DEFECT","items_purchased":["PrismaticShard","Loop","Runic Capacitor","Ginger","Sweeping Beam","Defragment","Compile Driver","PowerPotion"],"campfire_rested":1,"item_purchase_floors":[2,2,21,21,21,38,38,47],"current_hp_per_floor":[68,68,68,68,65,65,33,33,33,28,28,28,28,15,37,18,61,49,57,57,57,55,34,34,23,23,23,23,23,8,38,38,11,63,61,61,61,76,36,36,41,41,41,38,38,38,53,52,52,26],"gold":40,"neow_bonus":"HUNDRED_GOLD","is_daily":false,"chose_seed":false,"campfire_upgraded":4,"win_rate":0.0,"timestamp":1612804601,"path_taken":["M","$","?","M","?","R","E","?","T","E","R","M","M","E","R","BOSS","M","M","?","$","?","E","R","E","T","?","R","?","?","E","R","BOSS","M","?","?","$","M","R","E","?","T","M","R","?","$","M","R","BOSS"],"items_purchased_type":["Relic","Card","Relic","Relic","Card","Card","Card","Potion"],"build_version":"2020-12-22","purchased_purges":3,"victory":true,"max_hp_per_floor":[75,75,75,75,75,75,75,75,75,75,75,75,75,75,75,75,75,75,80,80,80,80,80,80,80,80,80,80,80,80,80,80,80,80,80,80,80,80,80,80,80,80,80,80,80,80,80,80,80,80],"card_choices":[{"not_picked":["Steam","Go for the Eyes"],"picked":"FTL","floor":1.0},{"not_picked":["Evaluate","Coolheaded","Pray"],"picked":"SKIP","floor":4.0},{"not_picked":["Backflip","Cloak And Dagger"],"picked":"Thunderclap","floor":5.0},{"not_picked":["Chill","Ghostly Armor"],"picked":"Twin Strike","floor":7.0},{"not_picked":["Noxious Fumes","Twin Strike"],"picked":"PiercingWail","floor":10.0},{"not_picked":["Double Energy","Berserk"],"picked":"Dark Shackles","floor":12.0},{"not_picked":["True Grit","All Out Attack"],"picked":"Static Discharge","floor":13.0},{"not_picked":["Burning Pact","Wild Strike","FollowUp"],"picked":"SKIP","floor":14.0},{"not_picked":["Demon Form","Transmutation"],"picked":"Wraith Form v2","floor":16.0},{"not_picked":["Sanctity","Deflect"],"picked":"Hologram+1","floor":18.0},{"not_picked":["Calculated Gamble","BowlingBash","Dagger Spray"],"picked":"SKIP","floor":19.0},{"not_picked":["Beam Cell","Rip and Tear"],"picked":"True Grit+1","floor":22.0},{"not_picked":["Enlightenment","Conserve Battery","Tactician+1"],"picked":"SKIP","floor":23.0},{"not_picked":["Anger","Beam Cell","Double Energy"],"picked":"SKIP","floor":25.0},{"not_picked":["TalkToTheHand","Finisher+1"],"picked":"Acrobatics","floor":30},{"not_picked":["CarveReality+1","TalkToTheHand"],"picked":"Tantrum","floor":31},{"not_picked":["Corruption","Grand Finale"],"picked":"Immolate","floor":33},{"not_picked":["JustLucky+1","EmptyFist+1","Bloodletting+1"],"picked":"SKIP","floor":35},{"not_picked":["FlurryOfBlows","Perfected Strike"],"picked":"Sanctity+1","floor":39},{"not_picked":["Immolate+1","Beam Cell+1"],"picked":"Reboot","floor":41},{"not_picked":["Rebound+1","Double Energy+1"],"picked":"Cold Snap+1","floor":44},{"not_picked":["Tempest","Go for the Eyes+1"],"picked":"Compile Driver+1","floor":46},{"not_picked":["Doom and Gloom+1","Gash+1"],"picked":"Sweeping Beam+1","floor":48}],"player_experience":2269468,"relics_obtained":[{"floor":7.0,"key":"Turnip"},{"floor":8.0,"key":"Cables"},{"floor":9.0,"key":"Toy Ornithopter"},{"floor":10.0,"key":"Juzu Bracelet"},{"floor":14.0,"key":"HornCleat"},{"floor":22.0,"key":"Red Mask"},{"floor":23.0,"key":"Lizard Tail"},{"floor":25.0,"key":"MealTicket"},{"floor":26.0,"key":"Peace Pipe"},{"floor":30,"key":"StoneCalendar"},{"floor":30,"key":"Blue Candle"},{"floor":31,"key":"StrikeDummy"},{"floor":41,"key":"Molten Egg 2"},{"floor":43,"key":"Pantograph"},{"floor":46,"key":"Calipers"}],"event_choices":[{"damage_healed":0.0,"max_hp_gain":0.0,"max_hp_loss":0.0,"gold_gain":0.0,"event_name":"Match and Keep!","player_choice":"1 cards matched","floor":3.0,"gold_loss":0.0,"damage_taken":0.0,"cards_obtained":["Dramatic Entrance"]},{"damage_healed":0.0,"max_hp_gain":0.0,"max_hp_loss":0.0,"gold_gain":0.0,"event_name":"Match and Keep!","player_choice":"1 cards matched","floor":20.0,"gold_loss":0.0,"damage_taken":0.0,"cards_obtained":["Tempest"]},{"damage_healed":0.0,"max_hp_gain":0.0,"max_hp_loss":0.0,"gold_gain":0.0,"event_name":"Masked Bandits","player_choice":"Fought Bandits","floor":22.0,"gold_loss":0.0,"damage_taken":0.0},{"damage_healed":0.0,"max_hp_gain":0.0,"max_hp_loss":0.0,"gold_gain":0.0,"event_name":"Addict","player_choice":"Obtained Relic","floor":27.0,"gold_loss":85.0,"damage_taken":0.0,"relics_obtained":["Smiling Mask"]},{"damage_healed":0,"gold_gain":0,"player_choice":"Obtain J.A.X.","damage_taken":0,"max_hp_gain":0,"max_hp_loss":0,"event_name":"Drug Dealer","floor":29,"gold_loss":0,"cards_obtained":["J.A.X."]},{"damage_healed":0,"gold_gain":0,"player_choice":"Fight","damage_taken":0,"max_hp_gain":0,"max_hp_loss":0,"event_name":"Colosseum","floor":30,"gold_loss":0},{"damage_healed":0,"gold_gain":0,"player_choice":"Fought Nobs","damage_taken":0,"max_hp_gain":0,"max_hp_loss":0,"event_name":"Colosseum","floor":30,"gold_loss":0},{"cards_removed":["J.A.X."],"damage_healed":0,"gold_gain":0,"player_choice":"Removed Skill","damage_taken":0,"max_hp_gain":0,"max_hp_loss":0,"event_name":"Falling","floor":36,"gold_loss":0},{"damage_healed":0,"gold_gain":0,"player_choice":"Cursed","damage_taken":0,"max_hp_gain":0,"max_hp_loss":0,"event_name":"Wheel of Change","floor":37,"gold_loss":0,"cards_obtained":["Decay"]},{"damage_healed":0,"gold_gain":0,"player_choice":"Chosen: Orange","damage_taken":0,"max_hp_gain":0,"max_hp_loss":0,"event_name":"betterThird:BetterPortal","floor":42,"gold_loss":0},{"damage_healed":0,"gold_gain":0,"player_choice":"1 cards matched","damage_taken":0,"max_hp_gain":0,"max_hp_loss":0,"event_name":"Match and Keep!","floor":42,"gold_loss":0,"cards_obtained":["Core Surge"]},{"damage_healed":0,"gold_gain":0,"player_choice":"Fight","damage_taken":0,"max_hp_gain":0,"max_hp_loss":0,"event_name":"Mysterious Sphere","floor":46,"gold_loss":0}],"is_beta":false,"boss_relics":[{"not_picked":["Busted Crown","Coffee Dripper"],"picked":"Nuclear Battery"},{"not_picked":["Empty Cage","Runic Dome"],"picked":"SlaversCollar"}],"items_purged_floors":[38,38,47],"is_endless":false,"potions_floor_spawned":[5,12,13,18,25,30,30,39,41],"ascension_level":9}}