{"host":"uv5ws9rdk87e8i5k","time":1612761127,"event":{"mods":["AchievementEnabler","BaseMod","Colored Map","Minty Spire (QoL Compilation)","Permanent Neow","Quick Restart","StSLib","SuperFastMode","The Necromancer"],"gold_per_floor":[115,125,145,20,39,66,66,66,66],"floor_reached":8,"language":"ENG","playtime":189,"items_purged":["Parasite"],"score":75,"play_id":"d9ea9d18-fb35-4287-9fc3-5b8f9d6888a2","local_time":"20210207231207","is_ascension_mode":true,"campfire_choices":[],"circlet_count":0,"master_deck":["Strike_R","Strike_R","Strike_R","Strike_R+1","Strike_R+1","Defend_R","Defend_R","Defend_R","Defend_R","Bash","Limit Break","Clothesline","True Grit","Heavy Blade","True Grit"],"relics":["Burning Blood","Bag of Preparation"],"acts_visited":["Exordium"],"potions_floor_usage":[],"damage_taken":[{"damage":11.0,"enemies":"Jaw Worm","floor":1.0,"turns":4.0},{"damage":2.0,"enemies":"2 Louse","floor":2.0,"turns":3.0},{"damage":0.0,"enemies":"Small Slimes","floor":3.0,"turns":3.0},{"damage":14.0,"enemies":"3 Louse","floor":5.0,"turns":5.0},{"damage":41.0,"enemies":"3 Sentries","floor":6.0,"turns":7.0},{"damage":0,"enemies":"Lagavulin","floor":8,"turns":1}],"seed_played":"-8335823652755628263","potions_obtained":[{"floor":5.0,"key":"Strength Potion"}],"is_trial":false,"path_per_floor":["M","M","M","$","M","E","?","E"],"character_chosen":"IRONCLAD","items_purchased":["PowerPotion"],"campfire_rested":0,"item_purchase_floors":[4],"current_hp_per_floor":[67,71,77,77,69,34,19,19,19],"gold":66,"neow_bonus":"THREE_RARE_CARDS","is_daily":false,"chose_seed":false,"campfire_upgraded":0,"win_rate":0.0,"timestamp":1612761127,"path_taken":["M","M","M","$","M","E","?","E"],"items_purchased_type":["Potion"],"build_version":"2020-12-22","purchased_purges":1,"victory":false,"max_hp_per_floor":[80,80,80,77,77,77,77,77,77],"card_choices":[{"not_picked":["Corruption","Impervious"],"picked":"Limit Break","floor":0.0},{"not_picked":["Perfected Strike","Anger"],"picked":"Clothesline","floor":1.0},{"not_picked":["Thunderclap","Armaments","Dark Embrace"],"picked":"SKIP","floor":2.0},{"not_picked":["Body Slam","Heavy Blade"],"picked":"True Grit","floor":3.0},{"not_picked":["Twin Strike","Body Slam"],"picked":"Heavy Blade","floor":5.0},{"not_picked":["Wild Strike","Shrug It Off"],"picked":"True Grit","floor":6.0}],"player_experience":249476,"relics_obtained":[{"floor":6.0,"key":"Bag of Preparation"}],"event_choices":[{"damage_healed":0.0,"max_hp_gain":0.0,"max_hp_loss":0.0,"gold_gain":0.0,"event_name":"Shining Light","player_choice":"Entered Light","floor":7.0,"gold_loss":0.0,"damage_taken":15.0,"cards_upgraded":["Strike_R","Strike_R"]}],"is_beta":false,"boss_relics":[],"items_purged_floors":[4],"is_endless":false,"potions_floor_spawned":[5],"killed_by":"Lagavulin","ascension_level":6}}