{"host":"tetq3wi5anb97imq","time":1612826318,"event":{"mods":["BaseMod","Block Reminder","Minty Spire (QoL Compilation)","Quick Restart","StSLib","SuperFastMode"],"gold_per_floor":[125,156,168,230,242,287,310,322,358,370,412,424,462,474,474],"floor_reached":14,"language":"ENG","playtime":260,"items_purged":[],"score":212,"play_id":"d3d1aaa9-6094-4559-9026-fb896080b357","local_time":"20210208211838","is_ascension_mode":true,"campfire_choices":[{"floor":8.0,"key":"REST"},{"data":"All Out Attack","floor":10.0,"key":"SMITH"},{"data":"Crippling Poison","floor":12,"key":"SMITH"}],"circlet_count":0,"master_deck":["AscendersBane","Strike_G","Strike_G","Strike_G","Strike_G","Strike_G","Defend_G","Defend_G","Defend_G","Defend_G","Defend_G","Survivor","Neutralize","Dagger Throw","Predator+1","Regret","All Out Attack+1","Bane","Crippling Poison+1"],"relics":["Ring of the Snake","MawBank","Vajra","Calipers","Happy Flower","WingedGreaves","Peace Pipe"],"acts_visited":["Exordium"],"potions_floor_usage":[11],"damage_taken":[{"damage":0.0,"enemies":"Jaw Worm","floor":1.0,"turns":5.0},{"damage":7.0,"enemies":"Small Slimes","floor":2.0,"turns":5.0},{"damage":33.0,"enemies":"3 Sentries","floor":6.0,"turns":10.0},{"damage":7.0,"enemies":"2 Louse","floor":7.0,"turns":3.0},{"damage":3,"enemies":"Gremlin Nob","floor":11,"turns":3},{"damage":12,"enemies":"3 Sentries","floor":13,"turns":4},{"damage":15,"enemies":"Lagavulin","floor":14,"turns":3}],"seed_played":"7721267477194844768","potions_obtained":[{"floor":7.0,"key":"Strength Potion"}],"is_trial":false,"path_per_floor":["M","M","?","?","?","E","M","R","T","R","E","R","E","E"],"character_chosen":"THE_SILENT","items_purchased":[],"campfire_rested":1,"item_purchase_floors":[],"current_hp_per_floor":[59,52,52,52,52,19,12,31,31,31,28,28,16,1,1],"gold":474,"neow_bonus":"RANDOM_COMMON_RELIC","is_daily":false,"chose_seed":false,"campfire_upgraded":2,"win_rate":0.0,"timestamp":1612826318,"path_taken":["M","M","?","?","?","E","?","R","T","R","E","R","E","E"],"items_purchased_type":[],"build_version":"2020-12-22","purchased_purges":0,"victory":false,"max_hp_per_floor":[66,66,66,66,66,66,66,66,66,66,66,66,66,66,66],"card_choices":[{"not_picked":["Deflect","Underhanded Strike"],"picked":"Dagger Throw","floor":1.0},{"not_picked":["Sucker Punch","Flying Knee"],"picked":"Predator","floor":2.0},{"not_picked":["Flying Knee","Dagger Throw"],"picked":"All Out Attack","floor":6.0},{"not_picked":["PiercingWail","Deadly Poison"],"picked":"Bane","floor":7.0},{"not_picked":["Corpse Explosion","Setup"],"picked":"Crippling Poison","floor":11},{"not_picked":["Deadly Poison","Prepared","Phantasmal Killer"],"picked":"SKIP","floor":13}],"player_experience":1654064,"relics_obtained":[{"floor":6.0,"key":"Calipers"},{"floor":9.0,"key":"Happy Flower"},{"floor":11,"key":"WingedGreaves"},{"floor":13,"key":"Peace Pipe"}],"event_choices":[{"damage_healed":0.0,"max_hp_gain":0.0,"max_hp_loss":0.0,"gold_gain":0.0,"event_name":"Living Wall","player_choice":"Grow","floor":3.0,"gold_loss":0.0,"damage_taken":0.0,"cards_upgraded":["Predator"]},{"damage_healed":0.0,"max_hp_gain":0.0,"max_hp_loss":0.0,"gold_gain":50.0,"event_name":"Golden Wing","player_choice":"Gained Gold","floor":4.0,"gold_loss":0.0,"damage_taken":0.0},{"damage_healed":0.0,"max_hp_gain":0.0,"max_hp_loss":0.0,"gold_gain":0.0,"event_name":"Big Fish","player_choice":"Box","floor":5.0,"gold_loss":0.0,"damage_taken":0.0,"relics_obtained":["Vajra"],"cards_obtained":["Regret"]}],"is_beta":false,"boss_relics":[],"items_purged_floors":[],"is_endless":false,"potions_floor_spawned":[7],"killed_by":"Lagavulin","ascension_level":20}}