{"host":"jj9a765e6yps8t8b","time":1612784377,"event":{"mods":["BaseMod","Minty Spire (QoL Compilation)","StSLib","The Cursed"],"gold_per_floor":[110,126,201,211,226,253,428,76,131,131,163,60,60,60,60,161,161,177,206,53,23,37,50,50,84,110,126,126,180,37,50,50,151,201,220,232,64,64,64],"floor_reached":38,"language":"ZHS","playtime":2939,"items_purged":["TheCursedMod:Defend_TheCursed"],"score":427,"play_id":"e4a1a3ef-6381-4769-b202-597af9e3d2d3","local_time":"20210208193937","is_ascension_mode":false,"campfire_choices":[{"data":"TheCursedMod:ReleasedKnowledge","floor":10.0,"key":"SMITH"},{"floor":15.0,"key":"REST"},{"floor":24.0,"key":"REST"},{"floor":28.0,"key":"REST"},{"floor":32.0,"key":"REST"}],"circlet_count":0,"master_deck":["TheCursedMod:Strike_TheCursed","TheCursedMod:Strike_TheCursed","TheCursedMod:Strike_TheCursed","TheCursedMod:Strike_TheCursed","TheCursedMod:Defend_TheCursed","TheCursedMod:Defend_TheCursed","TheCursedMod:Defend_TheCursed","TheCursedMod:CursedWand","TheCursedMod:CleanUpWorkshop","TheCursedMod:Dregs","TheCursedMod:CursedAmulet","TheCursedMod:CursedBoomerang+1","TheCursedMod:SmokeScreen","TheCursedMod:Hemoplague","TheCursedMod:BlessingInDisguise","Doubt","TheCursedMod:ReleasedKnowledge+1","TheCursedMod:HellsGateOpen","TheCursedMod:BlessingInDisguise","TheCursedMod:SpitefulPlan","Parasite","TheCursedMod:VoidForm","TheCursedMod:SurpriseAttack","TheCursedMod:SurpriseAttack","TheCursedMod:SpitefulStrike","TheCursedMod:AshesToAshes+1","Enlightenment","TheCursedMod:FleshFromBone","TheCursedMod:SpitefulStrike","TheCursedMod:AntiAging","TheCursedMod:Obscuration","TheCursedMod:HellfireBreathing","TheCursedMod:SurpriseAttack","TheCursedMod:SpitefulStrike"],"relics":["TheCursedMod:BlackMagic101","Letter Opener","Darkstone Periapt","Boot","Bag of Preparation","Fusion Hammer","Red Mask","Lantern","Kunai","Ancient Tea Set","Tiny House","Centennial Puzzle"],"acts_visited":["Exordium","TheCity","TheBeyond"],"potions_floor_usage":[38,38],"damage_taken":[{"damage":0.0,"enemies":"Cultist","floor":1.0,"turns":4.0},{"damage":7.0,"enemies":"2 Louse","floor":2.0,"turns":3.0},{"damage":9.0,"enemies":"Jaw Worm","floor":4.0,"turns":5.0},{"damage":10.0,"enemies":"Exordium Wildlife","floor":5.0,"turns":5.0},{"damage":18.0,"enemies":"3 Sentries","floor":6.0,"turns":9.0},{"damage":46.0,"enemies":"Gremlin Nob","floor":11.0,"turns":5.0},{"damage":53.0,"enemies":"Slime Boss","floor":16.0,"turns":14.0},{"damage":21.0,"enemies":"2 Thieves","floor":18.0,"turns":4.0},{"damage":40.0,"enemies":"Masked Bandits","floor":19.0,"turns":5.0},{"damage":2.0,"enemies":"Spheric Guardian","floor":22.0,"turns":4.0},{"damage":0.0,"enemies":"Snake Plant","floor":23.0,"turns":4.0},{"damage":9.0,"enemies":"Book of Stabbing","floor":25.0,"turns":5.0},{"damage":2.0,"enemies":"Shelled Parasite and Fungi","floor":27.0,"turns":5.0},{"damage":21.0,"enemies":"Cultist and Chosen","floor":31.0,"turns":7.0},{"damage":28.0,"enemies":"Champ","floor":33.0,"turns":8.0},{"damage":22.0,"enemies":"Orb Walker","floor":35.0,"turns":5.0},{"damage":71.0,"enemies":"3 Shapes","floor":36.0,"turns":3.0},{"damage":9,"enemies":"3 Darklings","floor":38,"turns":3}],"seed_played":"-2795153536205794770","potions_obtained":[{"floor":4.0,"key":"Strength Potion"},{"floor":6.0,"key":"FairyPotion"},{"floor":11.0,"key":"Energy Potion"},{"floor":19.0,"key":"CultistPotion"},{"floor":21.0,"key":"PowerPotion"},{"floor":21.0,"key":"Regen Potion"},{"floor":27.0,"key":"SmokeBomb"},{"floor":31.0,"key":"LiquidMemories"},{"floor":33.0,"key":"TheCursedMod:DregsPotion"},{"floor":34.0,"key":"Fruit Juice"},{"floor":35.0,"key":"CultistPotion"}],"is_trial":false,"path_per_floor":["M","M","?","M","M","E","?","$","T","R","E","$","?","$","R","B",null,"M","?","$","?","M","M","R","E","T","M","R","T","$","M","R","B",null,"M","M","$","M"],"character_chosen":"THE_CURSED","items_purchased":["TheCursedMod:ReleasedKnowledge","Darkstone Periapt","TheCursedMod:BlessingInDisguise","TheCursedMod:SpitefulPlan","Lantern","Enlightenment","TheCursedMod:FleshFromBone","TheCursedMod:SpitefulStrike","Centennial Puzzle"],"campfire_rested":4,"item_purchase_floors":[8,8,12,12,20,30,30,37,37],"current_hp_per_floor":[82,75,64,55,45,27,27,27,27,27,16,16,42,42,68,15,88,67,27,27,27,25,37,63,54,54,52,78,78,78,57,83,55,98,78,9,9,0,0],"gold":64,"neow_bonus":"TEN_PERCENT_HP_BONUS","is_daily":false,"chose_seed":false,"campfire_upgraded":1,"win_rate":0.0,"timestamp":1612784377,"path_taken":["M","?","?","M","M","E","?","$","T","R","E","?","?","?","R","BOSS","M","?","$","?","?","M","R","E","T","M","R","?","$","M","R","BOSS","M","M","$","M"],"items_purchased_type":["Card","Relic","Card","Card","Relic","Card","Card","Card","Relic"],"build_version":"2020-12-22","purchased_purges":1,"victory":false,"max_hp_per_floor":[82,82,82,82,82,82,82,82,82,82,82,82,88,88,88,88,88,88,88,88,88,88,88,88,88,88,88,88,88,88,88,88,88,98,100,102,102,102,102],"card_choices":[{"not_picked":["TheCursedMod:CircleOfWindfury","TheCursedMod:SaltUponWound"],"picked":"TheCursedMod:CursedAmulet","floor":1.0},{"not_picked":["TheCursedMod:CircleOfFlame","TheCursedMod:CursedMace"],"picked":"TheCursedMod:CursedBoomerang","floor":2.0},{"not_picked":["TheCursedMod:Stretching","TheCursedMod:RapidMovement"],"picked":"TheCursedMod:SmokeScreen","floor":4.0},{"not_picked":["TheCursedMod:Stretching","TheCursedMod:Wield"],"picked":"TheCursedMod:Hemoplague","floor":5.0},{"not_picked":["TheCursedMod:SpitefulPlan","TheCursedMod:Stretching"],"picked":"TheCursedMod:BlessingInDisguise","floor":6.0},{"not_picked":["TheCursedMod:PrepareRite","TheCursedMod:CursedAmulet"],"picked":"TheCursedMod:HellsGateOpen","floor":11.0},{"not_picked":["TheCursedMod:CollectTribute","TheCursedMod:UltimatePain"],"picked":"TheCursedMod:VoidForm","floor":16.0},{"not_picked":["TheCursedMod:Stretching","TheCursedMod:PrepareRite"],"picked":"TheCursedMod:SurpriseAttack","floor":18.0},{"not_picked":["TheCursedMod:RavingStaff","TheCursedMod:ReleasedKnowledge+1"],"picked":"TheCursedMod:SurpriseAttack","floor":22.0},{"not_picked":["TheCursedMod:CursedBoomerang+1","TheCursedMod:CircleOfFlame+1"],"picked":"TheCursedMod:SpitefulStrike","floor":23.0},{"not_picked":["TheCursedMod:OutForBlood","TheCursedMod:BlessingInDisguise","TheCursedMod:CursedMace"],"picked":"SKIP","floor":25.0},{"not_picked":["TheCursedMod:SaltUponWound","TheCursedMod:Wield"],"picked":"TheCursedMod:AshesToAshes+1","floor":27.0},{"not_picked":["TheCursedMod:AshesToAshes","TheCursedMod:CircleOfCorruption"],"picked":"TheCursedMod:SpitefulStrike","floor":31.0},{"not_picked":["TheCursedMod:ManaCirculation","TheCursedMod:CollectTribute"],"picked":"TheCursedMod:AntiAging","floor":33.0},{"not_picked":["TheCursedMod:Wield+1","TheCursedMod:RavingStaff"],"picked":"TheCursedMod:Obscuration","floor":34.0},{"not_picked":["TheCursedMod:SpitefulPlan+1","TheCursedMod:RavingStaff"],"picked":"TheCursedMod:HellfireBreathing","floor":35.0},{"not_picked":["TheCursedMod:CursedMace","TheCursedMod:DemonicPact"],"picked":"TheCursedMod:SurpriseAttack","floor":36.0}],"player_experience":151876,"relics_obtained":[{"floor":6.0,"key":"Letter Opener"},{"floor":9.0,"key":"Boot"},{"floor":11.0,"key":"Bag of Preparation"},{"floor":19.0,"key":"Red Mask"},{"floor":25.0,"key":"Kunai"},{"floor":26.0,"key":"Ancient Tea Set"}],"event_choices":[{"damage_healed":0.0,"max_hp_gain":0.0,"max_hp_loss":0.0,"gold_gain":75.0,"event_name":"World of Goop","player_choice":"Gather Gold","floor":3.0,"gold_loss":0.0,"damage_taken":11.0},{"damage_healed":0.0,"max_hp_gain":0.0,"max_hp_loss":0.0,"gold_gain":175.0,"event_name":"Liars Game","player_choice":"AGREE","floor":7.0,"gold_loss":0.0,"damage_taken":0.0,"cards_obtained":["Doubt"]},{"damage_healed":20.0,"max_hp_gain":0.0,"max_hp_loss":0.0,"gold_gain":0.0,"event_name":"Mushrooms","player_choice":"Healed and dodged fight","floor":13.0,"gold_loss":0.0,"damage_taken":0.0,"cards_obtained":["Parasite"]},{"damage_healed":0.0,"max_hp_gain":0.0,"max_hp_loss":0.0,"gold_gain":0.0,"event_name":"Masked Bandits","player_choice":"Fought Bandits","floor":19.0,"gold_loss":0.0,"damage_taken":0.0},{"damage_healed":0.0,"max_hp_gain":0.0,"max_hp_loss":0.0,"gold_gain":0.0,"event_name":"The Woman in Blue","player_choice":"Bought 2 Potions","floor":21.0,"gold_loss":0.0,"damage_taken":0.0}],"is_beta":false,"boss_relics":[{"not_picked":["Snecko Eye","SacredBark"],"picked":"Fusion Hammer"},{"not_picked":["TheCursedMod:FourLeafCloverCharm","Velvet Choker"],"picked":"Tiny House"}],"items_purged_floors":[8],"is_endless":false,"potions_floor_spawned":[4,6,11,19,27,31,33,35],"killed_by":"3 Darklings","ascension_level":0}}