{"host":"6h0diz2ap0m56grs","time":1612769735,"event":{"mods":["2.2 Compatiblity","BaseMod","Colored Map","Marisa????????","Minty Spire (QoL Compilation)","Quick Restart","Replay The Spire","Shop Mod","StSLib","The Servant 0.9.4"],"gold_per_floor":[112,127,22,36,111,145,173,201,201,201,226,281,314,329,329,427,427,439,364,413,442,442,475,475,508,561,561,590,590,616,642,642,744,744,761,476,491,59,59,59,59,59,106,150,181,225,237,282,294,306],"floor_reached":51,"language":"ENG","playtime":1538,"items_purged":["Replay:Poison Smokescreen"],"score":1503,"play_id":"9d780cf0-4ce2-4726-b422-3cf2619b1ded","local_time":"20210208013535","daily_mods":["SealedDeck","Heirloom","Time Dilation","Flight"],"is_ascension_mode":true,"campfire_choices":[{"data":"Replay:Poison Smokescreen","floor":10,"key":"SMITH"},{"data":"Draining Mist","floor":15,"key":"SMITH"},{"data":"Catalyst","floor":24,"key":"SMITH"},{"data":"Footwork","floor":27,"key":"SMITH"},{"data":"Noxious Fumes","floor":29,"key":"SMITH"},{"data":"Malaise","floor":32,"key":"SMITH"},{"data":"ReplayUltimateDefense","floor":40,"key":"SMITH"},{"data":"Footwork","floor":41,"key":"SMITH"},{"data":"Specialist","floor":42,"key":"SMITH"},{"data":"Replay:Poison Smokescreen","floor":47,"key":"SMITH"},{"data":"Bouncing Flask","floor":49,"key":"SMITH"}],"circlet_count":0,"master_deck":["Dagger Spray","Backflip","Backflip","Blur","Predator","Catalyst+1","Catalyst+1","Replay:Poison Smokescreen+1","Dash","Dagger Throw","Sucker Punch","Dagger Spray","Footwork+1","Replay:Poison Smokescreen+1","ReplayTheSpireMod:Necrosis","Draining Mist+1","Noxious Fumes+1","Fluid Movement","Bouncing Flask+1","Malaise+1","Footwork+1","Draining Mist+1","ReplayUltimateDefense+1","Specialist+1","Replay:Poison Smokescreen+1","Noxious Fumes+1","Predator"],"relics":["Snecko Eye","Ring of Chaos","replay:Trail_Library","Replay:Kaleidoscope","HornCleat","ReplayTheSpireMod:TigerMarble","Happy Flower","Coffee Dripper","Sozu","SlaversCollar","MerchantsRug","Snake Skull","ReplayFunnel","Nunchaku","Replay:Bronze Core","TwistedFunnel","Divine Protection","Replay:Bottled Steam","MawBank","Blood Vial","Turnip","Thread and Needle"],"acts_visited":["Exordium","TheCity","TheBeyond"],"potions_floor_usage":[50,50,50],"damage_taken":[{"damage":5,"enemies":"Jaw Worm","floor":1,"turns":2},{"damage":0,"enemies":"Cultist","floor":2,"turns":2},{"damage":0,"enemies":"Small Slimes","floor":4,"turns":2},{"damage":0,"enemies":"3 Sentries","floor":6,"turns":4},{"damage":0,"enemies":"Gremlin Nob","floor":7,"turns":3},{"damage":0,"enemies":"3 Sentries","floor":8,"turns":3},{"damage":0,"enemies":"Gremlin Nob","floor":11,"turns":2},{"damage":0,"enemies":"Lagavulin","floor":13,"turns":4},{"damage":0,"enemies":"Exordium Wildlife","floor":14,"turns":2},{"damage":0,"enemies":"Hexaghost","floor":16,"turns":5},{"damage":0,"enemies":"Chosen","floor":18,"turns":2},{"damage":0,"enemies":"Slavers","floor":23,"turns":3},{"damage":0,"enemies":"Gremlin Leader","floor":25,"turns":4},{"damage":2,"enemies":"Slavers","floor":28,"turns":2},{"damage":0,"enemies":"Book of Stabbing","floor":30,"turns":3},{"damage":0,"enemies":"Slavers","floor":31,"turns":2},{"damage":0,"enemies":"Automaton","floor":33,"turns":4},{"damage":0,"enemies":"3 Darklings","floor":35,"turns":2},{"damage":0,"enemies":"Orb Walker","floor":37,"turns":2},{"damage":0,"enemies":"R_Hoarder","floor":44,"turns":4},{"damage":0,"enemies":"4 Shapes","floor":45,"turns":2},{"damage":0,"enemies":"Reptomancer","floor":46,"turns":4},{"damage":0,"enemies":"Nemesis","floor":48,"turns":5},{"damage":0,"enemies":"Donu and Deca","floor":50,"turns":5}],"seed_played":"6399833756301723705","potions_obtained":[{"floor":4,"key":"FearPotion"},{"floor":7,"key":"FairyPotion"},{"floor":11,"key":"Venom Potion"},{"floor":13,"key":"Swift Potion"},{"floor":16,"key":"Dexterity Potion"}],"is_trial":true,"path_per_floor":["M","M","?","M","?","E","E","E","T","R","E","T","E","M","R","B",null,"M","?","T","$","?","E","R","E","T","R","E","R","E","E","R","B",null,"M","$","M","$","?","R","R","R","T","E","M","E","R","E","R","B",null],"character_chosen":"THE_SILENT","items_purchased":["MerchantsRug","Noxious Fumes","TwistedFunnel","Divine Protection","Footwork","Draining Mist+1","ReplayUltimateDefense","Replay:Bottled Steam"],"campfire_rested":0,"item_purchase_floors":[21,21,36,36,38,38,38,38],"current_hp_per_floor":[65,65,65,65,54,54,54,54,54,54,64,64,64,64,64,64,80,80,80,80,80,65,65,74,74,74,83,81,85,85,85,85,85,85,85,85,85,85,85,85,85,85,85,85,85,85,85,85,85,85],"gold":318,"neow_bonus":"","is_daily":false,"chose_seed":false,"campfire_upgraded":11,"win_rate":0.0,"timestamp":1612769735,"path_taken":["M","M","?","?","?","E","E","E","T","R","E","?","E","M","R","BOSS","M","?","?","?","?","E","R","E","T","R","E","R","E","E","R","BOSS","M","$","M","$","?","R","R","R","T","E","M","E","R","E","R","BOSS"],"items_purchased_type":["Relic","Card","Relic","Relic","Card","Card","Card","Relic"],"build_version":"2020-12-22","purchased_purges":1,"victory":true,"max_hp_per_floor":[70,70,70,70,70,70,70,70,70,70,80,80,80,80,80,80,80,80,80,80,80,85,85,85,85,85,85,85,85,85,85,85,85,85,85,85,85,85,85,85,85,85,85,85,85,85,85,85,85,85],"card_choices":[{"not_picked":["Escape Plan","Caltrops"],"picked":"Dagger Throw","floor":1},{"not_picked":["Quick Slash","Dodge and Roll","Flechettes"],"picked":"SKIP","floor":2},{"not_picked":["Cloak And Dagger","Dodge and Roll"],"picked":"Sucker Punch","floor":4},{"not_picked":["Acrobatics","Flying Knee"],"picked":"Dagger Spray","floor":6},{"not_picked":["Heel Hook","Dash","Hidden Blade"],"picked":"SKIP","floor":7},{"not_picked":["Dodge and Roll","Underhanded Strike"],"picked":"Footwork","floor":8},{"not_picked":["Dodge and Roll","Acrobatics"],"picked":"ReplayTheSpireMod:Necrosis","floor":11},{"not_picked":["Dagger Spray","Prepared","Caltrops"],"picked":"SKIP","floor":13},{"not_picked":["Reflex","Dagger Spray","Blur"],"picked":"SKIP","floor":14},{"not_picked":["Poisoned Stab","Blade Dance","Blur+1"],"picked":"SKIP","floor":18},{"not_picked":["Sucker Punch","Riddle With Holes"],"picked":"Fluid Movement","floor":23},{"not_picked":["Quick Slash","ReplayTheSpireMod:Tripwire","ReplayTheSpireMod:Necrosis"],"picked":"SKIP","floor":25},{"not_picked":["Prepared","Distraction","Deflect"],"picked":"SKIP","floor":28},{"not_picked":["ReplayTheSpireMod:Necrosis","Backstab","Dagger Throw+1"],"picked":"SKIP","floor":30},{"not_picked":["Reflex","PiercingWail"],"picked":"Malaise","floor":31},{"not_picked":["Concentrate+1","Well Laid Plans+1","Deadly Poison"],"picked":"SKIP","floor":35},{"not_picked":["Backstab+1","Dagger Throw","Cloak And Dagger"],"picked":"SKIP","floor":37},{"not_picked":["Dash+1","Reflex+1"],"picked":"Replay:Poison Smokescreen","floor":44},{"not_picked":["Backflip","Well Laid Plans+1","Poisoned Stab+1"],"picked":"SKIP","floor":45},{"not_picked":["Poisoned Stab","Expertise"],"picked":"Noxious Fumes+1","floor":46},{"not_picked":["Cloak And Dagger","Outmaneuver","Slice+1"],"picked":"SKIP","floor":48}],"player_experience":240263,"relics_obtained":[{"floor":6,"key":"Replay:Baseball"},{"floor":7,"key":"Replay:PocketPolymizer"},{"floor":8,"key":"War Paint"},{"floor":9,"key":"Chameleon Ring"},{"floor":11,"key":"Pear"},{"floor":12,"key":"ReplayTheSpireMod:TigerMarble"},{"floor":13,"key":"Happy Flower"},{"floor":20,"key":"Boot"},{"floor":23,"key":"Eternal Feather"},{"floor":25,"key":"Snake Skull"},{"floor":26,"key":"MealTicket"},{"floor":28,"key":"ReplayFunnel"},{"floor":30,"key":"Nunchaku"},{"floor":31,"key":"ReplayTheSpireMod:Ninjato"},{"floor":43,"key":"MawBank"},{"floor":44,"key":"Blood Vial"},{"floor":46,"key":"Turnip"},{"floor":48,"key":"Thread and Needle"}],"event_choices":[{"damage_healed":0,"gold_gain":0,"player_choice":"Paid Gold","damage_taken":0,"relics_obtained":["HornCleat"],"max_hp_gain":0,"max_hp_loss":0,"event_name":"WeMeetAgain","floor":3,"gold_loss":105},{"damage_healed":0,"gold_gain":75,"player_choice":"Gather Gold","damage_taken":11,"max_hp_gain":0,"max_hp_loss":0,"event_name":"World of Goop","floor":5,"gold_loss":0},{"cards_removed":["Skewer"],"damage_healed":0,"gold_gain":0,"player_choice":"Gave Gold","damage_taken":0,"max_hp_gain":0,"max_hp_loss":0,"event_name":"Beggar","floor":19,"gold_loss":75},{"damage_healed":0,"gold_gain":0,"player_choice":"Shed Blood","damage_taken":20,"max_hp_gain":5,"max_hp_loss":0,"event_name":"Forgotten Altar","floor":22,"gold_loss":0},{"damage_healed":0,"gold_gain":0,"player_choice":"1 cards matched","damage_taken":0,"max_hp_gain":0,"max_hp_loss":0,"event_name":"Match and Keep!","floor":39,"gold_loss":0,"cards_obtained":["Specialist"]},{"damage_healed":0,"gold_gain":0,"player_choice":"1 cards matched","damage_taken":0,"max_hp_gain":0,"max_hp_loss":0,"event_name":"Match and Keep!","floor":39,"gold_loss":0,"cards_obtained":["Specialist"]}],"is_beta":false,"boss_relics":[{"not_picked":["Snecko Scales","Kintsugi"],"picked":"Replay:Grab Bag"},{"not_picked":["Velvet Choker","ReplayTheSpireMod:DimensionalGlitch"],"picked":"Coffee Dripper"},{"not_picked":["Painkiller Herb","ReplayTheSpireMod:Onyx Gauntlets"],"picked":"Sozu"},{"not_picked":["Black Star","Runic Pyramid"],"picked":"SlaversCollar"},{"not_picked":["Replay:Ancient Bell","ChewingGum"],"picked":"Replay:Bronze Core"}],"items_purged_floors":[21],"is_endless":false,"potions_floor_spawned":[4,7,11,13,14,16,18,28,35,45,46],"ascension_level":1}}