{"host":"2pluridizrp50jef","time":1612749263,"event":{"mods":["ATMod(°¢èªMod)","AchievementEnabler","Act Like it!","BaseMod","Bestiary","Better Altar","Better Match","Better Note","Better Sensory Stone","Better Skull","Better Third Choice","BetterRewards","Colored Powertips","Conspire","Curses Come First","Custom Start","Downfall","Energized Spire","Gensokyo","Hallownest","Hubris","Infinite Spire","Lobotomy","LobotomyExtend","Minty Spire (QoL Compilation)","Rare Cards Sparkle","Relic Stats","Replay The Spire","StSLib","noobMod","¡¾ÒÅÎï¿¨ÅÆ¡¿REMEMod"],"gold_per_floor":[99,139,150,150,169,169,221,232,232,251,161,186,186,231,263,386,386,286,334,380,380,414,526,552,576,576,580,580,619,519,519,519,642,642,642,673,673,700,734,734],"floor_reached":41,"language":"ZHS","playtime":2976,"items_purged":["Languid"],"score":2196,"play_id":"2a7227ef-5aa8-4504-be04-6e15fd6a75c8","local_time":"20210207175423","is_ascension_mode":false,"campfire_choices":[{"data":"AT_FamilyPortrait","floor":1,"key":"SMITH"},{"data":"sneckomod:UnknownX","floor":13,"key":"SMITH"},{"data":"sneckomod:MorePower","floor":18,"key":"SMITH"},{"data":"sneckomod:Unknown3Cost","floor":26,"key":"SMITH"},{"floor":28,"key":"RECALL"},{"data":"Creative AI","floor":30,"key":"SMITH"},{"data":"sneckomod:UnendingSupply","floor":32,"key":"SMITH"},{"data":"sneckomod:DangerNoodle","floor":35,"key":"SMITH"}],"circlet_count":0,"master_deck":["conspire:GhostlyDefend","conspire:GhostlyDefend","conspire:GhostlyDefend","sneckomod:TailWhip","sneckomod:SnekBite","sneckomod:Unknown","sneckomod:Unknown","AT_FamilyPortrait+1","Glacier","sneckomod:UnknownUncommonPower","sneckomod:UnknownCommonAttack","sneckomod:UnknownWeak","sneckomod:UnknownX+1","sneckomod:UnknownCommonAttack","sneckomod:UnknownCommonSkill","sneckomod:Unknown3Cost+1","sneckomod:UnknownX","sneckomod:MorePower+1","sneckomod:UnknownBoss+1","sneckomod:UnendingSupply+1","sneckomod:UnknownCommonAttack+1","sneckomod:UnknownClassAngela+1","sneckomod:UnknownRareSkill+1","sneckomod:UnknownRareSkill+1","sneckomod:UnknownClassAngela+1","Slimebound:GoopTackle","sneckomod:RainOfDice","sneckomod:UnknownStrike","sneckomod:Mudshield","Impatience","Creative AI+1","sneckomod:UnknownDraw+1","sneckomod:Unknown0Cost","sneckomod:UnknownExhaust+1","sneckomod:DangerNoodle+1","sneckomod:UnknownClassINFINITE_BLACK+1","sneckomod:UnknownUncommonAttack","sneckomod:UnendingSupply"],"relics":["AT_ATBox","REME_ComplimentaryCards","ice","hubris:GrandSneckoEye","LetterFromLob","infinitespire:CursedDice","Omamori","Replay:Bandana","REME_PuzzleBoxRelic","hubris:Backtick","AT_SunfireAegis","downfall:HeartBlessingGreen","Chameleon Ring","downfall:GremlinSack","AT_ChloranthyRing","Prayer Wheel","Prayer Wheel","Bag of Marbles","downfall:HeartBlessingRed","hubris:TerracottaHorce","downfall:TeleportStone"],"acts_visited":["Exordium","TheCity","TheBeyond"],"potions_floor_usage":[2,16,16,16,33],"damage_taken":[{"damage":12,"enemies":"conspire:RoseBush","floor":2,"turns":2},{"damage":0,"enemies":"Cultist","floor":3,"turns":3},{"damage":0,"enemies":"Jaw Worm","floor":5,"turns":3},{"damage":0,"enemies":"3 Louse","floor":8,"turns":5},{"damage":1,"enemies":"2 Fungi Beasts","floor":10,"turns":1},{"damage":0,"enemies":"downfall:FleeingMerchant","floor":11,"turns":4},{"damage":3,"enemies":"3 Sentries","floor":12,"turns":3},{"damage":27,"enemies":"Gremlin Nob","floor":14,"turns":5},{"damage":12,"enemies":"Large Slime","floor":15,"turns":3},{"damage":28,"enemies":"DF_ARCHETYPE_STREAMLINE","floor":16,"turns":6},{"damage":24,"enemies":"3 Byrds","floor":19,"turns":4},{"damage":17,"enemies":"conspire:FuzzyDice","floor":20,"turns":3},{"damage":6,"enemies":"Cultist and Chosen","floor":22,"turns":4},{"damage":35,"enemies":"Cultist and Chosen","floor":23,"turns":4},{"damage":19,"enemies":"Snake Plant","floor":25,"turns":4},{"damage":0,"enemies":"Shelled Parasite and Fungi","floor":27,"turns":2},{"damage":105,"enemies":"Nightmare","floor":29,"turns":6},{"damage":0,"enemies":"downfall:LadyInBlue","floor":31,"turns":1},{"damage":28,"enemies":"IC_MUSHROOM_ARCHETYPE","floor":33,"turns":4},{"damage":0,"enemies":"3 Darklings","floor":36,"turns":2},{"damage":0,"enemies":"Orb Walker","floor":38,"turns":2},{"damage":0,"enemies":"SI_POISON_ARCHETYPE","floor":39,"turns":4}],"seed_played":"-7992517529294494182","potions_obtained":[{"floor":2,"key":"Fruit Juice"},{"floor":12,"key":"Fire Potion"},{"floor":14,"key":"Strength Potion"},{"floor":15,"key":"Swift Potion"},{"floor":33,"key":"REME_GoldPotion"}],"is_trial":false,"path_per_floor":["R","M","M","?","M","?","T","M","?","M","$","E","R","E","M","B",null,"R","M","M","?","M","?","T","M","R","M","R","NM","R","?","R","B",null,"R","M","?","M","B",null,null],"character_chosen":"THE_SNECKO","items_purchased":[],"campfire_rested":0,"item_purchase_floors":[],"current_hp_per_floor":[90,83,83,83,83,83,83,84,84,83,83,80,80,53,41,18,96,96,79,62,62,56,96,96,77,77,77,77,75,75,75,75,47,98,98,98,98,98,98,98],"gold":734,"neow_bonus":"BOSS_RELIC","is_daily":false,"chose_seed":false,"campfire_upgraded":7,"win_rate":0.0,"timestamp":1612749263,"path_taken":["R","M","M","?","?","?","T","M","?","M","$","E","R","E","M","BOSS","R","M","M","?","M","?","T","M","R","M","M","NM","R","?","M","BOSS","R","M","?","M","BOSS"],"items_purchased_type":[],"build_version":"2020-12-22","purchased_purges":1,"victory":true,"max_hp_per_floor":[90,95,95,95,95,95,95,96,96,96,96,96,96,96,96,96,96,96,96,96,96,96,96,96,102,102,104,104,111,111,111,111,115,115,115,115,115,116,117,117],"relic_stats":{"counters":[22,75],"Prayer Wheel":2,"obtain_stats":[{"AT_ChloranthyRing":24,"AT_ATBox":0,"downfall:HeartBlessingRed":30,"infinitespire:CursedDice":6,"downfall:HeartBlessingGreen":18,"downfall:TeleportStone":37,"ice":0,"Omamori":7,"sneckomod:SneckoSoul":0,"hubris:TerracottaHorce":34,"Replay:Bandana":12,"hubris:Backtick":17,"Chameleon Ring":21,"downfall:GremlinSack":23,"Prayer Wheel":29,"hubris:GrandSneckoEye":0,"LetterFromLob":2,"Bag of Marbles":29,"REME_PuzzleBoxRelic":14,"AT_SunfireAegis":17,"REME_ComplimentaryCards":0},{"AT_ChloranthyRing":14,"AT_ATBox":0,"downfall:HeartBlessingRed":17,"infinitespire:CursedDice":3,"downfall:HeartBlessingGreen":10,"downfall:TeleportStone":20,"ice":0,"Omamori":3,"sneckomod:SneckoSoul":0,"hubris:TerracottaHorce":19,"Replay:Bandana":7,"hubris:Backtick":10,"Chameleon Ring":12,"downfall:GremlinSack":14,"Prayer Wheel":17,"hubris:GrandSneckoEye":0,"LetterFromLob":1,"Bag of Marbles":17,"REME_PuzzleBoxRelic":8,"AT_SunfireAegis":10,"REME_ComplimentaryCards":0},{"AT_ChloranthyRing":50,"AT_ATBox":0,"downfall:HeartBlessingRed":62,"infinitespire:CursedDice":8,"downfall:HeartBlessingGreen":35,"downfall:TeleportStone":69,"ice":0,"Omamori":8,"sneckomod:SneckoSoul":0,"hubris:TerracottaHorce":67,"Replay:Bandana":21,"hubris:Backtick":35,"Chameleon Ring":42,"downfall:GremlinSack":50,"Prayer Wheel":58,"hubris:GrandSneckoEye":0,"LetterFromLob":2,"Bag of Marbles":62,"REME_PuzzleBoxRelic":26,"AT_SunfireAegis":35,"REME_ComplimentaryCards":0}]},"card_choices":[{"not_picked":["sneckomod:ImprovisedAttack","sneckomod:TrashToTreasure"],"picked":"sneckomod:UnknownUncommonPower","floor":2},{"not_picked":["sneckomod:SlitherStrike","sneckomod:DiceBlock"],"picked":"sneckomod:UnknownCommonAttack","floor":3},{"not_picked":["sneckomod:WideSting","sneckomod:DiceBlock","sneckomod:IronFang"],"picked":"sneckomod:UnknownWeak","floor":5},{"not_picked":["sneckomod:QuickMove","sneckomod:UnknownCommonSkill"],"picked":"sneckomod:UnknownX","floor":8},{"not_picked":["sneckomod:ImprovisedAttack","sneckomod:SoulRoll","sneckomod:QuickMove"],"picked":"SKIP","floor":10},{"not_picked":["sneckomod:UnknownUncommonAttack","sneckomod:UnknownWeak"],"picked":"sneckomod:UnknownCommonAttack","floor":11},{"not_picked":["sneckomod:Restock","sneckomod:UnknownBlock"],"picked":"sneckomod:UnknownCommonSkill","floor":12},{"not_picked":["sneckomod:IronFang","sneckomod:Unknown1Cost"],"picked":"sneckomod:Unknown3Cost","floor":14},{"not_picked":["sneckomod:Unknown1Cost","sneckomod:SoulDraw"],"picked":"sneckomod:UnknownX","floor":15},{"not_picked":["sneckomod:SerpentMind","sneckomod:UnlimitedRolls"],"picked":"sneckomod:MorePower","floor":16},{"not_picked":["sneckomod:UnknownClassBLUE+1","sneckomod:UnknownUncommonSkill+1"],"picked":"sneckomod:UnknownBoss+1","floor":19},{"not_picked":["sneckomod:UnknownUncommonAttack","sneckomod:Nope"],"picked":"sneckomod:UnendingSupply","floor":19},{"not_picked":["sneckomod:SerpentIdol","sneckomod:Nope","sneckomod:ImprovisedGuard+1"],"picked":"SKIP","floor":20},{"not_picked":["sneckomod:UnknownVulnerable+1","sneckomod:Unknown1Cost+1"],"picked":"sneckomod:UnknownCommonAttack+1","floor":22},{"not_picked":["sneckomod:QuickBite","sneckomod:SoulCleanse+1"],"picked":"sneckomod:UnknownClassAngela+1","floor":22},{"not_picked":["sneckomod:UnknownRarePower+1","sneckomod:UnknownWeak+1"],"picked":"sneckomod:UnknownRareSkill+1","floor":23},{"not_picked":["sneckomod:UnknownVulnerable+1","sneckomod:Unknown0Cost+1"],"picked":"sneckomod:UnknownRareSkill+1","floor":23},{"not_picked":["sneckomod:SoulRoll","sneckomod:ImprovisedAttack"],"picked":"sneckomod:UnknownClassAngela+1","floor":23},{"not_picked":["sneckomod:RainOfDice","sneckomod:UnknownX+1","sneckomod:UnknownCommonSkill"],"picked":"SKIP","floor":25},{"not_picked":["sneckomod:UnknownCommonSkill+1","sneckomod:UnknownExhaust+1"],"picked":"sneckomod:UnknownDraw+1","floor":29},{"not_picked":["sneckomod:UnknownExhaust","sneckomod:ImprovisedGuard+1"],"picked":"sneckomod:Unknown0Cost","floor":29},{"not_picked":["sneckomod:UnknownBlock+1","sneckomod:Unknown2Cost+1"],"picked":"sneckomod:UnknownExhaust+1","floor":33},{"not_picked":["sneckomod:Restock","sneckomod:UnknownBoss"],"picked":"sneckomod:DangerNoodle","floor":33},{"not_picked":["sneckomod:RainOfDice","sneckomod:UnknownClassBLUE"],"picked":"sneckomod:UnknownClassINFINITE_BLACK+1","floor":36},{"not_picked":["sneckomod:CheapStock","sneckomod:UnknownClassAngela"],"picked":"sneckomod:UnknownUncommonAttack","floor":36},{"not_picked":["sneckomod:SnakeSap+1","sneckomod:SoulDraw","sneckomod:UnknownCommonSkill"],"picked":"SKIP","floor":36},{"not_picked":["sneckomod:UnknownExhaust","sneckomod:SoulCleanse"],"picked":"sneckomod:UnendingSupply","floor":38},{"not_picked":["sneckomod:UnknownBlock","sneckomod:UnknownClassBLUE","sneckomod:ImprovisedGuard+1"],"picked":"SKIP","floor":38},{"not_picked":["sneckomod:Nope+1","sneckomod:SerpentIdol+1","sneckomod:SnakeSap"],"picked":"SKIP","floor":38}],"player_experience":190527,"relics_obtained":[{"floor":2,"key":"LetterFromLob"},{"floor":6,"key":"infinitespire:CursedDice"},{"floor":7,"key":"Omamori"},{"floor":12,"key":"Replay:Bandana"},{"floor":14,"key":"REME_PuzzleBoxRelic"},{"floor":23,"key":"downfall:GremlinSack"},{"floor":24,"key":"AT_ChloranthyRing"},{"floor":29,"key":"Bag of Marbles"}],"event_choices":[{"damage_healed":0,"gold_gain":0,"player_choice":"Agree","damage_taken":0,"max_hp_gain":0,"max_hp_loss":0,"event_name":"conspire:LoneGhost","floor":9,"gold_loss":0}],"is_beta":false,"boss_relics":[{"not_picked":["ChewingGum","energizedSpire:SpiderWeb"],"picked":"hubris:Backtick"},{"not_picked":["AT_TrinityForce","Busted Crown"],"picked":"hubris:TerracottaHorce"}],"items_purged_floors":[11],"is_endless":false,"potions_floor_spawned":[2,12,14,15,16,19,22,27,33],"ascension_level":0}}