{"host":"rygl6lff02urotq6","time":1612828241,"event":{"mods":["AchievementEnabler","BaseMod","Bestiary","Better Altar","Better Match","Better Note","Better Sensory Stone","Better Skull","Better Third Choice","BetterRewards","Colored Map","Colored Powertips","Curses Come First","DeckTracker","Minty Spire (QoL Compilation)","Quick Restart","Spicy Shops","StSLib","SuperFastMode","The Bug Knight","Transform Curses"],"gold_per_floor":[116,129,146,157,168,212,239,280,280,280,32,32,55,130,130,240,299,319,344,344,149,177,177,198,198,249,270,291,291,241,241,241,353,353,378,378,8,8,8,45,45,45,115,115,138,166,166,166],"floor_reached":47,"language":"ENG","playtime":2319,"items_purged":[],"score":667,"play_id":"9218e03c-c8bb-4bf0-841b-6d80e09b0a6f","local_time":"20210208185041","is_ascension_mode":false,"campfire_choices":[{"floor":10,"key":"REST"},{"floor":15,"key":"RECALL"},{"floor":23,"key":"REST"},{"floor":25,"key":"REST"},{"floor":29,"key":"REST"},{"floor":32,"key":"REST"},{"floor":41,"key":"REST"},{"floor":44,"key":"REST"}],"circlet_count":0,"master_deck":["HollowMod:NailStrikeStart","HollowMod:NailStrikeStart","HollowMod:NailStrikeStart","HollowMod:NailStrikeStart","HollowMod:QuickDashStart","HollowMod:QuickDashStart","HollowMod:QuickDashStart","HollowMod:QuickDashStart","HollowMod:FocusHealStart","HollowMod:PogoStrike","Apotheosis+1","HollowMod:DashSlash","HollowMod:GoodIntentions","HollowMod:DashSlash","HollowMod:SoulShaman","HollowMod:CoiledNail","HollowMod:PureNailStrike+1","HollowMod:MantisMark","HollowMod:ShapeofUnn","HollowMod:SoulVessel","Good Instincts","HollowMod:AwokenDreamNail","HollowMod:SlysStrikes","HollowMod:MonarchWings","HollowMod:CycloneSlash","HollowMod:LifebloodCocoon+1","Panacea","HollowMod:DoubleDash","Clothesline","HollowMod:HowlingWraiths","Magnetism","Anger","Adrenaline+1","Doom and Gloom+1","HollowMod:ChannelNail","Storm","Deflect+1","Flash of Steel+1"],"relics":["HollowMod:VesselMask","CeramicFish","Akabeko","PreservedInsect","Tiny House","PrismaticShard","Smiling Mask","SacredBark","Meat on the Bone","Pantograph","InkBottle","StrikeDummy"],"acts_visited":["Exordium","TheCity","TheBeyond"],"potions_floor_usage":[16,17,22,24,33,40,40],"damage_taken":[{"damage":5,"enemies":"2 Louse","floor":1,"turns":2},{"damage":0,"enemies":"Cultist","floor":2,"turns":3},{"damage":3,"enemies":"Jaw Worm","floor":3,"turns":3},{"damage":14,"enemies":"Exordium Thugs","floor":4,"turns":5},{"damage":0,"enemies":"2 Fungi Beasts","floor":5,"turns":3},{"damage":9,"enemies":"Lagavulin","floor":6,"turns":6},{"damage":7,"enemies":"3 Louse","floor":7,"turns":4},{"damage":22,"enemies":"Gremlin Nob","floor":8,"turns":5},{"damage":6,"enemies":"Looter","floor":13,"turns":3},{"damage":44,"enemies":"The Guardian","floor":16,"turns":10},{"damage":18,"enemies":"Spheric Guardian","floor":18,"turns":4},{"damage":38,"enemies":"Shell Parasite","floor":19,"turns":7},{"damage":32,"enemies":"Shelled Parasite and Fungi","floor":22,"turns":6},{"damage":31,"enemies":"Snake Plant","floor":24,"turns":6},{"damage":11,"enemies":"Snecko","floor":27,"turns":6},{"damage":17,"enemies":"Cultist and Chosen","floor":28,"turns":6},{"damage":48,"enemies":"HollowMod:NKGrimm","floor":33,"turns":11},{"damage":31,"enemies":"Orb Walker","floor":35,"turns":5},{"damage":65,"enemies":"Reptomancer","floor":40,"turns":6},{"damage":78,"enemies":"3 Shapes","floor":45,"turns":4},{"damage":14,"enemies":"Transient","floor":46,"turns":5},{"damage":109,"enemies":"Nemesis","floor":47,"turns":6}],"seed_played":"285087574159244174","potions_obtained":[{"floor":4,"key":"Explosive Potion"},{"floor":6,"key":"AttackPotion"},{"floor":7,"key":"Fire Potion"},{"floor":8,"key":"FairyPotion"},{"floor":16,"key":"BlessingOfTheForge"},{"floor":17,"key":"Fruit Juice"},{"floor":18,"key":"LiquidMemories"},{"floor":28,"key":"AttackPotion"},{"floor":35,"key":"LiquidMemories"}],"is_trial":false,"path_per_floor":["M","M","M","M","M","E","M","E","T","R","$","?","M","?","R","B",null,"M","M","?","$","M","R","M","R","T","M","M","R","?","?","R","B",null,"M","?","$","T","?","E","R","$","T","R","M","M","E"],"character_chosen":"THE_BUGKNIGHT","items_purchased":["Apotheosis","HollowMod:DashSlash","PreservedInsect","HollowMod:SoulVessel","Good Instincts","PrismaticShard","Panacea","HollowMod:DoubleDash","Meat on the Bone","HollowMod:ChannelNail","Regen Potion"],"campfire_rested":7,"item_purchase_floors":[0,0,11,11,11,21,21,21,37,37,37],"current_hp_per_floor":[63,63,60,52,52,49,42,26,26,48,48,75,69,62,62,28,85,67,35,35,35,3,28,3,28,28,17,6,31,31,31,56,8,85,54,54,54,54,75,41,66,66,66,85,19,17,0,0],"gold":166,"neow_bonus":"","is_daily":false,"chose_seed":false,"campfire_upgraded":0,"win_rate":0.0,"timestamp":1612828241,"path_taken":["M","M","M","M","M","E","M","E","T","R","$","?","?","?","R","BOSS","M","M","?","$","M","R","M","R","T","M","M","R","?","?","R","BOSS","M","?","$","?","?","E","R","?","T","R","M","?","E"],"items_purchased_type":["Card","Card","Relic","Card","Card","Relic","Card","Card","Relic","Card","Potion"],"build_version":"2020-12-22","purchased_purges":0,"victory":false,"max_hp_per_floor":[75,75,75,75,75,75,75,75,75,75,75,75,75,75,75,75,85,85,85,85,85,85,85,85,85,85,85,85,85,85,85,85,85,85,85,85,85,85,85,85,85,85,85,85,85,85,85,85],"card_choices":[{"not_picked":["HollowMod:ChannelNail","HollowMod:MothsMistake"],"picked":"HollowMod:GoodIntentions","floor":1},{"not_picked":["HollowMod:RecoilStrike","HollowMod:Grubsong"],"picked":"HollowMod:DashSlash","floor":2},{"not_picked":["HollowMod:InfectedCysts","HollowMod:SharpenedShadows"],"picked":"HollowMod:SoulShaman","floor":3},{"not_picked":["HollowMod:ChannelNail","HollowMod:NewJinnsSoul"],"picked":"HollowMod:CoiledNail","floor":4},{"not_picked":["HollowMod:DashSlash","HollowMod:BrokenVessel"],"picked":"HollowMod:PureNailStrike","floor":5},{"not_picked":["HollowMod:CloakDash","HollowMod:InfectedAttack"],"picked":"HollowMod:MantisMark","floor":6},{"not_picked":["HollowMod:InfectionAssault","HollowMod:ShadowDash"],"picked":"HollowMod:HuntersJournal","floor":7},{"not_picked":["HollowMod:NewJinnsSoul","HollowMod:FastStrike"],"picked":"HollowMod:ShapeofUnn","floor":8},{"not_picked":["HollowMod:FallenFury","HollowMod:SoulSplash"],"picked":"HollowMod:AwokenDreamNail","floor":13},{"not_picked":["HollowMod:PureVessel","HollowMod:Weaversong"],"picked":"HollowMod:SlysStrikes","floor":16},{"not_picked":["HollowMod:NewLittleFool","HollowMod:CrystalDash"],"picked":"HollowMod:MonarchWings","floor":17},{"not_picked":["HollowMod:TaintedHusks+1","HollowMod:SharpenedNail"],"picked":"HollowMod:CycloneSlash","floor":18},{"not_picked":["HollowMod:ShapeofUnn","HollowMod:ShadowDash"],"picked":"HollowMod:LifebloodCocoon+1","floor":19},{"not_picked":["Coolheaded","Tactician"],"picked":"Clothesline","floor":22},{"not_picked":["EmptyFist","Panacea"],"picked":"HollowMod:HowlingWraiths","floor":24},{"not_picked":["ClearTheMind","Clothesline"],"picked":"Magnetism","floor":27},{"not_picked":["Evaluate","Streamline"],"picked":"Anger","floor":28},{"not_picked":["Phantasmal Killer","Violence"],"picked":"Adrenaline","floor":33},{"not_picked":["HollowMod:QuirrelsAssistance","Slice"],"picked":"Doom and Gloom+1","floor":35},{"not_picked":["HollowMod:VengefulVoid+1","Headbutt+1"],"picked":"Storm","floor":40},{"not_picked":["Prepared+1","Berserk"],"picked":"Deflect+1","floor":45},{"not_picked":["ClearTheMind+1","HollowMod:SiblingsShadow"],"picked":"Flash of Steel+1","floor":46}],"player_experience":317542,"relics_obtained":[{"floor":6,"key":"CeramicFish"},{"floor":8,"key":"Akabeko"},{"floor":26,"key":"Smiling Mask"},{"floor":38,"key":"Pantograph"},{"floor":40,"key":"InkBottle"},{"floor":43,"key":"StrikeDummy"}],"event_choices":[{"cards_removed":["HollowMod:HuntersJournal"],"damage_healed":27,"gold_gain":0,"player_choice":"Offered Uncommon","damage_taken":0,"max_hp_gain":0,"max_hp_loss":0,"event_name":"Bonfire Elementals","floor":12,"gold_loss":0},{"damage_healed":0,"gold_gain":75,"player_choice":"Touch","damage_taken":7,"max_hp_gain":0,"max_hp_loss":0,"event_name":"FaceTrader","floor":14,"gold_loss":0},{"damage_healed":0,"gold_gain":0,"player_choice":"Upgraded","damage_taken":0,"max_hp_gain":0,"max_hp_loss":0,"event_name":"Upgrade Shrine","floor":20,"gold_loss":0,"cards_upgraded":["Apotheosis"]},{"damage_healed":0,"gold_gain":0,"player_choice":"Bet on Murderer","damage_taken":0,"max_hp_gain":0,"max_hp_loss":0,"event_name":"The Joust","floor":30,"gold_loss":50},{"cards_removed":["Good Instincts"],"damage_healed":0,"gold_gain":0,"player_choice":"Give","damage_taken":0,"max_hp_gain":0,"max_hp_loss":0,"event_name":"betterNote:BetterNote","floor":31,"gold_loss":0,"cards_obtained":["Evaluate"]},{"damage_healed":0,"gold_gain":0,"player_choice":"Upgraded","damage_taken":0,"max_hp_gain":0,"max_hp_loss":0,"event_name":"Upgrade Shrine","floor":36,"gold_loss":0,"cards_upgraded":["Adrenaline"]}],"is_beta":false,"boss_relics":[{"not_picked":["Philosopher\u0027s Stone","Snecko Eye"],"picked":"Tiny House"},{"not_picked":["Velvet Choker","Pandora\u0027s Box"],"picked":"SacredBark"}],"items_purged_floors":[],"is_endless":false,"potions_floor_spawned":[4,6,7,8,16,18,19,28,35],"killed_by":"Nemesis","ascension_level":0}}