{"host":"x8sam8fprezugive","time":1612780590,"event":{"mods":["A Magickal Journey","Bard","BaseMod","Colored Powertips","Downfall","Hero for Fun","Minty Spire (QoL Compilation)","Replay The Spire","StSLib","The Necromancer"],"gold_per_floor":[99,111,124,124,38,38,61,61,61,78,111,128,128,148,162,162,162,162],"floor_reached":16,"language":"ENG","playtime":729,"items_purged":[],"score":102,"play_id":"1d20c15b-60c4-4642-a499-7d94dbfe541c","local_time":"20210208113630","is_ascension_mode":false,"campfire_choices":[{"data":"champ:Taunt","floor":1,"key":"SMITH"},{"floor":9,"key":"REST"},{"floor":13,"key":"REST"}],"circlet_count":0,"master_deck":["champ:Strike","champ:Strike","champ:Strike","champ:Defend","champ:Defend","champ:Defend+1","champ:Execute","champ:Taunt+1","champ:PerfectedStrike","champ:PerfectedStrike+1","champ:BerserkersShout","champ:GladiatorStyle","champ:DancingMaster+1","champ:HeartStrike","champ:HeavySlash","champ:RecklessLeap","champ:TornadoPunch","champ:BladeFlurry"],"relics":["champ:ChampionCrown","downfall:BrokenWingStatue","Gremlin Food","MealTicket"],"acts_visited":["Exordium"],"potions_floor_usage":[11,16],"damage_taken":[{"damage":16,"enemies":"Cultist","floor":2,"turns":3},{"damage":1,"enemies":"Jaw Worm","floor":3,"turns":3},{"damage":15,"enemies":"downfall:FleeingMerchant","floor":5,"turns":4},{"damage":29,"enemies":"Small Slimes","floor":10,"turns":4},{"damage":24,"enemies":"Gremlin Nob","floor":11,"turns":4},{"damage":8,"enemies":"Red Slaver","floor":12,"turns":3},{"damage":26,"enemies":"Exordium Thugs","floor":14,"turns":5},{"damage":35,"enemies":"2 Fungi Beasts","floor":15,"turns":3},{"damage":91,"enemies":"WA_ARCHETYPE_RETAIN","floor":16,"turns":7}],"seed_played":"-7682995057586486982","potions_obtained":[{"floor":3,"key":"Weak Potion"},{"floor":10,"key":"Weak Potion"},{"floor":11,"key":"champ:TechniquePotion"}],"is_trial":false,"path_per_floor":["R","M","M","?","$","?","T","?","R","M","E","M","R","M","M","B"],"character_chosen":"THE_CHAMP","items_purchased":["champ:GladiatorStyle"],"campfire_rested":2,"item_purchase_floors":[5],"current_hp_per_floor":[99,93,92,92,87,87,87,87,99,85,61,53,82,66,56,0,0,0],"gold":162,"neow_bonus":"TEN_PERCENT_HP_BONUS","is_daily":false,"chose_seed":false,"campfire_upgraded":1,"win_rate":0.0,"timestamp":1612780590,"path_taken":["R","M","?","?","$","?","T","?","R","M","E","M","R","M","M","BOSS"],"items_purchased_type":["Card"],"build_version":"2020-12-22","purchased_purges":0,"victory":false,"max_hp_per_floor":[99,99,99,99,99,99,99,99,99,99,99,99,99,99,99,99,99,99],"card_choices":[{"not_picked":["champ:FaceSlap","champ:ArenaPreparation"],"picked":"champ:PerfectedStrike","floor":2},{"not_picked":["champ:TornadoPunch","champ:StanceDance"],"picked":"champ:PerfectedStrike","floor":3},{"not_picked":["champ:CrownThrow","champ:Circumvent"],"picked":"champ:BerserkersShout","floor":5},{"not_picked":["champ:BringItOn","champ:FlashCut"],"picked":"champ:HeartStrike","floor":10},{"not_picked":["champ:FalseCounter","champ:TornadoPunch"],"picked":"champ:HeavySlash","floor":11},{"not_picked":["champ:PreemptiveStrike","champ:CrownThrow"],"picked":"champ:RecklessLeap","floor":12},{"not_picked":["champ:Endure","champ:BladeFlurry"],"picked":"champ:TornadoPunch","floor":14},{"not_picked":["champ:FancyFootwork","champ:SkillfulDodge"],"picked":"champ:BladeFlurry","floor":15}],"player_experience":240439,"relics_obtained":[{"floor":7,"key":"Gremlin Food"},{"floor":11,"key":"MealTicket"}],"event_choices":[],"is_beta":false,"boss_relics":[],"items_purged_floors":[],"is_endless":false,"potions_floor_spawned":[3,10,11],"killed_by":"WA_ARCHETYPE_RETAIN","ascension_level":0}}