{"host":"clgpak7dimivr1r3","time":1612791482,"event":{"mods":["BaseMod","Colored Map","Colored Powertips","Curses Come First","Minty Spire (QoL Compilation)","Relic Stats","Say the Spire","StSLib"],"gold_per_floor":[109,109,127,147,163,196,196,221,246,280,342,342,342,353,353,430,430,446,446,446,132,145,171,171,182,227,227,137,151,151,178,178,178,178],"floor_reached":33,"language":"ENG","playtime":1330,"items_purged":["Pain"],"score":566,"play_id":"80e9cc72-e4eb-4846-94ba-3b2e6dc3f8a1","local_time":"20210208163802","is_ascension_mode":true,"campfire_choices":[{"data":"Infernal Blade","floor":7,"key":"SMITH"},{"floor":12,"key":"REST"},{"data":"Feed","floor":15,"key":"SMITH"},{"data":"Shockwave","floor":24,"key":"SMITH"},{"floor":30,"key":"REST"},{"data":"Carnage","floor":32,"key":"SMITH"}],"circlet_count":0,"master_deck":["AscendersBane","Strike_R+1","Strike_R+1","Strike_R+1","Strike_R+1","Strike_R+1","Defend_R+1","Defend_R+1","Defend_R+1","Defend_R+1","Bash+1","Cleave","Headbutt","Wild Strike","Infernal Blade+1","Ghostly Armor","Flex","Feed+1","Reaper","Cleave","Shockwave+1","Carnage+1","Shrug It Off+1","Thunderclap+1"],"relics":["SlaversCollar","WarpedTongs","Bag of Preparation","Odd Mushroom","Whetstone","Happy Flower","Anchor","Velvet Choker","Ornamental Fan","Pantograph","Matryoshka","Omamori","Ancient Tea Set","Molten Egg 2"],"acts_visited":["Exordium","TheCity"],"potions_floor_usage":[16,16,22,23,33],"damage_taken":[{"damage":0,"enemies":"Small Slimes","floor":1,"turns":3},{"damage":3,"enemies":"Cultist","floor":3,"turns":3},{"damage":6,"enemies":"2 Louse","floor":4,"turns":2},{"damage":0,"enemies":"Exordium Wildlife","floor":5,"turns":2},{"damage":20,"enemies":"3 Sentries","floor":6,"turns":5},{"damage":15,"enemies":"The Mushroom Lair","floor":8,"turns":3},{"damage":22,"enemies":"Gremlin Nob","floor":10,"turns":3},{"damage":7,"enemies":"Gremlin Nob","floor":11,"turns":3},{"damage":3,"enemies":"Looter","floor":14,"turns":2},{"damage":38,"enemies":"Slime Boss","floor":16,"turns":12},{"damage":26,"enemies":"2 Thieves","floor":18,"turns":3},{"damage":29,"enemies":"3 Byrds","floor":22,"turns":6},{"damage":28,"enemies":"Book of Stabbing","floor":23,"turns":5},{"damage":21,"enemies":"Cultist and Chosen","floor":25,"turns":7},{"damage":0,"enemies":"Snake Plant","floor":29,"turns":2},{"damage":0,"enemies":"Slavers","floor":31,"turns":3},{"damage":112,"enemies":"Champ","floor":33,"turns":9}],"seed_played":"-8845952259964223795","potions_obtained":[{"floor":1,"key":"FairyPotion"},{"floor":11,"key":"ColorlessPotion"},{"floor":14,"key":"SkillPotion"},{"floor":16,"key":"Weak Potion"},{"floor":22,"key":"BloodPotion"},{"floor":25,"key":"Weak Potion"},{"floor":29,"key":"BlessingOfTheForge"}],"is_trial":false,"path_per_floor":["M","?","M","M","M","E","R","?","T","E","?","R","?","M","R","B",null,"M","?","?","$","M","E","R","M","T","?","?","M","R","E","R","B"],"character_chosen":"IRONCLAD","items_purchased":["Pantograph"],"campfire_rested":2,"item_purchase_floors":[21],"current_hp_per_floor":[68,68,65,59,59,39,39,24,24,2,20,42,67,64,64,30,67,57,57,57,57,41,30,30,25,25,25,25,26,53,75,75,0,0],"gold":178,"neow_bonus":"BOSS_RELIC","is_daily":false,"chose_seed":false,"campfire_upgraded":4,"win_rate":0.0,"timestamp":1612791482,"path_taken":["M","?","M","M","?","E","R","?","T","E","?","R","?","M","R","BOSS","M","?","?","$","M","E","R","M","T","?","?","?","R","E","R","BOSS"],"items_purchased_type":["Relic"],"build_version":"2020-12-22","purchased_purges":1,"victory":false,"max_hp_per_floor":[75,75,75,75,75,75,75,75,75,75,75,75,75,75,75,79,79,83,83,83,83,87,87,87,91,91,91,91,91,91,95,95,95,95],"relic_stats":{"Happy Flower":[17],"counters":[17,73],"Ornamental Fan":[68],"Pantograph":20,"Bag of Preparation":[24],"Whetstone":["Strike_R","Strike_R"],"obtain_stats":[{"Happy Flower":10,"Velvet Choker":17,"Bag of Preparation":6,"Omamori":26,"Whetstone":9,"Odd Mushroom":8,"Ancient Tea Set":26,"Burning Blood":0,"WarpedTongs":2,"SlaversCollar":0,"Anchor":11,"Matryoshka":23,"Ornamental Fan":20,"Pantograph":21,"Molten Egg 2":31},{"Happy Flower":7,"Velvet Choker":10,"Bag of Preparation":5,"Omamori":14,"Whetstone":6,"Odd Mushroom":6,"Ancient Tea Set":14,"Burning Blood":0,"WarpedTongs":1,"SlaversCollar":0,"Anchor":7,"Matryoshka":13,"Ornamental Fan":11,"Pantograph":11,"Molten Egg 2":16},{"Happy Flower":21,"Velvet Choker":38,"Bag of Preparation":15,"Omamori":59,"Whetstone":18,"Odd Mushroom":18,"Ancient Tea Set":59,"Burning Blood":0,"WarpedTongs":3,"SlaversCollar":0,"Anchor":21,"Matryoshka":52,"Ornamental Fan":41,"Pantograph":41,"Molten Egg 2":64}],"WarpedTongs":[65]},"card_choices":[{"not_picked":["Rage","Warcry"],"picked":"Cleave","floor":1},{"not_picked":["Perfected Strike","Havoc"],"picked":"Headbutt","floor":3},{"not_picked":["Clash","True Grit","Warcry"],"picked":"SKIP","floor":4},{"not_picked":["Havoc","Twin Strike"],"picked":"Wild Strike","floor":5},{"not_picked":["True Grit","Armaments"],"picked":"Infernal Blade","floor":6},{"not_picked":["Body Slam","Iron Wave"],"picked":"Ghostly Armor","floor":8},{"not_picked":["Hemokinesis","Burning Pact","True Grit"],"picked":"SKIP","floor":10},{"not_picked":["Body Slam","Clash"],"picked":"Flex","floor":11},{"not_picked":["Flex","Burning Pact"],"picked":"Feed","floor":14},{"not_picked":["Bludgeon","Juggernaut"],"picked":"Reaper","floor":16},{"not_picked":["Armaments","Sever Soul"],"picked":"Cleave","floor":18},{"not_picked":["Battle Trance","Burning Pact"],"picked":"Carnage","floor":22},{"not_picked":["Pommel Strike","Spot Weakness+1"],"picked":"Shrug It Off+1","floor":23},{"not_picked":["Headbutt","Power Through","Rupture+1"],"picked":"SKIP","floor":25},{"not_picked":["Perfected Strike","Cleave","Wild Strike"],"picked":"SKIP","floor":29},{"not_picked":["Twin Strike+1","Battle Trance"],"picked":"Thunderclap+1","floor":31}],"player_experience":128573,"relics_obtained":[{"floor":6,"key":"Bag of Preparation"},{"floor":8,"key":"Odd Mushroom"},{"floor":9,"key":"Whetstone"},{"floor":10,"key":"Happy Flower"},{"floor":23,"key":"Matryoshka"},{"floor":26,"key":"Omamori"},{"floor":26,"key":"Ancient Tea Set"},{"floor":31,"key":"Molten Egg 2"}],"event_choices":[{"damage_healed":0,"gold_gain":0,"player_choice":"Rummage","damage_taken":0,"relics_obtained":["WarpedTongs"],"max_hp_gain":0,"max_hp_loss":0,"event_name":"Accursed Blacksmith","floor":2,"gold_loss":0,"cards_obtained":["Pain"]},{"damage_healed":0,"gold_gain":0,"player_choice":"Fought Mushrooms","damage_taken":0,"max_hp_gain":0,"max_hp_loss":0,"event_name":"Mushrooms","floor":8,"gold_loss":0},{"damage_healed":0,"gold_gain":30,"player_choice":"Searched \u00273\u0027 times","damage_taken":0,"relics_obtained":["Anchor"],"max_hp_gain":0,"max_hp_loss":0,"event_name":"Dead Adventurer","floor":11,"gold_loss":0},{"damage_healed":25,"gold_gain":0,"player_choice":"Banana","damage_taken":0,"max_hp_gain":0,"max_hp_loss":0,"event_name":"Big Fish","floor":13,"gold_loss":0},{"damage_healed":0,"gold_gain":0,"player_choice":"Read","damage_taken":0,"max_hp_gain":0,"max_hp_loss":0,"event_name":"The Library","floor":19,"gold_loss":0,"cards_obtained":["Shockwave"]},{"damage_healed":0,"gold_gain":0,"player_choice":"Opened","damage_taken":0,"relics_obtained":["Ornamental Fan"],"max_hp_gain":0,"max_hp_loss":0,"event_name":"The Mausoleum","floor":20,"gold_loss":0,"cards_obtained":["Writhe"]},{"damage_healed":0,"gold_gain":0,"player_choice":"Simplicity","damage_taken":0,"max_hp_gain":0,"max_hp_loss":0,"event_name":"Back to Basics","floor":27,"gold_loss":0,"cards_upgraded":["Strike_R","Strike_R","Strike_R","Defend_R","Defend_R","Defend_R","Defend_R"]},{"cards_removed":["Writhe"],"damage_healed":0,"gold_gain":0,"player_choice":"Upgrade and Remove","damage_taken":0,"max_hp_gain":0,"max_hp_loss":0,"event_name":"Designer","floor":28,"gold_loss":90,"cards_upgraded":["Bash"]}],"is_beta":false,"boss_relics":[{"not_picked":["Calling Bell","Ectoplasm"],"picked":"Velvet Choker"}],"items_purged_floors":[21],"is_endless":false,"potions_floor_spawned":[1,11,14,16,22,25,29],"killed_by":"Champ","ascension_level":14}}