{"host":"pletss163z7s8pvv","time":1612750534,"event":{"mods":["AchievementEnabler","BaseMod","Better Altar","Better Match","Better Note","Better Sensory Stone","Better Skull","Better Third Choice","BetterRewards","CapriCore","ChefMod","Colored Map","Colored Powertips","Conspire","Energized Spire","Evolution","GifTheSpireLib","Hermit","Ironclad Rager","Marked Mod","Minty Spire (QoL Compilation)","Retaliation","Spicy Shops","StS++","StSLib","The Alterego","The Blue Laboratory","The Cursed","The Disciple","The Forsaken"],"gold_per_floor":[115,115,115,15,30,30,90,105,105,120,135,135,150,150,150],"floor_reached":14,"language":"ENG","playtime":470,"items_purged":[],"score":107,"play_id":"e9598162-d8d6-4abf-a611-7aa098f08916","local_time":"20210207201534","daily_mods":["Shiny","Uncertain Future","Terminal"],"is_ascension_mode":false,"campfire_choices":[{"data":"alterego_mod:Venus","floor":6,"key":"SMITH"},{"data":"alterego_mod:BrynhildrRomantia","floor":12,"key":"SMITH"}],"circlet_count":0,"master_deck":["alterego_mod:AlterEgo","alterego_mod:GIGAMILK","alterego_mod:InsideBaseball","alterego_mod:Weigh","alterego_mod:STier","alterego_mod:Palingenesis","alterego_mod:Tantrum","alterego_mod:ClassAdvantage","alterego_mod:RingBreak","alterego_mod:PainIsPleasure","alterego_mod:Alter","alterego_mod:IdEs","alterego_mod:Valkyrie","alterego_mod:Rake","alterego_mod:TrickOrTreatment","alterego_mod:Vow","alterego_mod:Venus+1","alterego_mod:SideboobHour","alterego_mod:Antipathy","alterego_mod:BrynhildrRomantia+1","alterego_mod:VirginLaserPalladion","alterego_mod:Lift","alterego_mod:GoddessCore","Panacea","alterego_mod:Santa","alterego_mod:Punishment","alterego_mod:DeftHands","alterego_mod:Collar","alterego_mod:Santa","alterego_mod:MagicResistance","alterego_mod:1TonWallop","alterego_mod:ChallengeComplete","alterego_mod:TrashNCrash","alterego_mod:Birthday","alterego_mod:Valkyrie"],"relics":["alterego_mod:MasochisticConstitution","EVO:Axolotl","Juzu Bracelet"],"acts_visited":["Exordium"],"potions_floor_usage":[14,14],"damage_taken":[{"damage":4,"enemies":"conspire:RoseBush","floor":1,"turns":3},{"damage":0,"enemies":"2 Louse","floor":5,"turns":1},{"damage":5,"enemies":"Small Slimes","floor":8,"turns":4},{"damage":11,"enemies":"3 Louse","floor":10,"turns":5},{"damage":14,"enemies":"Blue Slaver","floor":11,"turns":4},{"damage":25,"enemies":"Gremlin Gang","floor":13,"turns":5},{"damage":55,"enemies":"Lagavulin","floor":14,"turns":6}],"seed_played":"-2425098010432476902","potions_obtained":[{"floor":1,"key":"Energy Potion"},{"floor":5,"key":"StSpp:InhibitionPotion"}],"is_trial":false,"path_per_floor":["M","?","?","$","M","R","?","M","T","M","M","R","M","E"],"character_chosen":"The_Alterego","items_purchased":["alterego_mod:MagicResistance","blueLaboratory:CorrosionFlask"],"campfire_rested":0,"item_purchase_floors":[4,4],"current_hp_per_floor":[80,80,80,80,79,78,77,76,75,75,62,62,46,0,0],"gold":150,"neow_bonus":"","is_daily":true,"chose_seed":false,"campfire_upgraded":2,"win_rate":0.0,"timestamp":1612750534,"path_taken":["M","?","?","$","M","R","?","M","T","M","M","R","M","E"],"items_purchased_type":["Card","Potion"],"build_version":"2020-12-22","purchased_purges":0,"victory":false,"max_hp_per_floor":[83,82,81,80,79,78,77,76,75,78,78,77,83,83,83],"card_choices":[{"not_picked":["alterego_mod:Nekomimi","alterego_mod:MagicResistance"],"picked":"alterego_mod:GoddessCore","floor":1},{"not_picked":["Deep Breath","Jack Of All Trades"],"picked":"Panacea","floor":2},{"not_picked":["alterego_mod:Bloomers","alterego_mod:GoddessCore"],"picked":"alterego_mod:1TonWallop","floor":5},{"not_picked":["alterego_mod:1TonWallop","alterego_mod:MagicResistance"],"picked":"alterego_mod:ChallengeComplete","floor":8},{"not_picked":["alterego_mod:ChallengeComplete","alterego_mod:SakuraPetals"],"picked":"alterego_mod:TrashNCrash","floor":10},{"not_picked":["alterego_mod:PerceptionDisorder","alterego_mod:Skirt"],"picked":"alterego_mod:Birthday","floor":11},{"not_picked":["alterego_mod:Belle","alterego_mod:Cooking"],"picked":"alterego_mod:Valkyrie","floor":13}],"player_experience":505524,"relics_obtained":[{"floor":9,"key":"Juzu Bracelet"}],"event_choices":[{"damage_healed":0,"gold_gain":1,"player_choice":"1","damage_taken":0,"max_hp_gain":0,"max_hp_loss":0,"event_name":"betterStone:BetterStone","floor":2,"gold_loss":0},{"damage_healed":0,"gold_gain":60,"player_choice":"Gained Gold","damage_taken":0,"max_hp_gain":0,"max_hp_loss":0,"event_name":"Golden Wing","floor":7,"gold_loss":0}],"is_beta":false,"boss_relics":[],"items_purged_floors":[],"is_endless":false,"potions_floor_spawned":[1,5],"killed_by":"Lagavulin","ascension_level":0}}