{"host":"0cnf9zf1gia27zti","time":1612815704,"event":{"mods":["BaseMod","Better Third Choice","BetterRewards","Card Forge","ChefMod","Colored Map","Colored Powertips","Conspire","Downfall","Googly Eyes","Infinite Spire","Minty Spire (QoL Compilation)","Practice Mode","Quick Restart","Replay The Spire","Shade Mod","Spicy Shops","StSLib","The Marked"],"gold_per_floor":[112,124,124,136,136,170,170,30,30,30,30,30,107,123,123,200,200,216,229,229,34,34,34,66,66,66],"floor_reached":25,"language":"ENG","playtime":1149,"items_purged":["Strike_R","Strike_R","Defend_R","Strike_R","Strike_R"],"score":564,"play_id":"522a50ea-42d2-40cb-b6ed-a46fa25a685f","local_time":"20210208202144","is_ascension_mode":true,"campfire_choices":[{"data":"Heavy Blade","floor":7,"key":"SMITH"},{"data":"Bash","floor":10,"key":"SMITH"},{"data":"Inflame","floor":12,"key":"SMITH"},{"data":"Flame Barrier","floor":23,"key":"SMITH"}],"circlet_count":0,"master_deck":["AscendersBane","Defend_R","Defend_R","Defend_R","Shrug It Off+1","ReplayTheSpireMod:Muscle Training+1","Heavy Blade+1","Heavy Blade+1","Inflame+1","Flame Barrier+1","Demon Form+1","Warcry","Heavy Blade","Inflame","Inflame"],"relics":["Burning Blood","Hammer of Thor","Seething Fire","Anvil of the Gods","Membership Card","Vajra","infinitespire:BottledMercury","War Paint","Tiny Chest","infinitespire:Broken Mirror","Medical Kit","Pantograph","StrikeDummy","Gremlin Horn","Nilry\u0027s Codex","Incense Burner","Ancient Tea Set"],"acts_visited":["Exordium","TheCity"],"potions_floor_usage":[6,6,19,24],"damage_taken":[{"damage":13,"enemies":"Jaw Worm","floor":1,"turns":5},{"damage":1,"enemies":"Cultist","floor":2,"turns":2},{"damage":0,"enemies":"2 Louse","floor":4,"turns":3},{"damage":14,"enemies":"Lagavulin","floor":6,"turns":7},{"damage":20,"enemies":"Gremlin Gang","floor":14,"turns":3},{"damage":4,"enemies":"The Guardian","floor":16,"turns":8},{"damage":22,"enemies":"Chosen","floor":18,"turns":6},{"damage":29,"enemies":"2 Thieves","floor":19,"turns":4},{"damage":35,"enemies":"conspire:Head Lice","floor":24,"turns":4},{"damage":20,"enemies":"3 Cultists","floor":25,"turns":3}],"seed_played":"2803008102336680940","potions_obtained":[{"floor":3,"key":"Strength Potion"},{"floor":3,"key":"PowerPotion"},{"floor":6,"key":"Death Potion"},{"floor":14,"key":"BloodPotion"},{"floor":19,"key":"sneckomod:MuddlingPotion"}],"is_trial":false,"path_per_floor":["M","M","?","M","?","E","R","$","T","R","$","R","T","M","R_BF","B",null,"M","M","?","$","?","R","E","M"],"character_chosen":"IRONCLAD","items_purchased":["Membership Card","Vajra","Shrug It Off","infinitespire:BottledMercury","ReplayTheSpireMod:Muscle Training","War Paint","Tiny Chest","infinitespire:Broken Mirror","Medical Kit","Inflame","Inflame","Incense Burner"],"campfire_rested":0,"item_purchase_floors":[0,0,0,0,0,0,0,0,0,8,21,21],"current_hp_per_floor":[65,70,70,76,76,68,68,68,68,68,68,68,68,54,54,80,80,64,57,41,41,41,41,12,0,0],"gold":66,"neow_bonus":"","is_daily":false,"chose_seed":false,"campfire_upgraded":4,"win_rate":0.0,"timestamp":1612815704,"path_taken":["M","M","?","?","?","E","R","$","T","R","$","R","?","M","R_BF","BOSS","M","M","?","$","?","R","E","M"],"items_purchased_type":["Relic","Relic","Card","Relic","Card","Relic","Relic","Relic","Relic","Card","Card","Relic"],"build_version":"2020-12-22","purchased_purges":5,"victory":false,"max_hp_per_floor":[80,80,80,80,80,80,80,80,80,80,80,80,80,80,80,80,80,80,80,80,80,80,80,80,80,80],"card_choices":[{"not_picked":["Clash","Sword Boomerang"],"picked":"Heavy Blade","floor":1},{"not_picked":["Second Wind","Thunderclap","Perfected Strike"],"picked":"SKIP","floor":2},{"not_picked":["Sword Boomerang","Iron Wave"],"picked":"Heavy Blade","floor":4},{"not_picked":["Reckless Charge","Wild Strike","Offering"],"picked":"SKIP","floor":6},{"not_picked":["Dropkick","Havoc"],"picked":"Flame Barrier","floor":14},{"not_picked":["Armaments","Rage"],"picked":"Warcry","floor":18},{"not_picked":["Run Through","Ghostly Armor+1"],"picked":"Heavy Blade","floor":19},{"not_picked":["Bludgeon","Headbutt"],"picked":"Inflame","floor":24}],"player_experience":3744159,"relics_obtained":[{"floor":6,"key":"Pantograph"},{"floor":9,"key":"StrikeDummy"},{"floor":13,"key":"Gremlin Horn"},{"floor":20,"key":"Nilry\u0027s Codex"},{"floor":24,"key":"Ancient Tea Set"}],"event_choices":[{"damage_healed":0,"gold_gain":0,"player_choice":"Got Potions","damage_taken":0,"max_hp_gain":0,"max_hp_loss":0,"event_name":"Lab","floor":3,"gold_loss":0},{"damage_healed":0,"gold_gain":0,"player_choice":"Upgraded","damage_taken":0,"max_hp_gain":0,"max_hp_loss":0,"event_name":"Upgrade Shrine","floor":5,"gold_loss":0,"cards_upgraded":["Heavy Blade"]},{"damage_healed":0,"gold_gain":0,"player_choice":"Obtained Book","damage_taken":16,"max_hp_gain":0,"max_hp_loss":0,"event_name":"Cursed Tome","floor":20,"gold_loss":0},{"cards_removed":["Bash"],"damage_healed":0,"gold_gain":0,"player_choice":"Elegance","damage_taken":0,"max_hp_gain":0,"max_hp_loss":0,"event_name":"betterThird:BetterWriting","floor":22,"gold_loss":0}],"is_beta":false,"boss_relics":[{"not_picked":["Pandora\u0027s Box","Busted Crown","Painkiller Herb"]}],"items_purged_floors":[0,0,0,0,8],"is_endless":false,"potions_floor_spawned":[4,6,14,19],"killed_by":"3 Cultists","ascension_level":13}}