{"host":"CMSolomon","time":1612791053,"event":{"mods":["Act Like it!","BaseMod","Downfall","Minty Spire (QoL Compilation)","StSLib"],"gold_per_floor":[0,19,35,135,148,148,148,160,1,16,191,217,217,247,259,363,363,363,381,381,395,415,431,456,356,11,11,45,45,45,60,79,179,179,179,195,213,229,279,292,292,292,292,303,337,237,237,51,71,71],"floor_reached":51,"language":"ZHS","playtime":3891,"items_purged":["Pain","Doubt","bronze:Defend"],"score":751,"play_id":"5da37674-fad7-4d9d-bcf8-6975bdd6c95b","local_time":"20210208213053","is_ascension_mode":false,"campfire_choices":[{"data":"bronze:Fortify","floor":1.0,"key":"SMITH"},{"data":"bronze:Overload","floor":13.0,"key":"SMITH"},{"floor":18.0,"key":"RECALL"},{"floor":25.0,"key":"REST"},{"data":"bronze:HardenedForm","floor":27.0,"key":"SMITH"},{"data":"bronze:Repulsor","floor":30.0,"key":"SMITH"},{"data":"bronze:Assembly","floor":35,"key":"SMITH"},{"data":"bronze:DelayedSlice","floor":43,"key":"SMITH"},{"data":"bronze:Goto","floor":46,"key":"SMITH"}],"circlet_count":0,"master_deck":["bronze:Strike","bronze:Defend","bronze:Replicate","bronze:Goto+1","bronze:Fortify+1","bronze:DigitalCarnage","bronze:Separator","bronze:Flail","bronze:Overheat","CurseOfTheBell","CurseOfTheBell","bronze:AlphaBuild","bronze:Allocate+1","bronze:Assembly+1","bronze:Overload+1","bronze:HardenedForm+1","bronze:AlphaBuild+1","bronze:Overheat+1","bronze:Shell+1","bronze:DelayedSlice+1","bronze:FineTuning","bronze:FineTuning","bronze:ChildClass+1","bronze:ItsAFeature","bronze:Repulsor+1","bronze:BuggyMess+1","bronze:Safeguard+1","bronze:BugBarrage","bronze:Terminator+1"],"relics":["bronze:BronzeCore","downfall:ExtraCursedBell","Strawberry","Singing Bowl","Lizard Tail","HornCleat","Torii","Letter Opener","Astrolabe","Toy Ornithopter","downfall:HeartBlessingRed","War Paint","Nunchaku","Coffee Dripper","Unceasing Top","Bottled Lightning","Ice Cream","downfall:HeartBlessingGreen"],"acts_visited":["Exordium","TheCity","TheBeyond"],"potions_floor_usage":[37,40,50,50,50],"damage_taken":[{"damage":0.0,"enemies":"Cultist","floor":2.0,"turns":2.0},{"damage":1.0,"enemies":"2 Louse","floor":3.0,"turns":3.0},{"damage":10.0,"enemies":"Small Slimes","floor":5.0,"turns":2.0},{"damage":1.0,"enemies":"2 Fungi Beasts","floor":8.0,"turns":2.0},{"damage":2.0,"enemies":"downfall:FleeingMerchant","floor":9.0,"turns":4.0},{"damage":5.0,"enemies":"3 Louse","floor":10.0,"turns":3.0},{"damage":18.0,"enemies":"3 Sentries","floor":12.0,"turns":7.0},{"damage":0.0,"enemies":"Exordium Wildlife","floor":15.0,"turns":2.0},{"damage":24.0,"enemies":"IC_STATUS_ARCHETYPE","floor":16.0,"turns":5.0},{"damage":18.0,"enemies":"Chosen","floor":19.0,"turns":10.0},{"damage":20.0,"enemies":"Centurion and Healer","floor":21.0,"turns":8.0},{"damage":2.0,"enemies":"Chosen and Byrds","floor":22.0,"turns":4.0},{"damage":18.0,"enemies":"Sentry and Sphere","floor":23.0,"turns":4.0},{"damage":1.0,"enemies":"downfall:FleeingMerchant","floor":26.0,"turns":4.0},{"damage":20.0,"enemies":"Slavers","floor":28.0,"turns":5.0},{"damage":24.0,"enemies":"Snake Plant","floor":31.0,"turns":4.0},{"damage":19,"enemies":"Shelled Parasite and Fungi","floor":32,"turns":5},{"damage":15,"enemies":"WA_ARCHETYPE_CALM","floor":33,"turns":11},{"damage":11,"enemies":"Orb Walker","floor":36,"turns":3},{"damage":23,"enemies":"3 Darklings","floor":37,"turns":5},{"damage":0,"enemies":"Maw","floor":38,"turns":9},{"damage":19,"enemies":"Maw","floor":39,"turns":6},{"damage":0,"enemies":"Jaw Worm Horde","floor":40,"turns":3},{"damage":0,"enemies":"Spire Growth","floor":44,"turns":3},{"damage":46,"enemies":"Giant Head","floor":45,"turns":11},{"damage":0,"enemies":"downfall:FleeingMerchant","floor":48,"turns":4},{"damage":9,"enemies":"3 Darklings","floor":49,"turns":3},{"damage":13,"enemies":"SI_POISON_ARCHETYPE","floor":50,"turns":8}],"seed_played":"-6818593730356633997","potions_obtained":[{"floor":3.0,"key":"GamblersBrew"},{"floor":5.0,"key":"Guardian:BlockOnCardUsePotion"},{"floor":12.0,"key":"Fire Potion"},{"floor":15.0,"key":"LiquidMemories"},{"floor":20.0,"key":"CultistPotion"},{"floor":21.0,"key":"Ancient Potion"},{"floor":31.0,"key":"Fruit Juice"},{"floor":33,"key":"bronze:BurnAndBuffPotion"},{"floor":37,"key":"Slimebound:ThreeZeroPotion"},{"floor":45,"key":"bronze:BurnAndBuffPotion"}],"is_trial":false,"path_per_floor":["R","M","M","?","M","?","T","M","$","M","?","E","R","?","M","B",null,"R","M","?","M","M","M","T","R","$","R","E","?","R","M","M","B",null,"R","M","M","M","?","M","T","?","R","M","E","R","?","$","M","B",null],"character_chosen":"THE_AUTOMATON","items_purchased":["bronze:ClassDefault","War Paint","bronze:ItsAFeature","bronze:BugBarrage"],"campfire_rested":1,"item_purchase_floors":[9,26,26,48],"current_hp_per_floor":[70,70,69,69,59,66,66,65,63,60,60,42,42,42,44,20,81,81,63,63,43,41,25,25,49,48,48,28,28,28,16,47,34,94,94,85,69,71,54,59,59,59,59,61,15,15,104,106,97,93],"gold":71,"neow_bonus":"TRANSFORM_TWO_CARDS","is_daily":false,"chose_seed":false,"campfire_upgraded":7,"win_rate":0.0,"timestamp":1612791053,"path_taken":["R","M","M","?","M","?","T","M","$","M","?","E","R","?","M","BOSS","R","M","?","M","M","M","T","R","$","R","E","?","R","M","M","BOSS","R","M","M","M","?","M","T","?","R","?","E","R","?","?","M","BOSS"],"items_purchased_type":["Card","Relic","Card","Card"],"build_version":"2020-12-18","purchased_purges":3,"victory":true,"max_hp_per_floor":[70,70,70,70,70,77,77,77,77,79,79,79,79,79,81,81,81,81,81,81,81,81,83,83,83,83,83,83,83,83,90,92,94,94,94,96,98,100,102,102,102,102,102,104,104,104,104,106,106,106],"card_choices":[{"not_picked":["bronze:FineTuning","bronze:Overheat"],"picked":"bronze:Separator","floor":2.0},{"not_picked":["bronze:BuggyMess","bronze:Return"],"picked":"bronze:Flail","floor":3.0},{"not_picked":["bronze:OilSpill","bronze:Frontload"],"picked":"bronze:Overheat","floor":5.0},{"not_picked":["bronze:DelayedGuard","bronze:ForceShield"],"picked":"bronze:Allocate","floor":8.0},{"not_picked":["bronze:WildBeam","bronze:Separator"],"picked":"bronze:Assembly","floor":9.0},{"not_picked":["bronze:Philosophize","bronze:DelayedGuard","bronze:ClassDefault"],"picked":"Singing Bowl","floor":10.0},{"not_picked":["bronze:Return","bronze:WildBeam"],"picked":"bronze:Overload","floor":12.0},{"not_picked":["bronze:Safeguard","bronze:NullPointer","bronze:BuggyMess"],"picked":"Singing Bowl","floor":15.0},{"not_picked":["bronze:SpaghettiCode","bronze:RecursiveStrike"],"picked":"bronze:HardenedForm","floor":16.0},{"not_picked":["bronze:Backtrace+1","bronze:Turbo"],"picked":"bronze:DelayedSlice","floor":19.0},{"not_picked":["bronze:Branch","bronze:BugBarrage"],"picked":"bronze:FineTuning","floor":21.0},{"not_picked":["bronze:BugBarrage","bronze:WildBeam"],"picked":"bronze:FineTuning","floor":22.0},{"not_picked":["bronze:Shell","bronze:NullPointer","bronze:BuggyMess"],"picked":"Singing Bowl","floor":23.0},{"not_picked":["bronze:Turbo","bronze:Break"],"picked":"bronze:ChildClass","floor":26.0},{"not_picked":["bronze:Iterate","bronze:ClassDefault"],"picked":"bronze:Repulsor","floor":28.0},{"not_picked":["bronze:Branch","bronze:OilSpill","bronze:FollowUp"],"picked":"Singing Bowl","floor":31.0},{"not_picked":["bronze:Constructor","bronze:DigitalCarnage","bronze:Separator"],"picked":"Singing Bowl","floor":32},{"not_picked":["bronze:AlphaBuild","bronze:Mutator","bronze:HyperBeam"],"picked":"Singing Bowl","floor":33},{"not_picked":["bronze:Separator","bronze:FollowUp","bronze:Flail+1"],"picked":"Singing Bowl","floor":36},{"not_picked":["bronze:Shield+1","bronze:BugBarrage","bronze:CutThrough"],"picked":"Singing Bowl","floor":37},{"not_picked":["bronze:Overheat","bronze:Shield+1","bronze:ForLoop+1"],"picked":"Singing Bowl","floor":38},{"not_picked":["bronze:Separator","bronze:Allocate+1","bronze:Turbo+1"],"picked":"Singing Bowl","floor":39},{"not_picked":["bronze:FollowUp","bronze:Invalidate"],"picked":"bronze:BuggyMess+1","floor":40},{"not_picked":["bronze:WhirlingStrike+1","bronze:Optimize","bronze:BronzeOrb"],"picked":"Singing Bowl","floor":44},{"not_picked":["bronze:Terminator","bronze:BuggyMess+1"],"picked":"bronze:Safeguard+1","floor":45},{"not_picked":["bronze:Deprecate","bronze:CloningBeam","bronze:Separator"],"picked":"Singing Bowl","floor":48},{"not_picked":["bronze:DelayedSlice+1","bronze:WildBeam"],"picked":"bronze:Terminator+1","floor":49}],"player_experience":1495451,"relics_obtained":[{"floor":6.0,"key":"Strawberry"},{"floor":6.0,"key":"Singing Bowl"},{"floor":6.0,"key":"Lizard Tail"},{"floor":7.0,"key":"HornCleat"},{"floor":12.0,"key":"Torii"},{"floor":24.0,"key":"Toy Ornithopter"},{"floor":28.0,"key":"Nunchaku"},{"floor":39,"key":"Unceasing Top"},{"floor":41,"key":"Bottled Lightning"},{"floor":45,"key":"Ice Cream"}],"event_choices":[{"damage_healed":0.0,"max_hp_gain":0.0,"max_hp_loss":0.0,"gold_gain":0.0,"event_name":"Ghosts","player_choice":"Ignored","floor":29.0,"gold_loss":0.0,"damage_taken":0.0},{"cards_removed":["sneckomod:TailWhip"],"damage_healed":0,"gold_gain":0,"player_choice":"Took Card","damage_taken":0,"max_hp_gain":0,"max_hp_loss":0,"event_name":"NoteForYourself","floor":42,"gold_loss":0,"cards_obtained":["sneckomod:TailWhip"]},{"cards_removed":["bronze:ClassDefault"],"damage_healed":89,"gold_gain":0,"player_choice":"Offered Uncommon","damage_taken":0,"max_hp_gain":0,"max_hp_loss":0,"event_name":"Bonfire Elementals","floor":47,"gold_loss":0}],"is_beta":true,"boss_relics":[{"not_picked":["Snecko Eye","Sozu"],"picked":"Astrolabe"},{"not_picked":["Busted Crown","SlaversCollar"],"picked":"Coffee Dripper"}],"items_purged_floors":[9,26,48],"is_endless":false,"potions_floor_spawned":[3,5,12,15,21,31,33,37,39,45,49],"ascension_level":0}}