{"host":"h4lp0eeso8a0ssq0","time":1612825593,"event":{"mods":["2.2 Compatiblity","AchievementEnabler","BaseMod","CapriCore","Colored Map","Minty Spire (QoL Compilation)","StSLib","SuperFastMode"],"gold_per_floor":[116,126,137,137,38,38,38,38,106,137,147,160,160,173,173,246,246,263,276,276,19,19,19,45,45,68,94,107,122,137,151,151,229,229,240,45,60,77,89,118,133,133,133,145,45,45,45,45,45,45,45],"floor_reached":50,"language":"KOR","playtime":1526,"items_purged":["Strike_G","Strike_G"],"score":1078,"play_id":"ea76f64f-2543-4b3e-9e76-8884c1550330","local_time":"20210209080633","is_ascension_mode":true,"campfire_choices":[{"data":"Cloak And Dagger","floor":6.0,"key":"SMITH"},{"data":"Accuracy","floor":8.0,"key":"SMITH"},{"data":"Blade Dance","floor":13.0,"key":"SMITH"},{"data":"Cloak And Dagger","floor":15.0,"key":"SMITH"},{"data":"Cloak And Dagger","floor":23.0,"key":"SMITH"},{"floor":25.0,"key":"REST"},{"data":"Accuracy","floor":32,"key":"SMITH"},{"floor":42,"key":"REST"},{"data":"Blade Dance","floor":46,"key":"SMITH"},{"data":"Footwork","floor":49,"key":"SMITH"}],"circlet_count":0,"master_deck":["AscendersBane","Strike_G","Strike_G","Defend_G","Defend_G","Defend_G","Defend_G","Defend_G","Survivor","Neutralize","Accuracy+1","Dash","Masterful Stab","Footwork+1","Cloak And Dagger+1","Cloak And Dagger+1","Cloak And Dagger+1","Blade Dance+1","Deflect","After Image","CurseOfTheBell","Prepared+1","Accuracy+1","Finisher","Blade Dance+1","Storm of Steel","Backflip","Escape Plan"],"relics":["Ring of the Serpent","Pantograph","Shuriken","Calling Bell","Happy Flower","Gremlin Horn","Calipers","Mummified Hand","Tiny Chest","Nunchaku","Ornamental Fan","Vajra","Omamori","Singing Bowl","Regal Pillow"],"acts_visited":["Exordium","TheCity","TheBeyond"],"potions_floor_usage":[50,50],"damage_taken":[{"damage":8.0,"enemies":"Small Slimes","floor":1.0,"turns":6.0},{"damage":2.0,"enemies":"Jaw Worm","floor":2.0,"turns":6.0},{"damage":1.0,"enemies":"Cultist","floor":3.0,"turns":3.0},{"damage":22.0,"enemies":"Gremlin Nob","floor":10.0,"turns":4.0},{"damage":0.0,"enemies":"Gremlin Gang","floor":11.0,"turns":4.0},{"damage":0.0,"enemies":"Exordium Thugs","floor":12.0,"turns":4.0},{"damage":0.0,"enemies":"2 Fungi Beasts","floor":14.0,"turns":2.0},{"damage":19.0,"enemies":"The Guardian","floor":16.0,"turns":12.0},{"damage":0.0,"enemies":"Spheric Guardian","floor":18.0,"turns":2.0},{"damage":0.0,"enemies":"2 Thieves","floor":19.0,"turns":3.0},{"damage":0.0,"enemies":"Gremlin Leader","floor":24.0,"turns":6.0},{"damage":10.0,"enemies":"Slavers","floor":27.0,"turns":4.0},{"damage":0.0,"enemies":"Snecko","floor":28.0,"turns":5.0},{"damage":0.0,"enemies":"3 Cultists","floor":29.0,"turns":3.0},{"damage":2,"enemies":"Shelled Parasite and Fungi","floor":30,"turns":5},{"damage":6,"enemies":"Snecko","floor":31,"turns":5},{"damage":0,"enemies":"Automaton","floor":33,"turns":6},{"damage":0,"enemies":"3 Darklings","floor":35,"turns":3},{"damage":0,"enemies":"3 Shapes","floor":37,"turns":2},{"damage":14,"enemies":"Jaw Worm Horde","floor":38,"turns":4},{"damage":0,"enemies":"Spire Growth","floor":39,"turns":4},{"damage":0,"enemies":"Giant Head","floor":40,"turns":5},{"damage":19,"enemies":"3 Darklings","floor":41,"turns":4},{"damage":0,"enemies":"Sphere and 2 Shapes","floor":44,"turns":3},{"damage":99,"enemies":"Time Eater","floor":50,"turns":9}],"seed_played":"-7146075760847491323","potions_obtained":[{"floor":1.0,"key":"AttackPotion"},{"floor":3.0,"key":"FearPotion"},{"floor":10.0,"key":"Dexterity Potion"},{"floor":11.0,"key":"SteroidPotion"},{"floor":16.0,"key":"Fire Potion"},{"floor":24.0,"key":"LiquidMemories"},{"floor":29.0,"key":"Dexterity Potion"},{"floor":30,"key":"EntropicBrew"},{"floor":35,"key":"FairyPotion"}],"is_trial":false,"path_per_floor":["M","M","M","?","$","R","?","R","T","E","M","M","R","M","R","B",null,"M","M","?","$","?","R","E","R","T","E","M","M","M","M","R","B",null,"M","$","M","M","M","E","M","R","T","M","$","R","T","$","R","B"],"character_chosen":"THE_SILENT","items_purchased":["Cloak And Dagger","Mummified Hand","Backflip","Vajra"],"campfire_rested":2,"item_purchase_floors":[5,21,36,36],"current_hp_per_floor":[51,49,48,48,48,48,48,48,48,26,26,26,26,26,26,32,58,58,58,40,40,40,40,40,61,61,51,51,51,49,43,43,68,70,70,70,70,56,56,56,37,58,58,60,60,60,60,60,60,0,0],"gold":45,"neow_bonus":"THREE_CARDS","is_daily":false,"chose_seed":false,"campfire_upgraded":8,"win_rate":0.0,"timestamp":1612825593,"path_taken":["M","M","M","?","$","R","?","R","T","E","M","M","R","M","R","BOSS","M","M","?","$","?","R","E","R","T","E","?","M","?","M","R","BOSS","M","$","M","M","M","E","M","R","T","?","$","R","?","?","R","BOSS"],"items_purchased_type":["Card","Relic","Card","Relic"],"build_version":"2020-12-22","purchased_purges":2,"victory":false,"max_hp_per_floor":[66,66,66,66,66,66,66,66,66,66,66,66,66,66,66,66,66,66,66,71,71,71,71,71,71,71,71,71,71,71,71,71,71,71,71,71,71,71,71,71,71,71,71,73,73,73,73,73,73,73,73],"card_choices":[{"not_picked":["Tactician","Backflip"],"picked":"Accuracy","floor":0.0},{"not_picked":["Dagger Spray","Concentrate"],"picked":"Dash","floor":1.0},{"not_picked":["Noxious Fumes","Backflip"],"picked":"Masterful Stab","floor":2.0},{"not_picked":["Terror","Calculated Gamble"],"picked":"Footwork","floor":3.0},{"not_picked":["Dagger Spray","Footwork"],"picked":"Cloak And Dagger","floor":10.0},{"not_picked":["Backflip","Outmaneuver"],"picked":"Cloak And Dagger","floor":11.0},{"not_picked":["Prepared","PiercingWail"],"picked":"Blade Dance","floor":12.0},{"not_picked":["Sucker Punch","Dagger Spray"],"picked":"Deflect","floor":14.0},{"not_picked":["Doppelganger","Burst"],"picked":"After Image","floor":16.0},{"not_picked":["Outmaneuver","Quick Slash","Expertise"],"picked":"SKIP","floor":18.0},{"not_picked":["Flying Knee","Predator","Dagger Spray"],"picked":"SKIP","floor":19.0},{"not_picked":["Reflex","Bouncing Flask"],"picked":"Prepared+1","floor":24.0},{"not_picked":["Deadly Poison","Caltrops","Deflect"],"picked":"SKIP","floor":27.0},{"not_picked":["Deflect","Endless Agony"],"picked":"Accuracy","floor":28.0},{"not_picked":["Skewer","After Image","Bouncing Flask"],"picked":"SKIP","floor":29.0},{"not_picked":["Eviscerate","Dagger Spray"],"picked":"Finisher","floor":30},{"not_picked":["Sucker Punch+1","Bane"],"picked":"Blade Dance","floor":31},{"not_picked":["Glass Knife","Venomology"],"picked":"Storm of Steel","floor":33},{"not_picked":["Deflect","Dagger Spray","Distraction+1"],"picked":"SKIP","floor":35},{"not_picked":["Sucker Punch","Tactician","Cloak And Dagger"],"picked":"SKIP","floor":37},{"not_picked":["Bane","Caltrops+1","Underhanded Strike"],"picked":"SKIP","floor":38},{"not_picked":["Riddle With Holes","Flying Knee+1"],"picked":"Escape Plan","floor":39},{"not_picked":["Distraction+1","Dodge and Roll+1","Deadly Poison+1"],"picked":"SKIP","floor":40},{"not_picked":["Deadly Poison","Dash","Choke"],"picked":"SKIP","floor":41},{"not_picked":["Catalyst","Sucker Punch","Deadly Poison"],"picked":"Singing Bowl","floor":44}],"player_experience":189701,"relics_obtained":[{"floor":9.0,"key":"Pantograph"},{"floor":10.0,"key":"Shuriken"},{"floor":17.0,"key":"Happy Flower"},{"floor":17.0,"key":"Gremlin Horn"},{"floor":17.0,"key":"Calipers"},{"floor":24.0,"key":"Tiny Chest"},{"floor":26.0,"key":"Nunchaku"},{"floor":27.0,"key":"Ornamental Fan"},{"floor":40,"key":"Omamori"},{"floor":43,"key":"Singing Bowl"},{"floor":47,"key":"Regal Pillow"}],"event_choices":[{"cards_removed":["Strike_G"],"damage_healed":0.0,"max_hp_gain":0.0,"max_hp_loss":0.0,"gold_gain":0.0,"event_name":"Living Wall","player_choice":"Forget","floor":4.0,"gold_loss":0.0,"damage_taken":0.0},{"damage_healed":0.0,"max_hp_gain":0.0,"max_hp_loss":0.0,"gold_gain":0.0,"event_name":"Liars Game","player_choice":"Ignored","floor":7.0,"gold_loss":0.0,"damage_taken":0.0},{"damage_healed":0.0,"max_hp_gain":5.0,"max_hp_loss":0.0,"gold_gain":0.0,"event_name":"Forgotten Altar","player_choice":"Shed Blood","floor":20.0,"gold_loss":0.0,"damage_taken":23.0},{"damage_healed":0.0,"max_hp_gain":0.0,"max_hp_loss":0.0,"gold_gain":0.0,"event_name":"Match and Keep!","player_choice":"0 cards matched","floor":22.0,"gold_loss":0.0,"damage_taken":0.0,"cards_obtained":[]}],"is_beta":false,"boss_relics":[{"not_picked":["Astrolabe","SlaversCollar"],"picked":"Calling Bell"},{"not_picked":["HoveringKite","SacredBark"],"picked":"Ring of the Serpent"}],"items_purged_floors":[5,45],"is_endless":false,"potions_floor_spawned":[1,3,10,11,16,19,24,29,30,33,35,39,40,41],"killed_by":"Time Eater","ascension_level":15}}