{"host":"ymw71f7rc9ndansy","time":1612750627,"event":{"mods":["ATMod(阿瑾Mod)","Act Like it!","Arknights","Aspiration","BaseMod","DeckTracker","Hubris","Library of Ruina","Library of Ruina Extra","Minty Spire (QoL Compilation)","MostiFishMod","Relic Filter Mod","Remove Card Discount Mod","Replay The Spire","RumiaBox-露米娅的神秘盒子","StSLib","TestMod","【功能Mod】精心准备","【遗物卡牌】REMEMod"],"gold_per_floor":[364,364,364,377,392,423,190,190,190,222,222],"floor_reached":10,"language":"ZHS","playtime":152,"items_purged":["Survivor","AT_FamilyPortrait","LessonLearned","Injury","Charge"],"score":302,"play_id":"d42bb16f-bb56-4ecd-8fe0-3857ee15f0ae","local_time":"20210208101707","is_ascension_mode":true,"campfire_choices":[],"circlet_count":0,"master_deck":["AscendersBane","DegradedFairy","DegradedFairy","DegradedFairy","DegradedChain","DegradedChain","DegradedLock","DegradedPillar","DegradedPillar","DegradedShockwave","MostiFishMod:SephirahHod","TheRedNotes","TheRedNotes"],"relics":["PageOfLibrarian","testmod-TestBox","DaveBox","REME_ComplimentaryCards","AT_ATBox","MostiFishMod:Hod","testmod-StringDisintegrator","SynthV:TestCard","Toxic Egg 2","AT_SunfireAegis","Anchor","MagicDraw4","testmod-OneHitWonder"],"acts_visited":["Exordium"],"potions_floor_usage":[],"damage_taken":[{"damage":0,"enemies":"2 Louse","floor":1,"turns":1},{"damage":0,"enemies":"Cultist","floor":4,"turns":1},{"damage":0,"enemies":"Jaw Worm","floor":5,"turns":1},{"damage":0,"enemies":"Lagavulin","floor":6,"turns":2},{"damage":0,"enemies":"3 Sentries","floor":10,"turns":1}],"seed_played":"-7373637588257714691","potions_obtained":[{"floor":1,"key":"Fire Potion"},{"floor":5,"key":"PowerPotion"}],"is_trial":false,"path_per_floor":["M","?","?","M","M","E","$","?","T","E"],"character_chosen":"Librarian","items_purchased":["TheRedNotes","Anchor"],"campfire_rested":0,"item_purchase_floors":[7,7],"current_hp_per_floor":[54,54,54,54,54,54,54,54,54,54,54],"gold":222,"neow_bonus":"TWO_FIFTY_GOLD","is_daily":false,"chose_seed":false,"campfire_upgraded":0,"win_rate":0.0,"timestamp":1612750627,"path_taken":["M","?","?","M","?","E","$","?","T","E"],"items_purchased_type":["Card","Relic"],"build_version":"2020-12-22","purchased_purges":5,"victory":false,"max_hp_per_floor":[120,120,120,120,120,120,120,120,120,120,120],"card_choices":[{"not_picked":["LawAndOrder","Wallop_lor","Crush","TheArtOfRapidSteps","CutIn","Pound","UnavoidableGaze","HiddenBlade","RushDown"],"picked":"SKIP","floor":1},{"not_picked":["DesperateStruggle","Retaliate","TasteMyFlamingBat","BiAn+1","FlyingSword","EnergyShield+1","Thrust","GatherIntel+1","SharpSwipe","HiddenBlade","InkOver"],"picked":"SKIP","floor":4},{"not_picked":["SteelKnuckles","Laceration","GroundSmash","BladeWhirl","BindingArms","BiteOff","FervidEmotions+1","ShockingBlow","ViolentFlame","SerpentSwordTechnique+1","HardRehearsal"],"picked":"SKIP","floor":5},{"not_picked":["VioletBlade","InkOver","StrongStrike","DesperateStruggle","GuidanceOfTheGears+1","SummaryJudgment","Faith+1","MindCrush","SunsetBlade","FrontalAssault+1","HighSpeedStabbing"],"picked":"SKIP","floor":6}],"player_experience":1083096,"relics_obtained":[{"floor":1,"key":"SynthV:TestCard"},{"floor":6,"key":"AT_SunfireAegis"},{"floor":9,"key":"MagicDraw4"},{"floor":10,"key":"testmod-OneHitWonder"}],"event_choices":[{"damage_healed":0,"gold_gain":0,"player_choice":"0 cards matched","damage_taken":0,"max_hp_gain":0,"max_hp_loss":0,"event_name":"Match and Keep!","floor":3,"gold_loss":0,"cards_obtained":[]},{"damage_healed":0,"gold_gain":0,"player_choice":"Ignored","damage_taken":0,"max_hp_gain":0,"max_hp_loss":0,"event_name":"Transmorgrifier","floor":8,"gold_loss":0}],"is_beta":false,"boss_relics":[],"items_purged_floors":[7,7,7,7,7],"is_endless":false,"potions_floor_spawned":[1,4,5],"killed_by":"3 Sentries","ascension_level":20}}