{"host":"okvf2hy7r209l3k2","time":1612802910,"event":{"mods":["BaseMod","Block Reminder","Colored Map","Colored Powertips","Downfall","Hermit","Highlight Path","Minty Spire (QoL Compilation)","Permanent Neow","Quick Restart","StSLib","The Cursed","The Hierophant"],"gold_per_floor":[117,12,12,23,40,40,69,80,106,126,126,126,155,255,255,354,354,372,11,27,44,57,89,89,120,120,120,135,135,60,113,113,211,261,276,325,25,25,25,58,69,79,153,71,94,94,105,115,115,115],"floor_reached":51,"language":"ENG","playtime":4418,"items_purged":["TheCursedMod:Strike_TheCursed"],"score":950,"play_id":"0fd57383-1488-4512-8393-df3d7724c98a","local_time":"20210208074830","is_ascension_mode":false,"campfire_choices":[{"data":"TheCursedMod:HellfireBreathing","floor":6,"key":"SMITH"},{"data":"TheCursedMod:CircleOfCorruption","floor":11,"key":"SMITH"},{"data":"TheCursedMod:SpitefulPlan","floor":15,"key":"SMITH"},{"data":"TheCursedMod:CleanUpWorkshop","floor":24,"key":"SMITH"},{"data":"TheCursedMod:CursedAmulet","floor":27,"key":"SMITH"},{"data":"downfall:Haunted","floor":32,"key":"PURGE"},{"data":"TheCursedMod:Strike_TheCursed","floor":46,"key":"PURGE"},{"data":"TheCursedMod:Defend_TheCursed","floor":49,"key":"PURGE"}],"circlet_count":0,"master_deck":["TheCursedMod:Strike_TheCursed+1","TheCursedMod:Strike_TheCursed+1","TheCursedMod:Defend_TheCursed+1","TheCursedMod:Defend_TheCursed","TheCursedMod:Defend_TheCursed","TheCursedMod:CursedWand","TheCursedMod:CleanUpWorkshop+1","TheCursedMod:Dregs","TheCursedMod:CursedAmulet+1","TheCursedMod:HellfireBreathing+1","TheCursedMod:ManaBullet","TheCursedMod:CircleOfCorruption+1","TheCursedMod:CursedAmulet","TheCursedMod:CursedStaff","Parasite","TheCursedMod:SpitefulPlan+1","CurseOfTheBell","CurseOfTheBell","TheCursedMod:Dregs","TheCursedMod:ShockAndAwe","Clumsy","TheCursedMod:VoidForm+1","TheCursedMod:AshesToAshes+1","TheCursedMod:HellfireBreathing+1","TheCursedMod:CursedAmulet+1","TheCursedMod:WearCloak+1","TheCursedMod:WearCloak+1","TheCursedMod:HellsGateOpen+1","TheCursedMod:LuckyCharm+1"],"relics":["TheCursedMod:BlackMagic101","Lantern","PreservedInsect","Potion Belt","Whetstone","Vajra","downfall:ExtraCursedBell","Strawberry","Frozen Egg 2","WingedGreaves","Coffee Dripper","Peace Pipe","Matryoshka","MealTicket","Bottled Lightning","TheCursedMod:Tack","Pen Nib","TheCursedMod:BloodyHarpoon","Oddly Smooth Stone","Tiny House","Incense Burner","Bird Faced Urn","TheCursedMod:MagicCandle","HornCleat","Ancient Tea Set"],"acts_visited":["Exordium","TheCity","TheBeyond"],"potions_floor_usage":[21,21,36,36,36,36,41],"damage_taken":[{"damage":0,"enemies":"Cultist","floor":1,"turns":3},{"damage":0,"enemies":"2 Louse","floor":4,"turns":3},{"damage":0,"enemies":"Jaw Worm","floor":5,"turns":3},{"damage":9,"enemies":"Lagavulin","floor":7,"turns":7},{"damage":3,"enemies":"Large Slime","floor":8,"turns":4},{"damage":9,"enemies":"Blue Slaver","floor":10,"turns":2},{"damage":0,"enemies":"Gremlin Nob","floor":13,"turns":2},{"damage":8,"enemies":"The Guardian","floor":16,"turns":6},{"damage":0,"enemies":"Chosen","floor":18,"turns":3},{"damage":20,"enemies":"2 Thieves","floor":20,"turns":3},{"damage":9,"enemies":"Snake Plant","floor":21,"turns":3},{"damage":0,"enemies":"Snecko","floor":22,"turns":3},{"damage":28,"enemies":"Slavers","floor":23,"turns":4},{"damage":10,"enemies":"Book of Stabbing","floor":25,"turns":4},{"damage":6,"enemies":"Cultist and Chosen","floor":28,"turns":4},{"damage":13,"enemies":"Champ","floor":33,"turns":5},{"damage":10,"enemies":"3 Shapes","floor":35,"turns":3},{"damage":14,"enemies":"2 Orb Walkers","floor":36,"turns":5},{"damage":0,"enemies":"Giant Head","floor":40,"turns":5},{"damage":0,"enemies":"Orb Walker","floor":41,"turns":2},{"damage":4,"enemies":"Writhing Mass","floor":42,"turns":4},{"damage":13,"enemies":"Maw","floor":47,"turns":6},{"damage":0,"enemies":"Sphere and 2 Shapes","floor":48,"turns":3},{"damage":16,"enemies":"Awakened One","floor":50,"turns":5}],"seed_played":"-2491835675294734350","potions_obtained":[{"floor":5,"key":"ColorlessPotion"},{"floor":16,"key":"Block Potion"},{"floor":21,"key":"AttackPotion"},{"floor":23,"key":"Slimebound:ThreeZeroPotion"},{"floor":28,"key":"Weak Potion"},{"floor":33,"key":"EssenceOfSteel"},{"floor":34,"key":"CultistPotion"},{"floor":40,"key":"Explosive Potion"},{"floor":47,"key":"Swift Potion"},{"floor":48,"key":"PowerPotion"}],"is_trial":false,"path_per_floor":["M","$","?","M","M","R","E","M","T","M","R","?","E","?","R","B",null,"M","$","M","M","M","E","R","E","T","R","M","?","$","T","R","B",null,"M","?","$","?","?","E","M","M","T","$","T","R","M","M","R","B",null],"character_chosen":"THE_CURSED","items_purchased":["TheCursedMod:HellfireBreathing","TheCursedMod:ManaBullet","TheCursedMod:HellfireBreathing+1","Peace Pipe","Bird Faced Urn","TheCursedMod:HellsGateOpen+1"],"campfire_rested":0,"item_purchase_floors":[2,2,19,19,37,44],"current_hp_per_floor":[75,75,63,63,63,63,54,51,51,42,42,60,60,72,72,64,87,87,87,67,58,58,30,30,20,20,20,14,14,29,29,29,16,92,82,68,83,83,83,91,92,88,88,92,92,92,85,92,92,76],"gold":115,"neow_bonus":"RANDOM_COMMON_RELIC","is_daily":false,"chose_seed":false,"campfire_upgraded":5,"win_rate":0.0,"timestamp":1612802910,"path_taken":["M","$","?","M","M","R","E","M","T","M","R","?","E","?","R","BOSS","M","$","M","M","M","E","R","E","T","R","M","?","$","?","R","BOSS","M","?","$","?","?","E","M","M","T","$","?","R","M","?","R","BOSS"],"items_purchased_type":["Card","Card","Card","Relic","Relic","Card"],"build_version":"2020-12-22","purchased_purges":1,"victory":true,"max_hp_per_floor":[75,75,75,75,75,75,75,75,75,75,75,75,75,87,87,87,87,87,87,87,87,87,87,87,87,87,87,87,87,87,87,87,87,92,92,92,92,92,92,92,92,92,92,92,92,92,92,92,92,92],"card_choices":[{"not_picked":["TheCursedMod:BloodBarrier","TheCursedMod:SurpriseAttack"],"picked":"TheCursedMod:CursedAmulet","floor":1},{"not_picked":["TheCursedMod:VitalStrike","TheCursedMod:WearCloak"],"picked":"TheCursedMod:CircleOfCorruption","floor":4},{"not_picked":["TheCursedMod:CircleOfCorruption","TheCursedMod:FleshFromBone"],"picked":"TheCursedMod:CursedAmulet","floor":5},{"not_picked":["TheCursedMod:Wield","TheCursedMod:CircleOfCorruption"],"picked":"TheCursedMod:CursedStaff","floor":7},{"not_picked":["TheCursedMod:Torture","TheCursedMod:FuryStrike"],"picked":"TheCursedMod:ParallelWorld","floor":8},{"not_picked":["TheCursedMod:CircleOfFocus","TheCursedMod:SpreadPlague","TheCursedMod:CursedBoomerang"],"picked":"SKIP","floor":10},{"not_picked":["TheCursedMod:Hemoplague","TheCursedMod:CursedMace"],"picked":"TheCursedMod:SpitefulPlan","floor":13},{"not_picked":["TheCursedMod:UltimatePain","TheCursedMod:ShockAndAwe"],"picked":"TheCursedMod:VoidForm+1","floor":16},{"not_picked":["TheCursedMod:FuryStrike","TheCursedMod:SpreadPlague"],"picked":"TheCursedMod:AshesToAshes+1","floor":18},{"not_picked":["TheCursedMod:CursedBlade","TheCursedMod:SmokeScreen","TheCursedMod:CursedMace"],"picked":"SKIP","floor":20},{"not_picked":["TheCursedMod:SmokeScreen+1","TheCursedMod:CursedMace"],"picked":"TheCursedMod:CursedAmulet+1","floor":21},{"not_picked":["TheCursedMod:SoulCrush","TheCursedMod:RavingStaff","TheCursedMod:CursedMace"],"picked":"SKIP","floor":22},{"not_picked":["TheCursedMod:Stigma","TheCursedMod:SpitefulStrike","TheCursedMod:FleshFromBone+1"],"picked":"SKIP","floor":23},{"not_picked":["TheCursedMod:FuryStrike","TheCursedMod:Wield","TheCursedMod:TacticalStrike+1"],"picked":"SKIP","floor":25},{"not_picked":["TheCursedMod:CursedMace","TheCursedMod:CircleOfFlame","TheCursedMod:RapidMovement"],"picked":"SKIP","floor":28},{"not_picked":["TheCursedMod:ShockAndAwe","TheCursedMod:AntiAging"],"picked":"TheCursedMod:NeowsMight","floor":33},{"not_picked":["TheCursedMod:RavingStaff+1","TheCursedMod:Stigma","TheCursedMod:RapidMovement"],"picked":"SKIP","floor":35},{"not_picked":["TheCursedMod:Evocation+1","TheCursedMod:ReleasedKnowledge+1"],"picked":"TheCursedMod:WearCloak+1","floor":36},{"not_picked":["TheCursedMod:Grudge+1","TheCursedMod:CircleOfWindfury+1","TheCursedMod:CursedShiv"],"picked":"SKIP","floor":40},{"not_picked":["TheCursedMod:TacticalStrike","TheCursedMod:CursedMace"],"picked":"TheCursedMod:WearCloak+1","floor":41},{"not_picked":["TheCursedMod:RavingStaff+1","TheCursedMod:Mangle+1","TheCursedMod:Stigma+1"],"picked":"SKIP","floor":42},{"not_picked":["TheCursedMod:Stigma","TheCursedMod:CursedRelics","TheCursedMod:SpitefulStrike"],"picked":"SKIP","floor":47},{"not_picked":["TheCursedMod:HellsGateOpen+1","TheCursedMod:CursedShiv+1"],"picked":"TheCursedMod:LuckyCharm+1","floor":48}],"player_experience":202026,"relics_obtained":[{"floor":7,"key":"Potion Belt"},{"floor":9,"key":"Whetstone"},{"floor":13,"key":"Vajra"},{"floor":14,"key":"Strawberry"},{"floor":14,"key":"Frozen Egg 2"},{"floor":14,"key":"WingedGreaves"},{"floor":23,"key":"Matryoshka"},{"floor":25,"key":"MealTicket"},{"floor":26,"key":"Bottled Lightning"},{"floor":26,"key":"TheCursedMod:Tack"},{"floor":31,"key":"TheCursedMod:BloodyHarpoon"},{"floor":31,"key":"Oddly Smooth Stone"},{"floor":36,"key":"Incense Burner"},{"floor":40,"key":"TheCursedMod:MagicCandle"},{"floor":43,"key":"HornCleat"},{"floor":45,"key":"Ancient Tea Set"}],"event_choices":[{"damage_healed":0,"gold_gain":0,"player_choice":"Success","damage_taken":12,"relics_obtained":["PreservedInsect"],"max_hp_gain":0,"max_hp_loss":0,"event_name":"Scrap Ooze","floor":3,"gold_loss":0},{"damage_healed":18,"gold_gain":0,"player_choice":"Healed and dodged fight","damage_taken":0,"max_hp_gain":0,"max_hp_loss":0,"event_name":"Mushrooms","floor":12,"gold_loss":0,"cards_obtained":["Parasite"]},{"cards_removed":["TheCursedMod:ParallelWorld"],"damage_healed":0,"gold_gain":0,"player_choice":"Gave Card","damage_taken":0,"relics_obtained":["Pen Nib"],"max_hp_gain":0,"max_hp_loss":0,"event_name":"WeMeetAgain","floor":29,"gold_loss":0},{"damage_healed":0,"gold_gain":0,"player_choice":"Fight","damage_taken":0,"max_hp_gain":0,"max_hp_loss":0,"event_name":"Mysterious Sphere","floor":36,"gold_loss":0},{"cards_removed":["TheCursedMod:NeowsMight"],"damage_healed":0,"gold_gain":0,"player_choice":"Removed Skill","damage_taken":0,"max_hp_gain":0,"max_hp_loss":0,"event_name":"Falling","floor":38,"gold_loss":0},{"damage_healed":0,"gold_gain":0,"player_choice":"Memory 1","damage_taken":0,"max_hp_gain":0,"max_hp_loss":0,"event_name":"SensoryStone","floor":39,"gold_loss":0}],"is_beta":false,"boss_relics":[{"not_picked":["Fusion Hammer","bronze:MakeshiftBattery"],"picked":"Coffee Dripper"},{"not_picked":["Runic Pyramid","Runic Dome"],"picked":"Tiny House"}],"items_purged_floors":[30],"is_endless":false,"potions_floor_spawned":[5,16,21,23,28,33,40,47,48],"ascension_level":0}}