{"host":"ewns8ifhbubwkcum","time":1612819611,"event":{"mods":["BaseMod","Block Reminder","Colored Map","Colored Powertips","Downfall","Highlight Path","Minty Spire (QoL Compilation)","Permanent Neow","Quick Restart","Random Character Button","StSLib"],"gold_per_floor":[99,118,293,293,309,309,309,324,356,33,58,103,113,147,166,166,166,166],"floor_reached":16,"language":"ENG","playtime":1139,"items_purged":["Doubt"],"score":150,"play_id":"00d4162d-ad00-4f60-8ef5-691fbe4bd07c","local_time":"20210208152651","is_ascension_mode":true,"campfire_choices":[{"data":"Guardian:CurlUp","floor":1.0,"key":"SMITH"}],"circlet_count":0,"master_deck":["Guardian:Strike_Guardian","Guardian:Strike_Guardian","Guardian:Strike_Guardian","Guardian:Defend_Guardian","Guardian:Defend_Guardian","Guardian:Defend_Guardian","Guardian:Defend_Guardian","Guardian:CurlUp+1","Guardian:TwinSlam","Guardian:ArmoredProtocol","Guardian:BodySlam","Guardian:Gem_Yellow","Guardian:GuardianWhirl","Guardian:DecasProtection","Guardian:Gem_Green","Guardian:Repulse","Guardian:Planning","Guardian:BodySlam","Guardian:DecasProtection","Guardian:Gem_Orange"],"relics":["Guardian:ModeShifter","downfall:BrokenWingStatue","Orichalcum","PreservedInsect","Mummified Hand","Lee\u0027s Waffle","Ornamental Fan","Omamori","sneckomod:BlankCard"],"acts_visited":["Exordium"],"potions_floor_usage":[9,15,16,16],"damage_taken":[{"damage":0.0,"enemies":"Small Slimes","floor":2.0,"turns":4.0},{"damage":0.0,"enemies":"Jaw Worm","floor":5.0,"turns":4.0},{"damage":0.0,"enemies":"2 Louse","floor":8.0,"turns":3.0},{"damage":23,"enemies":"Lagavulin","floor":9,"turns":12},{"damage":4,"enemies":"downfall:FleeingMerchant","floor":10,"turns":4},{"damage":4,"enemies":"3 Sentries","floor":11,"turns":8},{"damage":8,"enemies":"Gremlin Gang","floor":13,"turns":6},{"damage":16,"enemies":"Lagavulin","floor":14,"turns":7},{"damage":6,"enemies":"3 Louse","floor":15,"turns":3},{"damage":83,"enemies":"DF_ARCHETYPE_STREAMLINE","floor":16,"turns":14}],"seed_played":"5244536208233064136","potions_obtained":[{"floor":8.0,"key":"Ancient Potion"},{"floor":11,"key":"Explosive Potion"},{"floor":14,"key":"SteroidPotion"},{"floor":15,"key":"LiquidMemories"}],"is_trial":false,"path_per_floor":["R","M","?","?","M","?","T","M","E","$","E","T","M","E","M","B"],"character_chosen":"GUARDIAN","items_purchased":["Lee\u0027s Waffle","Guardian:Repulse","Guardian:Planning"],"campfire_rested":0,"item_purchase_floors":[10,10,10],"current_hp_per_floor":[80,80,80,80,80,73,73,73,50,87,83,83,75,59,53,0,0,0],"gold":166,"neow_bonus":"TRANSFORM_CARD","is_daily":false,"chose_seed":false,"campfire_upgraded":1,"win_rate":0.0,"timestamp":1612819611,"path_taken":["R","M","?","?","M","?","T","M","E","$","E","?","M","E","M","BOSS"],"items_purchased_type":["Relic","Card","Card"],"build_version":"2020-12-22","purchased_purges":1,"victory":false,"max_hp_per_floor":[80,80,80,80,80,80,80,80,80,87,87,87,87,87,87,87,87,87],"card_choices":[{"not_picked":["Guardian:WalkerClaw","Guardian:Recover"],"picked":"Guardian:BodySlam","floor":2.0},{"not_picked":["Guardian:Gem_Red","Guardian:CrystalBeam"],"picked":"Guardian:Gem_Yellow","floor":5.0},{"not_picked":["Guardian:ChargeCore","Guardian:ShieldCharger"],"picked":"Guardian:GuardianWhirl","floor":8.0},{"not_picked":["Guardian:CrystalBeam","Guardian:FloatingOrbs"],"picked":"Guardian:DecasProtection","floor":9},{"not_picked":["Guardian:TemporalShield","Guardian:PrismaticBeam"],"picked":"Guardian:Gem_Green","floor":10},{"not_picked":["Guardian:TemporalShield","Guardian:PolyBeam","Guardian:CrystalBeam"],"picked":"SKIP","floor":11},{"not_picked":["Guardian:VentSteam","Guardian:Harden"],"picked":"Guardian:BodySlam","floor":13},{"not_picked":["Guardian:GuardianWhirl","Guardian:VentSteam"],"picked":"Guardian:DecasProtection","floor":14},{"not_picked":["Guardian:WalkerClaw","Guardian:Gem_Fragmented"],"picked":"Guardian:Gem_Orange","floor":15}],"player_experience":1156650,"relics_obtained":[{"floor":7.0,"key":"PreservedInsect"},{"floor":9,"key":"Mummified Hand"},{"floor":11,"key":"Ornamental Fan"},{"floor":12,"key":"Omamori"},{"floor":14,"key":"sneckomod:BlankCard"}],"event_choices":[{"damage_healed":0.0,"max_hp_gain":0.0,"max_hp_loss":0.0,"gold_gain":0.0,"event_name":"Scrap Ooze","player_choice":"Success","floor":6.0,"gold_loss":0.0,"damage_taken":7.0,"relics_obtained":["Orichalcum"]}],"is_beta":false,"boss_relics":[],"items_purged_floors":[10],"is_endless":false,"potions_floor_spawned":[8,11,14,15],"killed_by":"DF_ARCHETYPE_STREAMLINE","ascension_level":5}}