{"host":"77nx5a0i0k7ns1qu","time":1612820874,"event":{"mods":["2.2 Compatiblity","AchievementEnabler","AlwaysNeverKeys","Ascension Reborn","Ascension Unlocker","Aspiration","Astrologer","BaseMod","Beaked The Cultist","Better Note","BetterRewards","Bossed Relics","Card Filter","Card Forge","Challenge The Spire","Clockwork Mod","Colored Powertips","Colorless Booster Pack","Conspire","Curses Come First","Custom Start","DeckTracker","Defuse TimeMaze Blight","Downfall","Energized Spire","Friendly Minions","GifTheSpireLib","Halation","Highlight Path","Hubris","Hyrulean Relics","Infinite Spire","Marisa????????","Marked Mod","Mimic Mod","Minty Spire (QoL Compilation)","MostiFishMod","Prisma Mod","Random Character Mod","Rare Cards Sparkle","RatMod","Relic Stats","Reliquary","Replay The Spire","Retaliation","Reworked Bosses","Small Relic Pack","Spicy Shops","Spikes Relics","Spire Arcade","StS++","StSLib","Strawberry Spire","Stuff the Spire","The Alterego","The Blue Laboratory","The Cursed","The Jungle","The Marked","The Runesmith","Trackpad","UnlockEverythingMod","Useless Jewels Mod","Wandering Minibosses"],"gold_per_floor":[111,123,123,133,133,133,153,183,210,485,485,485],"floor_reached":11,"language":"ENG","playtime":703,"items_purged":[],"score":73,"play_id":"9d072055-0274-4936-94d1-c476366ff3a0","local_time":"20210208164754","is_ascension_mode":false,"campfire_choices":[{"floor":6,"key":"REST"}],"circlet_count":0,"master_deck":["theMarked:Strike+1","theMarked:Strike+1","theMarked:Strike+1","theMarked:Strike+1","theMarked:Strike+1","theMarked:Defend+1","theMarked:Defend+1","theMarked:Defend+1","theMarked:Defend+1","theMarked:SoldierOfQuellstein+1","theMarked:Aftermath+1","theMarked:RogueSparks+1","theMarked:Generate+1","Regret","theMarked:SwordAndMagic+1","theMarked:EnhanceMovement+1","Regret"],"relics":["theMarked:ArtifactOfAir","Hammer of Thor","Seething Fire","Anvil of the Gods","DaveBox","DiscerningMonocle","aspiration:Nostalgia","Slimebound:AbsorbEndCombat","SynthV:TestCard","trackpad:BottledShadow","aspiration:TomeofQuesting","MiniBlackHole","Gremlin Food"],"acts_visited":["Exordium"],"potions_floor_usage":[7,8,11],"damage_taken":[{"damage":5,"enemies":"Cultist","floor":1,"turns":4},{"damage":15,"enemies":"Jaw Worm","floor":2,"turns":4},{"damage":5,"enemies":"Small Slimes","floor":4,"turns":3},{"damage":14,"enemies":"Red Slaver","floor":7,"turns":2},{"damage":32,"enemies":"strawberrySpire:EnergyPylons","floor":8,"turns":5},{"damage":12,"enemies":"Gremlin Nob","floor":11,"turns":2}],"seed_played":"-1081276233204184972","potions_obtained":[{"floor":2,"key":"Energy Potion"},{"floor":4,"key":"hexamod:SoulburnPotion"},{"floor":7,"key":"Energy Potion"}],"is_trial":false,"path_per_floor":["M","M","T","M","?","R","M","E","T","?","E"],"character_chosen":"THE_DEFAULT","items_purchased":[],"campfire_rested":1,"item_purchase_floors":[],"current_hp_per_floor":[65,50,50,45,45,66,52,20,20,20,8,8],"gold":485,"neow_bonus":"NOSTALGIA","is_daily":false,"chose_seed":false,"campfire_upgraded":0,"win_rate":0.0,"timestamp":1612820874,"path_taken":["M","M","?","M","?","R","M","E","T","?","E"],"items_purchased_type":[],"build_version":"2020-12-22","purchased_purges":0,"victory":false,"max_hp_per_floor":[70,70,70,70,70,70,70,70,70,70,70,70],"relic_stats":{"counters":[6,18],"obtain_stats":[{"Gremlin Food":9,"DaveBox":0,"DiscerningMonocle":0,"aspiration:Nostalgia":0,"aspiration:TomeofQuesting":5,"Hammer of Thor":0,"Seething Fire":0,"theMarked:ArtifactOfAir":0,"SynthV:TestCard":1,"Anvil of the Gods":0,"MiniBlackHole":8,"trackpad:BottledShadow":3,"Slimebound:AbsorbEndCombat":0},{"Gremlin Food":5,"DaveBox":0,"DiscerningMonocle":0,"aspiration:Nostalgia":0,"aspiration:TomeofQuesting":3,"Hammer of Thor":0,"Seething Fire":0,"theMarked:ArtifactOfAir":0,"SynthV:TestCard":1,"Anvil of the Gods":0,"MiniBlackHole":5,"trackpad:BottledShadow":2,"Slimebound:AbsorbEndCombat":0},{"Gremlin Food":16,"DaveBox":0,"DiscerningMonocle":0,"aspiration:Nostalgia":0,"aspiration:TomeofQuesting":10,"Hammer of Thor":0,"Seething Fire":0,"theMarked:ArtifactOfAir":0,"SynthV:TestCard":4,"Anvil of the Gods":0,"MiniBlackHole":16,"trackpad:BottledShadow":8,"Slimebound:AbsorbEndCombat":0}]},"card_choices":[{"not_picked":["theMarked:Indomitable","theMarked:Frustration"],"picked":"theMarked:Aftermath","floor":1},{"not_picked":["theMarked:Aftermath","theMarked:ChainLightning","theMarked:Panic","theMarked:EmpowerWeapon"],"picked":"theMarked:RogueSparks","floor":2},{"not_picked":["theMarked:WardOff","theMarked:HeightenedSenses","theMarked:RepellingDischarge","theMarked:MagusForm"],"picked":"theMarked:Generate","floor":4},{"not_picked":["theMarked:Improvise","theMarked:Frustration","theMarked:TakeCover","theMarked:Memento"],"picked":"theMarked:SwordAndMagic","floor":7},{"not_picked":["theMarked:SwordAndMagic","theMarked:WastefulAttack","theMarked:HeightenedSenses","theMarked:Frustration"],"picked":"theMarked:EnhanceMovement","floor":8}],"player_experience":746174,"relics_obtained":[{"floor":1,"key":"SynthV:TestCard"},{"floor":3,"key":"trackpad:BottledShadow"},{"floor":8,"key":"MiniBlackHole"},{"floor":9,"key":"Gremlin Food"}],"event_choices":[{"damage_healed":0,"gold_gain":0,"player_choice":"Box","damage_taken":0,"relics_obtained":["aspiration:TomeofQuesting"],"max_hp_gain":0,"max_hp_loss":0,"event_name":"Big Fish","floor":5,"gold_loss":0,"cards_obtained":["Regret"]},{"damage_healed":0,"gold_gain":275,"player_choice":"Desecrate","damage_taken":0,"max_hp_gain":0,"max_hp_loss":0,"event_name":"Golden Shrine","floor":10,"gold_loss":0,"cards_obtained":["Regret"]}],"is_beta":false,"boss_relics":[],"items_purged_floors":[],"is_endless":false,"potions_floor_spawned":[2,4,7],"killed_by":"Gremlin Nob","ascension_level":0}}