{"host":"pieflzu1toyu3gz6","time":1612767086,"event":{"mods":["BaseMod","BetterRewards","Friendly Minions","HololiveMod","Hubris","Kiyohime¡]²M®V¡^","Koishi","Marisa¡]Ãú«B¡@Å]²z¨F¡^","Minty Spire (QoL Compilation)","Prisma Mod","Remilia¡]Á¢¦Ì²ú?¡^","Shop Mod","StSLib","The Bladedancer","The Bug Knight","The Servant 0.9.4","The Wild Card","Youmu¡]»î¾z§¯?¡^"],"gold_per_floor":[164,174,174,174,200,226,226,253,280,280,299,324,13,13,13,109,109,126,138,138,158,158,158,190,190,190,190,205,231,81,94,94,193,193,206,206,231,249,264,294,294,314,314,314,314,335,349,349,349,349,349],"floor_reached":50,"language":"ZHS","playtime":2781,"items_purged":["Strike_YM"],"score":688,"play_id":"0628c2dc-2210-48f3-b90c-f8d41b640963","local_time":"20210208145126","is_ascension_mode":true,"campfire_choices":[{"floor":7,"key":"REST"},{"data":"SlashOfMeditation","floor":10,"key":"SMITH"},{"floor":15,"key":"REST"},{"floor":27,"key":"REST"},{"data":"TurningAngelCut","floor":32,"key":"SMITH"},{"data":"SlashOfSaigyouSpringWind","floor":41,"key":"SMITH"},{"data":"HellGodSword","floor":45,"key":"SMITH"},{"data":"Defend_YM","floor":49,"key":"SMITH"}],"circlet_count":0,"master_deck":["Strike_YM","Strike_YM","Defend_YM+1","Defend_YM","Defend_YM+1","SlashOfPresentWorld","WheelOfPainOfLivingAndDead+1","SlashOfMeditation+1","HumanKnowledgeSword","EchoesOfTheInclemencyOfAllBeings","FlashingScatteredFlowers","SwordOfBindingDesires+1","LotusPostureSlash","RapidSlash","Regret","SuddenDivineSeveringOfKarmicWind","SanzenSekai","SpiderLilyBurial","CherryBlossomFlashing+1","TurningAngelCut+1","Defend_YM+1","CrescentMoonSlash+1","LifeCuttingSword+1","HellGodSword+1","HellFireSword+1","HellRealmSword","LifeCuttingSword+1","LowerRealmReflectionSlash","CherryBlossomFlashing+1","SlashOfSaigyouSpringWind+1","DispleasureOfTheSevenHakus+1","Wraith","SlashOfDelusionalInnerEye","Doubt"],"relics":["Tiny House","hubris:Reverence","hubris:OldNail","Bird Faced Urn","WingedGreaves","hubris:TenFootPole","hubris:MedicalManual","PreservedInsect","Membership Card","Vajra","hubris:GrandSneckoEye","MealTicket","Centennial Puzzle","hubris:EvacipatedBox","Toy Ornithopter","hubris:GlazedTorus","Orichalcum","Pen Nib","Coffee Dripper","War Paint","HornCleat","Meat on the Bone","Anchor"],"acts_visited":["Exordium","TheCity","TheBeyond"],"potions_floor_usage":[16,24,40,46,50,50],"damage_taken":[{"damage":9,"enemies":"Small Slimes","floor":1,"turns":6},{"damage":1,"enemies":"Jaw Worm","floor":2,"turns":4},{"damage":27,"enemies":"3 Sentries","floor":6,"turns":11},{"damage":0,"enemies":"Gremlin Nob","floor":8,"turns":3},{"damage":2,"enemies":"2 Louse","floor":11,"turns":2},{"damage":13,"enemies":"Lagavulin","floor":12,"turns":5},{"damage":38,"enemies":"Hexaghost","floor":16,"turns":10},{"damage":5,"enemies":"2 Thieves","floor":18,"turns":2},{"damage":10,"enemies":"Shell Parasite","floor":19,"turns":4},{"damage":20,"enemies":"Cultist and Chosen","floor":21,"turns":5},{"damage":0,"enemies":"Slavers","floor":24,"turns":2},{"damage":3,"enemies":"Snake Plant","floor":28,"turns":2},{"damage":0,"enemies":"Gremlin Leader","floor":29,"turns":2},{"damage":2,"enemies":"Snecko","floor":31,"turns":3},{"damage":2,"enemies":"Collector","floor":33,"turns":6},{"damage":9,"enemies":"3 Shapes","floor":35,"turns":3},{"damage":0,"enemies":"3 Darklings","floor":38,"turns":2},{"damage":18,"enemies":"Maw","floor":39,"turns":6},{"damage":51,"enemies":"Nemesis","floor":40,"turns":5},{"damage":8,"enemies":"Jaw Worm Horde","floor":42,"turns":2},{"damage":25,"enemies":"Giant Head","floor":46,"turns":6},{"damage":6,"enemies":"Writhing Mass","floor":47,"turns":3},{"damage":110,"enemies":"Awakened One","floor":50,"turns":7}],"seed_played":"5508199604525330941","potions_obtained":[{"floor":0,"key":"CausticAgent"},{"floor":2,"key":"Dexterity Potion"},{"floor":8,"key":"SteroidPotion"},{"floor":11,"key":"DuplicationPotion"},{"floor":12,"key":"LiquidMemories"},{"floor":20,"key":"DistilledChaos"},{"floor":29,"key":"Strength Potion"},{"floor":35,"key":"Regen Potion"},{"floor":42,"key":"CultistPotion"},{"floor":47,"key":"PowerPotion"}],"is_trial":false,"path_per_floor":["M","M","?","?","T","E","R","E","T","R","M","E","$","?","R","B",null,"M","M","?","M","$","?","E","?","T","R","M","E","$","M","R","B",null,"M","?","T","M","M","E","R","M","T","?","R","E","M","?","R","B"],"character_chosen":"YOUMU","items_purchased":["PreservedInsect","Membership Card","MealTicket","Centennial Puzzle","hubris:EvacipatedBox","Pen Nib","HellGodSword"],"campfire_rested":3,"item_purchase_floors":[13,13,22,22,22,30,30],"current_hp_per_floor":[71,70,58,51,51,24,48,48,48,48,46,33,33,33,57,19,80,75,65,65,45,6,6,6,6,6,30,27,27,42,40,40,40,80,71,71,71,73,57,29,29,23,23,23,23,19,27,80,80,0,0],"gold":349,"neow_bonus":"BOSS_RELIC","is_daily":false,"chose_seed":false,"campfire_upgraded":5,"win_rate":0.0,"timestamp":1612767086,"path_taken":["M","M","?","?","?","E","R","E","T","R","?","E","$","?","R","BOSS","M","M","?","M","?","?","E","?","T","R","?","E","?","M","R","BOSS","M","?","?","M","M","E","R","M","T","?","R","E","M","?","R","BOSS"],"items_purchased_type":["Relic","Relic","Relic","Relic","Relic","Relic","Card"],"build_version":"2020-12-22","purchased_purges":1,"victory":false,"max_hp_per_floor":[80,80,80,80,80,80,80,80,80,80,80,80,80,80,80,80,80,80,80,80,80,80,80,80,80,80,80,80,80,80,80,80,80,80,80,80,80,80,80,80,80,80,80,80,80,80,80,80,80,80,80],"card_choices":[{"not_picked":["CrescentMoonSlash","HeartExcerptSlash"],"picked":"SlashOfMeditation","floor":0},{"not_picked":["SwordExtraction","LowerRealmReflectionSlash"],"picked":"HumanKnowledgeSword","floor":1},{"not_picked":["LifeCuttingSword","AsTheSilentNirvana"],"picked":"EchoesOfTheInclemencyOfAllBeings","floor":2},{"not_picked":["ConstancyOfTheConventionalTruth","SanzenSekai"],"picked":"FlashingScatteredFlowers","floor":6},{"not_picked":["HumanKnowledgeSword","SlashOfDelusionalInnerEye"],"picked":"SwordOfBindingDesires","floor":8},{"not_picked":["SwordOfBindingDesires","ConstancyOfTheConventionalTruth"],"picked":"LotusPostureSlash","floor":11},{"not_picked":["FourBirthsSword","PreachingAvici"],"picked":"RapidSlash","floor":12},{"not_picked":["SlashOfSaigyouSpringWind","WickedSoul"],"picked":"SuddenDivineSeveringOfKarmicWind","floor":16},{"not_picked":["SpiritCuttingSword+1","DispleasureOfTheSevenHakus"],"picked":"SanzenSekai","floor":18},{"not_picked":["SwordExtraction","FiveSignsOfTheDyingDeva+1"],"picked":"SpiderLilyBurial","floor":19},{"not_picked":["SwordOfBindingDesires","SpiritCuttingSword+1"],"picked":"CherryBlossomFlashing+1","floor":21},{"not_picked":["SwordOfBindingDesires","SlashOfMeditation+1"],"picked":"TurningAngelCut","floor":24},{"not_picked":["ThreeKonsSevenHakus","GhostSword"],"picked":"CrescentMoonSlash+1","floor":28},{"not_picked":["DispleasureOfTheSevenHakus","EchoesOfTheInclemencyOfAllBeings+1"],"picked":"LifeCuttingSword+1","floor":29},{"not_picked":["SlashOfAscensionToBuddhahood","DispleasureOfTheSevenHakus"],"picked":"HellFireSword+1","floor":31},{"not_picked":["IrresoluteSoul","ASingleThoughtAndInfiniteKalpas"],"picked":"HellRealmSword","floor":33},{"not_picked":["SpiritCuttingSword","SanzenSekai"],"picked":"LifeCuttingSword+1","floor":35},{"not_picked":["HumanKnowledgeSword+1","ConstancyOfTheConventionalTruth"],"picked":"LowerRealmReflectionSlash","floor":38},{"not_picked":["LowerRealmReflectionSlash","SpiritCuttingSword+1"],"picked":"CherryBlossomFlashing+1","floor":39},{"not_picked":["TransmigrationSlash","CrescentMoonSlash"],"picked":"SlashOfSaigyouSpringWind","floor":40},{"not_picked":["CrescentMoonSlash","FlashingScatteredFlowers+1"],"picked":"DispleasureOfTheSevenHakus+1","floor":42},{"not_picked":["LifeCuttingSword","GhostSword"],"picked":"SlashOfDelusionalInnerEye","floor":46},{"not_picked":["LowerRealmReflectionSlash+1","SpiritCuttingSword","SwordOfBindingDesires"],"picked":"SKIP","floor":47}],"player_experience":11076,"relics_obtained":[{"floor":5,"key":"hubris:OldNail"},{"floor":6,"key":"Bird Faced Urn"},{"floor":8,"key":"WingedGreaves"},{"floor":9,"key":"hubris:TenFootPole"},{"floor":12,"key":"hubris:MedicalManual"},{"floor":24,"key":"Toy Ornithopter"},{"floor":26,"key":"hubris:GlazedTorus"},{"floor":29,"key":"Orichalcum"},{"floor":37,"key":"War Paint"},{"floor":40,"key":"HornCleat"},{"floor":43,"key":"Meat on the Bone"},{"floor":46,"key":"Anchor"}],"event_choices":[{"damage_healed":0,"gold_gain":0,"player_choice":"Success","damage_taken":12,"relics_obtained":["hubris:Reverence"],"max_hp_gain":0,"max_hp_loss":0,"event_name":"Scrap Ooze","floor":3,"gold_loss":0},{"cards_removed":["Strike_YM"],"damage_healed":0,"gold_gain":0,"player_choice":"Card Removal","damage_taken":7,"max_hp_gain":0,"max_hp_loss":0,"event_name":"Golden Wing","floor":4,"gold_loss":0},{"damage_healed":0,"gold_gain":0,"player_choice":"Box","damage_taken":0,"relics_obtained":["Vajra"],"max_hp_gain":0,"max_hp_loss":0,"event_name":"Big Fish","floor":14,"gold_loss":0,"cards_obtained":["Regret"]},{"damage_healed":0,"gold_gain":0,"player_choice":"Got Potions","damage_taken":0,"max_hp_gain":0,"max_hp_loss":0,"event_name":"Lab","floor":20,"gold_loss":0},{"damage_healed":0,"gold_gain":0,"player_choice":"Copied","damage_taken":0,"max_hp_gain":0,"max_hp_loss":0,"event_name":"Duplicator","floor":25,"gold_loss":0,"cards_obtained":["Defend_YM"]},{"cards_removed":["Defend_YM"],"damage_healed":0,"gold_gain":0,"player_choice":"Removed Skill","damage_taken":0,"max_hp_gain":0,"max_hp_loss":0,"event_name":"Falling","floor":36,"gold_loss":0},{"damage_healed":0,"gold_gain":0,"player_choice":"Ignored","damage_taken":0,"max_hp_gain":0,"max_hp_loss":0,"event_name":"OrinTheCat","floor":44,"gold_loss":0},{"damage_healed":53,"gold_gain":0,"player_choice":"Heal","damage_taken":0,"max_hp_gain":0,"max_hp_loss":0,"event_name":"MindBloom","floor":48,"gold_loss":0,"cards_obtained":["Doubt"]}],"is_beta":false,"boss_relics":[{"not_picked":["hubris:BlackHole","Busted Crown"],"picked":"hubris:GrandSneckoEye"},{"not_picked":["Empty Cage","hubris:ScarierMask","Sozu"],"picked":"Coffee Dripper"}],"items_purged_floors":[30],"is_endless":false,"potions_floor_spawned":[2,8,11,12,21,29,33,35,38,42,47],"killed_by":"Awakened One","ascension_level":1}}