{"host":"mydft8i2zzydgggw","time":1612752595,"event":{"mods":["AchievementEnabler","BaseMod","Colored Map","Colored Powertips","DeckTracker","Keyboard Shortcuts","Minty Spire (QoL Compilation)","Rare Cards Sparkle","StSLib","SuperFastMode","everything is the same but u backflip on backflip"],"gold_per_floor":[109,127,52,52,13,13,45,45,45,45,55,12,42,52,52,129,129,116,41,41,41,57,57,69,80,156,173,186,186,186],"floor_reached":29,"language":"KOR","playtime":700,"items_purged":["Strike_B"],"score":468,"play_id":"a079e68d-b863-447e-be6e-635780d37f33","local_time":"20210208114955","is_ascension_mode":true,"campfire_choices":[{"data":"Capacitor","floor":6,"key":"SMITH"},{"data":"Zap","floor":8,"key":"SMITH"},{"data":"Dualcast","floor":10,"key":"SMITH"},{"floor":15,"key":"REST"},{"data":"Echo Form","floor":23,"key":"SMITH"}],"circlet_count":0,"master_deck":["AscendersBane","Strike_B","Strike_B","Defend_B","Defend_B","Defend_B","Defend_B","Zap+1","Dualcast+1","Barrage","Go for the Eyes","Capacitor+1","Skim","Recycle","Leap","Coolheaded","Echo Form+1","Self Repair","Undo","Heatsinks","Streamline","Buffer"],"relics":["Cracked Core","NeowsBlessing","Symbiotic Virus","Singing Bowl","Pear","Sozu","Nloth\u0027s Gift","Kunai"],"acts_visited":["Exordium","TheCity"],"potions_floor_usage":[16,28,28],"damage_taken":[{"damage":0.0,"enemies":"Cultist","floor":1.0,"turns":1.0},{"damage":0.0,"enemies":"Jaw Worm","floor":2.0,"turns":1.0},{"damage":0,"enemies":"Gremlin Nob","floor":7,"turns":1},{"damage":11,"enemies":"Small Slimes","floor":11,"turns":3},{"damage":45,"enemies":"3 Sentries","floor":13,"turns":8},{"damage":7,"enemies":"2 Fungi Beasts","floor":14,"turns":4},{"damage":20,"enemies":"Slime Boss","floor":16,"turns":9},{"damage":23,"enemies":"2 Thieves","floor":18,"turns":5},{"damage":13,"enemies":"Spheric Guardian","floor":22,"turns":5},{"damage":26,"enemies":"Centurion and Healer","floor":24,"turns":8},{"damage":11,"enemies":"Chosen and Byrds","floor":25,"turns":10},{"damage":10,"enemies":"Cultist and Chosen","floor":27,"turns":6},{"damage":20,"enemies":"Centurion and Healer","floor":28,"turns":8},{"damage":22,"enemies":"Snake Plant","floor":29,"turns":4}],"seed_played":"-2269564650370731233","potions_obtained":[{"floor":11,"key":"DuplicationPotion"},{"floor":14,"key":"ColorlessPotion"},{"floor":16,"key":"FocusPotion"}],"is_trial":false,"path_per_floor":["M","M","?","T","$","R","E","R","T","R","M","$","E","M","R","B",null,"M","$","?","?","M","R","M","M","T","M","M","M"],"character_chosen":"DEFECT","items_purchased":["Capacitor","Recycle"],"campfire_rested":1,"item_purchase_floors":[5,12],"current_hp_per_floor":[64,64,64,64,64,64,64,64,64,64,55,55,20,13,37,17,67,46,46,46,46,40,40,21,24,24,23,17,0,0],"gold":186,"neow_bonus":"THREE_ENEMY_KILL","is_daily":false,"chose_seed":false,"campfire_upgraded":4,"win_rate":0.0,"timestamp":1612752595,"path_taken":["M","M","?","?","?","R","E","R","T","R","M","$","E","?","R","BOSS","M","$","?","?","M","R","M","M","T","M","?","M"],"items_purchased_type":["Card","Card"],"build_version":"2020-12-22","purchased_purges":1,"victory":false,"max_hp_per_floor":[71,71,71,71,71,71,71,71,71,71,73,73,83,83,83,83,83,85,85,85,85,85,85,85,85,85,87,87,87,87],"card_choices":[{"not_picked":["Rebound","Ball Lightning"],"picked":"Barrage","floor":1.0},{"not_picked":["Hologram","Steam"],"picked":"Go for the Eyes","floor":2},{"not_picked":["All For One","Leap"],"picked":"Skim","floor":7},{"not_picked":["Scrape","Stack","Rip and Tear"],"picked":"Singing Bowl","floor":11},{"not_picked":["Multi-Cast","Chill"],"picked":"Leap","floor":13},{"not_picked":["Lockon","Doom and Gloom"],"picked":"Coolheaded","floor":14},{"not_picked":["Rainbow","Fission"],"picked":"Echo Form","floor":16},{"not_picked":["Compile Driver","Gash","Cold Snap"],"picked":"Singing Bowl","floor":18},{"not_picked":["Go for the Eyes","Gash+1"],"picked":"Undo","floor":22},{"not_picked":["Sunder","Turbo"],"picked":"Heatsinks","floor":24},{"not_picked":["Sweeping Beam","Gash"],"picked":"Streamline","floor":25},{"not_picked":["Storm+1","Conserve Battery","Go for the Eyes"],"picked":"Singing Bowl","floor":27},{"not_picked":["Force Field","Hologram+1"],"picked":"Buffer","floor":28}],"player_experience":249309,"relics_obtained":[{"floor":4,"key":"Symbiotic Virus"},{"floor":7,"key":"Singing Bowl"},{"floor":9,"key":"Ornamental Fan"},{"floor":13,"key":"Pear"},{"floor":26,"key":"Kunai"}],"event_choices":[{"cards_removed":["Strike_B"],"damage_healed":0,"gold_gain":0,"player_choice":"Card Removal","damage_taken":0,"max_hp_gain":0,"max_hp_loss":0,"event_name":"The Cleric","floor":3,"gold_loss":75},{"damage_healed":0,"gold_gain":0,"player_choice":"Read","damage_taken":0,"max_hp_gain":0,"max_hp_loss":0,"event_name":"The Library","floor":20,"gold_loss":0,"cards_obtained":["Self Repair"]},{"damage_healed":0,"gold_gain":0,"player_choice":"Traded Relic","damage_taken":0,"relics_obtained":["Nloth\u0027s Gift"],"max_hp_gain":0,"max_hp_loss":0,"event_name":"N\u0027loth","floor":21,"relics_lost":["Ornamental Fan"],"gold_loss":0}],"is_beta":false,"boss_relics":[{"not_picked":["Calling Bell","Philosopher\u0027s Stone"],"picked":"Sozu"}],"items_purged_floors":[19],"is_endless":false,"potions_floor_spawned":[11,14,16,18,22,28],"killed_by":"Snake Plant","ascension_level":16}}