{"host":"3z4ju2qnfrhpg6py","time":1612770766,"event":{"mods":["Act Like it!","Arknights","BaseMod","Colored Powertips","Minty Spire (QoL Compilation)","Spicy Shops","StSLib","UnlockEverythingMod","Wide Potions","noobMod","¡¾ÒÅÎï¿¨ÅÆ¡¿REMEMod","É³µñ²ÄÖÊ°ümod"],"gold_per_floor":[109,109,126,126,136,168,168,65,114,147,164,195,195,222,222,324,324,339,339,339,350,97,124,139,65,65,79,107,107,32,58,58,153,153,172,77,77,77,90,125,125,155,155,155,173,199,214,546,546,546,546,546,22,49,49],"floor_reached":56,"language":"ZHS","playtime":2325,"items_purged":["ats:Defend","ats:Strike V"],"score":1681,"play_id":"de8886d5-5a87-4185-982f-5d78434beae8","local_time":"20210208155246","is_ascension_mode":true,"campfire_choices":[{"data":"ats:Emotion Absorption","floor":7,"key":"SMITH"},{"data":"ats:Blood Oath","floor":15,"key":"SMITH"},{"data":"ats:Serious Mode","floor":32,"key":"SMITH"},{"data":"1","floor":44,"key":"LIFT"},{"floor":49,"key":"RECALL"},{"data":"2","floor":52,"key":"LIFT"}],"circlet_count":0,"master_deck":["ats:Strike C","ats:Strike G","ats:Armor Crushing Shot","ats:Defend","ats:Defend","ats:Emotion Absorption+1","REME_ProfessionalPlagiarism","ats:Leaping Hammer+1","ats:Magnetic Hammer","ats:Charging Defense","ats:Cat Scratch+1","ats:Chain Hook","ats:Shell Defense","ats:Hook Shot","ats:Calcification","ats:Blood Oath+1","ats:True Silver Slash","ats:Powerful Strike","ats:Serious Mode+1","ats:Blood Oath+1","ats:Blood Oath+1","ats:Nebulous Foxfire","ats:Red Shift+1","ats:Shadow Assault","CurseOfTheBell","ats:Curse Doll+1","ats:Ignite","Madness","Madness","ats:Consecutive Shot Auto+1","ats:Flexible Camouflage+1","ats:Demon Strength","ats:Blood Oath+1","ats:Flexible Camouflage+1","ats:Support Order+1","ats:Sword Rain+1","ats:Demon Strength","ats:Literary Storm+1"],"relics":["ats:Sanity","REME_ComplimentaryCards","ice","ats:Originium","Akabeko","Boot","ats:Lavender","ats:Rhine Circuitry","ats:Military Tradition","Coffee Dripper","Oddly Smooth Stone","Singing Bowl","OrangePellets","Gremlin Horn","Tiny Chest","Matryoshka","Question Card","Calling Bell","Centennial Puzzle","Darkstone Periapt","Girya","REME_CardOfGreed","Happy Flower","PreservedInsect","Pear","ats:Omniscience","Letter Opener","Ornamental Fan","Vajra","Old Coin","Whetstone","InkBottle","ats:Emergency Defibrillator"],"acts_visited":["Exordium","TheCity","TheBeyond","TheEnding"],"potions_floor_usage":[],"damage_taken":[{"damage":11,"enemies":"ats:Genji","floor":1,"turns":4},{"damage":6,"enemies":"Small Slimes","floor":3,"turns":3},{"damage":6,"enemies":"Cultist","floor":5,"turns":3},{"damage":48,"enemies":"Gremlin Nob","floor":6,"turns":6},{"damage":17,"enemies":"3 Sentries","floor":10,"turns":5},{"damage":5,"enemies":"Blue Slaver","floor":11,"turns":3},{"damage":10,"enemies":"Gremlin Nob","floor":12,"turns":3},{"damage":20,"enemies":"Lagavulin","floor":14,"turns":6},{"damage":12,"enemies":"Slime Boss","floor":16,"turns":11},{"damage":10,"enemies":"Spheric Guardian","floor":18,"turns":3},{"damage":6,"enemies":"Chosen","floor":21,"turns":3},{"damage":33,"enemies":"Gremlin Leader","floor":23,"turns":6},{"damage":22,"enemies":"Centurion and Healer","floor":24,"turns":4},{"damage":0,"enemies":"Chosen and Byrds","floor":27,"turns":4},{"damage":68,"enemies":"REME_1_Revenger","floor":28,"turns":4},{"damage":19,"enemies":"Book of Stabbing","floor":31,"turns":4},{"damage":34,"enemies":"Collector","floor":33,"turns":4},{"damage":0,"enemies":"Orb Walker","floor":35,"turns":2},{"damage":6,"enemies":"3 Shapes","floor":39,"turns":1},{"damage":12,"enemies":"Reptomancer","floor":40,"turns":2},{"damage":1,"enemies":"Giant Head","floor":42,"turns":3},{"damage":0,"enemies":"Jaw Worm Horde","floor":45,"turns":1},{"damage":0,"enemies":"Nemesis","floor":46,"turns":2},{"damage":0,"enemies":"4 Shapes","floor":47,"turns":2},{"damage":0,"enemies":"Reptomancer","floor":48,"turns":2},{"damage":0,"enemies":"Time Eater","floor":50,"turns":3},{"damage":0,"enemies":"Shield and Spear","floor":54,"turns":2},{"damage":39,"enemies":"The Heart","floor":55,"turns":4}],"seed_played":"-2006477356369268847","potions_obtained":[{"floor":5,"key":"ats:Top Emergency Sanity Potion"},{"floor":11,"key":"Dexterity Potion"},{"floor":14,"key":"Energy Potion"}],"is_trial":false,"path_per_floor":["M","?","M","?","M","E","R","$","T","E","M","E","?","E","R","B",null,"M","?","?","M","$","E","M","$","T","M","E","T","?","E","R","B",null,"M","$","?","T","M","E","?","E","T","R","M","E","M","E","R","B",null,"R","$","E","B",null],"character_chosen":"DOCTOR_CLASS","items_purchased":["ats:Chain Hook","Oddly Smooth Stone","OrangePellets","ats:Ignite","REME_CardOfGreed","ats:Demon Strength","Whetstone","InkBottle"],"campfire_rested":0,"item_purchase_floors":[8,22,25,36,36,53,53,53],"current_hp_per_floor":[61,66,60,60,54,77,77,77,77,60,57,47,29,16,16,33,92,87,87,87,83,83,63,50,50,50,63,9,9,9,12,12,118,122,123,123,108,108,107,119,119,136,136,136,136,138,144,146,146,150,150,150,150,150,142],"gold":49,"neow_bonus":"ONE_RANDOM_RARE_CARD","is_daily":false,"chose_seed":false,"campfire_upgraded":3,"win_rate":0.0,"timestamp":1612770766,"path_taken":["M","?","M","?","?","E","R","$","T","E","M","E","?","E","R","BOSS","M","?","?","M","$","E","M","?","T","M","E","?","?","E","R","BOSS","M","$","?","?","M","E","?","E","T","R","M","E","M","E","R","BOSS","R","$","E","BOSS"],"items_purchased_type":["Card","Relic","Relic","Card","Relic","Card","Relic","Relic"],"build_version":"2020-12-22","purchased_purges":2,"victory":true,"max_hp_per_floor":[72,77,77,77,77,77,77,77,77,81,83,84,84,86,86,92,92,93,93,93,95,95,101,106,106,106,109,111,111,111,117,117,122,122,123,123,123,123,125,137,137,138,138,138,138,141,146,146,146,150,150,150,150,153,197],"card_choices":[{"not_picked":["ats:Revitalization","ats:Explosion Area Strengthen"],"picked":"ats:Leaping Hammer","floor":1},{"not_picked":["ats:Song Of Battle","ats:Soul Absorption"],"picked":"ats:Magnetic Hammer","floor":3},{"not_picked":["ats:Guardian Obelisk","ats:Curse Doll"],"picked":"ats:Charging Defense","floor":5},{"not_picked":["ats:Encircling Forest","ats:Flame Of Heaven"],"picked":"ats:Cat Scratch","floor":6},{"not_picked":["ats:Sword Rain","ats:Absolute Focus"],"picked":"ats:Shell Defense","floor":10},{"not_picked":["ats:Poison Spread","ats:Literary Storm"],"picked":"ats:Hook Shot","floor":11},{"not_picked":["ats:Fractured Body","ats:Healing Strengthening"],"picked":"ats:Calcification","floor":12},{"not_picked":["ats:Poison Spread","ats:Explosion Area Strengthen"],"picked":"ats:Blood Oath","floor":14},{"not_picked":["ats:Roar Of Ursus","ats:Rat Pack"],"picked":"ats:True Silver Slash","floor":16},{"not_picked":["ats:Beaten Up","ats:Very Hot Blade"],"picked":"ats:Powerful Strike","floor":18},{"not_picked":["ats:Curse Doll","ats:Directed Diagnosis","ats:Shell Defense"],"picked":"SKIP","floor":21},{"not_picked":["ats:Chain Hook","ats:Flexible Camouflage","ats:Charging Defense"],"picked":"Singing Bowl","floor":23},{"not_picked":["ats:Mental Burst","ats:Very Hot Blade+1"],"picked":"ats:Blood Oath+1","floor":24},{"not_picked":["ats:Mental Burst+1","ats:Revitalization"],"picked":"ats:Blood Oath+1","floor":27},{"not_picked":["ats:Disruption Kick","ats:Closed Bolt Burst Fire"],"picked":"ats:Nebulous Foxfire","floor":28},{"not_picked":["ats:Phantom","ats:Apocalypse"],"picked":"ats:Red Shift+1","floor":31},{"not_picked":["ats:Fractured Body","ats:Echo Reverb","ats:Disruption Kick"],"picked":"ats:Shadow Assault","floor":33},{"not_picked":["ats:Flexible Camouflage","ats:Sword Rain","ats:Explosion Area Strengthen"],"picked":"ats:Curse Doll+1","floor":35},{"not_picked":["ats:Charging Defense+1","ats:Rat Pack","ats:Apocalypse"],"picked":"ats:Consecutive Shot Auto+1","floor":39},{"not_picked":["ats:Directed Diagnosis+1","ats:Absolute Focus","ats:Disruption Kick"],"picked":"ats:Flexible Camouflage+1","floor":40},{"not_picked":["ats:Sword Rain","ats:Blood Oath","ats:Rapid Magazine+1"],"picked":"ats:Demon Strength","floor":42},{"not_picked":["ats:Shell Defense","ats:Sunburst+1","ats:Curse Doll+1"],"picked":"ats:Blood Oath+1","floor":45},{"not_picked":["ats:Defend Order","ats:Shell Defense+1","ats:Healing Strengthening"],"picked":"ats:Flexible Camouflage+1","floor":46},{"not_picked":["ats:Leaping Hammer","ats:Curse Doll","ats:Very Hot Blade+1"],"picked":"ats:Support Order+1","floor":47},{"not_picked":["ats:Song Of Battle","ats:Guardian Obelisk+1","ats:Absolute Focus"],"picked":"ats:Sword Rain+1","floor":48},{"not_picked":["ats:Explosion Area Strengthen","ats:Flame Of Heaven+1","ats:LN2 Cannon"],"picked":"ats:Literary Storm+1","floor":54}],"player_experience":6725,"relics_obtained":[{"floor":6,"key":"ats:Originium"},{"floor":6,"key":"Akabeko"},{"floor":10,"key":"ats:Originium"},{"floor":10,"key":"Boot"},{"floor":12,"key":"ats:Originium"},{"floor":12,"key":"ats:Lavender"},{"floor":14,"key":"ats:Originium"},{"floor":14,"key":"ats:Military Tradition"},{"floor":23,"key":"Singing Bowl"},{"floor":26,"key":"Gremlin Horn"},{"floor":28,"key":"Tiny Chest"},{"floor":29,"key":"Matryoshka"},{"floor":31,"key":"Question Card"},{"floor":34,"key":"Centennial Puzzle"},{"floor":34,"key":"Darkstone Periapt"},{"floor":34,"key":"Girya"},{"floor":38,"key":"Happy Flower"},{"floor":38,"key":"PreservedInsect"},{"floor":40,"key":"Pear"},{"floor":42,"key":"ats:Omniscience"},{"floor":43,"key":"Letter Opener"},{"floor":43,"key":"Ornamental Fan"},{"floor":46,"key":"Vajra"},{"floor":48,"key":"Old Coin"},{"floor":54,"key":"ats:Emergency Defibrillator"}],"event_choices":[{"damage_healed":0,"gold_gain":0,"player_choice":"Donut","damage_taken":0,"max_hp_gain":5,"max_hp_loss":0,"event_name":"Big Fish","floor":2,"gold_loss":0},{"cards_removed":["ats:Fractured Body"],"damage_healed":0,"gold_gain":0,"player_choice":"Purged","damage_taken":0,"max_hp_gain":0,"max_hp_loss":0,"event_name":"Purifier","floor":4,"gold_loss":0},{"damage_healed":0,"gold_gain":0,"player_choice":"Success","damage_taken":18,"relics_obtained":["ats:Rhine Circuitry"],"max_hp_gain":0,"max_hp_loss":0,"event_name":"Scrap Ooze","floor":13,"gold_loss":0},{"damage_healed":0,"gold_gain":0,"player_choice":"Ignored","damage_taken":0,"max_hp_gain":0,"max_hp_loss":0,"event_name":"Ghosts","floor":19,"gold_loss":0},{"damage_healed":0,"gold_gain":0,"player_choice":"Read","damage_taken":0,"max_hp_gain":0,"max_hp_loss":0,"event_name":"The Library","floor":20,"gold_loss":0,"cards_obtained":["ats:Serious Mode"]},{"cards_removed":["ats:Defend"],"damage_healed":0,"gold_gain":0,"player_choice":"Gave Gold","damage_taken":0,"max_hp_gain":0,"max_hp_loss":0,"event_name":"Beggar","floor":30,"gold_loss":75},{"damage_healed":0,"gold_gain":0,"player_choice":"Embrace Madness","damage_taken":15,"max_hp_gain":0,"max_hp_loss":0,"event_name":"Winding Halls","floor":37,"gold_loss":0,"cards_obtained":["Madness","Madness"]},{"cards_removed":["ats:Strike S"],"damage_healed":0,"gold_gain":0,"player_choice":"Removed Attack","damage_taken":0,"max_hp_gain":0,"max_hp_loss":0,"event_name":"Falling","floor":41,"gold_loss":0}],"is_beta":false,"boss_relics":[{"not_picked":["Empty Cage","REME_DuelDisc"],"picked":"Coffee Dripper"},{"not_picked":["Runic Dome","REME_LowDesire"],"picked":"Calling Bell"}],"items_purged_floors":[22,22],"is_endless":false,"potions_floor_spawned":[5,11,12,14,16,18,24,28,33,40,45,46],"ascension_level":1}}