{"host":"njruw0b0uprlitpx","time":1612749479,"event":{"mods":["2.2 Compatiblity","Act Like it!","Aspiration","Bartender","BaseMod","Better Altar","Better Match","Better Note","Better Sensory Stone","Better Skull","Better Third Choice","BetterRewards","Block Reminder","Colored Map","Colored Powertips","Curses Come First","Energized Spire","Hallownest","Jedi Mod","Keyboard Shortcuts","Magitek Elite","Minty Spire (QoL Compilation)","Quick Restart","Rare Cards Sparkle","Relic Stats","Replay The Spire","SacredBarkPlus","Spicy Shops","StSLib","SuperFastMode","The Blackbeard"],"gold_per_floor":[119,119,19,32,49,76,76,88,88,88,99,45,45,0,0,104,104,123,137,137,137,45,72,72,89,89,102,133,133,153,173,173,271,271,285,112,125,175,175,175,201,201,226,246,272,292,292,308,308,308],"floor_reached":51,"language":"ENG","playtime":1708,"items_purged":[],"score":1757,"play_id":"c2878e4b-957a-41fd-856c-cb5e2edd7087","local_time":"20210207195759","is_ascension_mode":true,"campfire_choices":[{"floor":7,"key":"REST"},{"data":"Fire2","floor":10,"key":"SMITH"},{"data":"Thunder_P","floor":15,"key":"SMITH"},{"data":"Blizzard_P","floor":24,"key":"SMITH"},{"data":"Blizzard_P","floor":29,"key":"SMITH"},{"data":"Thunder_P","floor":32,"key":"SMITH"},{"data":"Thousand_Needles","floor":40,"key":"SMITH"},{"data":"Minerva_Bustier","floor":42,"key":"SMITH"},{"data":"Fire2","floor":47,"key":"SMITH"},{"data":"Aero","floor":49,"key":"SMITH"}],"circlet_count":0,"master_deck":["AscendersBane","Strike_L","Strike_L","Strike_L","Strike_L","Defend_L","Defend_L+1","Defend_L","Fire2","Cure","Shell+1","Protect_M+1","Slow","Man_Eater","Blood_Hilt+1","Faith+1","Thunder_Blade","Aero","Thunder_P+2","Trance+1","Minerva_Bustier+1","Blizzard_P+2","Icebrand","Trance+1","Astra+1","Water","Hallucinations","Trance+1","Icebrand+1","Magnus_Hat","Wall+1","Faith+1","Rune_Blade+1","Thousand_Needles+1","Blizzard_P+2","Falchion","Hallucinations","Hallucinations","Transfusion","Rasp+1","Writhe","Focus","Trance+1","Trance+1","Fire2+2","Trance+1","Rune_Blade+1","Break+1","Aero","Parasite","Thunder_P","Thunder_P"],"relics":["Pendant","Frozen Egg 2","StoneCalendar","Lee\u0027s Waffle","HornCleat","Chemical X","Turnip","Strawberry","Orrery","Replay:Grab Bag","energizedSpire:MagnifyingGlass","Sozu","Gem_Box","ReplayTheSpireMod:CursedCoin","Onion Ring","jedi:arcanewood","Protect_Vest","Vajra","Memories","Replay:Baseball","TungstenRod","War Paint","Replay:Mystery Machine","Bag of Preparation"],"acts_visited":["Exordium","TheCity","TheBeyond"],"potions_floor_usage":[6,16,16],"damage_taken":[{"damage":4,"enemies":"Jaw Worm","floor":1,"turns":4},{"damage":5,"enemies":"2 Louse","floor":4,"turns":4},{"damage":7,"enemies":"Cultist","floor":5,"turns":4},{"damage":12,"enemies":"3 Sentries","floor":6,"turns":7},{"damage":7,"enemies":"2 Fungi Beasts","floor":8,"turns":5},{"damage":15,"enemies":"3 Louse","floor":11,"turns":3},{"damage":10,"enemies":"Hexaghost","floor":16,"turns":5},{"damage":3,"enemies":"3 Byrds","floor":18,"turns":5},{"damage":0,"enemies":"Chosen","floor":19,"turns":4},{"damage":0,"enemies":"Gremlin Leader","floor":23,"turns":2},{"damage":0,"enemies":"Snake Plant","floor":25,"turns":2},{"damage":23,"enemies":"Chosen and Byrds","floor":27,"turns":5},{"damage":0,"enemies":"Replay:Snechameleon","floor":28,"turns":3},{"damage":0,"enemies":"Sentry and Sphere","floor":30,"turns":2},{"damage":0,"enemies":"Centurion and Healer","floor":31,"turns":4},{"damage":84,"enemies":"Champ","floor":33,"turns":8},{"damage":0,"enemies":"3 Shapes","floor":35,"turns":3},{"damage":17,"enemies":"3 Darklings","floor":37,"turns":3},{"damage":5,"enemies":"Mind Bloom Boss Battle","floor":38,"turns":5},{"damage":18,"enemies":"R_Hoarder","floor":41,"turns":5},{"damage":0,"enemies":"Maw","floor":44,"turns":6},{"damage":0,"enemies":"Reptomancer","floor":45,"turns":6},{"damage":0,"enemies":"Writhing Mass","floor":46,"turns":5},{"damage":6,"enemies":"4 Shapes","floor":48,"turns":5},{"damage":16,"enemies":"Time Eater","floor":50,"turns":4}],"seed_played":"-777427869858418227","potions_obtained":[{"floor":4,"key":"Swift Potion"},{"floor":8,"key":"Ancient Potion"}],"is_trial":false,"path_per_floor":["M","?","$","M","M","E","R","M","T","R","M","$","?","$","R","B",null,"M","M","?","?","$","E","R","M","T","M","E","R","M","M","R","B",null,"M","$","M","?","?","R","E","R","T","M","E","M","R","M","R","B",null],"character_chosen":"MAGITEKELITE","items_purchased":["Frozen Egg 2","Lee\u0027s Waffle","HornCleat","Chemical X","Shell+1","CultistPotion","Thunder_Blade","Orrery","Icebrand","ReplayTheSpireMod:CursedCoin","Onion Ring","Replay:Baseball","Falchion"],"campfire_rested":1,"item_purchase_floors":[0,0,0,0,0,3,12,12,14,22,22,36,36],"current_hp_per_floor":[70,63,63,64,57,51,70,65,72,72,69,69,69,69,69,63,74,77,77,77,77,77,77,77,77,77,68,68,68,68,68,68,53,71,71,71,54,53,72,72,61,61,61,61,73,73,73,67,67,51],"gold":308,"neow_bonus":"","is_daily":false,"chose_seed":false,"campfire_upgraded":9,"win_rate":0.0,"timestamp":1612749479,"path_taken":["M","?","?","M","?","E","R","M","T","R","M","$","?","$","R","BOSS","M","M","?","?","$","E","R","?","T","M","E","R","M","M","R","BOSS","M","$","M","?","?","R","E","R","T","M","E","M","R","?","R","BOSS"],"items_purchased_type":["Relic","Relic","Relic","Relic","Card","Potion","Card","Relic","Card","Relic","Relic","Relic","Card"],"build_version":"2020-12-22","purchased_purges":0,"victory":true,"max_hp_per_floor":[70,70,70,70,70,70,70,70,77,77,77,77,77,77,77,77,77,77,77,77,77,77,77,77,77,77,77,77,77,77,77,77,77,77,77,77,77,77,77,77,77,77,77,77,77,77,77,77,77,77],"relic_stats":{"Sozu":25,"Lee\u0027s Waffle":13,"counters":[75,303],"StoneCalendar":[118],"Turnip":[15],"Bag of Preparation":[6],"Chemical X":[46],"War Paint":["Wall","Defend_L"],"obtain_stats":[{"Calipers":0,"Vajra":37,"Bottled Tornado":12,"Blood Vial":6,"Sozu":17,"Lizard Tail":43,"HornCleat":0,"jedi:paperlyon":34,"Strawberry":0,"Prayer Wheel":26,"Iron Hammer":8,"Kunai":26,"Memories":34,"Sneakers":0,"Pear":37,"ReplayTheSpireMod:CursedCoin":14,"Dead Branch":40,"Counterbalance":42,"Replay:Grab Bag":17,"Letter Opener":9,"War Paint":41,"jedi:HeartOfTheCards":0,"jedi:heavyjacket":48,"Replay:Baseball":36,"Onion Ring":42,"energizedSpire:MagnifyingGlass":17,"StrikeDummy":31,"Darkstone Periapt":43,"Lantern":43,"StoneCalendar":0,"Juzu Bracelet":0,"Bag of Preparation":45,"jedi:archwizardhat":0,"Replay:Mystery Machine":43,"White_Cape":42,"Dream Catcher":46,"Red Mask":24,"energizedSpire:HugeHouse":34,"Chemical X":0,"Guardian:BottledAnomaly":37,"Replay:Bottled Eggs":37,"Gremlin Food":22,"BargainBundle":42,"Lee\u0027s Waffle":0,"ReplayTheSpireMod:Ninjato":19,"NeowsBlessing":0,"Guide Book":37,"Quantum Egg":9,"Protect_Vest":26,"Frozen Egg 2":3,"energizedSpire:DeadBattery":17,"White Beast Statue":23,"Mercury Hourglass":20,"Anchor":42,"Pendant":0,"Orrery":0,"Turnip":31,"Bag of Marbles":41,"Membership Card":14,"Gem_Box":17,"hexamod:BolsterEngine":13,"ReplayTheSpireMod:Lightbulb":24,"jedi:arcanewood":23,"TungstenRod":38},{"Calipers":29,"Vajra":17,"Bottled Tornado":34,"Blood Vial":4,"Sozu":37,"Lizard Tail":21,"HornCleat":50,"jedi:paperlyon":16,"Strawberry":29,"Prayer Wheel":40,"Iron Hammer":32,"Kunai":10,"Memories":66,"Sneakers":0,"Pear":45,"ReplayTheSpireMod:CursedCoin":6,"Dead Branch":20,"Counterbalance":21,"Replay:Grab Bag":57,"Letter Opener":4,"War Paint":70,"jedi:HeartOfTheCards":29,"jedi:heavyjacket":28,"Replay:Baseball":67,"Onion Ring":24,"energizedSpire:MagnifyingGlass":57,"StrikeDummy":15,"Darkstone Periapt":46,"Lantern":24,"StoneCalendar":50,"Juzu Bracelet":29,"Bag of Preparation":72,"jedi:archwizardhat":29,"Replay:Mystery Machine":70,"White_Cape":24,"Dream Catcher":22,"Red Mask":10,"energizedSpire:HugeHouse":44,"Chemical X":50,"Guardian:BottledAnomaly":17,"Replay:Bottled Eggs":17,"Gremlin Food":39,"BargainBundle":24,"Lee\u0027s Waffle":50,"ReplayTheSpireMod:Ninjato":8,"NeowsBlessing":0,"Guide Book":23,"Quantum Egg":32,"Protect_Vest":61,"Frozen Egg 2":30,"energizedSpire:DeadBattery":7,"White Beast Statue":40,"Mercury Hourglass":8,"Anchor":24,"Pendant":0,"Orrery":29,"Turnip":15,"Bag of Marbles":24,"Membership Card":6,"Gem_Box":57,"hexamod:BolsterEngine":6,"ReplayTheSpireMod:Lightbulb":40,"jedi:arcanewood":60,"TungstenRod":69},{"Calipers":106,"Vajra":58,"Bottled Tornado":128,"Blood Vial":12,"Sozu":141,"Lizard Tail":67,"HornCleat":194,"jedi:paperlyon":56,"Strawberry":106,"Prayer Wheel":151,"Iron Hammer":119,"Kunai":39,"Memories":261,"Sneakers":0,"Pear":174,"ReplayTheSpireMod:CursedCoin":22,"Dead Branch":64,"Counterbalance":67,"Replay:Grab Bag":226,"Letter Opener":12,"War Paint":277,"jedi:HeartOfTheCards":106,"jedi:heavyjacket":98,"Replay:Baseball":264,"Onion Ring":81,"energizedSpire:MagnifyingGlass":226,"StrikeDummy":52,"Darkstone Periapt":175,"Lantern":81,"StoneCalendar":194,"Juzu Bracelet":106,"Bag of Preparation":289,"jedi:archwizardhat":106,"Replay:Mystery Machine":277,"White_Cape":81,"Dream Catcher":70,"Red Mask":39,"energizedSpire:HugeHouse":172,"Chemical X":194,"Guardian:BottledAnomaly":58,"Replay:Bottled Eggs":58,"Gremlin Food":147,"BargainBundle":81,"Lee\u0027s Waffle":194,"ReplayTheSpireMod:Ninjato":34,"NeowsBlessing":0,"Guide Book":73,"Quantum Egg":119,"Protect_Vest":239,"Frozen Egg 2":110,"energizedSpire:DeadBattery":31,"White Beast Statue":151,"Mercury Hourglass":34,"Anchor":81,"Pendant":0,"Orrery":106,"Turnip":52,"Bag of Marbles":81,"Membership Card":22,"Gem_Box":226,"hexamod:BolsterEngine":22,"ReplayTheSpireMod:Lightbulb":151,"jedi:arcanewood":237,"TungstenRod":272}],"TungstenRod":4},"card_choices":[{"not_picked":["Gaia_Gear","Barrier"],"picked":"Protect_M+1","floor":1},{"not_picked":["Transfusion","Mythril_Knife"],"picked":"Slow","floor":4},{"not_picked":["Mythril_Knife","Heavy_Shield"],"picked":"Man_Eater","floor":5},{"not_picked":["Flare","Quake"],"picked":"Blood_Hilt+1","floor":6},{"not_picked":["Crystal_Sword","Circlet"],"picked":"Faith+1","floor":8},{"not_picked":["Transpose_P+1","Flare","Crystal_Sword"],"picked":"SKIP","floor":11},{"not_picked":["Man_Eater","Shell+1"],"picked":"Aero","floor":12},{"not_picked":["Throw","Poisona"],"picked":"Thunder_P","floor":12},{"not_picked":["Thunder_P","Thornlet"],"picked":"Trance+1","floor":12},{"not_picked":["Magnus_Hat","Astra"],"picked":"Minerva_Bustier","floor":12},{"not_picked":["Meltdown","Aero"],"picked":"Blizzard_P","floor":12},{"not_picked":["Mystery_Veil","Diamond_Shield2"],"picked":"Trance+1","floor":16},{"not_picked":["Crystal_Sword","Minerva_Bustier"],"picked":"Astra+1","floor":18},{"not_picked":["Tornado+1","Aero"],"picked":"Water","floor":19},{"not_picked":["Poisona","Astra"],"picked":"Trance+1","floor":23},{"not_picked":["Balance+1","Magus_Robe"],"picked":"Icebrand+1","floor":25},{"not_picked":["Circlet","Throw"],"picked":"Magnus_Hat","floor":27},{"not_picked":["Icebrand","Shell+1"],"picked":"Wall","floor":28},{"not_picked":["Haste+1","Focus"],"picked":"Faith+1","floor":30},{"not_picked":["Crystal_Sword","Falchion"],"picked":"Rune_Blade+1","floor":31},{"not_picked":["Reflect+1","Quick"],"picked":"Thousand_Needles","floor":33},{"not_picked":["Barrier","Transpose_P+1","Magnus_Hat+1"],"picked":"SKIP","floor":35},{"not_picked":["Crystal_Sword","Throw"],"picked":"Transfusion","floor":37},{"not_picked":["Man_Eater+1","Break+1"],"picked":"Rasp+1","floor":38},{"not_picked":["Wall","Thornlet+1"],"picked":"Focus","floor":41},{"not_picked":["Poisona","Magnus_Hat"],"picked":"Break+1","floor":44},{"not_picked":["Wall","Thunder_Blade"],"picked":"Aero","floor":45},{"not_picked":["Magus_Robe","Minerva_Bustier+1"],"picked":"Thunder_P","floor":46},{"not_picked":["Gaia_Gear+1","Thunder_Blade+1"],"picked":"Thunder_P","floor":48}],"player_experience":1251352,"relics_obtained":[{"floor":6,"key":"Turnip"},{"floor":9,"key":"Strawberry"},{"floor":23,"key":"jedi:arcanewood"},{"floor":26,"key":"Protect_Vest"},{"floor":28,"key":"Vajra"},{"floor":38,"key":"TungstenRod"},{"floor":41,"key":"War Paint"},{"floor":43,"key":"Replay:Mystery Machine"},{"floor":45,"key":"Bag of Preparation"}],"event_choices":[{"cards_removed":["Defend_L"],"damage_healed":0,"gold_gain":0,"player_choice":"Card Removal","damage_taken":7,"max_hp_gain":0,"max_hp_loss":0,"event_name":"Golden Wing","floor":2,"gold_loss":0},{"damage_healed":0,"gold_gain":1,"player_choice":"1","damage_taken":0,"max_hp_gain":0,"max_hp_loss":0,"event_name":"betterStone:BetterStone","floor":13,"gold_loss":0},{"cards_removed":["Faith"],"damage_healed":0,"gold_gain":0,"player_choice":"Give","damage_taken":0,"max_hp_gain":0,"max_hp_loss":0,"event_name":"betterNote:BetterNote","floor":20,"gold_loss":0,"cards_obtained":["None"]},{"cards_removed":["Defend_L"],"damage_healed":0,"gold_gain":0,"player_choice":"Offered Basic","damage_taken":0,"max_hp_gain":0,"max_hp_loss":0,"event_name":"Bonfire Elementals","floor":21,"gold_loss":0},{"damage_healed":0,"gold_gain":0,"player_choice":"Fight","damage_taken":0,"max_hp_gain":0,"max_hp_loss":0,"event_name":"MindBloom","floor":38,"gold_loss":0},{"damage_healed":19,"gold_gain":0,"player_choice":"Writhe","damage_taken":0,"max_hp_gain":0,"max_hp_loss":0,"event_name":"Winding Halls","floor":39,"gold_loss":0,"cards_obtained":["Writhe"]}],"is_beta":false,"boss_relics":[{"not_picked":["Replay:Bronze Core","Abe\u0027s Treasure"],"picked":"Replay:Grab Bag"},{"not_picked":["Velvet Choker","Ectoplasm"],"picked":"energizedSpire:MagnifyingGlass"},{"not_picked":["energizedSpire:StickyHand","ChewingGum"],"picked":"Sozu"},{"not_picked":["Calling Bell","aspiration:RitualDagger"],"picked":"Gem_Box"},{"not_picked":["aspiration:SecretTechniqueScroll","Tiny House"],"picked":"Memories"}],"items_purged_floors":[],"is_endless":false,"potions_floor_spawned":[4,8,23,27,30,31,37,38,48],"ascension_level":11}}