{"host":"hf83sijwe64ts2lm","time":1612826343,"event":{"mods":["2.2 Compatiblity","BaseMod","Better Altar","Better Match","Better Note","Better Sensory Stone","Better Skull","Better Third Choice","Colored Map","Colored Powertips","Highlight Path","Hubris","Infinite Spire","Minty Spire (QoL Compilation)","Quick Restart","Rare Cards Sparkle","Relic Stats","Reliquary","Replay The Spire","Shop Mod","Spicy Shops","Spire Arcade","StSLib","Thieving Mod"],"gold_per_floor":[116,116,116,130,143,170,170,195,195,195,213,213,213,229,229,324,324,341,341,341,361,361,396,396,10,10,30,30,30,30,59,59,158,158,176,187,205,215,215,215,13,13,13,13,103,103,119,131,131,131,131],"floor_reached":50,"language":"ENG","playtime":1365,"items_purged":[],"score":844,"play_id":"665d2e67-6581-4cc9-b136-6d681c7a834f","local_time":"20210208181903","is_ascension_mode":true,"campfire_choices":[{"floor":7.0,"key":"REST"},{"floor":10.0,"key":"REST"},{"floor":12.0,"key":"RECALL"},{"data":"hubris:PowerSurge","floor":15.0,"key":"SMITH"},{"data":"Zap","floor":24.0,"key":"SMITH"},{"data":"Amplify","floor":30.0,"key":"SMITH"},{"data":"Static Discharge","floor":32,"key":"SMITH"},{"floor":40,"key":"REST"},{"floor":42,"key":"REST"},{"floor":44,"key":"REST"},{"data":"Static Discharge","floor":46,"key":"SMITH"},{"data":"hubris:PowerSurge","floor":49,"key":"SMITH"}],"circlet_count":0,"master_deck":["Strike_B","Strike_B","Strike_B","Strike_B","Defend_B","Defend_B","Defend_B+1","Defend_B","Zap+1","Dualcast","Coolheaded","ReplayTheSpireMod:Black Plague+1","hubris:PowerSurge+1","Gash","Melter","Melter","hubris:PowerSurge+1","Ball Lightning","hubris:Ukulele","Amplify+1","Cold Snap+1","Static Discharge+1","Self Repair+1","Static Discharge+1","Leap","Coolheaded+1","Rainbow","Streamline","Redo+1","hubris:PowerSurge+1","Stack","Barrage","Heatsinks+1","hubris:PowerSurge+1","Double Energy+1","Leap+1"],"relics":["Cracked Core","Centennial Puzzle","reliquary:SharkskinSheath","Gambling Chip","GremlinMask","hubris:Icosahedron","ReplayFunnel","Ice Cream","Replay:Bottled Flurry","Pondfish Scales","hubris:Towel","infinitespire:FocusingShard","SacredBark","Raider\u0027s Mask","Prayer Wheel"],"acts_visited":["Exordium","TheCity","TheBeyond"],"potions_floor_usage":[35,50],"damage_taken":[{"damage":8.0,"enemies":"2 Louse","floor":1.0,"turns":2.0},{"damage":0.0,"enemies":"Cultist","floor":4.0,"turns":3.0},{"damage":0.0,"enemies":"Small Slimes","floor":5.0,"turns":2.0},{"damage":22.0,"enemies":"Gremlin Nob","floor":6.0,"turns":4.0},{"damage":0.0,"enemies":"Replay:BlueRogue","floor":8.0,"turns":3.0},{"damage":0.0,"enemies":"Looter","floor":11.0,"turns":2.0},{"damage":2.0,"enemies":"Red Slaver","floor":14.0,"turns":2.0},{"damage":0.0,"enemies":"Slime Boss","floor":16.0,"turns":3.0},{"damage":8.0,"enemies":"Shell Parasite","floor":18.0,"turns":2.0},{"damage":4.0,"enemies":"3 Byrds","floor":21.0,"turns":3.0},{"damage":0.0,"enemies":"Replay:Snechameleon","floor":23.0,"turns":3.0},{"damage":4.0,"enemies":"Cultist and Chosen","floor":27.0,"turns":4.0},{"damage":10,"enemies":"Gremlin Leader","floor":31,"turns":5},{"damage":7,"enemies":"Champ","floor":33,"turns":7},{"damage":0,"enemies":"Orb Walker","floor":35,"turns":2},{"damage":12,"enemies":"3 Darklings","floor":36,"turns":3},{"damage":25,"enemies":"4 Shapes","floor":37,"turns":3},{"damage":13,"enemies":"Sphere and 2 Shapes","floor":38,"turns":2},{"damage":45,"enemies":"infinitespire:Three Voidlings","floor":39,"turns":2},{"damage":31,"enemies":"Transient","floor":47,"turns":5},{"damage":0,"enemies":"Jaw Worm Horde","floor":48,"turns":4},{"damage":164,"enemies":"hubris:GrandSnecko","floor":50,"turns":12}],"seed_played":"-5085263738207176714","potions_obtained":[{"floor":6.0,"key":"LifebloodPotion"},{"floor":8.0,"key":"LiquidMemories"},{"floor":14.0,"key":"Weak Potion"},{"floor":18.0,"key":"Regen Potion"},{"floor":33,"key":"DistilledChaos"},{"floor":37,"key":"Reflective Coating"},{"floor":45,"key":"FairyPotion"},{"floor":48,"key":"Languid Potion"}],"is_trial":false,"path_per_floor":["M","?","?","M","M","E","R","E","T","R","M","R","?","M","R","B",null,"M","?","?","M","?","E","R","$","T","M","T","?","R","E","R","B",null,"M","M","M","M","?","R","$","R","T","R","?","R","M","M","R","B"],"character_chosen":"DEFECT","items_purchased":["Ice Cream","Static Discharge","Raider\u0027s Mask","Barrage"],"campfire_rested":5,"item_purchase_floors":[25,25,41,41],"current_hp_per_floor":[60,42,42,42,42,20,42,42,42,64,64,64,61,59,59,59,71,63,63,63,68,68,75,75,75,75,75,75,75,75,75,75,75,75,75,73,58,55,20,42,42,64,64,75,75,75,64,75,75,0,0],"gold":131,"neow_bonus":"RANDOM_EVENT","is_daily":false,"chose_seed":false,"campfire_upgraded":6,"win_rate":0.0,"timestamp":1612826343,"path_taken":["M","?","?","M","M","E","R","E","T","R","?","R","?","M","R","BOSS","M","?","?","?","?","E","R","$","T","M","?","?","R","E","R","BOSS","M","M","M","M","?","R","$","R","T","R","?","R","M","M","R","BOSS"],"items_purchased_type":["Relic","Card","Relic","Card"],"build_version":"2020-12-22","purchased_purges":0,"victory":false,"max_hp_per_floor":[75,75,75,75,75,75,75,75,75,75,75,75,75,75,75,75,75,75,75,75,75,75,75,75,75,75,75,75,75,75,75,75,75,75,75,75,75,75,75,75,75,75,75,75,75,75,75,75,75,75,75],"relic_stats":{"Centennial Puzzle":[36],"counters":[22,78],"Gambling Chip":[46],"Prayer Wheel":4,"obtain_stats":[{"ReplayFunnel":23,"Ice Cream":25,"SacredBark":34,"GremlinMask":20,"infinitespire:FocusingShard":31,"Raider\u0027s Mask":41,"hubris:Towel":29,"Centennial Puzzle":6,"Pondfish Scales":28,"hubris:Icosahedron":22,"Gambling Chip":13,"Prayer Wheel":43,"Replay:Bottled Flurry":26,"Cracked Core":0,"reliquary:SharkskinSheath":8},{"ReplayFunnel":11,"Ice Cream":11,"SacredBark":14,"GremlinMask":9,"infinitespire:FocusingShard":13,"Raider\u0027s Mask":19,"hubris:Towel":12,"Centennial Puzzle":4,"Pondfish Scales":12,"hubris:Icosahedron":10,"Gambling Chip":6,"Prayer Wheel":19,"Replay:Bottled Flurry":11,"Cracked Core":0,"reliquary:SharkskinSheath":5},{"ReplayFunnel":29,"Ice Cream":29,"SacredBark":45,"GremlinMask":23,"infinitespire:FocusingShard":38,"Raider\u0027s Mask":57,"hubris:Towel":33,"Centennial Puzzle":11,"Pondfish Scales":33,"hubris:Icosahedron":26,"Gambling Chip":16,"Prayer Wheel":57,"Replay:Bottled Flurry":29,"Cracked Core":0,"reliquary:SharkskinSheath":14}]},"card_choices":[{"not_picked":["ReplayTheSpireMod:System Scan","Panic Button"],"picked":"Coolheaded","floor":1.0},{"not_picked":["infinitespire:Menacing","infinitespire:FinalStrike"],"picked":"ReplayTheSpireMod:Black Plague","floor":2.0},{"not_picked":["Undo","BasicCrystalCard"],"picked":"Gash","floor":4.0},{"not_picked":["Stack","BasicCrystalCard"],"picked":"Melter","floor":5.0},{"not_picked":["Leap","Redo"],"picked":"Melter","floor":6.0},{"not_picked":["Creative AI","Go for the Eyes"],"picked":"hubris:PowerSurge","floor":8.0},{"not_picked":["Genetic Algorithm","Skim"],"picked":"Ball Lightning","floor":11.0},{"not_picked":["Auto Shields","BasicCrystalCard"],"picked":"hubris:Ukulele","floor":14.0},{"not_picked":["Fission","All For One"],"picked":"Amplify","floor":16.0},{"not_picked":["Steam","Sweeping Beam"],"picked":"Cold Snap+1","floor":18.0},{"not_picked":["Compile Driver+1","Turbo+1"],"picked":"Static Discharge","floor":21.0},{"not_picked":["Sweeping Beam","Consume+1"],"picked":"Self Repair+1","floor":23.0},{"not_picked":["ReplayTheSpireMod:Reroute Power","Reinforced Body"],"picked":"Leap","floor":27.0},{"not_picked":["Go for the Eyes","ReplayTheSpireMod:System Scan"],"picked":"Coolheaded+1","floor":31},{"not_picked":["Core Surge","hubris:DoWhile"],"picked":"Rainbow","floor":33},{"not_picked":["Sweeping Beam+1","BasicCrystalCard"],"picked":"Streamline","floor":35},{"not_picked":["Blizzard+1","ReplayTheSpireMod:GoodbyeWorld"],"picked":"Redo+1","floor":36},{"not_picked":["Melter+1","Leap"],"picked":"hubris:PowerSurge","floor":37},{"not_picked":["Turbo","Go for the Eyes"],"picked":"Stack","floor":38},{"not_picked":["Coolheaded+1","Compile Driver"],"picked":"Heatsinks+1","floor":47},{"not_picked":["Coolheaded","Streamline+1"],"picked":"hubris:PowerSurge+1","floor":47},{"not_picked":["Fission","Time Bomb+1"],"picked":"Double Energy+1","floor":48},{"not_picked":["Sunder","Streamline+1"],"picked":"Leap+1","floor":48}],"player_experience":162353,"relics_obtained":[{"floor":6.0,"key":"Centennial Puzzle"},{"floor":8.0,"key":"reliquary:SharkskinSheath"},{"floor":23.0,"key":"ReplayFunnel"},{"floor":26.0,"key":"Replay:Bottled Flurry"},{"floor":28.0,"key":"Pondfish Scales"},{"floor":31,"key":"infinitespire:FocusingShard"},{"floor":43,"key":"Prayer Wheel"}],"event_choices":[{"damage_healed":0.0,"max_hp_gain":0.0,"max_hp_loss":0.0,"gold_gain":1.0,"event_name":"betterStone:BetterStone","player_choice":"4","floor":3.0,"gold_loss":0.0,"damage_taken":0.0,"cards_obtained":["hubris:PowerSurge"]},{"damage_healed":0.0,"max_hp_gain":0.0,"max_hp_loss":0.0,"gold_gain":0.0,"event_name":"betterThird:BetterScrap","player_choice":"Relic ","floor":13.0,"gold_loss":0.0,"damage_taken":3.0,"cards_obtained":["ConjureBlade"]},{"damage_healed":0.0,"max_hp_gain":0.0,"max_hp_loss":0.0,"gold_gain":0.0,"event_name":"FaceTrader","player_choice":"Trade","floor":20.0,"gold_loss":0.0,"damage_taken":0.0,"relics_obtained":["GremlinMask"]}],"is_beta":false,"boss_relics":[{"not_picked":["hubris:Stopwatch","reliquary:RedPaperclip","Empty Cage"]},{"not_picked":["Astrolabe","hubris:CrackedHourglass"],"picked":"SacredBark"}],"items_purged_floors":[],"is_endless":false,"potions_floor_spawned":[6,8,14,18,33,37,39,48],"killed_by":"hubris:GrandSnecko","ascension_level":7}}