{"host":"0ssbae92yp6998o9","time":1612759122,"event":{"mods":["ATMod(°¢èªMod)","BaseMod","Marisa£¨ìFÓê¡¡Ä§ÀíÉ³£©","Minty Spire (QoL Compilation)","READ ME - Guardian Mod","Shop Mod","Spicy Shops","StSLib","Waifu the Spire"],"gold_per_floor":[112,112,112,37,37,37,64,64,64,64,102,175,200,226,226,348,348,389,457,457,457,500,540,47,106,106,106,115,115,166,166,166,326,335,353,388,415,472,522,522,545,580,580,580,589,762,762,68,68,160,160,160,86,171,196],"floor_reached":56,"language":"ZHT","playtime":3194,"items_purged":["Regret","Strike_MRS","Decay"],"score":2290,"play_id":"49f9b05d-ae68-49f7-90cf-8bf2b427f416","local_time":"20210208123842","is_ascension_mode":true,"campfire_choices":[{"data":"AT_FamilyPortrait","floor":6.0,"key":"SMITH"},{"data":"MagicAbsorber","floor":8.0,"key":"SMITH"},{"data":"TreasureHunter","floor":10.0,"key":"SMITH"},{"data":"MagicChant","floor":15.0,"key":"SMITH"},{"data":"JA","floor":27.0,"key":"SMITH"},{"data":"EnergyFlow","floor":32.0,"key":"SMITH"},{"data":"Mayhem","floor":40.0,"key":"SMITH"},{"data":"Discovery","floor":47,"key":"SMITH"},{"floor":49,"key":"RECALL"},{"data":"CollectingQuirk","floor":52,"key":"SMITH"}],"circlet_count":0,"master_deck":["Strike_MRS","Strike_MRS","Defend_MRS","Defend_MRS","Defend_MRS","Defend_MRS","MasterSpark","UpSweep","AT_FamilyPortrait+1","MagicAbsorber+1","TreasureHunter+1","Occultation","Acceleration","MagicChant+1","WitchOfGreed","JA+1","Robbery","EnergyFlow+1","IllusionStar+1","AT_EmpoweredMortalDraw","Secret Weapon","Mayhem+1","Discovery+1","Parasite","ShootingEcho+1","SprinkleStarSeal+1","GasGiant+1","CollectingQuirk+1","OneTimeOff","Occultation+1"],"relics":["MiniHakkero","AT_ATBox","NeowsBlessing","Tiny Chest","AT_TimeSand","BreadOfAWashokuLover","SproutingBranch","CeramicFish","Ornamental Fan","Kunai","Anchor","Mango","Runic Pyramid","Nilry\u0027s Codex","InkBottle","AT_DeathDance","AT_ForceNature","Potion Belt","HandmadeGrimoire","Juzu Bracelet","Toy Ornithopter","Matryoshka","Gambling Chip","AT_MortalBlade","AT_LudenTempest","Strawberry","Vajra","HornCleat","AT_MibuBalloonWealth","Lantern","StoneCalendar","Unceasing Top","AT_Kusabimaru","Orrery","AT_ChloranthyRing","Nunchaku"],"acts_visited":["Exordium","TheCity","TheBeyond","TheEnding"],"potions_floor_usage":[55,55],"damage_taken":[{"damage":0.0,"enemies":"Small Slimes","floor":1.0,"turns":1.0},{"damage":0.0,"enemies":"Gremlin Nob","floor":7.0,"turns":1.0},{"damage":5.0,"enemies":"3 Sentries","floor":11.0,"turns":4.0},{"damage":20.0,"enemies":"3 Sentries","floor":12.0,"turns":7.0},{"damage":0.0,"enemies":"2 Louse","floor":13.0,"turns":2.0},{"damage":0.0,"enemies":"Jaw Worm","floor":14.0,"turns":4.0},{"damage":27.0,"enemies":"The Guardian","floor":16.0,"turns":8.0},{"damage":0.0,"enemies":"Chosen","floor":18.0,"turns":4.0},{"damage":0.0,"enemies":"Shell Parasite","floor":19.0,"turns":6.0},{"damage":2.0,"enemies":"Snecko","floor":22.0,"turns":4.0},{"damage":14.0,"enemies":"Book of Stabbing","floor":23.0,"turns":6.0},{"damage":40.0,"enemies":"Gremlin Leader","floor":25.0,"turns":7.0},{"damage":7.0,"enemies":"Centurion and Healer","floor":30.0,"turns":4.0},{"damage":19.0,"enemies":"Automaton","floor":33.0,"turns":8.0},{"damage":0.0,"enemies":"3 Shapes","floor":35.0,"turns":1.0},{"damage":3.0,"enemies":"Orb Walker","floor":36.0,"turns":2.0},{"damage":45.0,"enemies":"Writhing Mass","floor":38.0,"turns":6.0},{"damage":0.0,"enemies":"Mind Bloom Boss Battle","floor":39.0,"turns":3.0},{"damage":1.0,"enemies":"Giant Head","floor":42.0,"turns":5.0},{"damage":0,"enemies":"3 Darklings","floor":46,"turns":1},{"damage":23,"enemies":"Donu and Deca","floor":50,"turns":5},{"damage":2,"enemies":"Shield and Spear","floor":54,"turns":3},{"damage":42,"enemies":"The Heart","floor":55,"turns":6}],"seed_played":"1978651735641331279","potions_obtained":[{"floor":1.0,"key":"CultistPotion"},{"floor":12.0,"key":"SpeedPotion"},{"floor":13.0,"key":"Dexterity Potion"},{"floor":14.0,"key":"FairyPotion"},{"floor":16.0,"key":"Block Potion"},{"floor":19.0,"key":"ColorlessPotion"},{"floor":25.0,"key":"SteroidPotion"},{"floor":25.0,"key":"SmokeBomb"},{"floor":30.0,"key":"ColorlessPotion"},{"floor":30.0,"key":"AttackPotion"},{"floor":33.0,"key":"BlessingOfTheForge"},{"floor":36.0,"key":"Dexterity Potion"},{"floor":38.0,"key":"BlessingOfTheForge"},{"floor":54,"key":"Block Potion"}],"is_trial":false,"path_per_floor":["M","?","?","$","?","R","E","R","T","R","E","?","M","M","R","B",null,"M","M","T","?","M","E","$","E","T","R","?","T","M","?","R","B",null,"M","M","?","M","?","R","T","E","T","?","?","M","R","$","R","B",null,"R","$","E","B",null],"character_chosen":"MARISA","items_purchased":["AT_ForceNature","Potion Belt","Unceasing Top","AT_Kusabimaru","Orrery","AT_ChloranthyRing"],"campfire_rested":0,"item_purchase_floors":[24,24,48,48,48,53],"current_hp_per_floor":[75,75,68,68,61,61,61,61,61,61,69,68,73,75,75,68,84,89,89,89,73,83,81,81,56,56,56,56,56,61,52,52,58,85,85,87,82,51,62,62,69,87,87,87,87,87,87,87,87,79,96,96,96,99,80],"gold":196,"neow_bonus":"THREE_ENEMY_KILL","is_daily":false,"chose_seed":false,"campfire_upgraded":9,"win_rate":0.0,"timestamp":1612759122,"path_taken":["M","?","?","$","?","R","E","R","T","R","E","?","M","M","R","BOSS","M","M","?","?","?","E","$","E","T","R","?","?","M","?","R","BOSS","M","M","?","M","?","R","?","E","T","?","?","M","R","$","R","BOSS","R","$","E","BOSS"],"items_purchased_type":["Relic","Relic","Relic","Relic","Relic","Relic"],"build_version":"2020-12-22","purchased_purges":3,"victory":true,"max_hp_per_floor":[75,75,75,75,75,75,75,75,75,75,75,75,75,75,75,89,89,89,89,89,89,89,89,89,89,89,89,89,89,89,94,94,94,94,94,94,94,94,94,94,101,101,101,101,101,101,101,101,101,101,101,101,101,101,114],"card_choices":[{"not_picked":["ShootingEcho","UnstableBomb"],"picked":"MagicAbsorber","floor":1.0},{"not_picked":["ChargeUpSpray","MachineGunSpark"],"picked":"TreasureHunter","floor":7.0},{"not_picked":["ShootingEcho","PowerUp"],"picked":"Occultation","floor":11.0},{"not_picked":["GrandCross","SuperPerseids"],"picked":"Acceleration","floor":12.0},{"not_picked":["IllusionStar","UnstableBomb"],"picked":"MagicChant","floor":13.0},{"not_picked":["StarlightTyphoon","DC"],"picked":"WitchOfGreed","floor":14.0},{"not_picked":["ManaRampage","MaximisePower"],"picked":"JA","floor":16.0},{"not_picked":["ShootingEcho","MysteriousBeam"],"picked":"Robbery","floor":18.0},{"not_picked":["GravityBeat","Acceleration","DragonMeteor"],"picked":"SKIP","floor":19.0},{"not_picked":["ShootingEcho","6A","NonDirectionalLaser"],"picked":"SKIP","floor":22.0},{"not_picked":["DarkMatter","6A","PowerUp"],"picked":"SKIP","floor":23.0},{"not_picked":["WitchOfGreed","WitchLeyline","TreasureHunter"],"picked":"SKIP","floor":25.0},{"not_picked":["Orbital","MagicChant"],"picked":"IllusionStar+1","floor":30.0},{"not_picked":["SporeBomb+1","EarthLightRay","UnstableBomb"],"picked":"SKIP","floor":35.0},{"not_picked":["AsteroidBelt","GasGiant+1","6A"],"picked":"SKIP","floor":36.0},{"not_picked":["Mind Blast","Blind"],"picked":"Secret Weapon","floor":37.0},{"not_picked":["Bandage Up","Mind Blast"],"picked":"Mayhem","floor":37.0},{"not_picked":["Mayhem","Jack Of All Trades"],"picked":"Discovery","floor":37.0},{"not_picked":["DragonMeteor+1","MysteriousBeam+1"],"picked":"ShootingEcho+1","floor":38.0},{"not_picked":["SporeBomb","PowerUp+1"],"picked":"SprinkleStarSeal+1","floor":42.0},{"not_picked":["MilkyWay+1","ShootingEcho+1"],"picked":"GasGiant+1","floor":46},{"not_picked":["6A","ChargeUpSpray+1"],"picked":"CollectingQuirk","floor":48},{"not_picked":["MagicAbsorber","NonDirectionalLaser"],"picked":"OneTimeOff","floor":48},{"not_picked":["MysteriousBeam+1","DragonMeteor+1"],"picked":"Occultation+1","floor":54}],"player_experience":258951,"relics_obtained":[{"floor":7.0,"key":"BreadOfAWashokuLover"},{"floor":9.0,"key":"SproutingBranch"},{"floor":11.0,"key":"CeramicFish"},{"floor":11.0,"key":"Ornamental Fan"},{"floor":12.0,"key":"Anchor"},{"floor":16.0,"key":"Mango"},{"floor":21.0,"key":"Nilry\u0027s Codex"},{"floor":23.0,"key":"InkBottle"},{"floor":23.0,"key":"AT_DeathDance"},{"floor":25.0,"key":"HandmadeGrimoire"},{"floor":25.0,"key":"Juzu Bracelet"},{"floor":26.0,"key":"Toy Ornithopter"},{"floor":29.0,"key":"Matryoshka"},{"floor":33.0,"key":"Gambling Chip"},{"floor":39.0,"key":"AT_LudenTempest"},{"floor":41.0,"key":"Strawberry"},{"floor":41.0,"key":"Vajra"},{"floor":42.0,"key":"HornCleat"},{"floor":42.0,"key":"AT_MibuBalloonWealth"},{"floor":43.0,"key":"Lantern"},{"floor":43.0,"key":"StoneCalendar"},{"floor":54,"key":"Nunchaku"}],"event_choices":[{"damage_healed":0.0,"max_hp_gain":0.0,"max_hp_loss":0.0,"gold_gain":0.0,"event_name":"Big Fish","player_choice":"Box","floor":2.0,"gold_loss":0.0,"damage_taken":0.0,"relics_obtained":["Tiny Chest"],"cards_obtained":["Regret"]},{"damage_healed":0.0,"max_hp_gain":0.0,"max_hp_loss":0.0,"gold_gain":0.0,"event_name":"Scrap Ooze","player_choice":"Success","floor":3.0,"gold_loss":0.0,"damage_taken":7.0,"relics_obtained":["AT_TimeSand"]},{"cards_removed":["Strike_MRS"],"damage_healed":0.0,"max_hp_gain":0.0,"max_hp_loss":0.0,"gold_gain":0.0,"event_name":"Golden Wing","player_choice":"Card Removal","floor":5.0,"gold_loss":0.0,"damage_taken":7.0},{"damage_healed":0.0,"max_hp_gain":0.0,"max_hp_loss":0.0,"gold_gain":30.0,"event_name":"Dead Adventurer","player_choice":"Searched \u00273\u0027 times","floor":12.0,"gold_loss":0.0,"damage_taken":0.0,"relics_obtained":["Kunai"]},{"damage_healed":0.0,"max_hp_gain":0.0,"max_hp_loss":0.0,"gold_gain":0.0,"event_name":"Cursed Tome","player_choice":"Obtained Book","floor":21.0,"gold_loss":0.0,"damage_taken":16.0},{"damage_healed":0.0,"max_hp_gain":0.0,"max_hp_loss":0.0,"gold_gain":0.0,"event_name":"The Library","player_choice":"Read","floor":28.0,"gold_loss":0.0,"damage_taken":0.0,"cards_obtained":["EnergyFlow"]},{"damage_healed":0.0,"max_hp_gain":5.0,"max_hp_loss":0.0,"gold_gain":0.0,"event_name":"Forgotten Altar","player_choice":"Shed Blood","floor":31.0,"gold_loss":0.0,"damage_taken":22.0},{"damage_healed":0.0,"max_hp_gain":0.0,"max_hp_loss":0.0,"gold_gain":0.0,"event_name":"SensoryStone","player_choice":"Memory 3","floor":37.0,"gold_loss":0.0,"damage_taken":10.0},{"damage_healed":0.0,"max_hp_gain":0.0,"max_hp_loss":0.0,"gold_gain":0.0,"event_name":"MindBloom","player_choice":"Fight","floor":39.0,"gold_loss":0.0,"damage_taken":0.0},{"damage_healed":0,"gold_gain":0,"player_choice":"Bought 0 Potions","damage_taken":0,"max_hp_gain":0,"max_hp_loss":0,"event_name":"The Woman in Blue","floor":44,"gold_loss":0},{"damage_healed":0,"gold_gain":0,"player_choice":"Cursed","damage_taken":0,"max_hp_gain":0,"max_hp_loss":0,"event_name":"Wheel of Change","floor":45,"gold_loss":0,"cards_obtained":["Decay"]}],"is_beta":false,"boss_relics":[{"not_picked":["Busted Crown","Sozu"],"picked":"Runic Pyramid"},{"not_picked":["Velvet Choker","Astrolabe"],"picked":"AT_MortalBlade"}],"items_purged_floors":[4,24,48],"is_endless":false,"potions_floor_spawned":[1,12,13,14,25,30,33,36,38,54],"ascension_level":5}}