{"host":"tc1my4n9jof2q8vu","time":1612798376,"event":{"mods":["Act Like it!","BaseMod","Colored Powertips","Hubris","Minty Spire (QoL Compilation)","Replay The Spire","StSLib"],"gold_per_floor":[113,113,63,83,83,83,115,115,163,20,38,65,33,117,117,220,220,232,247,13,23,38,38,50,50,50],"floor_reached":25,"language":"ENG","playtime":1344,"items_purged":["Strike_G"],"score":215,"play_id":"f493e304-e503-4fd0-9ed7-a64c3a50b535","local_time":"20210208103256","is_ascension_mode":false,"campfire_choices":[{"data":"Caltrops","floor":6.0,"key":"SMITH"},{"data":"Dodge and Roll","floor":8.0,"key":"SMITH"},{"data":"Caltrops","floor":15.0,"key":"SMITH"},{"floor":23.0,"key":"REST"}],"circlet_count":0,"master_deck":["Strike_G","Strike_G+1","Strike_G","Defend_G","Defend_G","Defend_G","Defend_G","Defend_G","Caltrops+1","Dodge and Roll+1","Leap","Beam Cell","Deflect","Caltrops+1","Underhanded Strike","Reflex","Adrenaline","Calculated Gamble+1","ReplayTheSpireMod:Speed Training","ReplayUltimateDefense","Deflect","Backflip","Concentrate"],"relics":["Ring of the Snake","hubris:Icosahedron","Bottled Lightning","hubris:ToyBattleship","Snake Skull","hubris:Backtick","Tough Bandages"],"acts_visited":["Exordium","TheCity"],"potions_floor_usage":[25],"damage_taken":[{"damage":0.0,"enemies":"2 Louse","floor":1.0,"turns":2.0},{"damage":0.0,"enemies":"Jaw Worm","floor":4.0,"turns":6.0},{"damage":17.0,"enemies":"3 Sentries","floor":7.0,"turns":14.0},{"damage":1.0,"enemies":"Cultist","floor":11.0,"turns":4.0},{"damage":44.0,"enemies":"Lagavulin","floor":12.0,"turns":14.0},{"damage":0.0,"enemies":"Exordium Wildlife","floor":13.0,"turns":5.0},{"damage":4.0,"enemies":"Exordium Thugs","floor":14.0,"turns":4.0},{"damage":1.0,"enemies":"Hexaghost","floor":16.0,"turns":9.0},{"damage":52.0,"enemies":"Spheric Guardian","floor":18.0,"turns":6.0},{"damage":0.0,"enemies":"3 Byrds","floor":19.0,"turns":2.0},{"damage":13.0,"enemies":"Shelled Parasite and Fungi","floor":21.0,"turns":5.0},{"damage":1.0,"enemies":"Snake Plant","floor":22.0,"turns":3.0},{"damage":7.0,"enemies":"Sentry and Sphere","floor":24.0,"turns":9.0},{"damage":19,"enemies":"3 Cultists","floor":25,"turns":4}],"seed_played":"7973682838396665285","potions_obtained":[{"floor":7.0,"key":"EntropicBrew"},{"floor":11.0,"key":"Reflective Coating"},{"floor":12.0,"key":"Fire Potion"},{"floor":13.0,"key":"SpeedPotion"},{"floor":19.0,"key":"SkillPotion"},{"floor":22.0,"key":"Poison Potion"}],"is_trial":false,"path_per_floor":["M","?","?","M","?","R","E","R","T","$","M","E","M","M","R","B",null,"M","M","$","M","M","R","M","M"],"character_chosen":"THE_SILENT","items_purchased":["Caltrops","ReplayUltimateDefense","Deflect"],"campfire_rested":1,"item_purchase_floors":[10,20,20],"current_hp_per_floor":[70,70,70,70,70,70,53,53,53,53,52,26,26,22,22,21,70,18,18,18,5,4,25,18,0,0],"gold":50,"neow_bonus":"RANDOM_EVENT","is_daily":false,"chose_seed":false,"campfire_upgraded":3,"win_rate":0.0,"timestamp":1612798376,"path_taken":["M","?","?","M","?","R","E","R","T","$","M","E","?","M","R","BOSS","M","M","$","M","?","R","M","M"],"items_purchased_type":["Card","Card","Card"],"build_version":"2020-12-22","purchased_purges":1,"victory":false,"max_hp_per_floor":[70,70,70,70,70,70,70,70,70,70,70,70,70,70,70,70,70,70,70,70,70,70,70,70,70,70],"card_choices":[{"not_picked":["Sucker Punch","Toxin Wave"],"picked":"Caltrops","floor":1.0},{"not_picked":["Endless Agony","ReplayTheSpireMod:The Works"],"picked":"Dodge and Roll","floor":4.0},{"not_picked":["Riddle With Holes","Dagger Throw"],"picked":"Deflect","floor":7.0},{"not_picked":["Sucker Punch","Replay:Bag of Tricks"],"picked":"Underhanded Strike","floor":11.0},{"not_picked":["Dash","ReplayTheSpireMod:Tripwire","Dagger Spray"],"picked":"SKIP","floor":12.0},{"not_picked":["Quick Slash","Backflip"],"picked":"Reflex","floor":13.0},{"not_picked":["Die Die Die","Riddle With Holes","Sucker Punch"],"picked":"SKIP","floor":14.0},{"not_picked":["Wraith Form v2","Envenom"],"picked":"Adrenaline","floor":16.0},{"not_picked":["Deadly Poison","ReplayTheSpireMod:Tripwire"],"picked":"Calculated Gamble+1","floor":18.0},{"not_picked":["Prepared","Draining Mist+1"],"picked":"ReplayTheSpireMod:Speed Training","floor":19.0},{"not_picked":["Endless Agony+1","Quick Slash"],"picked":"Backflip","floor":21.0},{"not_picked":["Deflect","Dagger Spray+1"],"picked":"Concentrate","floor":22.0},{"not_picked":["Flying Knee","Sucker Punch","Draining Mist"],"picked":"SKIP","floor":24.0}],"player_experience":189636,"relics_obtained":[{"floor":7.0,"key":"Bottled Lightning"},{"floor":9.0,"key":"hubris:ToyBattleship"},{"floor":12.0,"key":"Snake Skull"}],"event_choices":[{"cards_removed":["Strike_G"],"damage_healed":0.0,"max_hp_gain":0.0,"max_hp_loss":0.0,"gold_gain":0.0,"event_name":"The Cleric","player_choice":"Card Removal","floor":3.0,"gold_loss":50.0,"damage_taken":0.0}],"is_beta":false,"boss_relics":[{"not_picked":["Empty Cage","hubris:ScarierMask"],"picked":"hubris:Backtick"}],"items_purged_floors":[10],"is_endless":false,"potions_floor_spawned":[7,11,12,13,19,22],"killed_by":"3 Cultists","ascension_level":0}}