{"host":"kp5m5tbwfn2imaek","time":1612752466,"event":{"mods":["AchievementEnabler","BaseMod","Bestiary","Minty Spire (QoL Compilation)","Relic Stats"],"gold_per_floor":[118,68,28,46,46,75,75,75,100,120,120,131,206,220,220,320,320,334,180,195,207,207,240,240,265,290,290,290],"floor_reached":27,"language":"ENG","playtime":1634,"items_purged":["Reflex"],"score":389,"play_id":"51488ce9-1b24-4b55-b396-99f809ddc319","local_time":"20210207214746","is_ascension_mode":true,"campfire_choices":[{"floor":11,"key":"REST"},{"floor":15,"key":"REST"},{"floor":24,"key":"REST"}],"circlet_count":0,"master_deck":["AscendersBane","Survivor","Neutralize","Sucker Punch","Infinite Blades","Catalyst","Expertise","Blade Dance+1","Infinite Blades","Blade Dance+1","Envenom","Backstab","Bane","Dagger Spray","Noxious Fumes","Accuracy","Doppelganger","Acrobatics","Accuracy","Leg Sweep","Deflect","After Image"],"relics":["Ring of the Snake","Potion Belt","Kunai","Lantern","Pandora\u0027s Box","War Paint","MealTicket","Nunchaku"],"acts_visited":["Exordium","TheCity"],"potions_floor_usage":[23,23,25],"damage_taken":[{"damage":1,"enemies":"Jaw Worm","floor":1,"turns":8},{"damage":0,"enemies":"2 Louse","floor":4,"turns":3},{"damage":38,"enemies":"Lagavulin","floor":6,"turns":13},{"damage":0,"enemies":"Small Slimes","floor":10,"turns":4},{"damage":8,"enemies":"2 Fungi Beasts","floor":12,"turns":4},{"damage":10,"enemies":"Lots of Slimes","floor":14,"turns":5},{"damage":30,"enemies":"The Guardian","floor":16,"turns":16},{"damage":17,"enemies":"Spheric Guardian","floor":18,"turns":4},{"damage":0,"enemies":"3 Byrds","floor":20,"turns":4},{"damage":19,"enemies":"Cultist and Chosen","floor":21,"turns":5},{"damage":39,"enemies":"Book of Stabbing","floor":23,"turns":5},{"damage":19,"enemies":"Gremlin Leader","floor":25,"turns":5},{"damage":10,"enemies":"Book of Stabbing","floor":27,"turns":2}],"seed_played":"-1136217772621346335","potions_obtained":[{"floor":6,"key":"DuplicationPotion"},{"floor":12,"key":"Dexterity Potion"},{"floor":20,"key":"Energy Potion"},{"floor":21,"key":"Energy Potion"},{"floor":22,"key":"Regen Potion"},{"floor":22,"key":"SteroidPotion"},{"floor":23,"key":"EssenceOfSteel"}],"is_trial":false,"path_per_floor":["M","?","$","M","?","E","T","?","T","M","R","M","?","M","R","B",null,"M","$","M","M","?","E","R","E","T","E"],"character_chosen":"THE_SILENT","items_purchased":["Infinite Blades","Accuracy"],"campfire_rested":3,"item_purchase_floors":[3,19],"current_hp_per_floor":[58,58,58,58,51,13,13,13,13,13,38,30,22,12,37,7,65,48,48,48,29,29,4,29,10,10,0,0],"gold":290,"neow_bonus":"TWENTY_PERCENT_HP_BONUS","is_daily":false,"chose_seed":false,"campfire_upgraded":0,"win_rate":0.0,"timestamp":1612752466,"path_taken":["M","?","$","M","?","E","?","?","T","M","R","M","?","M","R","BOSS","M","?","?","M","?","E","R","E","T","E"],"items_purchased_type":["Card","Card"],"build_version":"2020-12-22","purchased_purges":1,"victory":false,"max_hp_per_floor":[84,84,84,84,84,84,84,84,84,84,84,84,84,84,84,84,84,84,84,84,84,84,84,84,84,84,84,84],"relic_stats":{"Nunchaku":[0],"counters":[13,78],"Pandora\u0027s Box":["Backstab","Bane","Dagger Spray","Noxious Fumes","Reflex","Accuracy","Doppelganger"],"MealTicket":0,"Kunai":[53],"War Paint":["Blade Dance","Blade Dance"],"obtain_stats":[{"Potion Belt":6,"Lantern":9,"Nunchaku":26,"Pandora\u0027s Box":17,"MealTicket":25,"Kunai":7,"War Paint":23,"Ring of the Snake":0},{"Potion Belt":3,"Lantern":3,"Nunchaku":12,"Pandora\u0027s Box":7,"MealTicket":12,"Kunai":3,"War Paint":11,"Ring of the Snake":0},{"Potion Belt":24,"Lantern":24,"Nunchaku":76,"Pandora\u0027s Box":53,"MealTicket":76,"Kunai":24,"War Paint":71,"Ring of the Snake":0}],"Ring of the Snake":[26]},"card_choices":[{"not_picked":["Cloak And Dagger","Dodge and Roll"],"picked":"Sucker Punch","floor":1},{"not_picked":["Eviscerate","Expertise","Deflect"],"picked":"SKIP","floor":4},{"not_picked":["Blur","Prepared"],"picked":"Catalyst","floor":6},{"not_picked":["Backflip","Noxious Fumes"],"picked":"Blade Dance","floor":10},{"not_picked":["Dash","Heel Hook"],"picked":"Infinite Blades","floor":12},{"not_picked":["Skewer","Expertise"],"picked":"Blade Dance","floor":14},{"not_picked":["Venomology","Doppelganger"],"picked":"Envenom","floor":16},{"not_picked":["Flying Knee","PiercingWail+1"],"picked":"Acrobatics","floor":18},{"not_picked":["Slice","Expertise","Flying Knee"],"picked":"SKIP","floor":20},{"not_picked":["Outmaneuver","Footwork"],"picked":"Leg Sweep","floor":21},{"not_picked":["Grand Finale","Predator"],"picked":"Deflect","floor":23},{"not_picked":["All Out Attack","Infinite Blades"],"picked":"After Image","floor":25}],"player_experience":705474,"relics_obtained":[{"floor":6,"key":"Potion Belt"},{"floor":7,"key":"Kunai"},{"floor":9,"key":"Lantern"},{"floor":23,"key":"War Paint"},{"floor":25,"key":"MealTicket"},{"floor":26,"key":"Nunchaku"}],"event_choices":[{"cards_removed":["Strike_G"],"damage_healed":0,"gold_gain":0,"player_choice":"Card Removal","damage_taken":0,"max_hp_gain":0,"max_hp_loss":0,"event_name":"The Cleric","floor":2,"gold_loss":50},{"cards_removed":["Defend_G"],"damage_healed":0,"gold_gain":0,"player_choice":"Card Removal","damage_taken":7,"max_hp_gain":0,"max_hp_loss":0,"event_name":"Golden Wing","floor":5,"gold_loss":0},{"damage_healed":0,"gold_gain":0,"cards_transformed":["Strike_G"],"player_choice":"Change","damage_taken":0,"max_hp_gain":0,"max_hp_loss":0,"event_name":"Living Wall","floor":8,"gold_loss":0,"cards_obtained":["Expertise"]},{"damage_healed":0,"gold_gain":75,"player_choice":"Touch","damage_taken":8,"max_hp_gain":0,"max_hp_loss":0,"event_name":"FaceTrader","floor":13,"gold_loss":0},{"damage_healed":0,"gold_gain":0,"player_choice":"Got Potions","damage_taken":0,"max_hp_gain":0,"max_hp_loss":0,"event_name":"Lab","floor":22,"gold_loss":0}],"is_beta":false,"boss_relics":[{"not_picked":["Black Star","Coffee Dripper"],"picked":"Pandora\u0027s Box"}],"items_purged_floors":[19],"is_endless":false,"potions_floor_spawned":[6,12,20,21,23],"killed_by":"Book of Stabbing","ascension_level":11}}