{"host":"r4aerl4ckfvw1dw3","time":1612819198,"event":{"mods":["BaseMod","BetterRewards","Minty Spire (QoL Compilation)","Quick Restart","StSLib"],"gold_per_floor":[112,130,147,147,97,97,128,128,128,143,153,130,149,162,162,259,259,275,32,45,45,45],"floor_reached":21,"language":"ENG","playtime":1171,"items_purged":[],"score":275,"play_id":"d42791b1-8d93-4679-a296-49d45be2f887","local_time":"20210208131958","is_ascension_mode":true,"campfire_choices":[{"floor":6.0,"key":"REST"},{"floor":15,"key":"REST"}],"circlet_count":0,"master_deck":["AscendersBane","Strike_G","Strike_G+1","Strike_G","Strike_G","Defend_G","Defend_G+1","Defend_G","Defend_G","Defend_G","Survivor","Neutralize","Bullet Time","Caltrops","Blur","Prepared","Deadly Poison","Footwork","Poisoned Stab+1","Dagger Spray+1","Dodge and Roll","Die Die Die+1","Calculated Gamble","Dagger Spray+1"],"relics":["Ring of the Snake","Strawberry","Vajra","Molten Egg 2","Busted Crown","White Beast Statue"],"acts_visited":["Exordium","TheCity"],"potions_floor_usage":[7,7,16],"damage_taken":[{"damage":1.0,"enemies":"Jaw Worm","floor":1.0,"turns":8.0},{"damage":2.0,"enemies":"2 Louse","floor":2.0,"turns":3.0},{"damage":4.0,"enemies":"Small Slimes","floor":3.0,"turns":4.0},{"damage":55,"enemies":"Gremlin Nob","floor":7,"turns":6},{"damage":5,"enemies":"Gremlin Gang","floor":10,"turns":6},{"damage":0,"enemies":"Red Slaver","floor":11,"turns":4},{"damage":0,"enemies":"Blue Slaver","floor":13,"turns":4},{"damage":1,"enemies":"Exordium Thugs","floor":14,"turns":5},{"damage":12,"enemies":"The Guardian","floor":16,"turns":13},{"damage":8,"enemies":"Chosen","floor":18,"turns":5},{"damage":26,"enemies":"2 Thieves","floor":20,"turns":5},{"damage":32,"enemies":"Snake Plant","floor":21,"turns":2}],"seed_played":"2312484632647400537","potions_obtained":[{"floor":1.0,"key":"Explosive Potion"},{"floor":3.0,"key":"FearPotion"},{"floor":10,"key":"Ancient Potion"},{"floor":20,"key":"SneckoOil"}],"is_trial":false,"path_per_floor":["M","M","M","?","?","R","E","?","T","M","M","?","M","M","R","B",null,"M","$","M","M"],"character_chosen":"THE_SILENT","items_purchased":["White Beast Statue"],"campfire_rested":2,"item_purchase_floors":[19],"current_hp_per_floor":[62,60,56,42,42,63,15,12,12,7,7,7,7,6,29,17,62,54,54,28,0,0],"gold":45,"neow_bonus":"ONE_RANDOM_RARE_CARD","is_daily":false,"chose_seed":false,"campfire_upgraded":0,"win_rate":0.0,"timestamp":1612819198,"path_taken":["M","M","M","?","?","R","E","?","T","M","M","?","?","M","R","BOSS","M","$","M","M"],"items_purchased_type":["Relic"],"build_version":"2020-12-22","purchased_purges":0,"victory":false,"max_hp_per_floor":[70,70,70,70,70,70,77,77,77,77,77,77,77,77,77,77,77,77,77,77,77,77],"card_choices":[{"not_picked":["Distraction","Bane"],"picked":"Caltrops","floor":1.0},{"not_picked":["Accuracy","Reflex"],"picked":"Blur","floor":2.0},{"not_picked":["Poisoned Stab","Slice"],"picked":"Prepared","floor":3.0},{"not_picked":["Predator","Slice"],"picked":"Deadly Poison","floor":7},{"not_picked":["Expertise","Slice+1"],"picked":"Footwork","floor":10},{"not_picked":["Slice+1","Reflex"],"picked":"Poisoned Stab+1","floor":11},{"not_picked":["Bane+1","All Out Attack+1"],"picked":"Dagger Spray+1","floor":13},{"not_picked":["Bane+1","Concentrate"],"picked":"Dodge and Roll","floor":14},{"not_picked":["Phantasmal Killer","Grand Finale+1"],"picked":"Die Die Die+1","floor":16},{"not_picked":[],"picked":"Calculated Gamble","floor":18},{"not_picked":[],"picked":"Dagger Spray+1","floor":20}],"player_experience":528150,"relics_obtained":[{"floor":7,"key":"Strawberry"},{"floor":9,"key":"Molten Egg 2"}],"event_choices":[{"damage_healed":0.0,"max_hp_gain":0.0,"max_hp_loss":0.0,"gold_gain":0.0,"event_name":"Shining Light","player_choice":"Entered Light","floor":4.0,"gold_loss":0.0,"damage_taken":14.0,"cards_upgraded":["Strike_G","Defend_G"]},{"cards_removed":["Strike_G"],"damage_healed":0.0,"max_hp_gain":0.0,"max_hp_loss":0.0,"gold_gain":0.0,"event_name":"The Cleric","player_choice":"Card Removal","floor":5.0,"gold_loss":50.0,"damage_taken":0.0},{"damage_healed":0,"gold_gain":0,"player_choice":"Success","damage_taken":3,"relics_obtained":["Vajra"],"max_hp_gain":0,"max_hp_loss":0,"event_name":"Scrap Ooze","floor":8,"gold_loss":0},{"damage_healed":0,"gold_gain":0,"player_choice":"Left Gold","damage_taken":0,"max_hp_gain":0,"max_hp_loss":0,"event_name":"World of Goop","floor":12,"gold_loss":23}],"is_beta":false,"boss_relics":[{"not_picked":["WristBlade","Velvet Choker"],"picked":"Busted Crown"}],"items_purged_floors":[],"is_endless":false,"potions_floor_spawned":[1,3,10,20],"killed_by":"Snake Plant","ascension_level":10}}