{"host":"d61fcf2p3sjwe6yo","time":1612798830,"event":{"mods":["BaseMod","Colored Map","Koishi","Marisa????????","Minty Spire (QoL Compilation)","Reimu??????","StSLib","SuperFastMode","The Servant 0.9.4"],"gold_per_floor":[112,129,129,143,143,143,172,172,226,226,252,264,278,306,306,380,380,396,396,59,69,69,69,95,95,95,110,125,160,160,160,160,239,239,252,267,267,79,99,99,99],"floor_reached":40,"language":"ENG","playtime":2126,"items_purged":["Defend_S"],"score":1068,"play_id":"cf337f12-7250-4c58-9733-c4256b07b535","local_time":"20210208184030","is_ascension_mode":true,"campfire_choices":[{"data":"KidneyShot","floor":6,"key":"SMITH"},{"floor":8,"key":"REST"},{"data":"InstantArmor","floor":10,"key":"SMITH"},{"data":"LightFlow","floor":15,"key":"SMITH"},{"data":"SoulSculpture","floor":23,"key":"SMITH"},{"data":"Barrier","floor":25,"key":"SMITH"},{"data":"Defy","floor":30,"key":"SMITH"},{"data":"FastForward","floor":32,"key":"SMITH"}],"circlet_count":0,"master_deck":["AscendersBane","Strike_S+1","Strike_S+1","Strike_S","Defend_S","Defend_S","KidneyShot+1","Exchange","Gouge+1","Defy+1","InstantArmor+1","LightFlow+1","Barrier+1","SoulSculpture+1","FastForward+1","Rearm+1","Contraction+1","DualDimension+1","GearUp+1","Defy+1","SilverMatrix","Replace+1","Rewind+1"],"relics":["Uniform","Akabeko","Whetstone","Odd Mushroom","Sozu","Nloth\u0027s Gift","Toxic Egg 2","Du-Vu Doll","HornCleat","MutagenicStrength","StoneMask","Membership Card"],"acts_visited":["Exordium","TheCity","TheBeyond"],"potions_floor_usage":[7,14,14],"damage_taken":[{"damage":7,"enemies":"2 Louse","floor":1,"turns":4},{"damage":4,"enemies":"Jaw Worm","floor":2,"turns":5},{"damage":1,"enemies":"Cultist","floor":4,"turns":4},{"damage":14,"enemies":"3 Sentries","floor":7,"turns":10},{"damage":8,"enemies":"Lagavulin","floor":11,"turns":6},{"damage":0,"enemies":"Large Slime","floor":12,"turns":1},{"damage":0,"enemies":"3 Louse","floor":13,"turns":3},{"damage":0,"enemies":"The Mushroom Lair","floor":14,"turns":1},{"damage":0,"enemies":"The Guardian","floor":16,"turns":8},{"damage":0,"enemies":"Shell Parasite","floor":18,"turns":1},{"damage":0,"enemies":"Chosen","floor":21,"turns":2},{"damage":6,"enemies":"Slavers","floor":24,"turns":7},{"damage":0,"enemies":"Centurion and Healer","floor":27,"turns":3},{"damage":0,"enemies":"Sentry and Sphere","floor":28,"turns":4},{"damage":1,"enemies":"Gremlin Leader","floor":29,"turns":4},{"damage":0,"enemies":"Automaton","floor":33,"turns":11},{"damage":0,"enemies":"3 Darklings","floor":35,"turns":13},{"damage":0,"enemies":"Orb Walker","floor":36,"turns":3},{"damage":0,"enemies":"Spire Growth","floor":39,"turns":4},{"damage":66,"enemies":"Reptomancer","floor":40,"turns":9}],"seed_played":"8713286667532890468","potions_obtained":[{"floor":2,"key":"Fire Potion"},{"floor":7,"key":"ColorlessPotion"},{"floor":13,"key":"Explosive Potion"}],"is_trial":false,"path_per_floor":["M","M","?","M","?","R","E","R","T","R","E","M","M","?","R","B",null,"M","?","$","M","?","R","E","R","T","M","M","E","R","?","R","B",null,"M","M","?","$","M","E"],"character_chosen":"THE_SERVANT","items_purchased":["Toxic Egg 2","Membership Card","Replace+1"],"campfire_rested":1,"item_purchase_floors":[20,38,38],"current_hp_per_floor":[44,40,33,32,32,32,18,39,39,39,31,31,31,31,31,31,62,62,62,62,62,62,62,56,56,56,56,56,55,55,55,55,55,68,71,74,74,74,75,9,9],"gold":99,"neow_bonus":"TWENTY_PERCENT_HP_BONUS","is_daily":false,"chose_seed":false,"campfire_upgraded":7,"win_rate":0.0,"timestamp":1612798830,"path_taken":["M","M","?","M","?","R","E","R","T","R","E","?","M","?","R","BOSS","M","?","$","?","?","R","E","R","T","M","?","E","R","?","R","BOSS","M","M","?","?","M","E"],"items_purchased_type":["Relic","Relic","Card"],"build_version":"2020-12-22","purchased_purges":1,"victory":false,"max_hp_per_floor":[72,72,72,72,72,72,72,72,72,72,72,72,72,72,72,72,72,72,72,72,72,72,72,72,72,72,72,72,72,72,72,72,72,72,73,74,74,74,75,75,75],"card_choices":[{"not_picked":["Potential","Alleviate"],"picked":"Gouge","floor":1},{"not_picked":["Alleviate","Deadline"],"picked":"Defy","floor":2},{"not_picked":["Read","BottledTime"],"picked":"InstantArmor","floor":4},{"not_picked":["DualDimension","Unruled","DoubleEdge"],"picked":"SKIP","floor":7},{"not_picked":["Alleviate","PendulumOfEternity"],"picked":"LightFlow","floor":11},{"not_picked":["Unruled","DoubleEdge","TimeWarp"],"picked":"SKIP","floor":12},{"not_picked":["Advance","Unruled","Alleviate"],"picked":"SKIP","floor":13},{"not_picked":["Revamp","Alleviate"],"picked":"Barrier","floor":14},{"not_picked":["FloweringNight","ForgedInTime"],"picked":"SoulSculpture","floor":16},{"not_picked":["Replace","Unruled+1"],"picked":"FastForward","floor":18},{"not_picked":["Manipulate+1","Gouge"],"picked":"Rearm+1","floor":21},{"not_picked":["DancingSilver+1","FloweringNight"],"picked":"DualDimension+1","floor":24},{"not_picked":["FanOfKnives","Ricochet","Reset+1"],"picked":"SKIP","floor":27},{"not_picked":["Unruled","ShiftingGears+1"],"picked":"GearUp+1","floor":28},{"not_picked":["Potential","Moondial+1"],"picked":"Defy+1","floor":29},{"not_picked":["LightFlow","TrueSight"],"picked":"SilverMatrix","floor":33},{"not_picked":["Starlight","RealityMarble","Rearm+1"],"picked":"SKIP","floor":35},{"not_picked":["Read+1","Spin+1","Revamp+1"],"picked":"SKIP","floor":36},{"not_picked":["FastForward+1","ReturningBlade+1"],"picked":"Rewind+1","floor":39}],"player_experience":288033,"relics_obtained":[{"floor":7,"key":"Akabeko"},{"floor":9,"key":"Whetstone"},{"floor":11,"key":"StrikeDummy"},{"floor":14,"key":"Odd Mushroom"},{"floor":24,"key":"Du-Vu Doll"},{"floor":26,"key":"HornCleat"}],"event_choices":[{"cards_removed":["Defend_S"],"damage_healed":0,"gold_gain":0,"player_choice":"Card Removal","damage_taken":7,"max_hp_gain":0,"max_hp_loss":0,"event_name":"Golden Wing","floor":3,"gold_loss":0},{"damage_healed":0,"gold_gain":0,"player_choice":"Upgraded","damage_taken":0,"max_hp_gain":0,"max_hp_loss":0,"event_name":"Upgrade Shrine","floor":5,"gold_loss":0,"cards_upgraded":["Gouge"]},{"damage_healed":0,"gold_gain":0,"player_choice":"Fought Mushrooms","damage_taken":0,"max_hp_gain":0,"max_hp_loss":0,"event_name":"Mushrooms","floor":14,"gold_loss":0},{"damage_healed":0,"gold_gain":0,"player_choice":"Traded Relic","damage_taken":0,"relics_obtained":["Nloth\u0027s Gift"],"max_hp_gain":0,"max_hp_loss":0,"event_name":"N\u0027loth","floor":19,"relics_lost":["StrikeDummy"],"gold_loss":0},{"damage_healed":0,"gold_gain":0,"cards_transformed":["Strike_S"],"player_choice":"Transformed","damage_taken":0,"max_hp_gain":0,"max_hp_loss":0,"event_name":"Transmorgrifier","floor":22,"gold_loss":0,"cards_obtained":["Contraction"]},{"damage_healed":0,"gold_gain":0,"player_choice":"Inject Mutagens","damage_taken":0,"relics_obtained":["MutagenicStrength"],"max_hp_gain":0,"max_hp_loss":0,"event_name":"Drug Dealer","floor":31,"gold_loss":0},{"damage_healed":0,"gold_gain":0,"player_choice":"Got Potions","damage_taken":0,"max_hp_gain":0,"max_hp_loss":0,"event_name":"Lab","floor":37,"gold_loss":0}],"is_beta":false,"boss_relics":[{"not_picked":["Runic Pyramid","Calling Bell"],"picked":"Sozu"},{"not_picked":["Snecko Eye","SacredBark"],"picked":"StoneMask"}],"items_purged_floors":[20],"is_endless":false,"potions_floor_spawned":[2,7,13,21,24,28,33,35,39],"killed_by":"Reptomancer","ascension_level":20}}