{"host":"8lno9xwgef3sjccz","time":1612804430,"event":{"mods":["AchievementEnabler","BaseMod","Minty Spire (QoL Compilation)","Relic Stats"],"gold_per_floor":[110,123,136,147,147,177,177,177,225,269,22,45,45,45,45],"floor_reached":14,"language":"ENG","playtime":573,"items_purged":["Strike_R"],"score":105,"play_id":"ff61f2f3-15b0-4546-8d9c-a88aae63b941","local_time":"20210208121350","is_ascension_mode":true,"campfire_choices":[{"data":"Demon Form","floor":7,"key":"SMITH"}],"circlet_count":0,"master_deck":["Strike_R","Strike_R","Strike_R","Defend_R","Defend_R","Defend_R","Defend_R","Bash+1","Entrench","Pommel Strike","Demon Form+1","Barricade","Iron Wave+1","Pommel Strike+1","Iron Wave+1","Twin Strike+1"],"relics":["Burning Blood","Singing Bowl","Omamori","Golden Idol","Happy Flower","Molten Egg 2"],"acts_visited":["Exordium"],"potions_floor_usage":[6,10,12,12],"damage_taken":[{"damage":3,"enemies":"2 Louse","floor":1,"turns":3},{"damage":0,"enemies":"Small Slimes","floor":2,"turns":3},{"damage":1,"enemies":"Jaw Worm","floor":3,"turns":3},{"damage":1,"enemies":"Large Slime","floor":4,"turns":6},{"damage":43,"enemies":"3 Sentries","floor":6,"turns":8},{"damage":21,"enemies":"Lagavulin","floor":10,"turns":7},{"damage":4,"enemies":"Blue Slaver","floor":12,"turns":5},{"damage":22,"enemies":"3 Sentries","floor":14,"turns":4}],"seed_played":"-1496502859761896954","potions_obtained":[{"floor":3,"key":"Energy Potion"},{"floor":6,"key":"Weak Potion"}],"is_trial":false,"path_per_floor":["M","M","M","M","?","E","R","?","T","E","$","M","?","E"],"character_chosen":"IRONCLAD","items_purchased":["DuplicationPotion","Pommel Strike+1","Weak Potion"],"campfire_rested":0,"item_purchase_floors":[11,11,11],"current_hp_per_floor":[80,80,80,80,73,36,36,36,36,21,21,23,23,1,1],"gold":45,"neow_bonus":"UPGRADE_CARD","is_daily":false,"chose_seed":false,"campfire_upgraded":1,"win_rate":0.0,"timestamp":1612804430,"path_taken":["M","M","M","M","?","E","R","?","T","E","?","M","?","E"],"items_purchased_type":["Potion","Card","Potion"],"build_version":"2020-12-22","purchased_purges":1,"victory":false,"max_hp_per_floor":[80,80,80,80,80,80,80,80,80,80,80,80,80,80,80],"relic_stats":{"Singing Bowl":0,"Happy Flower":[5],"counters":[8,39],"Golden Idol":14,"obtain_stats":[{"Singing Bowl":5,"Happy Flower":9,"Golden Idol":8,"Molten Egg 2":10,"Omamori":6,"Burning Blood":0},{"Singing Bowl":4,"Happy Flower":5,"Golden Idol":5,"Molten Egg 2":6,"Omamori":5,"Burning Blood":0},{"Singing Bowl":15,"Happy Flower":23,"Golden Idol":23,"Molten Egg 2":30,"Omamori":23,"Burning Blood":0}],"Burning Blood":23},"card_choices":[{"not_picked":["Clothesline","Havoc"],"picked":"Entrench","floor":1},{"not_picked":["Flame Barrier","Headbutt"],"picked":"Pommel Strike","floor":2},{"not_picked":["Perfected Strike","Pummel"],"picked":"Demon Form","floor":3},{"not_picked":["Bloodletting","Whirlwind","Perfected Strike"],"picked":"SKIP","floor":4},{"not_picked":["Clash","Headbutt"],"picked":"Barricade","floor":6},{"not_picked":["Perfected Strike+1","Warcry"],"picked":"Iron Wave+1","floor":10},{"not_picked":["Sentinel","Cleave+1"],"picked":"Iron Wave+1","floor":12}],"player_experience":113919,"relics_obtained":[{"floor":6,"key":"Omamori"},{"floor":9,"key":"Happy Flower"},{"floor":10,"key":"Molten Egg 2"}],"event_choices":[{"damage_healed":0,"gold_gain":0,"player_choice":"Success","damage_taken":7,"relics_obtained":["Singing Bowl"],"max_hp_gain":0,"max_hp_loss":0,"event_name":"Scrap Ooze","floor":5,"gold_loss":0},{"damage_healed":0,"gold_gain":0,"player_choice":"Take Wound","damage_taken":0,"relics_obtained":["Golden Idol"],"max_hp_gain":0,"max_hp_loss":0,"event_name":"Golden Idol","floor":8,"gold_loss":0,"cards_obtained":["Injury"]},{"damage_healed":0,"gold_gain":0,"cards_transformed":["Strike_R"],"player_choice":"Change","damage_taken":0,"max_hp_gain":0,"max_hp_loss":0,"event_name":"Living Wall","floor":13,"gold_loss":0,"cards_obtained":["Twin Strike"]}],"is_beta":false,"boss_relics":[],"items_purged_floors":[11],"is_endless":false,"potions_floor_spawned":[3,6],"killed_by":"3 Sentries","ascension_level":1}}