{"host":"t9zjxed0utvsfjwc","time":1612752341,"event":{"mods":["2.2 Compatiblity","Aspiration","BaseMod","Better Altar","Better Match","Better Note","Better Sensory Stone","Better Skull","Better Third Choice","Block Reminder","Colored Map","Colored Powertips","Custom Start","Downfall","Hermit","Highlight Path","Hubris","Infinite Spire","Marisa????????","Minty Spire (QoL Compilation)","Quick Restart","Rare Cards Sparkle","Reliquary","Replay The Spire","StSLib","The Cursed","The Marked","The Runesmith","Unceasing Turn Reminder","everything is the same but u backflip on backflip"],"gold_per_floor":[99,118,130,146,146,158,158,158,158,188,24,24,35,20,40,40,40,40],"floor_reached":16,"language":"ENG","playtime":924,"items_purged":[],"score":107,"play_id":"179a2ad6-fce3-46ea-854f-84661cbb9368","local_time":"20210208024541","is_ascension_mode":true,"campfire_choices":[{"floor":8,"key":"RECALL"}],"circlet_count":0,"master_deck":["Guardian:Strike_Guardian","Guardian:Strike_Guardian","Guardian:Strike_Guardian","Guardian:Defend_Guardian","Guardian:Defend_Guardian+1","Guardian:CurlUp","Guardian:TwinSlam+1","Guardian:Recover","Guardian:TemporalShield+1","Guardian:CrystalBeam","Guardian:GuardianWhirl","Guardian:BronzeArmor","hubris:Sloth","Guardian:StasisStrike","Guardian:PiercingHide","Guardian:PrismaticBeam","Guardian:Gem_Green","Guardian:Gem_Purple","Guardian:Gem_Lightblue","Guardian:Gem_Red","Guardian:PiercingHide","downfall:Malfunctioning","Guardian:EvasiveProtocol","Guardian:Gem_Purple","Guardian:Gem_Purple"],"relics":["Guardian:ModeShifter","reliquary:ExpiredCoupon","aspiration:AnachronicSnailShell","aspiration:BabyByrd","reliquary:TuningFork","Orrery"],"acts_visited":["Exordium"],"potions_floor_usage":[10,10,10,11,16],"damage_taken":[{"damage":2,"enemies":"Cultist","floor":2,"turns":5},{"damage":0,"enemies":"Small Slimes","floor":3,"turns":5},{"damage":1,"enemies":"2 Louse","floor":4,"turns":3},{"damage":4,"enemies":"Exordium Wildlife","floor":6,"turns":5},{"damage":11,"enemies":"3 Sentries","floor":10,"turns":9},{"damage":0,"enemies":"downfall:FleeingMerchant","floor":11,"turns":4},{"damage":4,"enemies":"2 Fungi Beasts","floor":13,"turns":5},{"damage":5,"enemies":"downfall:FleeingMerchant","floor":14,"turns":4},{"damage":8,"enemies":"Gremlin Gang","floor":15,"turns":4},{"damage":65,"enemies":"WA_ARCHETYPE_RETAIN","floor":16,"turns":19}],"seed_played":"4695965137585144500","potions_obtained":[{"floor":1,"key":"Languid Potion"},{"floor":1,"key":"Energy Potion"},{"floor":3,"key":"Regen Potion"},{"floor":10,"key":"Fire Potion"},{"floor":15,"key":"LifebloodPotion"}],"is_trial":false,"path_per_floor":["R_BF","M","M","M","?","M","T","R","?","E","$","?","M","$","M","B"],"character_chosen":"GUARDIAN","items_purchased":["Orrery"],"campfire_rested":0,"item_purchase_floors":[11],"current_hp_per_floor":[80,78,78,77,77,73,73,73,73,77,77,77,73,68,60,0,0,0],"gold":40,"neow_bonus":"RANDOM_COMMON_RELIC","is_daily":false,"chose_seed":false,"campfire_upgraded":0,"win_rate":0.0,"timestamp":1612752341,"path_taken":["R_BF","M","M","?","?","?","T","R","?","E","$","?","?","$","M","BOSS"],"items_purchased_type":["Relic"],"build_version":"2020-12-22","purchased_purges":0,"victory":false,"max_hp_per_floor":[80,80,80,80,80,80,80,80,80,80,80,80,80,80,80,80,80,80],"card_choices":[{"not_picked":["Guardian:Gem_Purple","Guardian:VentSteam"],"picked":"Guardian:Recover","floor":2},{"not_picked":["Guardian:Gem_Yellow","Guardian:PolyBeam"],"picked":"Guardian:TemporalShield","floor":3},{"not_picked":["Guardian:Recover","Guardian:MultiBeam"],"picked":"Guardian:CrystalBeam","floor":4},{"not_picked":["Guardian:MultiBeam","Guardian:Emergency","Guardian:GuardianWhirl"],"picked":"SKIP","floor":6},{"not_picked":["Guardian:HyperBeam_Guardian","Guardian:FloatingOrbs"],"picked":"Guardian:PiercingHide","floor":10},{"not_picked":["Guardian:SentryBeam","Guardian:ShieldCharger"],"picked":"Guardian:PrismaticBeam","floor":11},{"not_picked":["Guardian:Suspension","Guardian:PrismaticBarrier"],"picked":"Guardian:Gem_Green","floor":11},{"not_picked":["Guardian:BronzeOrb","Guardian:ChargeCore"],"picked":"Guardian:Gem_Purple","floor":11},{"not_picked":["Guardian:Suspension","Guardian:TimeCapacitor"],"picked":"Guardian:Gem_Lightblue","floor":11},{"not_picked":["Guardian:FierceBash","Guardian:Gem_Green"],"picked":"Guardian:Gem_Red","floor":11},{"not_picked":["Guardian:DonusPower","Guardian:TemporalShield"],"picked":"Guardian:PiercingHide","floor":11},{"not_picked":["Guardian:Reroute","Guardian:Gem_Cyan"],"picked":"Guardian:EvasiveProtocol","floor":13},{"not_picked":["Guardian:TemporalStrike","Guardian:ShieldCharger"],"picked":"Guardian:Gem_Purple","floor":14},{"not_picked":["Guardian:CrystalBeam","Guardian:ShieldCharger"],"picked":"Guardian:Gem_Purple","floor":15}],"player_experience":520731,"relics_obtained":[{"floor":7,"key":"aspiration:AnachronicSnailShell"},{"floor":10,"key":"reliquary:TuningFork"}],"event_choices":[],"is_beta":false,"boss_relics":[],"items_purged_floors":[],"is_endless":false,"potions_floor_spawned":[3,4,6,10,15],"killed_by":"WA_ARCHETYPE_RETAIN","ascension_level":1}}