{"host":"5sge6gv1nm0vflk2","time":1612761114,"event":{"mods":["AchievementEnabler","Aspiration","Bard","BaseMod","Beaked The Cultist","Better Third Choice","BetterRewards","Challenge The Spire","Colored Powertips","Conspire","Curses Come First","Downfall","Halation","Hubris","Infinite Spire","Minty Spire (QoL Compilation)","Relic Stats","Shade Mod","Shop Mod","Spicy Shops","StSLib","The Construct","The Cursed","The Disciple","The Hierophant","The Runesmith","The Servant 0.9.4"],"gold_per_floor":[118,118,40,40,40,70,81,81,81,91,105,138,86,118,118,118,118],"floor_reached":16,"language":"ENG","playtime":1663,"items_purged":[],"score":118,"play_id":"73055e66-e49d-4466-bbca-d24edfa51488","local_time":"20210207231154","is_ascension_mode":false,"campfire_choices":[{"floor":8,"key":"REST"},{"floor":15,"key":"REST"}],"circlet_count":0,"master_deck":["TheCursedMod:Strike_TheCursed","TheCursedMod:Strike_TheCursed","TheCursedMod:Strike_TheCursed","TheCursedMod:Strike_TheCursed","TheCursedMod:Defend_TheCursed","TheCursedMod:Defend_TheCursed","TheCursedMod:Defend_TheCursed","TheCursedMod:Defend_TheCursed","TheCursedMod:CursedWand","TheCursedMod:CleanUpWorkshop","TheCursedMod:Dregs","TheCursedMod:Obscuration","TheCursedMod:EmpowerCircles","Regret","TheCursedMod:SpitefulStrike","TheCursedMod:CircleOfFlame","TheCursedMod:CursedBlade","TheCursedMod:CircleOfCorruption","TheCursedMod:HellfireBreathing","TheCursedMod:Torture","TheCursedMod:Stigma"],"relics":["TheCursedMod:BlackMagic101","Pen Nib","Vajra","Smiling Mask","hubris:Teleporter","Lantern","halation:AfternoonTea","infinitespire:EmpoweringShard"],"acts_visited":["Exordium"],"potions_floor_usage":[7,12,14,16],"damage_taken":[{"damage":1,"enemies":"2 Louse","floor":1,"turns":3},{"damage":54,"enemies":"Gremlin Nob","floor":6,"turns":6},{"damage":8,"enemies":"Jaw Worm","floor":7,"turns":2},{"damage":3,"enemies":"Cultist","floor":10,"turns":4},{"damage":0,"enemies":"2 Fungi Beasts","floor":11,"turns":2},{"damage":13,"enemies":"Lagavulin","floor":12,"turns":5},{"damage":17,"enemies":"3 Sentries","floor":14,"turns":6},{"damage":39,"enemies":"The Guardian","floor":16,"turns":8}],"seed_played":"-2962768410134894347","potions_obtained":[{"floor":6,"key":"Swift Potion"},{"floor":10,"key":"DuplicationPotion"},{"floor":11,"key":"PowerPotion"},{"floor":12,"key":"TheCursedMod:DregsPotion"}],"is_trial":false,"path_per_floor":["M","?","$","?","T","E","M","R","T","M","M","E","$","E","R","B"],"character_chosen":"THE_CURSED","items_purchased":["Vajra","TheCursedMod:Torture"],"campfire_rested":2,"item_purchase_floors":[3,13],"current_hp_per_floor":[74,74,74,74,74,20,12,34,34,31,31,18,18,1,23,0,0],"gold":118,"neow_bonus":"RANDOM_COMMON_RELIC","is_daily":false,"chose_seed":false,"campfire_upgraded":0,"win_rate":0.0,"timestamp":1612761114,"path_taken":["M","?","$","?","?","E","M","R","T","?","M","E","$","E","R","BOSS"],"items_purchased_type":["Relic","Card"],"build_version":"2020-12-22","purchased_purges":0,"victory":false,"max_hp_per_floor":[75,75,75,75,75,75,75,75,75,75,75,75,75,75,75,75,75],"relic_stats":{"counters":[8,36],"Pen Nib":[6],"Smiling Mask":0,"obtain_stats":[{"TheCursedMod:BlackMagic101":0,"Lantern":9,"hubris:Teleporter":6,"Vajra":3,"Pen Nib":0,"infinitespire:EmpoweringShard":14,"halation:AfternoonTea":12,"Smiling Mask":4},{"TheCursedMod:BlackMagic101":0,"Lantern":3,"hubris:Teleporter":2,"Vajra":1,"Pen Nib":0,"infinitespire:EmpoweringShard":7,"halation:AfternoonTea":6,"Smiling Mask":1},{"TheCursedMod:BlackMagic101":0,"Lantern":11,"hubris:Teleporter":9,"Vajra":3,"Pen Nib":0,"infinitespire:EmpoweringShard":28,"halation:AfternoonTea":22,"Smiling Mask":3}]},"card_choices":[{"not_picked":["TheCursedMod:RavingStaff","TheCursedMod:VitalStrike"],"picked":"TheCursedMod:Obscuration","floor":1},{"not_picked":["TheCursedMod:Stigma","TheCursedMod:ForbiddenAlchemy"],"picked":"TheCursedMod:SpitefulStrike","floor":6},{"not_picked":["TheCursedMod:CursedMace","TheCursedMod:TacticalStrike"],"picked":"TheCursedMod:CircleOfFlame","floor":7},{"not_picked":["TheCursedMod:FleshFromBone","TheCursedMod:Evocation"],"picked":"TheCursedMod:CursedBlade","floor":10},{"not_picked":["TheCursedMod:Obscuration","TheCursedMod:CursedMace"],"picked":"TheCursedMod:CircleOfCorruption","floor":11},{"not_picked":["TheCursedMod:PrepareRite","TheCursedMod:UltimatePain"],"picked":"TheCursedMod:HellfireBreathing","floor":12},{"not_picked":["TheCursedMod:CursedBlade","TheCursedMod:ForbiddenAlchemy"],"picked":"TheCursedMod:Stigma","floor":14}],"player_experience":496822,"relics_obtained":[{"floor":6,"key":"hubris:Teleporter"},{"floor":9,"key":"Lantern"},{"floor":12,"key":"halation:AfternoonTea"},{"floor":14,"key":"infinitespire:EmpoweringShard"}],"event_choices":[{"damage_healed":0,"gold_gain":0,"player_choice":"Box","damage_taken":0,"relics_obtained":["Smiling Mask"],"max_hp_gain":0,"max_hp_loss":0,"event_name":"Big Fish","floor":4,"gold_loss":0,"cards_obtained":["Regret"]}],"is_beta":false,"boss_relics":[],"items_purged_floors":[],"is_endless":false,"potions_floor_spawned":[6,10,11,12],"killed_by":"The Guardian","ascension_level":0}}