{"host":"1pkwkj8mkn7raipg","time":1612794329,"event":{"mods":["BaseMod","LagranYue(¿≠∏Ò¿ °§‘¬)","Minty Spire (QoL Compilation)","Replay The Spire","StSLib","TestMod","Youmu£®ªÍ∆«—˝√Œ£©"],"gold_per_floor":[117,27,47,65,85,115,115,115,192,218,218,229,154,168,168,273,273,255,115,128,147,164,164,201,220,270,270,297,311,311,322,322,322,322],"floor_reached":33,"language":"ZHS","playtime":1587,"items_purged":["Strike_B","Strike_B"],"score":422,"play_id":"2f27fd2a-73dc-4251-b23c-ce927b8962c1","local_time":"20210208222529","is_ascension_mode":true,"campfire_choices":[{"data":"Hologram","floor":7.0,"key":"SMITH"},{"floor":15.0,"key":"REST"},{"floor":23.0,"key":"REST"},{"data":"Hologram","floor":30.0,"key":"SMITH"},{"floor":32,"key":"REST"}],"circlet_count":0,"master_deck":["AscendersBane","Strike_B","Defend_B","Defend_B","Defend_B","Defend_B","Zap","Dualcast","Gash","Hologram+1","Steam","Steam","Hologram+1","Gash","Beam Cell","Self Repair","Panic Button","Seek","Scrape","Reprogram+1","ReplayTheSpireMod:Splinters","Gash","Scrape","Auto Shields+1"],"relics":["Cracked Core","testmod-TestBox","LagranYue:RandomDrawCardRelic","testmod-Justice","NeowsBlessing","Pocketwatch","Replay:Accelerometer","Pet Ghost","testmod-NegativeEmotionEnhancer","testmod-OneHitWonder","testmod-TurbochargingSystem"],"acts_visited":["Exordium","TheCity"],"potions_floor_usage":[],"damage_taken":[{"damage":0.0,"enemies":"Cultist","floor":1.0,"turns":1.0},{"damage":0.0,"enemies":"2 Louse","floor":3.0,"turns":1.0},{"damage":0.0,"enemies":"Small Slimes","floor":4.0,"turns":1.0},{"damage":12.0,"enemies":"Exordium Wildlife","floor":5.0,"turns":4.0},{"damage":20.0,"enemies":"3 Sentries","floor":6.0,"turns":7.0},{"damage":16.0,"enemies":"Lagavulin","floor":10.0,"turns":7.0},{"damage":13.0,"enemies":"Lots of Slimes","floor":12.0,"turns":4.0},{"damage":8.0,"enemies":"Blue Slaver","floor":14.0,"turns":3.0},{"damage":21.0,"enemies":"Fading Forest","floor":16.0,"turns":11.0},{"damage":18.0,"enemies":"2 Thieves","floor":18.0,"turns":4.0},{"damage":19.0,"enemies":"3 Byrds","floor":20.0,"turns":6.0},{"damage":32.0,"enemies":"Sentry and Sphere","floor":21.0,"turns":4.0},{"damage":12.0,"enemies":"Snake Plant","floor":22.0,"turns":3.0},{"damage":17.0,"enemies":"Centurion and Healer","floor":25.0,"turns":5.0},{"damage":10.0,"enemies":"Replay:Snechameleon","floor":28.0,"turns":4.0},{"damage":12.0,"enemies":"Snecko","floor":29.0,"turns":3.0},{"damage":2,"enemies":"Sentry and Sphere","floor":31,"turns":4},{"damage":49,"enemies":"Collector","floor":33,"turns":6}],"seed_played":"8763201114374740994","potions_obtained":[{"floor":1.0,"key":"PowerPotion"},{"floor":4.0,"key":"SpeedPotion"},{"floor":5.0,"key":"EssenceOfDarkness"},{"floor":14.0,"key":"Elixir"},{"floor":21.0,"key":"ColorlessPotion"},{"floor":22.0,"key":"Ancient Potion"},{"floor":24.0,"key":"SkillPotion"},{"floor":24.0,"key":"DuplicationPotion"},{"floor":28.0,"key":"BlessingOfTheForge"}],"is_trial":false,"path_per_floor":["M","$","M","M","M","E","R","?","T","E","?","M","$","M","R","B",null,"M","$","M","M","M","R","?","M","T","?","E","M","R","M","R","B"],"character_chosen":"DEFECT","items_purchased":["Hologram","Steam","Scrape"],"campfire_rested":3,"item_purchase_floors":[2,2,19],"current_hp_per_floor":[68,68,68,68,56,36,36,36,36,20,20,14,14,13,35,21,62,53,53,45,23,13,36,36,29,29,29,21,11,11,12,36,0,0],"gold":322,"neow_bonus":"THREE_ENEMY_KILL","is_daily":false,"chose_seed":false,"campfire_upgraded":2,"win_rate":0.0,"timestamp":1612794329,"path_taken":["M","$","?","?","M","E","R","?","T","E","?","?","$","M","R","BOSS","M","$","M","M","?","R","?","M","T","?","E","M","R","M","R","BOSS"],"items_purchased_type":["Card","Card","Card"],"build_version":"2020-12-22","purchased_purges":2,"victory":false,"max_hp_per_floor":[75,75,75,75,75,75,75,75,75,75,75,75,75,75,75,75,75,76,76,77,78,79,79,79,80,80,80,81,82,82,83,83,83,83],"card_choices":[{"not_picked":["Aggregate","Heatsinks"],"picked":"Gash","floor":1.0},{"not_picked":["Defragment","BasicCrystalCard"],"picked":"Hologram","floor":3.0},{"not_picked":["Cold Snap","Turbo","Conserve Battery"],"picked":"SKIP","floor":4.0},{"not_picked":["Rebound","ReplayTheSpireMod:System Scan"],"picked":"Gash","floor":5.0},{"not_picked":["Compile Driver","Redo"],"picked":"Beam Cell","floor":6.0},{"not_picked":["Ball Lightning","Stack"],"picked":"Self Repair","floor":10.0},{"not_picked":["Conserve Battery","BasicCrystalCard","Barrage"],"picked":"SKIP","floor":12.0},{"not_picked":["Beam Cell","Rainbow"],"picked":"Panic Button","floor":14.0},{"not_picked":["Multi-Cast","Mirror Shield"],"picked":"Seek","floor":16.0},{"not_picked":["Tempest","Barrage+1","Streamline"],"picked":"SKIP","floor":18.0},{"not_picked":["Leap","BasicCrystalCard"],"picked":"Reprogram+1","floor":20.0},{"not_picked":["Chaos","Conserve Battery","Sweeping Beam"],"picked":"SKIP","floor":21.0},{"not_picked":["Chaos","Turbo","Streamline"],"picked":"SKIP","floor":22.0},{"not_picked":["Redo","Defragment"],"picked":"Gash","floor":25.0},{"not_picked":["Glacier","Storm"],"picked":"Auto Shields+1","floor":28.0},{"not_picked":["Time Bomb+1","Turbo","Cold Snap"],"picked":"SKIP","floor":29.0},{"not_picked":["ReplayTheSpireMod:Reroute Power+1","Aggregate","Scrape"],"picked":"SKIP","floor":31}],"player_experience":418933,"relics_obtained":[{"floor":6.0,"key":"Pocketwatch"},{"floor":9.0,"key":"Replay:Accelerometer"},{"floor":10.0,"key":"Pet Ghost"},{"floor":26.0,"key":"testmod-OneHitWonder"},{"floor":28.0,"key":"testmod-TurbochargingSystem"}],"event_choices":[{"damage_healed":0.0,"max_hp_gain":0.0,"max_hp_loss":0.0,"gold_gain":0.0,"event_name":"Shining Light","player_choice":"Ignored","floor":8.0,"gold_loss":0.0,"damage_taken":0.0},{"cards_removed":["Strike_B"],"damage_healed":0.0,"max_hp_gain":0.0,"max_hp_loss":0.0,"gold_gain":0.0,"event_name":"Living Wall","player_choice":"Forget","floor":11.0,"gold_loss":0.0,"damage_taken":0.0},{"damage_healed":0.0,"max_hp_gain":0.0,"max_hp_loss":0.0,"gold_gain":0.0,"event_name":"The Library","player_choice":"Read","floor":27.0,"gold_loss":0.0,"damage_taken":0.0,"cards_obtained":["Scrape"]}],"is_beta":false,"boss_relics":[{"not_picked":["testmod-BatchProcessingSystem","testmod-PortableAltar"],"picked":"testmod-NegativeEmotionEnhancer"}],"items_purged_floors":[13,19],"is_endless":false,"potions_floor_spawned":[1,4,5,14,21,22,28],"killed_by":"Collector","ascension_level":10}}