{"host":"4lch21uqe3ag08cj","time":1612816144,"event":{"mods":["AchievementEnabler","BaseMod","Block Reminder","Colored Map","Colored Powertips","Minty Spire (QoL Compilation)","Permanent Neow","Relic Stats"],"gold_per_floor":[115,131,142,31,46,73,73,84,136,166,182,212,212,162,162,260,260,280,280,295,312,328,328,356,356,356,391,426,247,247,274,274,370,370,390,32,49,49,95,95,95,95,166,200,219,251,301,330,330,330,330,330,10,40,40],"floor_reached":56,"language":"ENG","playtime":3135,"items_purged":["Shame","Outmaneuver"],"score":1495,"play_id":"43767c58-d9c2-407b-9076-7ba3ddad79c7","local_time":"20210208172904","is_ascension_mode":true,"campfire_choices":[{"data":"Blade Dance","floor":7.0,"key":"SMITH"},{"data":"Wraith Form v2","floor":13.0,"key":"SMITH"},{"data":"Envenom","floor":15.0,"key":"SMITH"},{"data":"Envenom","floor":23,"key":"SMITH"},{"data":"Accuracy","floor":25,"key":"SMITH"},{"data":"Catalyst","floor":30,"key":"SMITH"},{"floor":32,"key":"REST"},{"data":"Wraith Form v2","floor":40,"key":"SMITH"},{"data":"Well Laid Plans","floor":42,"key":"SMITH"},{"floor":49,"key":"RECALL"},{"data":"PanicButton","floor":52,"key":"SMITH"}],"circlet_count":0,"master_deck":["Survivor","Neutralize","Wraith Form v2+1","All Out Attack","Poisoned Stab","Caltrops","Cloak And Dagger","Blade Dance+1","Envenom+1","Envenom+1","A Thousand Cuts","Endless Agony","Crippling Poison","Choke","Infinite Blades","Dagger Throw","Storm of Steel","Flying Knee","Riddle With Holes","Accuracy+1","Well Laid Plans+1","Blade Dance","Cloak And Dagger","Blade Dance","Catalyst+1","Cloak And Dagger","PiercingWail","Wraith Form v2+1","PiercingWail","PanicButton+1","Backflip+1"],"relics":["Ring of the Snake","Vajra","Blood Vial","Ninja Scroll","Nunchaku","Pandora\u0027s Box","Art of War","Bag of Marbles","Red Mask","Akabeko","Smiling Mask","Coffee Dripper","CaptainsWheel","Bird Faced Urn","Darkstone Periapt","Pear","Mango","Sundial","Membership Card","Orichalcum","Centennial Puzzle","Bottled Lightning"],"acts_visited":["Exordium","TheCity","TheBeyond","TheEnding"],"potions_floor_usage":[22,27,28,31,33,35,39,50,54,55,55],"damage_taken":[{"damage":0.0,"enemies":"Small Slimes","floor":1.0,"turns":3.0},{"damage":0.0,"enemies":"2 Louse","floor":2.0,"turns":2.0},{"damage":0.0,"enemies":"Jaw Worm","floor":3.0,"turns":3.0},{"damage":5.0,"enemies":"2 Fungi Beasts","floor":5.0,"turns":4.0},{"damage":8.0,"enemies":"Gremlin Nob","floor":6.0,"turns":5.0},{"damage":1.0,"enemies":"Blue Slaver","floor":8.0,"turns":3.0},{"damage":0.0,"enemies":"Lagavulin","floor":10.0,"turns":5.0},{"damage":0.0,"enemies":"Large Slime","floor":11.0,"turns":2.0},{"damage":14.0,"enemies":"3 Sentries","floor":12.0,"turns":6.0},{"damage":16.0,"enemies":"Hexaghost","floor":16.0,"turns":8.0},{"damage":0.0,"enemies":"3 Byrds","floor":18.0,"turns":5.0},{"damage":0,"enemies":"Spheric Guardian","floor":20,"turns":1},{"damage":6,"enemies":"Snake Plant","floor":21,"turns":5},{"damage":5,"enemies":"Cultist and Chosen","floor":22,"turns":4},{"damage":21,"enemies":"Book of Stabbing","floor":24,"turns":4},{"damage":0,"enemies":"Masked Bandits","floor":27,"turns":1},{"damage":0,"enemies":"Gremlin Leader","floor":28,"turns":3},{"damage":17,"enemies":"Book of Stabbing","floor":31,"turns":3},{"damage":20,"enemies":"Automaton","floor":33,"turns":5},{"damage":7,"enemies":"3 Darklings","floor":35,"turns":5},{"damage":15,"enemies":"3 Shapes","floor":37,"turns":3},{"damage":12,"enemies":"2 Orb Walkers","floor":39,"turns":4},{"damage":0,"enemies":"Giant Head","floor":44,"turns":5},{"damage":8,"enemies":"Spire Growth","floor":45,"turns":4},{"damage":13,"enemies":"Nemesis","floor":46,"turns":5},{"damage":0,"enemies":"Mind Bloom Boss Battle","floor":47,"turns":4},{"damage":16,"enemies":"Giant Head","floor":48,"turns":6},{"damage":48,"enemies":"Awakened One","floor":50,"turns":9},{"damage":13,"enemies":"Shield and Spear","floor":54,"turns":7},{"damage":51,"enemies":"The Heart","floor":55,"turns":9}],"seed_played":"945288592722057651","potions_obtained":[{"floor":1.0,"key":"Energy Potion"},{"floor":3.0,"key":"EssenceOfSteel"},{"floor":5.0,"key":"LiquidMemories"},{"floor":16.0,"key":"AttackPotion"},{"floor":18.0,"key":"Explosive Potion"},{"floor":27,"key":"DistilledChaos"},{"floor":31,"key":"ColorlessPotion"},{"floor":33,"key":"SpeedPotion"},{"floor":37,"key":"CunningPotion"},{"floor":45,"key":"CunningPotion"},{"floor":54,"key":"Weak Potion"}],"is_trial":false,"path_per_floor":["M","M","M","$","M","E","R","M","T","E","M","E","R","?","R","B",null,"M","?","M","M","M","R","E","R","T","?","E","$","R","E","R","B",null,"M","$","M","$","?","R","?","R","T","E","M","E","?","E","R","B",null,"R","$","E","B",null],"character_chosen":"THE_SILENT","items_purchased":["Caltrops","Catalyst","Energy Potion","Cloak And Dagger","CaptainsWheel","Membership Card","Orichalcum","Centennial Puzzle","PowerPotion"],"campfire_rested":1,"item_purchase_floors":[4,29,29,29,36,53,53,53,53],"current_hp_per_floor":[70,70,70,70,65,57,57,56,56,58,60,48,48,48,48,34,70,70,70,70,64,61,61,42,42,42,44,46,46,46,31,52,34,70,63,63,50,50,40,40,40,40,40,54,52,63,91,78,78,46,94,94,94,94,55],"gold":40,"neow_bonus":"THREE_RARE_CARDS","is_daily":false,"chose_seed":false,"campfire_upgraded":9,"win_rate":0.0,"timestamp":1612816144,"path_taken":["M","M","M","$","M","E","R","M","T","E","M","E","R","?","R","BOSS","M","?","M","M","M","R","E","R","T","?","E","$","R","E","R","BOSS","M","$","M","$","?","R","?","R","T","E","M","E","?","E","R","BOSS","R","$","E","BOSS"],"items_purchased_type":["Card","Card","Potion","Card","Relic","Relic","Relic","Relic","Potion"],"build_version":"2020-12-22","purchased_purges":2,"victory":true,"max_hp_per_floor":[70,70,70,70,70,70,70,70,70,70,70,70,70,70,70,70,70,70,70,70,70,70,70,70,70,70,70,70,70,70,70,70,70,70,70,70,70,70,70,70,70,70,70,70,70,80,94,94,94,94,94,94,94,94,94],"relic_stats":{"Darkstone Periapt":0,"counters":[30,133],"Orichalcum":[36],"Smiling Mask":50,"Blood Vial":36,"Nunchaku":[41],"Centennial Puzzle":[6],"Sundial":[2],"Bird Faced Urn":[80],"Pandora\u0027s Box":["Endless Agony","Crippling Poison","Choke","Infinite Blades","Dagger Throw","Storm of Steel","Flying Knee","Outmaneuver","Riddle With Holes"],"Art of War":[4],"obtain_stats":[{"Darkstone Periapt":44,"Pear":46,"Vajra":6,"Mango":47,"Orichalcum":53,"Smiling Mask":31,"Akabeko":28,"Blood Vial":9,"Nunchaku":12,"CaptainsWheel":36,"Centennial Puzzle":53,"Ninja Scroll":10,"Sundial":48,"Bird Faced Urn":39,"Pandora\u0027s Box":17,"Art of War":24,"Bag of Marbles":26,"Red Mask":27,"Coffee Dripper":34,"Membership Card":53,"Bottled Lightning":54,"Ring of the Snake":0},{"Darkstone Periapt":23,"Pear":25,"Vajra":5,"Mango":26,"Orichalcum":28,"Smiling Mask":18,"Akabeko":17,"Blood Vial":6,"Nunchaku":9,"CaptainsWheel":20,"Centennial Puzzle":28,"Ninja Scroll":7,"Sundial":27,"Bird Faced Urn":22,"Pandora\u0027s Box":10,"Art of War":15,"Bag of Marbles":15,"Red Mask":16,"Coffee Dripper":19,"Membership Card":28,"Bottled Lightning":29,"Ring of the Snake":0},{"Darkstone Periapt":89,"Pear":98,"Vajra":17,"Mango":102,"Orichalcum":117,"Smiling Mask":67,"Akabeko":64,"Blood Vial":20,"Nunchaku":33,"CaptainsWheel":77,"Centennial Puzzle":117,"Ninja Scroll":25,"Sundial":108,"Bird Faced Urn":84,"Pandora\u0027s Box":41,"Art of War":60,"Bag of Marbles":60,"Red Mask":61,"Coffee Dripper":72,"Membership Card":117,"Bottled Lightning":124,"Ring of the Snake":0}],"Ring of the Snake":[55]},"card_choices":[{"not_picked":["Unload","A Thousand Cuts"],"picked":"Wraith Form v2","floor":0.0},{"not_picked":["Backstab","Slice"],"picked":"All Out Attack","floor":1.0},{"not_picked":["Masterful Stab","Backflip"],"picked":"Poisoned Stab","floor":2.0},{"not_picked":["Dagger Throw","Acrobatics","Dagger Spray"],"picked":"SKIP","floor":3.0},{"not_picked":["Caltrops","Bane"],"picked":"Cloak And Dagger","floor":5.0},{"not_picked":["Heel Hook","Quick Slash"],"picked":"Blade Dance","floor":6.0},{"not_picked":["Distraction","Escape Plan","Quick Slash"],"picked":"SKIP","floor":8.0},{"not_picked":["Outmaneuver","Infinite Blades"],"picked":"Envenom","floor":10.0},{"not_picked":["Heel Hook","Dodge and Roll","Sucker Punch"],"picked":"SKIP","floor":11.0},{"not_picked":["Dagger Spray","Crippling Poison"],"picked":"Envenom","floor":12.0},{"not_picked":["Bullet Time","Tools of the Trade"],"picked":"A Thousand Cuts","floor":16.0},{"not_picked":["Deadly Poison","Outmaneuver+1"],"picked":"Accuracy","floor":18.0},{"not_picked":["Sucker Punch","Backstab"],"picked":"Well Laid Plans","floor":20},{"not_picked":["Acrobatics","Bane+1","Flying Knee"],"picked":"SKIP","floor":21},{"not_picked":["Deflect+1","Flying Knee"],"picked":"Blade Dance","floor":22},{"not_picked":["Flying Knee+1","Masterful Stab","Reflex"],"picked":"SKIP","floor":24},{"not_picked":["Backflip","Masterful Stab"],"picked":"Cloak And Dagger","floor":27},{"not_picked":["Dash","Tools of the Trade"],"picked":"Blade Dance","floor":28},{"not_picked":["Underhanded Strike","Blade Dance+1"],"picked":"PiercingWail","floor":31},{"not_picked":["Phantasmal Killer","Glass Knife"],"picked":"Wraith Form v2","floor":33},{"not_picked":["Masterful Stab+1","Reflex","PiercingWail"],"picked":"SKIP","floor":35},{"not_picked":["Riddle With Holes+1","Flying Knee","Poisoned Stab"],"picked":"SKIP","floor":37},{"not_picked":["Deadly Poison+1","Expertise"],"picked":"PiercingWail","floor":39},{"not_picked":["HandOfGreed","Enlightenment"],"picked":"PanicButton","floor":41},{"not_picked":["Backstab","Quick Slash"],"picked":"Backflip+1","floor":44},{"not_picked":["PiercingWail","Blade Dance","Dodge and Roll"],"picked":"SKIP","floor":45},{"not_picked":["Endless Agony+1","Masterful Stab","Riddle With Holes+1"],"picked":"SKIP","floor":46},{"not_picked":["Choke+1","Terror+1","Noxious Fumes"],"picked":"SKIP","floor":48},{"not_picked":["Leg Sweep+1","Poisoned Stab+1","Heel Hook+1"],"picked":"SKIP","floor":54}],"player_experience":53251,"relics_obtained":[{"floor":6.0,"key":"Vajra"},{"floor":9.0,"key":"Blood Vial"},{"floor":10.0,"key":"Ninja Scroll"},{"floor":12.0,"key":"Nunchaku"},{"floor":24,"key":"Art of War"},{"floor":26,"key":"Bag of Marbles"},{"floor":27,"key":"Red Mask"},{"floor":28,"key":"Akabeko"},{"floor":31,"key":"Smiling Mask"},{"floor":39,"key":"Bird Faced Urn"},{"floor":44,"key":"Darkstone Periapt"},{"floor":46,"key":"Pear"},{"floor":47,"key":"Mango"},{"floor":48,"key":"Sundial"},{"floor":54,"key":"Bottled Lightning"}],"event_choices":[{"cards_removed":["Defend_G"],"damage_healed":0.0,"max_hp_gain":0.0,"max_hp_loss":0.0,"gold_gain":0.0,"event_name":"The Cleric","player_choice":"Card Removal","floor":14.0,"gold_loss":50.0,"damage_taken":0.0},{"damage_healed":0,"gold_gain":0,"player_choice":"Ignored","damage_taken":0,"max_hp_gain":0,"max_hp_loss":0,"event_name":"Beggar","floor":19,"gold_loss":0},{"damage_healed":0,"gold_gain":0,"player_choice":"Fought Bandits","damage_taken":0,"max_hp_gain":0,"max_hp_loss":0,"event_name":"Masked Bandits","floor":27,"gold_loss":0},{"damage_healed":0,"gold_gain":0,"player_choice":"Fight","damage_taken":0,"max_hp_gain":0,"max_hp_loss":0,"event_name":"Mysterious Sphere","floor":39,"gold_loss":0},{"damage_healed":0,"gold_gain":0,"player_choice":"Memory 1","damage_taken":0,"max_hp_gain":0,"max_hp_loss":0,"event_name":"SensoryStone","floor":41,"gold_loss":0},{"damage_healed":0,"gold_gain":0,"player_choice":"Fight","damage_taken":0,"max_hp_gain":0,"max_hp_loss":0,"event_name":"MindBloom","floor":47,"gold_loss":0}],"is_beta":false,"boss_relics":[{"not_picked":["Empty Cage","Fusion Hammer"],"picked":"Pandora\u0027s Box"},{"not_picked":["Sozu","Cursed Key"],"picked":"Coffee Dripper"}],"items_purged_floors":[4,36],"is_endless":false,"potions_floor_spawned":[1,3,5,16,18,27,31,33,37,45,54],"ascension_level":2}}