{"host":"c35j6tsoy7cxzn43","time":1612791432,"event":{"mods":["BaseMod","Better Third Choice","BetterRewards","Colored Map","Colored Powertips","Conspire","Highlight Path","Hubris","Infinite Spire","Minty Spire (QoL Compilation)","Quick Restart","Replay The Spire","Shop Mod","StSLib"],"gold_per_floor":[114,114,289,289,304,304,324,353,377,302,316,347,381,392,392,493,493,511,527,539,539,554,583,583,583,583,599,599,631,631,649,649,754,754,774,786,786,798,818,852,852,852,852,852,852,871,871,871,871,871,871,871,145,179,179],"floor_reached":56,"language":"ENG","playtime":3887,"items_purged":["Languid","Languid"],"score":879,"play_id":"22bc37e5-2b5e-4434-8f17-9171a425f394","local_time":"20210208143712","is_ascension_mode":false,"campfire_choices":[{"data":"Bane","floor":6,"key":"SMITH"},{"data":"Poisoned Stab","floor":15,"key":"SMITH"},{"data":"Malaise","floor":25,"key":"SMITH"},{"data":"hubris:Fate","floor":28,"key":"SMITH"},{"data":"Doppelganger","floor":30,"key":"SMITH"},{"data":"Footwork","floor":32,"key":"SMITH"},{"data":"After Image","floor":41,"key":"SMITH"},{"floor":45,"key":"RECALL"},{"data":"infinitespire:UltimateForm","floor":49,"key":"SMITH"}],"circlet_count":0,"master_deck":["Strike_G","Strike_G","Strike_G","Strike_G","Strike_G","Defend_G","Defend_G","Defend_G","Defend_G","Survivor","Neutralize","Poisoned Stab+1","Doubt","Bane+1","Malaise+1","Poisoned Stab+1","Doppelganger+1","Footwork+1","hubris:Fate+1","AbeCurse","ReplayTheSpireMod:From All Sides+1","PanicButton","Neutralize","After Image+1","infinitespire:UltimateForm+1","Doppelganger+1","Sadistic Nature"],"relics":["Ring of the Serpent","ReplayTheSpireMod:TigerMarble","ReplayTheSpireMod:Ring of Challenge","ReplayTheSpireMod:Ring of Collecting","Incense Burner","Ring of Misfortune","Blood Vial","Ancient Tea Set","ChewingGum","infinitespire:PuzzleCube","Juzu Bracelet","hubris:SphereOfDissonance","hubris:Backtick","Chemical X","ReplayTheSpireMod:Ring of Exchange","Bronze Scales","infinitespire:ShieldingShard","ReplayTheSpireMod:Ring of Addiction","Chameleon Ring","Potion Belt","Replay:Mystery Machine","Replay:Bottled Steam","DollysMirror","Nunchaku","hubris:SlimyHat"],"acts_visited":["Exordium","TheCity","TheBeyond","TheEnding"],"potions_floor_usage":[8,8,29,29,46,50,50,54,54,55,55,55,55,55,55,55,55,55],"damage_taken":[{"damage":0,"enemies":"Small Slimes","floor":1,"turns":3},{"damage":0,"enemies":"Jaw Worm","floor":5,"turns":4},{"damage":0,"enemies":"2 Louse","floor":7,"turns":3},{"damage":30,"enemies":"Lagavulin","floor":8,"turns":4},{"damage":8,"enemies":"Lots of Slimes","floor":11,"turns":5},{"damage":12,"enemies":"Gremlin Nob","floor":12,"turns":4},{"damage":0,"enemies":"3 Louse","floor":13,"turns":2},{"damage":1,"enemies":"Exordium Wildlife","floor":14,"turns":3},{"damage":18,"enemies":"Slime Boss","floor":16,"turns":15},{"damage":14,"enemies":"Spheric Guardian","floor":18,"turns":6},{"damage":11,"enemies":"Chosen","floor":19,"turns":5},{"damage":7,"enemies":"Snake Plant","floor":20,"turns":4},{"damage":0,"enemies":"Cultist and Chosen","floor":22,"turns":7},{"damage":3,"enemies":"Book of Stabbing","floor":23,"turns":9},{"damage":1,"enemies":"Shelled Parasite and Fungi","floor":27,"turns":3},{"damage":7,"enemies":"Slavers","floor":29,"turns":3},{"damage":0,"enemies":"Centurion and Healer","floor":31,"turns":7},{"damage":0,"enemies":"Pondfish","floor":33,"turns":16},{"damage":1,"enemies":"Orb Walker","floor":35,"turns":3},{"damage":0,"enemies":"3 Darklings","floor":36,"turns":8},{"damage":15,"enemies":"Spire Growth","floor":38,"turns":5},{"damage":0,"enemies":"Transient","floor":39,"turns":5},{"damage":0,"enemies":"Nemesis","floor":40,"turns":9},{"damage":27,"enemies":"4 Shapes","floor":46,"turns":6},{"damage":15,"enemies":"Replay:Hell Engine","floor":50,"turns":18},{"damage":18,"enemies":"Shield and Spear","floor":54,"turns":7},{"damage":45,"enemies":"The Heart","floor":55,"turns":10}],"seed_played":"4729913624936743482","potions_obtained":[{"floor":1,"key":"LiquidMemories"},{"floor":7,"key":"FearPotion"},{"floor":8,"key":"Venom Potion"},{"floor":13,"key":"Elixir"},{"floor":20,"key":"AttackPotion"},{"floor":22,"key":"BlessingOfTheForge"},{"floor":23,"key":"Regen Potion"},{"floor":29,"key":"Elixir"},{"floor":31,"key":"AttackPotion"},{"floor":35,"key":"PowerPotion"},{"floor":43,"key":"EntropicBrew"},{"floor":43,"key":"LiquidMemories"},{"floor":44,"key":"DistilledChaos"},{"floor":46,"key":"Regen Potion"},{"floor":52,"key":"PowerPotion"},{"floor":52,"key":"Poison Potion"},{"floor":54,"key":"GamblersBrew"}],"is_trial":false,"path_per_floor":["M","?","?","?","M","R","M","E","T","$","M","E","M","M","R","B",null,"M","M","M","?","M","E","AVR","R","T","M","R","E","R","M","R","B",null,"M","M","?","M","M","E","R","?","T","?","R","M","?","?","R","B",null,"R","$","E","B",null],"character_chosen":"THE_SILENT","items_purchased":["Replay:Bottled Steam","DollysMirror","Sadistic Nature","Nunchaku"],"campfire_rested":0,"item_purchase_floors":[53,53,53,53],"current_hp_per_floor":[70,70,70,70,70,70,70,40,40,40,34,24,26,27,27,11,70,56,47,42,42,44,43,43,43,43,44,44,39,39,41,41,58,70,69,70,70,55,70,70,70,53,53,56,56,50,53,56,56,63,68,68,68,48,5],"gold":179,"neow_bonus":"RANDOM_COMMON_RELIC","is_daily":false,"chose_seed":false,"campfire_upgraded":8,"win_rate":0.0,"timestamp":1612791432,"path_taken":["M","?","?","?","?","R","M","E","T","$","M","E","M","M","R","BOSS","M","M","M","?","M","E","AVR","R","T","M","R","E","R","M","R","BOSS","M","M","?","M","M","E","R","?","T","?","R","M","?","?","R","BOSS","R","$","E","BOSS"],"items_purchased_type":["Relic","Relic","Card","Relic"],"build_version":"2020-12-22","purchased_purges":2,"victory":true,"max_hp_per_floor":[70,70,70,70,70,70,70,70,70,70,70,70,70,70,70,70,70,70,70,70,70,70,70,70,70,70,70,70,70,70,70,70,70,70,70,70,70,70,70,70,70,70,70,70,70,70,70,70,70,68,68,68,68,66,66],"card_choices":[{"not_picked":["Bane","Blade Dance"],"picked":"Poisoned Stab","floor":1},{"not_picked":["Cloak And Dagger","Footwork"],"picked":"Bane","floor":5},{"not_picked":["Fluid Movement","Masterful Stab","ReplayTheSpireMod:Shiv Toss"],"picked":"SKIP","floor":7},{"not_picked":["Slice","Hidden Blade"],"picked":"Malaise","floor":8},{"not_picked":["All Out Attack","Cloak And Dagger"],"picked":"Poisoned Stab","floor":11},{"not_picked":["Infinite Blades","ReplayTheSpireMod:Shiv Toss","Caltrops"],"picked":"SKIP","floor":12},{"not_picked":["Flying Knee","ReplayTheSpireMod:Tripwire","Cloak And Dagger"],"picked":"SKIP","floor":13},{"not_picked":["Leg Sweep","hubris:Sniper","Deflect"],"picked":"SKIP","floor":14},{"not_picked":["ReplayTheSpireMod:From All Sides","Atom Bomb"],"picked":"Doppelganger","floor":16},{"not_picked":["Outmaneuver","Deadly Poison","Prepared+1"],"picked":"SKIP","floor":18},{"not_picked":["Backflip","Eviscerate+1","hubris:TrickCloak"],"picked":"SKIP","floor":19},{"not_picked":["Poisoned Stab","Underhanded Strike","Quick Slash"],"picked":"SKIP","floor":20},{"not_picked":["Underhanded Strike","Draining Mist","Deadly Poison"],"picked":"SKIP","floor":22},{"not_picked":["ReplayTheSpireMod:Necrosis","Catalyst"],"picked":"Footwork","floor":23},{"not_picked":["Underhanded Strike","Quick Slash+1","Deflect"],"picked":"SKIP","floor":27},{"not_picked":["PiercingWail","Draining Mist","hubris:TrickCloak+1"],"picked":"SKIP","floor":29},{"not_picked":["Dash+1","Accuracy","Hidden Blade"],"picked":"SKIP","floor":31},{"not_picked":["Unload","Corpse Explosion"],"picked":"ReplayTheSpireMod:From All Sides","floor":33},{"not_picked":["Calculated Gamble+1","Acrobatics+1","hubris:SlightOfHand+1"],"picked":"SKIP","floor":35},{"not_picked":["Outmaneuver+1","Well Laid Plans+1","Deadly Poison+1"],"picked":"SKIP","floor":36},{"not_picked":["Acrobatics","Atom Bomb","Sneak Up"],"picked":"SKIP","floor":38},{"not_picked":["Dagger Throw+1","Dodge and Roll+1","Cloak And Dagger"],"picked":"SKIP","floor":39},{"not_picked":["Poisoned Stab+1","Sucker Punch"],"picked":"After Image","floor":40},{"not_picked":["infinitespire:Fortify","hubris:InfiniteBlow+1"],"picked":"infinitespire:UltimateForm","floor":42},{"not_picked":["Outmaneuver","Caltrops+1","hubris:SlightOfHand"],"picked":"SKIP","floor":46},{"not_picked":["Acrobatics","Replay:Poison Smokescreen","Dagger Throw"],"picked":"SKIP","floor":54}],"player_experience":463966,"relics_obtained":[{"floor":2,"key":"ReplayTheSpireMod:Ring of Challenge"},{"floor":2,"key":"ReplayTheSpireMod:Ring of Collecting"},{"floor":8,"key":"Incense Burner"},{"floor":9,"key":"Ring of Misfortune"},{"floor":9,"key":"Blood Vial"},{"floor":12,"key":"Ancient Tea Set"},{"floor":23,"key":"Juzu Bracelet"},{"floor":26,"key":"ReplayTheSpireMod:Ring of Exchange"},{"floor":29,"key":"Bronze Scales"},{"floor":40,"key":"infinitespire:ShieldingShard"},{"floor":43,"key":"ReplayTheSpireMod:Ring of Addiction"},{"floor":43,"key":"Chameleon Ring"},{"floor":43,"key":"Potion Belt"},{"floor":43,"key":"Replay:Mystery Machine"},{"floor":54,"key":"hubris:SlimyHat"}],"event_choices":[{"damage_healed":0,"gold_gain":175,"player_choice":"AGREE","damage_taken":114,"max_hp_gain":0,"max_hp_loss":0,"event_name":"betterThird:BetterSerpent","floor":3,"gold_loss":0},{"damage_healed":0,"gold_gain":0,"player_choice":"Forge","damage_taken":0,"max_hp_gain":0,"max_hp_loss":0,"event_name":"Accursed Blacksmith","floor":4,"gold_loss":0,"cards_upgraded":["Poisoned Stab"]},{"damage_healed":0,"gold_gain":0,"player_choice":"2 cards matched","damage_taken":0,"max_hp_gain":0,"max_hp_loss":0,"event_name":"Match and Keep!","floor":37,"gold_loss":0,"cards_obtained":["PanicButton","Neutralize"]},{"damage_healed":0,"gold_gain":0,"player_choice":"Got Potions","damage_taken":0,"max_hp_gain":0,"max_hp_loss":0,"event_name":"Lab","floor":44,"gold_loss":0},{"cards_removed":["Defend_G"],"damage_healed":0,"gold_gain":0,"player_choice":"Removed Skill","damage_taken":0,"max_hp_gain":0,"max_hp_loss":0,"event_name":"Falling","floor":48,"gold_loss":0}],"is_beta":false,"boss_relics":[{"not_picked":["Empty Cage","Philosopher\u0027s Stone"],"picked":"ChewingGum"},{"not_picked":["hubris:VirtuousBlindfold","hubris:Stopwatch"],"picked":"Ring of the Serpent"}],"items_purged_floors":[10,24],"is_endless":false,"potions_floor_spawned":[1,7,8,13,20,22,23,29,31,35,46,54],"ascension_level":0}}