{"host":"l2kmo5ss1fnqnmvo","time":1612797467,"event":{"mods":["Act Like it!","Arknights","BaseMod","Colored Powertips","Decade(王小明)","Downfall","Lobotomy","Minty Spire (QoL Compilation)","Reimu（博丽灵梦）","StSLib","The Alterego","WarShipGirlsR/战舰少女R mod","Warlord Emblem"],"gold_per_floor":[113,124,143,143,162,162,178,453,453,453,778,778,797,826,826,923,923,911,1001,250,250,0,32,32],"floor_reached":23,"language":"ZHS","playtime":1300,"items_purged":["Regret","PhotonAcceleration"],"score":388,"play_id":"ea4e0bbd-3958-432a-97fc-33de55888bf3","local_time":"20210209001747","is_ascension_mode":true,"campfire_choices":[{"floor":6.0,"key":"REST"},{"data":"NMDAZYYGL","floor":10.0,"key":"SMITH"},{"floor":12.0,"key":"RECALL"},{"data":"Blade_Mach","floor":15.0,"key":"SMITH"}],"circlet_count":0,"master_deck":["KamenRide","Decade_SpecialSkill","Blade_Mach+1","UnarmedAttack5+1","Hibiki_Attack2","Decade_Defend3","Hibiki_Attack1","NMDAZYYGL+1","PrometheusPower","DecadeViolentEmotion","RideBooker","RideBooker_Skill_1","RideBooker_Skill_2","Decade_Defend2","FormRideFlame+1","DenO_Ax","KamenRideHibiki","Hibiki_Attack1","Finesse"],"relics":["Decadriver","TOEIDeficitBill","RabbitCall","Thread and Needle","Old Coin","Incense Burner","Pandora\u0027s Box","Dream Catcher","Matryoshka","Medical Kit","Happy Flower","Bag of Preparation","CrazyTorch:ReiMu"],"acts_visited":["Exordium","TheCity"],"potions_floor_usage":[],"damage_taken":[{"damage":8.0,"enemies":"Jaw Worm","floor":1.0,"turns":4.0},{"damage":0.0,"enemies":"Small Slimes","floor":2.0,"turns":4.0},{"damage":11.0,"enemies":"ats:Genji","floor":3.0,"turns":3.0},{"damage":13.0,"enemies":"Exordium Thugs","floor":5.0,"turns":6.0},{"damage":0.0,"enemies":"2 Fungi Beasts","floor":7.0,"turns":3.0},{"damage":4.0,"enemies":"Lagavulin","floor":11.0,"turns":2.0},{"damage":0.0,"enemies":"3 Louse","floor":13.0,"turns":2.0},{"damage":0.0,"enemies":"3 Sentries","floor":14.0,"turns":4.0},{"damage":12.0,"enemies":"Slime Boss","floor":16.0,"turns":11.0},{"damage":11,"enemies":"2 Thieves","floor":18,"turns":5},{"damage":20,"enemies":"Slavers","floor":23,"turns":4}],"seed_played":"7745399117548328349","potions_obtained":[{"floor":2.0,"key":"ColorlessPotion"},{"floor":11.0,"key":"Block Potion"},{"floor":13.0,"key":"DistilledChaos"}],"is_trial":false,"path_per_floor":["M","M","M","?","M","R","M","?","T","R","E","R","M","E","R","B",null,"M","?","$","T","$","E"],"character_chosen":"Decade","items_purchased":["Dream Catcher","Matryoshka","Medical Kit","Hibiki_Attack1","Finesse","Bag of Preparation"],"campfire_rested":1,"item_purchase_floors":[20,20,20,20,20,22],"current_hp_per_floor":[65,65,54,40,27,48,48,48,48,48,49,49,49,49,49,37,62,51,39,39,39,39,19,19],"gold":32,"neow_bonus":"","is_daily":false,"chose_seed":false,"campfire_upgraded":2,"win_rate":0.0,"timestamp":1612797467,"path_taken":["M","M","M","?","M","R","M","?","T","R","E","R","?","E","R","BOSS","BOSS","M","?","$","?","$","E"],"items_purchased_type":["Relic","Relic","Relic","Card","Card","Relic"],"build_version":"2020-12-22","purchased_purges":2,"victory":false,"max_hp_per_floor":[70,70,70,70,70,70,70,70,70,70,70,70,70,70,70,70,70,70,70,70,70,70,70,70],"card_choices":[{"not_picked":["DragClaw","Blade_Kick"],"picked":"Blade_Mach","floor":1.0},{"not_picked":["Decade_Dash1","Blade_Beat"],"picked":"UnarmedAttack5","floor":1.0},{"not_picked":["Decade_Defend2","KamenRideFaiz"],"picked":"Hibiki_Attack2","floor":2.0},{"not_picked":["FormRideFlame","DenO_Sword","UnarmedAttack5"],"picked":"SKIP","floor":2.0},{"not_picked":["KamenRideFaiz","FormRideDragon"],"picked":"Decade_Defend3","floor":3.0},{"not_picked":["UnarmedAttack7","FormRideDogga"],"picked":"Hibiki_Attack1","floor":5.0},{"not_picked":["RideBooker_Skill_2","Dragreder","Blade_Beat"],"picked":"SKIP","floor":5.0},{"not_picked":["RideBooker_Skill_2","Dragreder","Blade_Beat"],"picked":"SKIP","floor":5.0},{"not_picked":["DenO_Gun","Blade_Slash"],"picked":"NMDAZYYGL","floor":7.0},{"not_picked":["Blade_Slash","UnarmedAttack6","KamenRideKabuto"],"picked":"SKIP","floor":7.0},{"not_picked":["FormRideGaruru","FormRideDragon","KamenRideKuuga"],"picked":"SKIP","floor":11.0},{"not_picked":["FormRideTitan","MirrorWorld","Dragreder"],"picked":"SKIP","floor":11.0},{"not_picked":["UnarmedAttack4","KamenRideDecade"],"picked":"PrometheusPower","floor":13.0},{"not_picked":["FormRideStorm","RideBooker_Skill_3","DenO_Rod"],"picked":"SKIP","floor":13.0},{"not_picked":["FormRideTitan","KamenRideKiva","RideBooker_Skill_2"],"picked":"SKIP","floor":14.0},{"not_picked":["FormRideTitan","DragClaw","KamenRideRyuki"],"picked":"SKIP","floor":14.0},{"not_picked":["Kuuga_Rising","FormRideAxel"],"picked":"DecadeViolentEmotion","floor":16},{"not_picked":["FormRideGaruru+1","FormRideDragon","PhotonAcceleration"],"picked":"SKIP","floor":18}],"player_experience":673048,"relics_obtained":[{"floor":9.0,"key":"Thread and Needle"},{"floor":11.0,"key":"Old Coin"},{"floor":14.0,"key":"Incense Burner"},{"floor":21,"key":"Happy Flower"},{"floor":23,"key":"CrazyTorch:ReiMu"}],"event_choices":[{"damage_healed":0.0,"max_hp_gain":0.0,"max_hp_loss":0.0,"gold_gain":0.0,"event_name":"Shining Light","player_choice":"Entered Light","floor":4.0,"gold_loss":0.0,"damage_taken":14.0,"cards_upgraded":["Decade_Defend","UnarmedAttack5"]},{"damage_healed":0.0,"max_hp_gain":0.0,"max_hp_loss":0.0,"gold_gain":275.0,"event_name":"Golden Shrine","player_choice":"Desecrate","floor":8.0,"gold_loss":0.0,"damage_taken":0.0,"cards_obtained":["Regret"]},{"damage_healed":0,"gold_gain":90,"player_choice":"GOLD ","damage_taken":12,"max_hp_gain":0,"max_hp_loss":0,"event_name":"Knowing Skull","floor":19,"potions_obtained":[],"gold_loss":0,"cards_obtained":[]}],"is_beta":false,"boss_relics":[{"not_picked":["Snecko Eye","Velvet Choker"],"picked":"Pandora\u0027s Box"}],"items_purged_floors":[20,22],"is_endless":false,"potions_floor_spawned":[2,11,13,14,16,23],"killed_by":"Slavers","ascension_level":7}}