{"host":"t9zjxed0utvsfjwc","time":1612748712,"event":{"mods":["2.2 Compatiblity","Aspiration","BaseMod","Better Altar","Better Match","Better Note","Better Sensory Stone","Better Skull","Better Third Choice","Block Reminder","Colored Map","Colored Powertips","Custom Start","Downfall","Hermit","Highlight Path","Hubris","Infinite Spire","Marisa????????","Minty Spire (QoL Compilation)","Quick Restart","Rare Cards Sparkle","Reliquary","Replay The Spire","StSLib","The Cursed","The Marked","The Runesmith","Unceasing Turn Reminder","everything is the same but u backflip on backflip"],"gold_per_floor":[99,99,99,99,112,112,112,142,152,52,52,52,52],"floor_reached":11,"language":"ENG","playtime":427,"items_purged":[],"score":72,"play_id":"79bde99b-190c-4251-8018-70b3bf9cc381","local_time":"20210208014512","is_ascension_mode":true,"campfire_choices":[{"floor":1,"key":"RECALL"}],"circlet_count":0,"master_deck":["Guardian:Strike_Guardian","Guardian:Strike_Guardian","Guardian:Strike_Guardian+1","Guardian:Strike_Guardian+1","Guardian:Defend_Guardian","Guardian:Defend_Guardian","Guardian:Defend_Guardian","Guardian:Defend_Guardian","Guardian:CurlUp","Guardian:TwinSlam","Guardian:ChargeCore","Guardian:TemporalStrike+1","Guardian:Gem_Purple","Guardian:Gem_Red","Guardian:Gem_Crimson","Guardian:Gem_Green","Guardian:Gem_Fragmented","Guardian:Gem_Green","downfall:Malfunctioning","Guardian:BronzeOrb","Guardian:Gem_Fragmented","Guardian:Gem_Lightblue"],"relics":["Guardian:ModeShifter","downfall:HeartsMalice","Guardian:PickAxe","Bottled Flame","hubris:SlimyHat","downfall:HeartBlessingRed"],"acts_visited":["Exordium"],"potions_floor_usage":[8,11],"damage_taken":[{"damage":0,"enemies":"Jaw Worm","floor":2,"turns":1},{"damage":0,"enemies":"2 Louse","floor":3,"turns":1},{"damage":0,"enemies":"2 Louse","floor":4,"turns":1},{"damage":10,"enemies":"Small Slimes","floor":5,"turns":4},{"damage":21,"enemies":"3 Sentries","floor":8,"turns":11},{"damage":0,"enemies":"3 Louse","floor":9,"turns":3},{"damage":10,"enemies":"Gremlin Nob","floor":11,"turns":2}],"seed_played":"6809797744123009521","potions_obtained":[{"floor":5,"key":"Weak Potion"},{"floor":8,"key":"Weak Potion"}],"is_trial":false,"path_per_floor":["R","M","M","?","M","?","T","E","M","R","E"],"character_chosen":"GUARDIAN","items_purchased":[],"campfire_rested":0,"item_purchase_floors":[],"current_hp_per_floor":[80,80,80,38,28,28,28,7,7,7,0,0,0],"gold":52,"neow_bonus":"THREE_ENEMY_KILL","is_daily":false,"chose_seed":false,"campfire_upgraded":0,"win_rate":0.0,"timestamp":1612748712,"path_taken":["R","M","M","?","M","?","T","E","M","R","E"],"items_purchased_type":[],"build_version":"2020-12-22","purchased_purges":0,"victory":false,"max_hp_per_floor":[80,80,80,80,80,80,80,80,80,80,80,80,80],"card_choices":[{"not_picked":["Guardian:Orbwalk","Guardian:Gem_Fragmented"],"picked":"Guardian:ChargeCore","floor":2},{"not_picked":["Guardian:PrimingBeam","Guardian:Clone"],"picked":"Guardian:TemporalStrike","floor":3},{"not_picked":["Guardian:MultiBeam","Guardian:Preprogram","Guardian:Gem_Cyan"],"picked":"SKIP","floor":5},{"not_picked":["Guardian:PiercingHide","Guardian:Recover"],"picked":"Guardian:BronzeOrb","floor":8},{"not_picked":["Guardian:Gem_Purple","Guardian:Gem_Green","Guardian:PolyBeam"],"picked":"SKIP","floor":9}],"player_experience":519808,"relics_obtained":[{"floor":7,"key":"Bottled Flame"},{"floor":8,"key":"hubris:SlimyHat"}],"event_choices":[],"is_beta":false,"boss_relics":[],"items_purged_floors":[],"is_endless":false,"potions_floor_spawned":[5,8],"killed_by":"Gremlin Nob","ascension_level":1}}