{"host":"oehe2dxjvdgux73m","time":1612791447,"event":{"mods":["AchievementEnabler","BaseMod","Colored Map","Colored Powertips","DeckTracker","Keyboard Shortcuts","Minty Spire (QoL Compilation)","Permanent Neow","Quick Restart","StSLib","SuperFastMode"],"gold_per_floor":[119,133,152,73,86,111,111,111,111,111,129,141,155,166,166,166,166],"floor_reached":16,"language":"KOR","playtime":577,"items_purged":[],"score":212,"play_id":"e5635624-844f-4cb3-980e-2bad6e005efc","local_time":"20210208223727","is_ascension_mode":true,"campfire_choices":[{"floor":7.0,"key":"REST"},{"data":"Flechettes","floor":10.0,"key":"SMITH"},{"data":"Noxious Fumes","floor":15.0,"key":"SMITH"}],"circlet_count":0,"master_deck":["AscendersBane","Strike_G","Strike_G","Strike_G","Strike_G","Strike_G","Defend_G","Defend_G","Defend_G","Defend_G","Defend_G","Survivor","Neutralize","Glass Knife","Flechettes+1","Escape Plan","Well Laid Plans","PiercingWail","Outmaneuver","Noxious Fumes+1"],"relics":["Ring of the Snake","Sundial","Bird Faced Urn"],"acts_visited":["Exordium"],"potions_floor_usage":[],"damage_taken":[{"damage":0.0,"enemies":"Jaw Worm","floor":1.0,"turns":3.0},{"damage":0.0,"enemies":"2 Louse","floor":2.0,"turns":2.0},{"damage":0.0,"enemies":"Small Slimes","floor":3.0,"turns":3.0},{"damage":1.0,"enemies":"Blue Slaver","floor":5.0,"turns":5.0},{"damage":55.0,"enemies":"3 Sentries","floor":6.0,"turns":26.0},{"damage":0.0,"enemies":"Exordium Wildlife","floor":11.0,"turns":2.0},{"damage":5.0,"enemies":"Lots of Slimes","floor":12.0,"turns":5.0},{"damage":4.0,"enemies":"Blue Slaver","floor":13.0,"turns":4.0},{"damage":0.0,"enemies":"3 Louse","floor":14.0,"turns":3.0},{"damage":38,"enemies":"The Guardian","floor":16,"turns":11}],"seed_played":"1722237865013014990","potions_obtained":[{"floor":1.0,"key":"GhostInAJar"},{"floor":3.0,"key":"Dexterity Potion"},{"floor":11.0,"key":"FairyPotion"},{"floor":13.0,"key":"SteroidPotion"}],"is_trial":false,"path_per_floor":["M","M","M","$","M","E","R","?","T","R","M","M","M","M","R","B"],"character_chosen":"THE_SILENT","items_purchased":["Well Laid Plans"],"campfire_rested":1,"item_purchase_floors":[4],"current_hp_per_floor":[59,59,59,59,58,3,22,22,22,22,22,17,13,15,15,0,0],"gold":166,"neow_bonus":"ONE_RANDOM_RARE_CARD","is_daily":false,"chose_seed":false,"campfire_upgraded":2,"win_rate":0.0,"timestamp":1612791447,"path_taken":["M","M","M","$","M","E","R","?","T","R","M","M","M","M","R","BOSS"],"items_purchased_type":["Card"],"build_version":"2020-12-22","purchased_purges":0,"victory":false,"max_hp_per_floor":[66,66,66,66,66,66,66,66,66,66,66,66,66,66,66,66,66],"card_choices":[{"not_picked":["Slice","Deadly Poison"],"picked":"Flechettes","floor":1.0},{"not_picked":["Sucker Punch","Poisoned Stab","Underhanded Strike"],"picked":"SKIP","floor":2.0},{"not_picked":["Flying Knee","Deflect"],"picked":"Escape Plan","floor":3.0},{"not_picked":["Slice","Flying Knee"],"picked":"PiercingWail","floor":5.0},{"not_picked":["Unload","Infinite Blades"],"picked":"Outmaneuver","floor":6.0},{"not_picked":["Catalyst","Prepared","Deflect"],"picked":"SKIP","floor":11.0},{"not_picked":["Concentrate","Underhanded Strike"],"picked":"Noxious Fumes","floor":12.0},{"not_picked":["All Out Attack","Flying Knee","Riddle With Holes"],"picked":"SKIP","floor":13.0},{"not_picked":["Escape Plan","PiercingWail","Prepared"],"picked":"SKIP","floor":14.0}],"player_experience":418781,"relics_obtained":[{"floor":6.0,"key":"Sundial"},{"floor":9.0,"key":"Bird Faced Urn"}],"event_choices":[{"damage_healed":0.0,"max_hp_gain":0.0,"max_hp_loss":0.0,"gold_gain":0.0,"event_name":"Scrap Ooze","player_choice":"Fled","floor":8.0,"gold_loss":0.0,"damage_taken":0.0}],"is_beta":false,"boss_relics":[],"items_purged_floors":[],"is_endless":false,"potions_floor_spawned":[1,3,11,13],"killed_by":"The Guardian","ascension_level":20}}