{"host":"xo0glkmxta74xh34","time":1612824385,"event":{"mods":["BaseMod","Downfall","Minty Spire (QoL Compilation)","Replay The Spire","StSLib"],"gold_per_floor":[99,117,42,55,55,40,91,105,105,131,231,231,251,76,86,189,189,189,202,216,316,342,342,396,90,106,134,158,191,191,241,282,406,418,430,468,573,329,329,353,424,424,36,70,100,100,143,143,67,73],"floor_reached":51,"language":"ENG","playtime":10028,"items_purged":["downfall:Haunted"],"score":969,"play_id":"3239f94e-2744-4914-8ae0-ba18d424c523","local_time":"20210208164625","is_ascension_mode":true,"campfire_choices":[{"data":"hexamod:Strike","floor":1.0,"key":"SMITH"},{"data":"hexamod:NecessarySacrifice","floor":9.0,"key":"SMITH"},{"floor":12.0,"key":"REST"},{"floor":23.0,"key":"REST"},{"floor":30,"key":"REST"},{"data":"hexamod:ForkedFlame","floor":35,"key":"SMITH"},{"data":"hexamod:SkipABeat","floor":42,"key":"SMITH"}],"circlet_count":0,"master_deck":["hexamod:Strike","hexamod:Defend+1","hexamod:Float","CurseOfTheBell","hexamod:EtherealExpedition+1","hexamod:FourthSeal","hexamod:Incineration+1","hexamod:FirstSeal","hexamod:RecurringNightmare+1","hexamod:NecessarySacrifice+1","hexamod:FirstSeal","hexamod:CatchUp+1","hexamod:GhostflameBarrier+1","hexamod:ExtraCrispy","hexamod:HexaLevel+1","hexamod:RainOfEmbers+1","hexamod:SixthSeal","hexamod:FlameSwitch+1","hexamod:ThermalTransfer+1","hexamod:UnleashSpirits+1","hexamod:SoulSteal","hexamod:FirstSeal","hexamod:SecondSeal","hexamod:EtherealExpedition+1","hexamod:GhostflameBarrier+1","hexamod:ApocalypticArmor+1","hexamod:HeatCrush","hexamod:SoulSteal+1","hexamod:VolcanoVisage+1","hexamod:InspiringFlames","hexamod:Hexaguard+1","hexamod:RadiantFlame+1","hexamod:ExtraCrispy+1","hexamod:RetreatToShadows+1","hexamod:SkipABeat+1","hexamod:SoulSteal","hexamod:NightmareGuise+1","hexamod:ForkedFlame+1","hexamod:ThirdSeal","hexamod:FastForward+1","hexamod:UnlimitedPower+1","hexamod:SearingWound+1","hexamod:PowerFromBeyond+1","ReplayTheSpireMod:Splinters","downfall:Haunted","hexamod:GhostOfSpireFuture+1","hexamod:GhostShield+1","hexamod:Hexaguard+1"],"relics":["Calling Bell","Simple Rune","Gremlin Horn","TungstenRod","Regal Pillow","Replay:Rubber Ducky","Toy Ornithopter","Astrolabe","MutagenicStrength","Dream Catcher","Omamori","Orrery","Replay:Bandana","MawBank","Replay:Bronze Core","Bag of Preparation","Pear","downfall:ExtraCursedKey","Garlic","Mango","Lee\u0027s Waffle","Toxic Egg 2","Kunai","Iron Hammer","Orichalcum","downfall:TeleportStone"],"acts_visited":["Exordium","TheCity","TheBeyond"],"potions_floor_usage":[28,28,31,32,33,33,40,44,44,44,50,50,50],"damage_taken":[{"damage":1.0,"enemies":"Jaw Worm","floor":2.0,"turns":4.0},{"damage":0.0,"enemies":"downfall:FleeingMerchant","floor":3.0,"turns":4.0},{"damage":0.0,"enemies":"Small Slimes","floor":4.0,"turns":2.0},{"damage":10.0,"enemies":"downfall:FleeingMerchant","floor":6.0,"turns":4.0},{"damage":0.0,"enemies":"Cultist","floor":8.0,"turns":3.0},{"damage":26.0,"enemies":"downfall:LadyInBlue","floor":11.0,"turns":8.0},{"damage":8.0,"enemies":"Large Slime","floor":13.0,"turns":4.0},{"damage":9.0,"enemies":"downfall:FleeingMerchant","floor":14.0,"turns":4.0},{"damage":0.0,"enemies":"3 Louse","floor":15.0,"turns":3.0},{"damage":12.0,"enemies":"WA_ARCHETYPE_RETAIN","floor":16.0,"turns":7.0},{"damage":15.0,"enemies":"3 Byrds","floor":19.0,"turns":6.0},{"damage":2.0,"enemies":"Chosen","floor":20.0,"turns":6.0},{"damage":45.0,"enemies":"downfall:Augmenter","floor":21.0,"turns":5.0},{"damage":7.0,"enemies":"Snake Plant","floor":22.0,"turns":3.0},{"damage":5.0,"enemies":"downfall:FleeingMerchant","floor":25.0,"turns":4.0},{"damage":15.0,"enemies":"Centurion and Healer","floor":26.0,"turns":6.0},{"damage":17.0,"enemies":"Shelled Parasite and Fungi","floor":27.0,"turns":8.0},{"damage":12,"enemies":"3 Cultists","floor":28,"turns":4},{"damage":28,"enemies":"Replay:Snechameleon","floor":29,"turns":8},{"damage":60,"enemies":"Gremlin Leader","floor":31,"turns":7},{"damage":5,"enemies":"Centurion and Healer","floor":32,"turns":6},{"damage":13,"enemies":"IC_MUSHROOM_ARCHETYPE","floor":33,"turns":7},{"damage":23,"enemies":"3 Darklings","floor":36,"turns":5},{"damage":2,"enemies":"downfall:FleeingMerchant","floor":38,"turns":4},{"damage":6,"enemies":"3 Shapes","floor":40,"turns":4},{"damage":0,"enemies":"downfall:FleeingMerchant","floor":43,"turns":1},{"damage":41,"enemies":"Reptomancer","floor":44,"turns":6},{"damage":22,"enemies":"Spire Growth","floor":45,"turns":6},{"damage":54,"enemies":"Giant Head","floor":47,"turns":11},{"damage":2,"enemies":"4 Shapes","floor":49,"turns":4},{"damage":44,"enemies":"DF_ARCHETYPE_ORBS","floor":50,"turns":8}],"seed_played":"8745845559442906188","potions_obtained":[{"floor":2.0,"key":"GamblersBrew"},{"floor":4.0,"key":"PowerPotion"},{"floor":6.0,"key":"Venom Potion"},{"floor":8.0,"key":"Toxic Potion"},{"floor":8.0,"key":"PowerPotion"},{"floor":11.0,"key":"Elixir"},{"floor":11.0,"key":"hexamod:EctoCoolerPotion"},{"floor":15.0,"key":"Weak Potion"},{"floor":16.0,"key":"CultistPotion"},{"floor":16.0,"key":"Swift Potion"},{"floor":19.0,"key":"sneckomod:MuddlingPotion"},{"floor":20.0,"key":"Death Potion"},{"floor":21.0,"key":"Swift Potion"},{"floor":25.0,"key":"Energy Potion"},{"floor":27.0,"key":"BlessingOfTheForge"},{"floor":27.0,"key":"PowerPotion"},{"floor":29,"key":"SkillPotion"},{"floor":31,"key":"SteroidPotion"},{"floor":31,"key":"AttackPotion"},{"floor":32,"key":"Elixir"},{"floor":33,"key":"ColorlessPotion"},{"floor":36,"key":"hexamod:InfernoChargePotion"},{"floor":36,"key":"champ:CounterPotion"},{"floor":40,"key":"FearPotion"},{"floor":40,"key":"EssenceOfSteel"},{"floor":44,"key":"Fruit Juice"},{"floor":47,"key":"Ancient Potion"},{"floor":49,"key":"ColorlessPotion"},{"floor":49,"key":"Dexterity Potion"}],"is_trial":false,"path_per_floor":["R","M","$","M","?","$","T","M","R","T","?","R","M","$","M","B",null,"R","M","M","?","M","R","T","$","M","M","M","E","R","E","M","B",null,"R","M","?","?","?","M","T","R","$","E","M","T","E","?","M","B",null],"character_chosen":"THE_SPIRIT","items_purchased":["hexamod:Incineration+1","hexamod:HexaLevel","Omamori","Orrery","Pear","Mango","Lee\u0027s Waffle","Toxic Egg 2"],"campfire_rested":3,"item_purchase_floors":[3,14,25,25,38,43,43,43],"current_hp_per_floor":[70,69,69,69,69,66,66,70,70,70,58,70,70,70,70,58,70,70,69,70,51,51,70,70,65,69,67,58,51,70,24,45,63,70,70,61,61,80,85,85,85,85,106,96,95,95,62,62,74,66],"gold":73,"neow_bonus":"BOSS_RELIC","is_daily":false,"chose_seed":false,"campfire_upgraded":4,"win_rate":0.0,"timestamp":1612824385,"path_taken":["R","M","$","M","?","$","T","M","R","?","?","R","M","$","M","BOSS","R","M","M","?","M","R","T","$","M","M","M","E","R","E","M","BOSS","R","M","?","?","?","?","T","R","$","E","M","?","E","?","M","BOSS"],"items_purchased_type":["Card","Card","Relic","Relic","Relic","Relic","Relic","Relic"],"build_version":"2020-12-22","purchased_purges":1,"victory":true,"max_hp_per_floor":[70,70,70,70,70,70,70,70,70,70,70,70,70,70,70,70,70,70,70,70,70,70,70,70,70,70,70,70,70,70,70,70,70,70,70,70,70,80,85,85,85,85,106,111,111,111,111,111,111,111],"card_choices":[{"not_picked":["hexamod:PhantomFireball","hexamod:Haunt"],"picked":"hexamod:EtherealExpedition","floor":2.0},{"not_picked":["hexamod:BurningTouch","hexamod:NightmareStrike"],"picked":"hexamod:FourthSeal","floor":3.0},{"not_picked":["hexamod:PhantomCloak","hexamod:ChargedBarrage"],"picked":"hexamod:FirstSeal","floor":4.0},{"not_picked":["hexamod:PhantomCloak","hexamod:FlamesFromBeyond"],"picked":"hexamod:NecessarySacrifice","floor":6.0},{"not_picked":["hexamod:HeatShield","hexamod:CatchUp"],"picked":"hexamod:FirstSeal","floor":8.0},{"not_picked":["hexamod:SpectersWail","hexamod:FlamesFromBeyond"],"picked":"hexamod:CatchUp","floor":11.0},{"not_picked":["hexamod:NightmareStrike","hexamod:GhostLash"],"picked":"hexamod:GhostflameBarrier","floor":13.0},{"not_picked":["hexamod:FastForward","hexamod:HeatMetal"],"picked":"hexamod:ExtraCrispy","floor":14.0},{"not_picked":["hexamod:AdvancingGuard","hexamod:FastForward"],"picked":"hexamod:RainOfEmbers","floor":15.0},{"not_picked":["hexamod:TurnItUp","hexamod:FifthSeal"],"picked":"hexamod:SixthSeal","floor":16.0},{"not_picked":["hexamod:Hexaguard+1","hexamod:CatchUp"],"picked":"hexamod:SoulSteal","floor":19.0},{"not_picked":["hexamod:NightmareStrike","hexamod:SuperheatedStrike"],"picked":"hexamod:FirstSeal","floor":20.0},{"not_picked":["hexamod:ThermalTransfer","hexamod:SkipABeat"],"picked":"hexamod:SecondSeal","floor":21.0},{"not_picked":["hexamod:EtherealExpedition","hexamod:FirstSeal"],"picked":"hexamod:ApocalypticArmor","floor":22.0},{"not_picked":["hexamod:FlamesFromBeyond","hexamod:SpectersWail+1"],"picked":"hexamod:HeatCrush","floor":25.0},{"not_picked":["hexamod:NightmareStrike","hexamod:FlamesFromBeyond"],"picked":"hexamod:SoulSteal","floor":25.0},{"not_picked":["hexamod:NecessarySacrifice","hexamod:FirstSeal"],"picked":"hexamod:VolcanoVisage","floor":25.0},{"not_picked":["hexamod:BacktrackSmack+1","hexamod:SuperheatedStrike"],"picked":"hexamod:InspiringFlames","floor":25.0},{"not_picked":["hexamod:SuperheatedStrike","hexamod:SpectersWail"],"picked":"hexamod:Hexaguard+1","floor":25.0},{"not_picked":["hexamod:NightmareStrike+1","hexamod:HauntingEcho+1","hexamod:FastForward"],"picked":"SKIP","floor":26.0},{"not_picked":["hexamod:ThermalTransfer","hexamod:NightmareGuise"],"picked":"hexamod:RadiantFlame+1","floor":27.0},{"not_picked":["hexamod:Incineration","hexamod:BurningTouch"],"picked":"hexamod:ExtraCrispy","floor":28},{"not_picked":["hexamod:UnleashSpirits","hexamod:FlamesFromBeyond"],"picked":"hexamod:RetreatToShadows+1","floor":29},{"not_picked":["hexamod:NecessarySacrifice","hexamod:ThermalTransfer"],"picked":"hexamod:SkipABeat","floor":30},{"not_picked":["hexamod:Hexaguard","hexamod:FlamesFromBeyond"],"picked":"hexamod:SoulSteal","floor":31},{"not_picked":["hexamod:SwordOfDarkness","hexamod:Firestarter"],"picked":"hexamod:NightmareGuise","floor":32},{"not_picked":["hexamod:GhostflameInferno","hexamod:ApocalypticArmor"],"picked":"hexamod:ForkedFlame","floor":33},{"not_picked":["hexamod:Again","hexamod:SpectersWail+1","hexamod:AdvancingGuard"],"picked":"SKIP","floor":36},{"not_picked":["hexamod:PhantomCloak+1","hexamod:SkipABeat+1"],"picked":"hexamod:ThirdSeal","floor":37},{"not_picked":["hexamod:RetreatToShadows+1","hexamod:Haunt"],"picked":"hexamod:FastForward+1","floor":37},{"not_picked":["hexamod:ChargedBarrage","hexamod:NightmareGuise","hexamod:FastForward"],"picked":"SKIP","floor":38},{"not_picked":["hexamod:SwordOfDarkness+1","hexamod:Rewind","hexamod:NightmareStrike+1"],"picked":"SKIP","floor":40},{"not_picked":["hexamod:SwordOfDarkness","hexamod:ThermalTransfer","hexamod:Incineration+1"],"picked":"SKIP","floor":40},{"not_picked":["hexamod:GhostShield+1","hexamod:PhantomCloak","hexamod:SuperheatedStrike"],"picked":"SKIP","floor":43},{"not_picked":["hexamod:GhostShield+1","hexamod:ThermalTransfer+1"],"picked":"hexamod:UnlimitedPower+1","floor":44},{"not_picked":["hexamod:PhantomCloak+1","hexamod:GhostShield+1"],"picked":"hexamod:SearingWound+1","floor":44},{"not_picked":["hexamod:FirstSeal","hexamod:HeatCrush+1"],"picked":"hexamod:PowerFromBeyond+1","floor":45},{"not_picked":["hexamod:HauntingEcho","hexamod:PhantomFireball"],"picked":"hexamod:GhostOfSpireFuture+1","floor":47},{"not_picked":["hexamod:Firestarter+1","hexamod:FlamesFromBeyond+1"],"picked":"hexamod:GhostShield+1","floor":47},{"not_picked":["hexamod:Firestarter+1","hexamod:ThermalTransfer+1"],"picked":"hexamod:Hexaguard+1","floor":49},{"not_picked":["hexamod:ThirdSeal","hexamod:RecurringNightmare+1","hexamod:NecessarySacrifice+1"],"picked":"SKIP","floor":49}],"player_experience":402080,"relics_obtained":[{"floor":0.0,"key":"Simple Rune"},{"floor":0.0,"key":"Gremlin Horn"},{"floor":0.0,"key":"TungstenRod"},{"floor":7.0,"key":"Regal Pillow"},{"floor":10.0,"key":"Replay:Rubber Ducky"},{"floor":11.0,"key":"Toy Ornithopter"},{"floor":21.0,"key":"MutagenicStrength"},{"floor":24.0,"key":"Dream Catcher"},{"floor":29,"key":"Replay:Bandana"},{"floor":31,"key":"MawBank"},{"floor":37,"key":"Bag of Preparation"},{"floor":41,"key":"Garlic"},{"floor":44,"key":"Kunai"},{"floor":46,"key":"Iron Hammer"},{"floor":47,"key":"Orichalcum"}],"event_choices":[],"is_beta":false,"boss_relics":[{"not_picked":["Replay:Drink Me","Velvet Choker"],"picked":"Astrolabe"},{"not_picked":["Runic Pyramid","Painkiller Herb"],"picked":"Replay:Bronze Core"}],"items_purged_floors":[43],"is_endless":false,"potions_floor_spawned":[2,8,11,15,16,19,27,31,32,33,36,40,44,49],"ascension_level":3}}