{"host":"aelxjre69umlx7r4","time":1612754724,"event":{"mods":["AchievementEnabler","BaseMod","DeckTracker","Highlight Path","Keyboard Shortcuts","Minty Spire (QoL Compilation)","Permanent Neow","SuperFastMode"],"gold_per_floor":[115,130,80,91,104,104,131,131,131,161,176,176,202,214,214,315,315,325,340,109,124,144,144,160,194,275,290,318,318,318,330,330,330,330],"floor_reached":33,"language":"KOR","playtime":2928,"items_purged":[],"score":336,"play_id":"6806bd64-e544-4bcc-ad38-3a312b3d827c","local_time":"20210208122524","is_ascension_mode":false,"campfire_choices":[{"data":"Dualcast","floor":6.0,"key":"SMITH"},{"data":"Glacier","floor":8.0,"key":"SMITH"},{"data":"Defragment","floor":15.0,"key":"SMITH"},{"data":"Panacea","floor":23,"key":"SMITH"},{"data":"Double Energy","floor":29,"key":"SMITH"},{"data":"Lockon","floor":32,"key":"SMITH"}],"circlet_count":0,"master_deck":["Strike_B+1","Defend_B","Defend_B","Defend_B","Defend_B","Zap","Dualcast+1","Tempest","Self Repair","Glacier+1","Conserve Battery+1","Ball Lightning","Defragment+1","Loop","Lockon+1","Panacea+1","Lockon+1","Conserve Battery+1","Double Energy+1","Biased Cognition","BootSequence"],"relics":["Cracked Core","Bag of Marbles","Strawberry","Sundial","Toy Ornithopter","Empty Cage","Chemical X","Boot","Pear","Nunchaku"],"acts_visited":["Exordium","TheCity"],"potions_floor_usage":[25,33,33],"damage_taken":[{"damage":6.0,"enemies":"Jaw Worm","floor":1.0,"turns":3.0},{"damage":0.0,"enemies":"Small Slimes","floor":2.0,"turns":3.0},{"damage":1.0,"enemies":"2 Louse","floor":4.0,"turns":4.0},{"damage":7.0,"enemies":"Exordium Wildlife","floor":5.0,"turns":5.0},{"damage":18.0,"enemies":"Gremlin Nob","floor":7.0,"turns":3.0},{"damage":15.0,"enemies":"Lagavulin","floor":10.0,"turns":9.0},{"damage":8.0,"enemies":"Large Slime","floor":11.0,"turns":5.0},{"damage":8.0,"enemies":"3 Sentries","floor":13.0,"turns":5.0},{"damage":0.0,"enemies":"Blue Slaver","floor":14.0,"turns":3.0},{"damage":25.0,"enemies":"Slime Boss","floor":16.0,"turns":10.0},{"damage":0.0,"enemies":"Spheric Guardian","floor":18.0,"turns":5.0},{"damage":10.0,"enemies":"3 Byrds","floor":19.0,"turns":3.0},{"damage":20,"enemies":"Snecko","floor":21,"turns":4},{"damage":1,"enemies":"Cultist and Chosen","floor":22,"turns":5},{"damage":11,"enemies":"Snake Plant","floor":24,"turns":4},{"damage":31,"enemies":"Slavers","floor":25,"turns":6},{"damage":2,"enemies":"Centurion and Healer","floor":27,"turns":7},{"damage":25,"enemies":"Book of Stabbing","floor":28,"turns":7},{"damage":0,"enemies":"3 Cultists","floor":31,"turns":4},{"damage":73,"enemies":"Collector","floor":33,"turns":6}],"seed_played":"3565306605039755461","potions_obtained":[{"floor":2.0,"key":"PowerPotion"},{"floor":4.0,"key":"Energy Potion"},{"floor":7.0,"key":"FearPotion"},{"floor":14.0,"key":"PowerPotion"},{"floor":16.0,"key":"LiquidBronze"},{"floor":19.0,"key":"LiquidBronze"},{"floor":24,"key":"PotionOfCapacity"},{"floor":31,"key":"Weak Potion"}],"is_trial":false,"path_per_floor":["M","M","?","M","M","R","E","R","T","E","M","?","E","M","R","B",null,"M","M","$","M","M","R","M","E","T","M","E","R","?","M","R","B"],"character_chosen":"DEFECT","items_purchased":["Panacea","Chemical X"],"campfire_rested":0,"item_purchase_floors":[20,20],"current_hp_per_floor":[69,69,69,75,75,75,71,71,78,70,69,53,45,52,52,34,82,82,72,72,59,65,65,61,42,52,57,39,39,39,46,46,0,0],"gold":330,"neow_bonus":"THREE_CARDS","is_daily":false,"chose_seed":false,"campfire_upgraded":6,"win_rate":0.0,"timestamp":1612754724,"path_taken":["M","M","?","M","M","R","E","R","T","E","M","?","E","M","R","BOSS","M","M","$","M","M","R","M","E","T","M","E","R","?","M","R","BOSS"],"items_purchased_type":["Card","Relic"],"build_version":"2020-12-22","purchased_purges":0,"victory":false,"max_hp_per_floor":[75,75,75,75,75,75,75,75,82,82,82,82,82,82,82,82,82,82,82,82,82,82,82,82,82,92,92,92,92,92,92,92,92,92],"card_choices":[{"not_picked":["Compile Driver","Coolheaded"],"picked":"Tempest","floor":0.0},{"not_picked":["Redo","Doom and Gloom","Steam Power"],"picked":"SKIP","floor":1.0},{"not_picked":["Blizzard","Coolheaded"],"picked":"Self Repair","floor":2.0},{"not_picked":["Barrage","Sweeping Beam"],"picked":"Glacier","floor":4.0},{"not_picked":["Coolheaded","Glacier","Scrape"],"picked":"SKIP","floor":5.0},{"not_picked":["Redo","Multi-Cast"],"picked":"Conserve Battery","floor":7.0},{"not_picked":["Reinforced Body","Steam","Gash"],"picked":"SKIP","floor":10.0},{"not_picked":["Conserve Battery","Scrape"],"picked":"Ball Lightning","floor":11.0},{"not_picked":["Cold Snap","Leap"],"picked":"Defragment","floor":13.0},{"not_picked":["Redo","Consume"],"picked":"Loop","floor":14.0},{"not_picked":["Steam+1","Compile Driver"],"picked":"Lockon","floor":18.0},{"not_picked":["Reprogram","Cold Snap","Compile Driver"],"picked":"SKIP","floor":19.0},{"not_picked":["Ball Lightning","All For One"],"picked":"Lockon+1","floor":21},{"not_picked":["Cold Snap+1","Scrape","Glacier"],"picked":"SKIP","floor":22},{"not_picked":["Steam","Cold Snap"],"picked":"Conserve Battery+1","floor":24},{"not_picked":["Doom and Gloom","Stack","Gash"],"picked":"SKIP","floor":25},{"not_picked":["Self Repair","Barrage"],"picked":"Double Energy","floor":27},{"not_picked":["Lockon+1","Chill"],"picked":"Biased Cognition","floor":28},{"not_picked":["Cold Snap","Auto Shields"],"picked":"BootSequence","floor":31}],"player_experience":383162,"relics_obtained":[{"floor":7.0,"key":"Bag of Marbles"},{"floor":9.0,"key":"Strawberry"},{"floor":10.0,"key":"Sundial"},{"floor":13.0,"key":"Toy Ornithopter"},{"floor":25,"key":"Boot"},{"floor":26,"key":"Pear"},{"floor":28,"key":"Nunchaku"}],"event_choices":[{"cards_removed":["Strike_B"],"damage_healed":0.0,"max_hp_gain":0.0,"max_hp_loss":0.0,"gold_gain":0.0,"event_name":"The Cleric","player_choice":"Card Removal","floor":3.0,"gold_loss":50.0,"damage_taken":0.0},{"damage_healed":0.0,"max_hp_gain":0.0,"max_hp_loss":0.0,"gold_gain":0.0,"event_name":"Shining Light","player_choice":"Entered Light","floor":12.0,"gold_loss":0.0,"damage_taken":16.0,"cards_upgraded":["Strike_B","Conserve Battery"]},{"damage_healed":0,"gold_gain":0,"player_choice":"Ignored","damage_taken":0,"max_hp_gain":0,"max_hp_loss":0,"event_name":"Vampires","floor":30,"gold_loss":0}],"is_beta":false,"boss_relics":[{"not_picked":["Black Star","Coffee Dripper"],"picked":"Empty Cage"}],"items_purged_floors":[],"is_endless":false,"potions_floor_spawned":[2,4,7,14,16,18,19,24,31],"killed_by":"Collector","ascension_level":0}}