{"host":"t75twhtg6c476ygg","time":1612808600,"event":{"mods":["AchievementEnabler","BaseMod","Colored Powertips","Minty Spire (QoL Compilation)","Quick Restart","Relic Stats","StSLib","SuperFastMode"],"gold_per_floor":[114,129,129,129,148,148,341,379,379,398,417,317,317,361,361,486,486,505,524,439,439,343,381,106,125,175,175,194,194,119,138,138,272,272,291,300,100,100,128,216,216,235,235,254,254,282,307,307,307,307],"floor_reached":51,"language":"ENG","playtime":3628,"items_purged":["Unload","Grand Finale","Glass Knife","Blasphemy+1","Burst"],"score":897,"play_id":"9674f8aa-7ef1-47c1-bcbf-79cca0a39982","local_time":"20210208182320","daily_mods":["Shiny","Green Cards","Terminal"],"is_ascension_mode":false,"campfire_choices":[{"data":"DeusExMachina","floor":6.0,"key":"SMITH"},{"floor":15.0,"key":"REST"},{"data":"A Thousand Cuts","floor":27.0,"key":"SMITH"},{"data":"Wraith Form v2","floor":32.0,"key":"SMITH"},{"floor":41,"key":"REST"},{"floor":45,"key":"REST"},{"floor":49,"key":"REST"}],"circlet_count":0,"master_deck":["Corpse Explosion","Malaise","Phantasmal Killer","Die Die Die+1","Adrenaline","Envenom+1","Doppelganger","Wraith Form v2+1","Tools of the Trade","Night Terror+1","After Image+1","Bullet Time","Storm of Steel","A Thousand Cuts+1","Judgement+1","ConjureBlade+1","MasterReality","Brilliance+1","Devotion","Ragnarok+1","LessonLearned+1","Scrawl+1","Alpha+1","Wish+1","Omniscience+1","Establishment","SpiritShield+1","DevaForm+1","DeusExMachina+1","FlyingSleeves","Cloak And Dagger","CarveReality","Study+1","Consecrate+1","Fasting2+1","Wish","Mayhem","Fasting2+1","Adrenaline"],"relics":["PureWater","Mummified Hand","Darkstone Periapt","Golden Idol","PreservedInsect","Bag of Preparation","OrangePellets","Ancient Tea Set","Pen Nib","Shuriken","Pear","Black Star","Calipers","Oddly Smooth Stone","Ornamental Fan","Potion Belt","Bag of Marbles","Pantograph","CeramicFish","Whetstone","Enchiridion","Fusion Hammer","ClockworkSouvenir","Orichalcum","Frozen Egg 2","MealTicket","Vajra","War Paint","Bronze Scales","Juzu Bracelet"],"acts_visited":["Exordium","TheCity","TheBeyond"],"potions_floor_usage":[50],"damage_taken":[{"damage":0.0,"enemies":"Small Slimes","floor":1.0,"turns":1.0},{"damage":0.0,"enemies":"2 Louse","floor":2.0,"turns":3.0},{"damage":3.0,"enemies":"Jaw Worm","floor":5.0,"turns":3.0},{"damage":4.0,"enemies":"3 Sentries","floor":8.0,"turns":3.0},{"damage":13.0,"enemies":"Gremlin Gang","floor":10.0,"turns":2.0},{"damage":2.0,"enemies":"Large Slime","floor":11.0,"turns":7.0},{"damage":4.0,"enemies":"Blue Slaver","floor":14.0,"turns":4.0},{"damage":11.0,"enemies":"Hexaghost","floor":16.0,"turns":7.0},{"damage":1.0,"enemies":"Chosen","floor":18.0,"turns":4.0},{"damage":0.0,"enemies":"3 Byrds","floor":19.0,"turns":2.0},{"damage":39.0,"enemies":"Slavers","floor":23.0,"turns":6.0},{"damage":0.0,"enemies":"Centurion and Healer","floor":25.0,"turns":2.0},{"damage":0.0,"enemies":"Snake Plant","floor":28.0,"turns":2.0},{"damage":0.0,"enemies":"Snecko","floor":31.0,"turns":9.0},{"damage":0,"enemies":"Champ","floor":33,"turns":6},{"damage":0,"enemies":"3 Darklings","floor":35,"turns":1},{"damage":33,"enemies":"3 Shapes","floor":39,"turns":2},{"damage":5,"enemies":"Nemesis","floor":40,"turns":7},{"damage":0,"enemies":"Spire Growth","floor":42,"turns":3},{"damage":2,"enemies":"4 Shapes","floor":44,"turns":3},{"damage":0,"enemies":"Jaw Worm Horde","floor":46,"turns":4},{"damage":31,"enemies":"Time Eater","floor":50,"turns":5}],"seed_played":"-2425098010432476902","potions_obtained":[{"floor":1.0,"key":"ColorlessPotion"},{"floor":33,"key":"DistilledChaos"}],"is_trial":false,"path_per_floor":["M","M","?","?","M","R","$","E","T","M","M","$","?","M","R","B",null,"M","M","?","?","$","E","$","M","T","R","M","?","?","M","R","B",null,"M","?","$","?","M","E","R","M","T","M","R","M","$","?","R","B",null],"character_chosen":"WATCHER","items_purchased":["PreservedInsect","Bag of Preparation","OrangePellets","CarveReality","CultistPotion","Ambrosia","Shuriken","Pear","Ornamental Fan","Potion Belt","Fasting2","DistilledChaos","AttackPotion","CeramicFish","ClockworkSouvenir","Orichalcum","Frozen Egg 2","Bronze Scales","Juzu Bracelet"],"campfire_rested":4,"item_purchase_floors":[7,7,7,7,7,7,12,12,22,22,22,22,22,24,37,37,37,47,47],"current_hp_per_floor":[70,69,62,45,42,42,42,38,38,25,23,33,26,22,42,31,64,63,62,61,60,59,20,20,20,20,20,20,20,20,20,20,45,47,46,45,44,43,10,97,100,99,98,96,96,95,124,123,122,91],"gold":307,"neow_bonus":"","is_daily":true,"chose_seed":false,"campfire_upgraded":3,"win_rate":0.0,"timestamp":1612808600,"path_taken":["M","M","?","?","M","R","$","E","T","M","M","$","?","M","R","BOSS","M","M","?","?","$","E","$","M","T","R","?","?","?","M","R","BOSS","M","?","$","?","M","E","R","M","T","M","R","M","$","?","R","BOSS"],"items_purchased_type":["Relic","Relic","Relic","Card","Potion","Potion","Relic","Relic","Relic","Relic","Card","Potion","Potion","Relic","Relic","Relic","Relic","Relic","Relic"],"build_version":"2020-12-22","purchased_purges":5,"victory":true,"max_hp_per_floor":[70,69,68,67,66,65,64,63,62,61,60,69,68,67,66,65,64,63,62,61,60,59,58,57,56,55,54,53,52,51,50,49,48,47,46,45,44,43,42,101,100,99,98,97,96,95,124,123,122,121],"relic_stats":{"Darkstone Periapt":0,"counters":[22,86],"Golden Idol":155,"CeramicFish":36,"PreservedInsect":116,"Pen Nib":[10],"Bag of Preparation":[39],"Juzu Bracelet":0,"Whetstone":["Brilliance","Consecrate"],"Orichalcum":[36],"War Paint":["ConjureBlade","SpiritShield"],"OrangePellets":[34],"Mummified Hand":[174],"Shuriken":[12],"Ornamental Fan":[28],"Pantograph":25,"Bronze Scales":[12],"MealTicket":0,"Black Star":2,"obtain_stats":[{"Darkstone Periapt":3,"Calipers":20,"CeramicFish":24,"Enchiridion":29,"Vajra":40,"Bag of Preparation":7,"Juzu Bracelet":47,"Whetstone":26,"Ancient Tea Set":8,"ClockworkSouvenir":37,"Mummified Hand":2,"Pantograph":23,"MealTicket":40,"Fusion Hammer":34,"Potion Belt":22,"Pear":12,"Golden Idol":4,"Oddly Smooth Stone":21,"PreservedInsect":7,"Pen Nib":9,"Orichalcum":37,"Frozen Egg 2":37,"War Paint":43,"OrangePellets":7,"Shuriken":12,"Ornamental Fan":22,"Bronze Scales":47,"Black Star":17,"Bag of Marbles":23,"PureWater":0},{"Darkstone Periapt":2,"Calipers":10,"CeramicFish":11,"Enchiridion":13,"Vajra":18,"Bag of Preparation":3,"Juzu Bracelet":21,"Whetstone":12,"Ancient Tea Set":4,"ClockworkSouvenir":16,"Mummified Hand":2,"Pantograph":11,"MealTicket":18,"Fusion Hammer":15,"Potion Belt":10,"Pear":6,"Golden Idol":2,"Oddly Smooth Stone":10,"PreservedInsect":3,"Pen Nib":4,"Orichalcum":16,"Frozen Egg 2":16,"War Paint":19,"OrangePellets":3,"Shuriken":6,"Ornamental Fan":10,"Bronze Scales":21,"Black Star":8,"Bag of Marbles":11,"PureWater":0},{"Darkstone Periapt":4,"Calipers":36,"CeramicFish":42,"Enchiridion":46,"Vajra":71,"Bag of Preparation":7,"Juzu Bracelet":81,"Whetstone":44,"Ancient Tea Set":10,"ClockworkSouvenir":62,"Mummified Hand":2,"Pantograph":42,"MealTicket":71,"Fusion Hammer":61,"Potion Belt":36,"Pear":19,"Golden Idol":4,"Oddly Smooth Stone":36,"PreservedInsect":7,"Pen Nib":10,"Orichalcum":62,"Frozen Egg 2":62,"War Paint":74,"OrangePellets":7,"Shuriken":19,"Ornamental Fan":36,"Bronze Scales":81,"Black Star":30,"Bag of Marbles":42,"PureWater":0}]},"card_choices":[{"not_picked":["Caltrops","Endless Agony"],"picked":"FlyingSleeves","floor":1.0},{"not_picked":["LikeWater","PathToVictory"],"picked":"Cloak And Dagger","floor":2.0},{"not_picked":["Prepared","Reflex"],"picked":"FlurryOfBlows","floor":5.0},{"not_picked":["Reflex","Halt","Prepared"],"picked":"SKIP","floor":8.0},{"not_picked":["Halt","Well Laid Plans","Outmaneuver"],"picked":"SKIP","floor":10.0},{"not_picked":["PathToVictory","Riddle With Holes"],"picked":"Study","floor":11.0},{"not_picked":["Reflex","Glass Knife"],"picked":"Consecrate","floor":14.0},{"not_picked":["Outmaneuver","Crippling Poison","Collect"],"picked":"SKIP","floor":18.0},{"not_picked":["Protect","Prepared","FollowUp+1"],"picked":"SKIP","floor":19.0},{"not_picked":["Burst","FlurryOfBlows","Riddle With Holes"],"picked":"SKIP","floor":23.0},{"not_picked":["Prepared+1","PathToVictory+1","Bane"],"picked":"SKIP","floor":25.0},{"not_picked":["FlurryOfBlows","CutThroughFate","Acrobatics"],"picked":"SKIP","floor":28.0},{"not_picked":["Protect","FearNoEvil+1","ThirdEye"],"picked":"SKIP","floor":31.0},{"not_picked":["MasterReality","Unload"],"picked":"Wish","floor":33},{"not_picked":["Halt+1","Backflip+1","FlurryOfBlows"],"picked":"SKIP","floor":35},{"not_picked":["Forethought","Secret Technique"],"picked":"Mayhem","floor":36},{"not_picked":["Bane","Leg Sweep"],"picked":"Fasting2+1","floor":39},{"not_picked":["Caltrops+1","Choke","Blade Dance+1"],"picked":"SKIP","floor":40},{"not_picked":["FlurryOfBlows+1","ThirdEye","Nirvana+1"],"picked":"SKIP","floor":42},{"not_picked":["Prepared+1","FollowUp+1","Riddle With Holes+1"],"picked":"SKIP","floor":44},{"not_picked":["Prepared","Sucker Punch+1"],"picked":"Adrenaline","floor":46}],"player_experience":360563,"relics_obtained":[{"floor":8.0,"key":"Ancient Tea Set"},{"floor":9.0,"key":"Pen Nib"},{"floor":23.0,"key":"Bag of Marbles"},{"floor":23.0,"key":"Pantograph"},{"floor":26.0,"key":"Whetstone"},{"floor":40,"key":"MealTicket"},{"floor":40,"key":"Vajra"},{"floor":43,"key":"War Paint"}],"event_choices":[{"damage_healed":0.0,"max_hp_gain":0.0,"max_hp_loss":0.0,"gold_gain":0.0,"event_name":"Scrap Ooze","player_choice":"Success","floor":3.0,"gold_loss":0.0,"damage_taken":7.0,"relics_obtained":["Darkstone Periapt"]},{"damage_healed":0.0,"max_hp_gain":0.0,"max_hp_loss":0.0,"gold_gain":0.0,"event_name":"Golden Idol","player_choice":"Take Damage","floor":4.0,"gold_loss":0.0,"damage_taken":17.0,"relics_obtained":["Golden Idol"]},{"cards_removed":["FlurryOfBlows"],"damage_healed":0.0,"max_hp_gain":0.0,"max_hp_loss":0.0,"gold_gain":0.0,"event_name":"Golden Wing","player_choice":"Card Removal","floor":13.0,"gold_loss":0.0,"damage_taken":7.0},{"damage_healed":0.0,"max_hp_gain":0.0,"max_hp_loss":0.0,"gold_gain":0.0,"event_name":"Addict","player_choice":"Obtained Relic","floor":20.0,"gold_loss":85.0,"damage_taken":0.0,"relics_obtained":["Calipers"]},{"damage_healed":0.0,"max_hp_gain":0.0,"max_hp_loss":0.0,"gold_gain":0.0,"event_name":"WeMeetAgain","player_choice":"Gave Potion","floor":21.0,"gold_loss":0.0,"damage_taken":0.0,"relics_obtained":["Oddly Smooth Stone"]},{"damage_healed":0.0,"max_hp_gain":0.0,"max_hp_loss":0.0,"gold_gain":0.0,"event_name":"Cursed Tome","player_choice":"Ignored","floor":29.0,"gold_loss":0.0,"damage_taken":0.0},{"cards_removed":["Venomology"],"damage_healed":0.0,"max_hp_gain":0.0,"max_hp_loss":0.0,"gold_gain":0.0,"event_name":"Beggar","player_choice":"Gave Gold","floor":30.0,"gold_loss":75.0,"damage_taken":0.0},{"damage_healed":0,"gold_gain":0,"player_choice":"Memory 1","damage_taken":0,"max_hp_gain":0,"max_hp_loss":0,"event_name":"SensoryStone","floor":36,"gold_loss":0},{"cards_removed":["Vault"],"damage_healed":0,"gold_gain":0,"player_choice":"Removed Skill","damage_taken":0,"max_hp_gain":0,"max_hp_loss":0,"event_name":"Falling","floor":38,"gold_loss":0},{"damage_healed":0,"gold_gain":0,"player_choice":"Upgraded","damage_taken":0,"max_hp_gain":0,"max_hp_loss":0,"event_name":"Upgrade Shrine","floor":48,"gold_loss":0,"cards_upgraded":["DevaForm"]}],"is_beta":false,"boss_relics":[{"not_picked":["Cursed Key","Ectoplasm"],"picked":"Black Star"},{"not_picked":["Tiny House","Snecko Eye"],"picked":"Fusion Hammer"}],"items_purged_floors":[7,12,24,37,47],"is_endless":false,"potions_floor_spawned":[1,11,16,18,23,33,35,42,46],"ascension_level":0}}