{"host":"121m0oxswv9tg9hk","time":1612819752,"event":{"mods":["AchievementEnabler","BaseMod","Better Third Choice","Downfall","Minty Spire (QoL Compilation)","StSLib"],"gold_per_floor":[99,113,129,144,163,163,186,214,214,314,341,241,14,33,43,147,147,147,163,176,188,188,19,19,19,35,65,85,85,85,112,140,255,267,79,101,124,154,166,212,224,236,248,276,288,312,324,43,62,62,62,62,62,62],"floor_reached":52,"language":"ENG","playtime":5054,"items_purged":["Guardian:Strike_Guardian","Guardian:Defend_Guardian"],"score":1095,"play_id":"c9442b2f-4b69-45be-bedb-f55579631bf4","local_time":"20210208222912","is_ascension_mode":true,"campfire_choices":[{"data":"Guardian:TwinSlam","floor":1.0,"key":"SMITH"},{"floor":6.0,"key":"REST"},{"floor":9.0,"key":"REST"},{"floor":12.0,"key":"RECALL"},{"data":"Guardian:CurlUp","floor":18.0,"key":"SMITH"},{"data":"Guardian:VentSteam","floor":25.0,"key":"SMITH"},{"floor":30.0,"key":"REST"},{"data":"Guardian:Repulse","floor":35,"key":"SMITH"},{"floor":42,"key":"REST"},{"data":"Guardian:TimeSifter","floor":45,"key":"SMITH"},{"floor":47,"key":"REST"}],"circlet_count":0,"master_deck":["AscendersBane","Guardian:Strike_Guardian","Guardian:Strike_Guardian","Guardian:Defend_Guardian","Guardian:Defend_Guardian","Guardian:Defend_Guardian","Guardian:CurlUp+1","Guardian:TwinSlam+1","Guardian:VentSteam+1","Guardian:Recover","Guardian:Incinerate+1","Guardian:Repulse+1","Guardian:FierceBash+1","Guardian:Recover","Guardian:GatlingBeam+1","Guardian:Incinerate+1","Guardian:PrismaticBeam+1","Guardian:TimeSifter+1","Guardian:Incinerate+1","Guardian:TimeSifter","Guardian:Repulse","Guardian:BaubleBeam+1","Guardian:ArmoredProtocol+1","Guardian:CrystalBeam+1"],"relics":["Velvet Choker","Guardian:PocketSentry","Toy Ornithopter","Molten Egg 2","downfall:HeartBlessingGreen","Black Star","DollysMirror","Mango","Turnip","MawBank","Mummified Hand","SlaversCollar","downfall:HeartBlessingRed","downfall:HeartBlessingBlue","Akabeko","Question Card","Smiling Mask","PreservedInsect"],"acts_visited":["Exordium","TheCity","TheBeyond","TheEnding"],"potions_floor_usage":[37,38,40,40,43,50],"damage_taken":[{"damage":3.0,"enemies":"2 Louse","floor":2.0,"turns":4.0},{"damage":1.0,"enemies":"Cultist","floor":3.0,"turns":3.0},{"damage":9.0,"enemies":"Jaw Worm","floor":4.0,"turns":4.0},{"damage":20.0,"enemies":"Gremlin Gang","floor":5.0,"turns":6.0},{"damage":17.0,"enemies":"Lagavulin","floor":8.0,"turns":6.0},{"damage":16.0,"enemies":"Gremlin Nob","floor":11.0,"turns":4.0},{"damage":0.0,"enemies":"downfall:FleeingMerchant","floor":13.0,"turns":4.0},{"damage":0.0,"enemies":"Blue Slaver","floor":14.0,"turns":2.0},{"damage":0.0,"enemies":"2 Fungi Beasts","floor":15.0,"turns":2.0},{"damage":14.0,"enemies":"WA_ARCHETYPE_RETAIN","floor":16.0,"turns":7.0},{"damage":5.0,"enemies":"Shell Parasite","floor":19.0,"turns":4.0},{"damage":0.0,"enemies":"Spheric Guardian","floor":20.0,"turns":4.0},{"damage":0.0,"enemies":"Centurion and Healer","floor":21.0,"turns":6.0},{"damage":0.0,"enemies":"downfall:FleeingMerchant","floor":23.0,"turns":4.0},{"damage":8.0,"enemies":"3 Cultists","floor":26.0,"turns":4.0},{"damage":21.0,"enemies":"Gremlin Leader","floor":27.0,"turns":8.0},{"damage":9.0,"enemies":"Snecko","floor":28.0,"turns":4.0},{"damage":23.0,"enemies":"Book of Stabbing","floor":31.0,"turns":5.0},{"damage":0.0,"enemies":"Cultist and Chosen","floor":32.0,"turns":6.0},{"damage":29.0,"enemies":"SI_MIRROR_ARCHETYPE","floor":33.0,"turns":11.0},{"damage":3,"enemies":"Orb Walker","floor":36,"turns":4},{"damage":16,"enemies":"3 Darklings","floor":37,"turns":6},{"damage":30,"enemies":"4 Shapes","floor":38,"turns":6},{"damage":3,"enemies":"Reptomancer","floor":40,"turns":5},{"damage":0,"enemies":"Jaw Worm Horde","floor":43,"turns":1},{"damage":12,"enemies":"Spire Growth","floor":44,"turns":5},{"damage":18,"enemies":"3 Darklings","floor":46,"turns":6},{"damage":2,"enemies":"downfall:FleeingMerchant","floor":48,"turns":4},{"damage":17,"enemies":"Sphere and 2 Shapes","floor":49,"turns":4},{"damage":64,"enemies":"DF_ARCHETYPE_ORBS","floor":50,"turns":9},{"damage":96,"enemies":"downfall:CharBossMerchant","floor":52,"turns":8}],"seed_played":"-2752705900021513137","potions_obtained":[{"floor":3.0,"key":"FearPotion"},{"floor":5.0,"key":"Guardian:BlockOnCardUsePotion"},{"floor":14.0,"key":"Weak Potion"},{"floor":15.0,"key":"SkillPotion"},{"floor":16.0,"key":"PowerPotion"},{"floor":21.0,"key":"LiquidBronze"},{"floor":28.0,"key":"BlessingOfTheForge"},{"floor":32.0,"key":"Block Potion"},{"floor":33.0,"key":"Guardian:DefensiveModePotion"},{"floor":39,"key":"Guardian:BlockOnCardUsePotion"},{"floor":39,"key":"SmokeBomb"},{"floor":39,"key":"FearPotion"},{"floor":40,"key":"Regen Potion"},{"floor":44,"key":"PowerPotion"}],"is_trial":false,"path_per_floor":["R","M","M","M","M","R","T","E","R","?","E","R","$","M","M","B",null,"R","M","M","M","?","$","T","R","M","E","M","?","R","E","M","B",null,"R","M","M","M","?","E","T","R","M","M","R","M","R","$","M","B",null,"E"],"character_chosen":"GUARDIAN","items_purchased":["Guardian:FierceBash+1","DollysMirror","PreservedInsect","Regen Potion"],"campfire_rested":5,"item_purchase_floors":[13,23,48,48],"current_hp_per_floor":[72,69,68,59,39,63,63,46,70,70,54,54,54,54,54,50,73,73,68,73,73,73,73,73,73,65,63,54,54,82,64,64,40,81,91,88,77,52,52,59,59,90,95,83,83,65,96,94,77,33,86,0,0,0],"gold":62,"neow_bonus":"BOSS_RELIC","is_daily":false,"chose_seed":false,"campfire_upgraded":5,"win_rate":0.0,"timestamp":1612819752,"path_taken":["R","M","M","M","M","R","T","E","R","?","E","R","$","?","M","BOSS","R","M","M","M","?","$","T","R","M","E","M","?","R","E","M","BOSS","R","M","?","M","?","E","T","R","M","M","R","M","R","$","M","BOSS","E"],"items_purchased_type":["Card","Relic","Relic","Potion"],"build_version":"2020-12-22","purchased_purges":2,"victory":false,"max_hp_per_floor":[80,80,80,80,80,80,80,80,80,80,80,80,80,80,80,80,80,80,80,80,80,80,80,80,80,80,94,94,94,94,94,94,94,94,104,104,104,104,104,104,104,104,104,104,104,104,104,104,104,104,104,104,104,104],"card_choices":[{"not_picked":["Guardian:BodySlam","Guardian:WalkerClaw"],"picked":"Guardian:VentSteam","floor":2.0},{"not_picked":["Guardian:Gem_Green","Guardian:PiercingHide"],"picked":"Guardian:Gem_Cyan","floor":3.0},{"not_picked":["Guardian:FuturePlans","Guardian:ArmoredProtocol"],"picked":"Guardian:Gem_Lightblue","floor":4.0},{"not_picked":["Guardian:TemporalShield","Guardian:Harden"],"picked":"Guardian:Gem_Blue","floor":5.0},{"not_picked":["Guardian:TemporalShield","Guardian:WalkerClaw"],"picked":"Guardian:Recover","floor":8.0},{"not_picked":["Guardian:VentSteam","Guardian:ExploitGems"],"picked":"Guardian:Incinerate+1","floor":11.0},{"not_picked":["Guardian:PiercingHide","Guardian:BronzeArmor"],"picked":"Guardian:Repulse","floor":13.0},{"not_picked":["Guardian:Gem_Fragmented","Guardian:Gem_Lightblue"],"picked":"Guardian:Recover","floor":14.0},{"not_picked":["Guardian:WalkerClaw+1","Guardian:Planning"],"picked":"Guardian:Gem_Cyan","floor":15.0},{"not_picked":["Guardian:StasisEngine","Guardian:CompilePackage"],"picked":"Guardian:GatlingBeam+1","floor":16.0},{"not_picked":["Guardian:TemporalStrike+1","Guardian:ArmoredProtocol","Guardian:RollAttack+1"],"picked":"SKIP","floor":19.0},{"not_picked":["Guardian:Gem_Blue","Guardian:TemporalShield+1","Guardian:ChargeUp"],"picked":"SKIP","floor":20.0},{"not_picked":["Guardian:Gem_Lightblue","Guardian:Gem_Cyan","Guardian:Planning"],"picked":"SKIP","floor":21.0},{"not_picked":["Guardian:RollAttack+1","Guardian:Gem_Cyan","Guardian:WalkerClaw+1"],"picked":"SKIP","floor":23.0},{"not_picked":["Guardian:Planning","Guardian:Harden+1"],"picked":"Guardian:PrismaticBeam+1","floor":26.0},{"not_picked":["Guardian:PrimingBeam+1","Guardian:PiercingHide"],"picked":"Guardian:TimeSifter","floor":27.0},{"not_picked":["Guardian:Reroute+1","Guardian:BronzeOrb+1"],"picked":"Guardian:Gem_Cyan","floor":28.0},{"not_picked":["Guardian:ChargeCore+1","Guardian:Reroute+1"],"picked":"Guardian:TimeSifter","floor":31.0},{"not_picked":["Guardian:Clone+1","Guardian:Preprogram"],"picked":"Guardian:Repulse","floor":32.0},{"not_picked":["Guardian:ConstructionForm","Guardian:ExploitGems"],"picked":"Guardian:BaubleBeam+1","floor":33.0},{"not_picked":["Guardian:DecasProtection+1","Guardian:Suspension"],"picked":"Guardian:Gem_Green","floor":36},{"not_picked":["Guardian:RollAttack+1","Guardian:CrystalBeam+1","Guardian:PrismaticBeam+1"],"picked":"SKIP","floor":37},{"not_picked":["Guardian:DonusPower+1","Guardian:PrimingBeam+1"],"picked":"Guardian:ArmoredProtocol+1","floor":38},{"not_picked":["Guardian:HyperBeam_Guardian+1","Guardian:Harden"],"picked":"Guardian:CrystalBeam+1","floor":40},{"not_picked":["Guardian:Gem_Red","Guardian:DonusPower","Guardian:PiercingHide"],"picked":"Guardian:Gem_Crimson","floor":44},{"not_picked":["Guardian:PrismaticBarrier","Guardian:FuturePlans","Guardian:RollAttack+1"],"picked":"Guardian:Gem_Crimson","floor":46},{"not_picked":["Guardian:ShieldCharger","Guardian:ChargeCore+1","Guardian:TemporalStrike+1","Guardian:Reroute+1"],"picked":"SKIP","floor":48},{"not_picked":["Guardian:ShieldSpikes+1","Guardian:Harden","Guardian:Clone+1","Guardian:PiercingHide"],"picked":"SKIP","floor":49}],"player_experience":2650297,"relics_obtained":[{"floor":7.0,"key":"Guardian:PocketSentry"},{"floor":8.0,"key":"Toy Ornithopter"},{"floor":11.0,"key":"Molten Egg 2"},{"floor":27.0,"key":"Mango"},{"floor":27.0,"key":"Turnip"},{"floor":31.0,"key":"MawBank"},{"floor":31.0,"key":"Mummified Hand"},{"floor":40,"key":"Akabeko"},{"floor":40,"key":"Question Card"},{"floor":41,"key":"Smiling Mask"}],"event_choices":[{"damage_healed":0,"gold_gain":0,"player_choice":"Got Potions","damage_taken":0,"max_hp_gain":0,"max_hp_loss":0,"event_name":"Lab","floor":39,"gold_loss":0}],"is_beta":false,"boss_relics":[{"not_picked":["Coffee Dripper","Pandora\u0027s Box"],"picked":"Black Star"},{"not_picked":["Guardian:StasisSlotReductionRelic","Busted Crown"],"picked":"SlaversCollar"}],"items_purged_floors":[13,48],"is_endless":false,"potions_floor_spawned":[3,5,14,15,16,21,28,32,33,40,44,49],"killed_by":"downfall:CharBossMerchant","ascension_level":10}}