{"host":"neeznpvpgo0qgfkd","time":1612762911,"event":{"mods":["AchievementEnabler","BaseMod","BetterRewards","Colored Map","Colored Powertips","Exacting","Minty Spire (QoL Compilation)","Permanent Neow","Quick Restart","Shop Mod"],"gold_per_floor":[109,121,121,121,149,159,159,188,188,199,226,239,567,600,600,697,697,739,739,768,787,383,383,416,331,406,435,435,452,452,479,479,479,479],"floor_reached":33,"language":"ENG","playtime":1748,"items_purged":[],"score":458,"play_id":"b59770fe-5d89-42c3-a1f8-16fa557c3e93","local_time":"20210208004151","is_ascension_mode":true,"campfire_choices":[{"data":"1","floor":7.0,"key":"LIFT"},{"data":"2","floor":15.0,"key":"LIFT"},{"data":"3","floor":23.0,"key":"LIFT"},{"floor":30,"key":"REST"},{"floor":32,"key":"REST"}],"circlet_count":0,"master_deck":["Strike_R","Strike_R","Strike_R","Strike_R","Strike_R","Defend_R","Defend_R","Defend_R","Defend_R+1","Bash","Metallicize","Heavy Blade","Dual Wield","Reaper","Twin Strike","Metallicize","Armaments+1","Cleave","Demon Form","Pummel","Double Tap","Armaments","Cleave+1","Perfected Strike","Heavy Blade+1","Thunderclap"],"relics":["Burning Blood","Girya","Ginger","Kunai","Letter Opener","StoneCalendar","Bronze Scales","Old Coin","SacredBark","StrikeDummy","ClockworkSouvenir","Bird Faced Urn","Akabeko","Paper Frog","War Paint","Mercury Hourglass"],"acts_visited":["Exordium","TheCity"],"potions_floor_usage":[24,24,31],"damage_taken":[{"damage":18.0,"enemies":"Jaw Worm","floor":1.0,"turns":6.0},{"damage":3.0,"enemies":"Cultist","floor":2.0,"turns":4.0},{"damage":0.0,"enemies":"Small Slimes","floor":5.0,"turns":4.0},{"damage":10.0,"enemies":"Blue Slaver","floor":6.0,"turns":4.0},{"damage":40.0,"enemies":"3 Sentries","floor":8.0,"turns":7.0},{"damage":10.0,"enemies":"Looter","floor":10.0,"turns":4.0},{"damage":18.0,"enemies":"Gremlin Nob","floor":11.0,"turns":4.0},{"damage":12.0,"enemies":"Red Slaver","floor":12.0,"turns":3.0},{"damage":22.0,"enemies":"3 Sentries","floor":13.0,"turns":7.0},{"damage":0.0,"enemies":"3 Louse","floor":14.0,"turns":2.0},{"damage":48.0,"enemies":"Hexaghost","floor":16.0,"turns":7.0},{"damage":6.0,"enemies":"3 Byrds","floor":18.0,"turns":4.0},{"damage":19.0,"enemies":"Shell Parasite","floor":20.0,"turns":3.0},{"damage":21.0,"enemies":"Snake Plant","floor":21.0,"turns":4.0},{"damage":0,"enemies":"Gremlin Leader","floor":24,"turns":2},{"damage":21,"enemies":"Slavers","floor":27,"turns":3},{"damage":23,"enemies":"Centurion and Healer","floor":29,"turns":4},{"damage":38,"enemies":"Book of Stabbing","floor":31,"turns":4},{"damage":100,"enemies":"Automaton","floor":33,"turns":8}],"seed_played":"-6451659908527506514","potions_obtained":[{"floor":4.0,"key":"Fruit Juice"},{"floor":4.0,"key":"SpeedPotion"},{"floor":4.0,"key":"SmokeBomb"},{"floor":5.0,"key":"Swift Potion"},{"floor":6.0,"key":"LiquidMemories"},{"floor":8.0,"key":"Strength Potion"},{"floor":13.0,"key":"Swift Potion"},{"floor":18.0,"key":"SteroidPotion"},{"floor":21.0,"key":"ElixirPotion"},{"floor":29,"key":"Energy Potion"}],"is_trial":false,"path_per_floor":["M","M","?","?","M","M","R","E","T","M","E","M","E","M","R","B",null,"M","?","M","M","$","R","E","?","T","E","?","M","R","E","R","B"],"character_chosen":"IRONCLAD","items_purchased":["Girya","Metallicize","Kunai","StrikeDummy","ClockworkSouvenir"],"campfire_rested":2,"item_purchase_floors":[0,0,0,22,22],"current_hp_per_floor":[60,63,51,51,70,66,66,47,47,43,43,37,53,71,71,29,71,85,69,56,47,47,47,53,53,53,47,47,32,59,44,71,0,0],"gold":479,"neow_bonus":"","is_daily":false,"chose_seed":false,"campfire_upgraded":0,"win_rate":0.0,"timestamp":1612762911,"path_taken":["M","M","?","?","M","M","R","E","T","M","E","?","E","M","R","BOSS","BOSS","M","?","M","M","$","R","E","?","T","E","?","M","R","E","R","BOSS"],"items_purchased_type":["Relic","Card","Relic","Relic","Relic"],"build_version":"2020-12-22","purchased_purges":0,"victory":false,"max_hp_per_floor":[80,80,80,80,85,85,85,85,85,85,85,85,85,85,85,85,85,85,90,90,90,90,90,90,90,90,90,90,90,90,90,90,90,90],"card_choices":[{"not_picked":["Searing Blow","Clash"],"picked":"Heavy Blade","floor":1.0},{"not_picked":["Pommel Strike","Headbutt"],"picked":"Dual Wield","floor":2.0},{"not_picked":["Clash","Thunderclap"],"picked":"Reaper","floor":2.0},{"not_picked":["Dual Wield","Headbutt"],"picked":"Twin Strike","floor":5.0},{"not_picked":["Body Slam","Headbutt","Intimidate"],"picked":"SKIP","floor":6.0},{"not_picked":["Warcry","Headbutt"],"picked":"Metallicize","floor":8.0},{"not_picked":["Carnage","Shrug It Off"],"picked":"Armaments","floor":10.0},{"not_picked":["Heavy Blade","Body Slam"],"picked":"Cleave","floor":11.0},{"not_picked":["Armaments","Evolve"],"picked":"Demon Form","floor":12.0},{"not_picked":["Havoc","Shrug It Off","Burning Pact"],"picked":"SKIP","floor":13.0},{"not_picked":["Thunderclap","Flex"],"picked":"Pummel","floor":14.0},{"not_picked":["Fiend Fire","Offering"],"picked":"Double Tap","floor":16.0},{"not_picked":["Clothesline","True Grit+1"],"picked":"Armaments","floor":18.0},{"not_picked":["Sentinel","Flex"],"picked":"Cleave+1","floor":20.0},{"not_picked":["Whirlwind","Twin Strike"],"picked":"Perfected Strike","floor":21.0},{"not_picked":["Sever Soul+1","Hemokinesis+1","Juggernaut"],"picked":"SKIP","floor":24},{"not_picked":["Havoc","Rampage+1"],"picked":"Heavy Blade+1","floor":27},{"not_picked":["Clothesline","Clash","Entrench"],"picked":"SKIP","floor":29},{"not_picked":["Cleave","Combust+1"],"picked":"Thunderclap","floor":31}],"player_experience":1332906,"relics_obtained":[{"floor":8.0,"key":"StoneCalendar"},{"floor":11.0,"key":"Bronze Scales"},{"floor":13.0,"key":"Old Coin"},{"floor":24,"key":"Bird Faced Urn"},{"floor":26,"key":"Paper Frog"},{"floor":27,"key":"War Paint"},{"floor":31,"key":"Mercury Hourglass"}],"event_choices":[{"damage_healed":0.0,"max_hp_gain":0.0,"max_hp_loss":0.0,"gold_gain":0.0,"event_name":"Scrap Ooze","player_choice":"Success","floor":3.0,"gold_loss":0.0,"damage_taken":12.0,"relics_obtained":["Letter Opener"]},{"damage_healed":0.0,"max_hp_gain":0.0,"max_hp_loss":0.0,"gold_gain":0.0,"event_name":"Lab","player_choice":"Got Potions","floor":4.0,"gold_loss":0.0,"damage_taken":0.0},{"damage_healed":0.0,"max_hp_gain":5.0,"max_hp_loss":0.0,"gold_gain":0.0,"event_name":"Forgotten Altar","player_choice":"Shed Blood","floor":19.0,"gold_loss":0.0,"damage_taken":21.0},{"damage_healed":0,"gold_gain":0,"player_choice":"Obtained Relic","damage_taken":0,"relics_obtained":["Akabeko"],"max_hp_gain":0,"max_hp_loss":0,"event_name":"Addict","floor":25,"gold_loss":85},{"damage_healed":0,"gold_gain":0,"player_choice":"Ignored","damage_taken":0,"max_hp_gain":0,"max_hp_loss":0,"event_name":"Transmorgrifier","floor":28,"gold_loss":0}],"is_beta":false,"boss_relics":[{"not_picked":["Snecko Eye","Velvet Choker"],"picked":"SacredBark"}],"items_purged_floors":[],"is_endless":false,"potions_floor_spawned":[5,6,8,13,18,21,29],"killed_by":"Automaton","ascension_level":6}}