{"host":"xhy9gc4eyomy2i9o","time":1612797910,"event":{"mods":["AchievementEnabler","Act Like it!","BaseMod","Better Vampires","Minty Spire (QoL Compilation)","Permanent Neow","Quick Restart","Replay The Spire","Shop Mod","StSLib","Waifu the Spire"],"gold_per_floor":[12,24,40,59,7,7,7,33,57,57,73,93,105,119,119,216,216,229,209,84,84,94,94,111,111,111,124,124,124,124,24,24,125,175,191,210,210,227,227,227,247,261,261,261,261,261],"floor_reached":45,"language":"ZHS","playtime":1981,"items_purged":["Zap","CommonCold"],"score":939,"play_id":"ff4c6d4e-4f74-4df4-9b63-5c9fa78ecec2","local_time":"20210208232510","is_ascension_mode":true,"campfire_choices":[{"data":"ReplayGash","floor":6.0,"key":"SMITH"},{"data":"Beam Cell","floor":6.0,"key":"SMITH"},{"data":"ReplayGash","floor":10.0,"key":"SMITH"},{"data":"Self Repair","floor":10.0,"key":"SMITH"},{"data":"Leap","floor":15.0,"key":"SMITH"},{"data":"Coolheaded","floor":15.0,"key":"SMITH"},{"data":"Fusion","floor":23.0,"key":"SMITH"},{"data":"Defend_B","floor":23.0,"key":"SMITH"},{"data":"Defend_B","floor":25.0,"key":"SMITH"},{"data":"Defend_B","floor":25.0,"key":"SMITH"},{"floor":30.0,"key":"REST"},{"data":"Beam Cell","floor":40.0,"key":"SMITH"},{"data":"Ghostly","floor":40.0,"key":"SMITH"},{"data":"Defend_B","floor":44.0,"key":"SMITH"},{"data":"Ghostly","floor":44.0,"key":"SMITH"}],"circlet_count":0,"master_deck":["AscendersBane","Strike_B","Strike_B","Strike_B","Strike_B","Defend_B+1","Defend_B+1","Defend_B+1","Defend_B+1","Gash","Beam Cell+1","ReplayGash+1","Self Repair+1","ReplayGash+1","Coolheaded+1","Leap+1","Reprogram+1","Gash","Fusion+1","Beam Cell+1","Ghostly+1","Ghostly+1","Ghostly+1","Ghostly","Ghostly","Fission","Beam Cell","Parasite"],"relics":["Cracked Core","Replay:Arrowhead","PreservedInsect","Strawberry","Cursed Key","ReplayTheSpireMod:Ninjato","Tiny House"],"acts_visited":["Exordium","TheCity","TheBeyond"],"potions_floor_usage":[45,45],"damage_taken":[{"damage":1.0,"enemies":"Cultist","floor":1.0,"turns":3.0},{"damage":3.0,"enemies":"Small Slimes","floor":2.0,"turns":3.0},{"damage":0.0,"enemies":"2 Louse","floor":3.0,"turns":3.0},{"damage":8.0,"enemies":"Blue Slaver","floor":4.0,"turns":2.0},{"damage":25.0,"enemies":"Lagavulin","floor":8.0,"turns":7.0},{"damage":21.0,"enemies":"Gremlin Gang","floor":11.0,"turns":6.0},{"damage":0.0,"enemies":"Large Slime","floor":12.0,"turns":4.0},{"damage":46.0,"enemies":"Exordium Wildlife","floor":13.0,"turns":5.0},{"damage":21.0,"enemies":"2 Fungi Beasts","floor":14.0,"turns":4.0},{"damage":22.0,"enemies":"The Guardian","floor":16.0,"turns":12.0},{"damage":16.0,"enemies":"Shell Parasite","floor":18.0,"turns":8.0},{"damage":0.0,"enemies":"2 Thieves","floor":21.0,"turns":1.0},{"damage":48.0,"enemies":"Cultist and Chosen","floor":22.0,"turns":7.0},{"damage":25.0,"enemies":"Shelled Parasite and Fungi","floor":24.0,"turns":6.0},{"damage":27.0,"enemies":"Sentry and Sphere","floor":27.0,"turns":5.0},{"damage":35.0,"enemies":"Pondfish","floor":33.0,"turns":14.0},{"damage":4.0,"enemies":"3 Shapes","floor":35.0,"turns":8.0},{"damage":2.0,"enemies":"Orb Walker","floor":36.0,"turns":5.0},{"damage":10.0,"enemies":"Sphere and 2 Shapes","floor":38.0,"turns":6.0},{"damage":6.0,"enemies":"4 Shapes","floor":41.0,"turns":5.0},{"damage":11.0,"enemies":"Writhing Mass","floor":42.0,"turns":8.0},{"damage":64,"enemies":"Giant Head","floor":45,"turns":6}],"seed_played":"7800474382095793979","potions_obtained":[{"floor":2.0,"key":"PowerPotion"},{"floor":3.0,"key":"Reflective Coating"},{"floor":12.0,"key":"DistilledChaos"},{"floor":14.0,"key":"ColorlessPotion"},{"floor":16.0,"key":"SmokeBomb"},{"floor":19.0,"key":"Cursed Concoction"},{"floor":22.0,"key":"Block Potion"},{"floor":24.0,"key":"PowerPotion"},{"floor":33.0,"key":"SteroidPotion"},{"floor":34.0,"key":"Elixir"},{"floor":41.0,"key":"Energy Potion"}],"is_trial":false,"path_per_floor":["M","M","M","M","$","R","$","E","T","R","M","M","M","M","R","B",null,"M","?","$","M","M","R","M","R","T","M","T","?","R","$","R","B",null,"M","M","?","M","?","R","M","M","T","R","E"],"character_chosen":"DEFECT","items_purchased":["Self Repair","Gash"],"campfire_rested":1,"item_purchase_floors":[5,20],"current_hp_per_floor":[67,64,64,56,56,56,56,45,52,52,48,65,36,32,32,17,66,67,67,67,77,46,46,38,38,38,28,28,28,52,52,41,23,42,46,46,46,46,46,46,46,45,45,45,0,0],"gold":261,"neow_bonus":"ONE_RARE_RELIC","is_daily":false,"chose_seed":false,"campfire_upgraded":14,"win_rate":0.0,"timestamp":1612797910,"path_taken":["M","M","M","M","$","R","?","E","T","R","M","?","M","M","R","BOSS","M","?","$","M","?","R","M","R","T","M","?","?","R","$","R","BOSS","M","M","?","?","?","R","M","M","T","R","E"],"items_purchased_type":["Card","Card"],"build_version":"2020-12-22","purchased_purges":2,"victory":false,"max_hp_per_floor":[75,75,75,75,75,75,75,75,82,82,82,82,82,82,82,82,82,82,82,82,82,82,82,82,82,82,82,82,82,82,82,41,41,46,46,46,46,46,46,46,46,46,46,46,46,46],"card_choices":[{"not_picked":["Panic Button","Go for the Eyes"],"picked":"Gash","floor":1.0},{"not_picked":["FIFO Queue","Steam"],"picked":"Beam Cell","floor":2.0},{"not_picked":["Doom and Gloom","Redo"],"picked":"ReplayGash","floor":3.0},{"not_picked":["Panic Button","Streamline","Rebound"],"picked":"SKIP","floor":4.0},{"not_picked":["Echo Form","Cold Snap"],"picked":"ReplayGash","floor":8.0},{"not_picked":["Rip and Tear","Aggregate","Static Discharge"],"picked":"SKIP","floor":11.0},{"not_picked":["Compile Driver","Chill"],"picked":"Coolheaded","floor":12.0},{"not_picked":["Streamline","Barrage"],"picked":"Leap","floor":13.0},{"not_picked":["Self Repair","Hello World","Turbo"],"picked":"SKIP","floor":14.0},{"not_picked":["BasicCrystalCard","ReplayTheSpireMod:System Scan"],"picked":"Reprogram+1","floor":18.0},{"not_picked":["Beam Cell","Loop"],"picked":"Fusion","floor":22.0},{"not_picked":["Rebound+1","Beam Cell+1","Redo"],"picked":"SKIP","floor":24.0},{"not_picked":["Rebound+1","Beam Cell+1","Redo"],"picked":"SKIP","floor":24.0},{"not_picked":["BasicCrystalCard","Capacitor"],"picked":"Beam Cell","floor":27.0},{"not_picked":["Buffer","Machine Learning"],"picked":"Fission","floor":33.0},{"not_picked":["Ball Lightning","Chaos"],"picked":"Beam Cell","floor":34.0},{"not_picked":["Double Energy","Redo","Static Discharge+1"],"picked":"SKIP","floor":35.0},{"not_picked":["Double Energy","Redo","Static Discharge+1"],"picked":"SKIP","floor":35.0},{"not_picked":["FIFO Queue","Streamline+1","Fusion"],"picked":"SKIP","floor":36.0},{"not_picked":["Turbo","Self Repair","Gash"],"picked":"SKIP","floor":38.0},{"not_picked":["Force Field","Consume","Glacier"],"picked":"SKIP","floor":41.0},{"not_picked":["Glacier","Chill+1","Barrage"],"picked":"SKIP","floor":42.0}],"player_experience":539283,"relics_obtained":[{"floor":8.0,"key":"PreservedInsect"},{"floor":9.0,"key":"Strawberry"},{"floor":26.0,"key":"ReplayTheSpireMod:Ninjato"}],"event_choices":[{"damage_healed":0.0,"max_hp_gain":0.0,"max_hp_loss":0.0,"gold_gain":0.0,"event_name":"The Woman in Blue","player_choice":"Bought 1 Potion","floor":19.0,"gold_loss":0.0,"damage_taken":0.0},{"damage_healed":0.0,"max_hp_gain":0.0,"max_hp_loss":0.0,"gold_gain":0.0,"event_name":"Cursed Tome","player_choice":"Ignored","floor":29.0,"gold_loss":0.0,"damage_taken":0.0},{"damage_healed":0.0,"max_hp_gain":0.0,"max_hp_loss":41.0,"gold_gain":0.0,"event_name":"Ghosts","player_choice":"Became a Ghost","floor":32.0,"gold_loss":0.0,"damage_taken":0.0,"cards_obtained":["Ghostly","Ghostly","Ghostly","Ghostly","Ghostly"]},{"cards_removed":["Dualcast"],"damage_healed":0.0,"max_hp_gain":0.0,"max_hp_loss":0.0,"gold_gain":0.0,"event_name":"Purifier","player_choice":"Purged","floor":37.0,"gold_loss":0.0,"damage_taken":0.0},{"cards_removed":["Self Repair"],"damage_healed":0.0,"max_hp_gain":0.0,"max_hp_loss":0.0,"gold_gain":0.0,"event_name":"Falling","player_choice":"Removed Power","floor":39.0,"gold_loss":0.0,"damage_taken":0.0}],"is_beta":false,"boss_relics":[{"not_picked":["Honey Jar","Pandora\u0027s Box"],"picked":"Cursed Key"},{"not_picked":["Replay:Ancient Bell","Snecko Eye"],"picked":"Tiny House"}],"items_purged_floors":[20,31],"is_endless":false,"potions_floor_spawned":[2,3,12,14,16,21,22,24,33,35,41],"killed_by":"Giant Head","ascension_level":12}}