{"host":"d4hjo1dp8g06u19c","time":1612780001,"event":{"mods":["Act Like it!","Arknights","BaseMod","Colored Map","Colored Powertips","Downfall","Marisa£®ÏF”Í°°ƒß¿Ì…≥£©","Minty Spire (QoL Compilation)","Quick Restart","Shop Mod","Spicy Shops","StSLib","The Animator","UnlockEverythingMod","Youmu£®ªÍ∆«—˝√Œ£©"],"gold_per_floor":[117,192,13,13,13,48,48,82,82,82,82],"floor_reached":10,"language":"ZHS","playtime":251,"items_purged":[],"score":122,"play_id":"1cf1cd78-1d92-4b6e-a5c9-07e1182a1ebf","local_time":"20210208182641","is_ascension_mode":false,"campfire_choices":[{"data":"ats:Flame Of Heaven","floor":7,"key":"SMITH"}],"circlet_count":0,"master_deck":["ats:Strike C","ats:Strike G","ats:Strike S","ats:Armor Crushing Shot","ats:Defend","ats:Defend","ats:Defend","ats:Defend","ats:Emotion Absorption","ats:Leaping Hammer","ats:Flame Of Heaven+1","ats:Durian","ats:Shell Defense","ats:Spore Proliferation"],"relics":["ats:Sanity","NeowsBlessing","Membership Card","ats:Originium","Bag of Marbles","Calipers","ats:Bonebreaker"],"acts_visited":["Exordium"],"potions_floor_usage":[],"damage_taken":[{"damage":0,"enemies":"Small Slimes","floor":1,"turns":1},{"damage":0,"enemies":"Lagavulin","floor":6,"turns":1},{"damage":0,"enemies":"Gremlin Nob","floor":8,"turns":1},{"damage":63,"enemies":"Lagavulin","floor":10,"turns":12}],"seed_played":"-632962507125827985","potions_obtained":[],"is_trial":false,"path_per_floor":["M","?","$","?","$","E","R","E","T","E"],"character_chosen":"DOCTOR_CLASS","items_purchased":["Membership Card","ats:Flame Of Heaven"],"campfire_rested":0,"item_purchase_floors":[3,3],"current_hp_per_floor":[72,61,61,61,61,61,61,61,61,9,9],"gold":82,"neow_bonus":"THREE_ENEMY_KILL","is_daily":false,"chose_seed":false,"campfire_upgraded":1,"win_rate":0.0,"timestamp":1612780001,"path_taken":["M","?","$","?","?","E","R","E","T","E"],"items_purchased_type":["Relic","Card"],"build_version":"2020-12-22","purchased_purges":0,"victory":false,"max_hp_per_floor":[72,72,72,72,72,72,72,72,72,72,72],"card_choices":[{"not_picked":["ats:Closed Bolt Burst Fire","ats:Consecutive Shot Auto"],"picked":"ats:Leaping Hammer","floor":1},{"not_picked":["ats:Powerful Strike","ats:Explosion Area Strengthen"],"picked":"ats:Shell Defense","floor":6},{"not_picked":["ats:Revitalization","ats:Apocalypse"],"picked":"ats:Spore Proliferation","floor":8}],"player_experience":135295,"relics_obtained":[{"floor":6,"key":"ats:Originium"},{"floor":6,"key":"Bag of Marbles"},{"floor":8,"key":"ats:Originium"},{"floor":8,"key":"Calipers"},{"floor":9,"key":"ats:Bonebreaker"}],"event_choices":[{"damage_healed":0,"gold_gain":75,"player_choice":"Gather Gold","damage_taken":11,"max_hp_gain":0,"max_hp_loss":0,"event_name":"World of Goop","floor":2,"gold_loss":0},{"damage_healed":0,"gold_gain":0,"cards_transformed":["ats:Strike V"],"player_choice":"Change","damage_taken":0,"max_hp_gain":0,"max_hp_loss":0,"event_name":"Living Wall","floor":4,"gold_loss":0,"cards_obtained":["ats:Durian"]}],"is_beta":false,"boss_relics":[],"items_purged_floors":[],"is_endless":false,"potions_floor_spawned":[],"killed_by":"Lagavulin","ascension_level":0}}