{"host":"n7gt2lywuauec2nz","time":1612773181,"event":{"mods":["100% Spire Juice","2.2 Compatiblity","Act Like it!","Aspiration","BaseMod","Better Third Choice","Colored Powertips","DeckTracker","GifTheSpireLib","Highlight Path","HololiveMod","Hubris","Infinite Spire","Minty Spire (QoL Compilation)","Quick Restart","Random Character Button","Relic Sorter","Replay The Spire","Retaliation","StSLib","Synergy Search","The IronCluck"],"gold_per_floor":[116,116,141,141,141,62,80,80,106,142,166,179,203,227,107,226,226,240,240,240,259,259,259],"floor_reached":22,"language":"ENG","playtime":884,"items_purged":["Moonworks:IndiscriminateFireSupport"],"score":198,"play_id":"0f2ce772-7803-4aa2-b794-a1ee99335bc0","local_time":"20210208003301","is_ascension_mode":false,"campfire_choices":[{"data":"Moonworks:TreasureThief","floor":8,"key":"SMITH"},{"floor":15,"key":"REST"}],"circlet_count":0,"master_deck":["Moonworks:Strike","Moonworks:Strike","Moonworks:Strike","Moonworks:Strike","Moonworks:Defend","Moonworks:Defend","Moonworks:Defend","Moonworks:Defend","Moonworks:Ambush","Moonworks:LongDistanceShot","Moonworks:ImOnFire","Moonworks:JonathanRush+1","Moonworks:TreasureThief+1","Moonworks:IntelligenceOfficer","Moonworks:IndiscriminateFireSupport","Moonworks:CloudOfSeagulls","Moonworks:WindyEnchantment","Moonworks:AccelHyper+1","Moonworks:Dash","infinitespire:Starlight","Moonworks:EvilSpyWorkPreparation"],"relics":["Moonworks:Homemark","SlaversCollar","Golden Idol","hubris:Towel","Happy Flower","Pen Nib","Nunchaku","hubris:Backtick","Unceasing Top","Calipers"],"acts_visited":["Exordium","TheCity"],"potions_floor_usage":[6,16,16,16],"damage_taken":[{"damage":2,"enemies":"Small Slimes","floor":1,"turns":3},{"damage":6,"enemies":"Jaw Worm","floor":3,"turns":3},{"damage":14,"enemies":"Gremlin Nob","floor":6,"turns":3},{"damage":6,"enemies":"Cultist","floor":7,"turns":3},{"damage":16,"enemies":"3 Sentries","floor":10,"turns":3},{"damage":0,"enemies":"Large Slime","floor":11,"turns":2},{"damage":3,"enemies":"Gremlin Gang","floor":12,"turns":3},{"damage":0,"enemies":"3 Louse","floor":13,"turns":1},{"damage":0,"enemies":"Lots of Slimes","floor":14,"turns":1},{"damage":15,"enemies":"Hexaghost","floor":16,"turns":7},{"damage":30,"enemies":"3 Byrds","floor":18,"turns":5},{"damage":2,"enemies":"Chosen","floor":21,"turns":4},{"damage":39,"enemies":"Snecko","floor":22,"turns":5}],"seed_played":"-685918868746644169","potions_obtained":[{"floor":1,"key":"SkillPotion"},{"floor":7,"key":"Weak Potion"},{"floor":11,"key":"Dexterity Potion"},{"floor":14,"key":"EssenceOfSteel"},{"floor":18,"key":"ColorlessPotion"},{"floor":21,"key":"FairyPotion"}],"is_trial":false,"path_per_floor":["M","?","M","?","?","E","M","R","T","E","M","M","M","M","R","B",null,"M","?","AVR","M","M"],"character_chosen":"THE_STARBREAKER","items_purchased":[],"campfire_rested":1,"item_purchase_floors":[],"current_hp_per_floor":[58,56,50,50,50,36,30,30,30,14,14,11,11,11,27,12,56,26,26,26,34,5,5],"gold":259,"neow_bonus":"BOSS_RELIC","is_daily":false,"chose_seed":false,"campfire_upgraded":1,"win_rate":0.0,"timestamp":1612773181,"path_taken":["M","?","M","?","?","E","M","R","T","E","M","M","?","M","R","BOSS","M","?","AVR","M","?"],"items_purchased_type":[],"build_version":"2020-12-22","purchased_purges":1,"victory":false,"max_hp_per_floor":[60,56,56,56,56,56,56,56,56,56,56,56,56,56,56,56,56,56,56,56,56,56,56],"card_choices":[{"not_picked":["Moonworks:TacticalRetreat","Moonworks:BigMagnum"],"picked":"Moonworks:ImOnFire","floor":1},{"not_picked":["Moonworks:ExtendedPhotonRifle","Moonworks:BigMagnum"],"picked":"Moonworks:JonathanRush","floor":3},{"not_picked":["Moonworks:Gamble","Moonworks:RagingMadness"],"picked":"Moonworks:IndiscriminateFireSupport","floor":6},{"not_picked":["Moonworks:SakisCookie","Moonworks:Dash"],"picked":"Moonworks:TreasureThief","floor":7},{"not_picked":["Moonworks:ImmovableObject","Moonworks:DevilHand","Moonworks:BigMagnum"],"picked":"SKIP","floor":10},{"not_picked":["Moonworks:SweetBattle","Moonworks:BigMagnum"],"picked":"Moonworks:IntelligenceOfficer","floor":11},{"not_picked":["Moonworks:DeployBits","Moonworks:Assault"],"picked":"Moonworks:IndiscriminateFireSupport","floor":12},{"not_picked":["Moonworks:ForcedRevival","Moonworks:Assault"],"picked":"Moonworks:CloudOfSeagulls","floor":13},{"not_picked":["Moonworks:MiracleRedBeanIceCream","Moonworks:DeployBits"],"picked":"Moonworks:WindyEnchantment","floor":14},{"not_picked":["Moonworks:MetallicMonocoque","Moonworks:ShieldCounter"],"picked":"Moonworks:AccelHyper","floor":16},{"not_picked":["Moonworks:ExtendedPhotonRifle","Moonworks:CookingTime"],"picked":"Moonworks:Dash","floor":18},{"not_picked":["Moonworks:UnluckyCharm","Moonworks:SweetBattle"],"picked":"Moonworks:EvilSpyWorkPreparation","floor":21}],"player_experience":131231,"relics_obtained":[{"floor":6,"key":"Happy Flower"},{"floor":9,"key":"Pen Nib"},{"floor":10,"key":"Nunchaku"}],"event_choices":[{"damage_healed":0,"gold_gain":0,"player_choice":"Lose Max HP","damage_taken":0,"relics_obtained":["Golden Idol"],"max_hp_gain":0,"max_hp_loss":4,"event_name":"Golden Idol","floor":2,"gold_loss":0},{"damage_healed":0,"gold_gain":0,"player_choice":"Forge","damage_taken":0,"max_hp_gain":0,"max_hp_loss":0,"event_name":"Accursed Blacksmith","floor":19,"gold_loss":0,"cards_upgraded":["Moonworks:AccelHyper"]}],"is_beta":false,"boss_relics":[{"not_picked":["Snecko Heart","ReplayTheSpireMod:DimensionalGlitch"],"picked":"hubris:Backtick"}],"items_purged_floors":[20],"is_endless":false,"potions_floor_spawned":[1,7,11,14,18,21],"killed_by":"Snecko","ascension_level":0}}