{"host":"oiw60b5ins9fyx34","time":1612765830,"event":{"mods":["BaseMod","Colored Map","Colored Powertips","Minty Spire (QoL Compilation)","Permanent Neow","Quick Restart","Rare Cards Sparkle","Relic Stats","StSLib","The Cursed"],"gold_per_floor":[116,191,5,5,15,42,42,76,155,171,191,211,8,8,8,113,113,128,128,128,140,154,154,187,187,210,210,243,257,274,274,274,372,372,386,406,416,416,416,416,416],"floor_reached":40,"language":"JPN","playtime":1794,"items_purged":["Strike_R"],"score":570,"play_id":"9cd932a5-fef8-4270-bb8c-4627e7550b6f","local_time":"20210208153030","is_ascension_mode":true,"campfire_choices":[{"data":"Bash","floor":7,"key":"SMITH"},{"floor":15,"key":"REST"},{"data":"Spot Weakness","floor":23,"key":"SMITH"},{"floor":25,"key":"REST"},{"floor":27,"key":"REST"},{"floor":32,"key":"REST"}],"circlet_count":0,"master_deck":["Bash+1","Flame Barrier+1","Clothesline","Double Tap+1","Flame Barrier","Rage","Feel No Pain","Second Wind","Ghostly Armor","Burning Pact","Clothesline","Spot Weakness+1","Cleave","Immolate","Shrug It Off","Clothesline+1","Shrug It Off","Disarm","Limit Break","Sever Soul+1","Impervious","Seeing Red","Pummel","Reckless Charge","Infernal Blade","Sword Boomerang","Brutality","Double Tap","Disarm","Shockwave","Battle Trance+1","Shockwave","Bandage Up","Finesse","Dark Shackles","Decay"],"relics":["Sozu","War Paint","Matryoshka","Mummified Hand","Paper Frog","Snecko Eye","InkBottle","Meat on the Bone","Regal Pillow","Tiny Chest","Pandora\u0027s Box"],"acts_visited":["Exordium","TheCity","TheBeyond"],"potions_floor_usage":[],"damage_taken":[{"damage":7,"enemies":"Jaw Worm","floor":1,"turns":3},{"damage":0,"enemies":"2 Louse","floor":5,"turns":2},{"damage":10,"enemies":"3 Sentries","floor":6,"turns":9},{"damage":32,"enemies":"Gremlin Nob","floor":8,"turns":5},{"damage":0,"enemies":"Cultist","floor":10,"turns":2},{"damage":10,"enemies":"Lots of Slimes","floor":11,"turns":6},{"damage":3,"enemies":"Exordium Thugs","floor":12,"turns":6},{"damage":28,"enemies":"Hexaghost","floor":16,"turns":13},{"damage":5,"enemies":"2 Thieves","floor":18,"turns":2},{"damage":0,"enemies":"3 Byrds","floor":21,"turns":4},{"damage":9,"enemies":"Snake Plant","floor":22,"turns":3},{"damage":19,"enemies":"Gremlin Leader","floor":24,"turns":6},{"damage":20,"enemies":"Book of Stabbing","floor":28,"turns":4},{"damage":13,"enemies":"Cultist and Chosen","floor":29,"turns":6},{"damage":1,"enemies":"Snecko","floor":30,"turns":3},{"damage":39,"enemies":"Automaton","floor":33,"turns":10},{"damage":14,"enemies":"3 Darklings","floor":35,"turns":5},{"damage":1,"enemies":"3 Shapes","floor":36,"turns":3},{"damage":29,"enemies":"Sphere and 2 Shapes","floor":37,"turns":5},{"damage":23,"enemies":"Nemesis","floor":40,"turns":6}],"seed_played":"-1941384366594216284","potions_obtained":[],"is_trial":false,"path_per_floor":["M","?","$","?","M","E","R","E","T","M","M","M","$","$","R","B",null,"M","?","?","M","M","R","E","R","T","R","E","M","M","?","R","B",null,"M","M","M","?","?","E"],"character_chosen":"IRONCLAD","items_purchased":["Clothesline","Double Tap","Flame Barrier","Spot Weakness","Cleave"],"campfire_rested":4,"item_purchase_floors":[3,3,3,13,13],"current_hp_per_floor":[73,62,62,62,62,52,52,20,20,20,10,7,7,7,31,3,61,56,41,41,41,32,32,13,38,38,78,58,45,44,44,84,45,75,61,60,43,33,33,14,14],"gold":416,"neow_bonus":"BOSS_RELIC","is_daily":false,"chose_seed":false,"campfire_upgraded":2,"win_rate":0.0,"timestamp":1612765830,"path_taken":["M","?","$","?","M","E","R","E","T","?","?","M","?","$","R","BOSS","M","?","?","M","M","R","E","R","T","R","E","M","M","?","R","BOSS","M","M","M","?","?","E"],"items_purchased_type":["Card","Card","Card","Card","Card"],"build_version":"2020-12-22","purchased_purges":1,"victory":false,"max_hp_per_floor":[80,80,80,80,80,80,80,80,80,80,80,80,80,80,80,80,80,80,85,85,85,85,85,85,85,85,85,85,85,85,85,85,85,85,85,85,85,85,85,85,85],"relic_stats":{"Sozu":11,"Regal Pillow":30,"counters":[20,103],"Mummified Hand":[19],"Snecko Eye":[95,115,100,114],"Tiny Chest":0,"Pandora\u0027s Box":["Seeing Red","Pummel","Reckless Charge","Infernal Blade","Sword Boomerang","Brutality","Double Tap","Disarm"],"War Paint":["Double Tap","Flame Barrier"],"obtain_stats":[{"Sozu":0,"Regal Pillow":26,"Matryoshka":8,"Mummified Hand":9,"Snecko Eye":17,"Tiny Chest":28,"Pandora\u0027s Box":34,"War Paint":6,"Burning Blood":0,"InkBottle":24,"Paper Frog":9,"Meat on the Bone":26},{"Sozu":0,"Regal Pillow":12,"Matryoshka":4,"Mummified Hand":4,"Snecko Eye":8,"Tiny Chest":13,"Pandora\u0027s Box":16,"War Paint":3,"Burning Blood":0,"InkBottle":12,"Paper Frog":4,"Meat on the Bone":12},{"Sozu":0,"Regal Pillow":61,"Matryoshka":19,"Mummified Hand":19,"Snecko Eye":46,"Tiny Chest":65,"Pandora\u0027s Box":84,"War Paint":14,"Burning Blood":0,"InkBottle":61,"Paper Frog":19,"Meat on the Bone":61}],"InkBottle":[15],"Meat on the Bone":12},"card_choices":[{"not_picked":["Body Slam","Heavy Blade"],"picked":"Flame Barrier","floor":1},{"not_picked":["Headbutt","Flex"],"picked":"Rage","floor":5},{"not_picked":["Twin Strike","Rage"],"picked":"Feel No Pain","floor":6},{"not_picked":["Iron Wave","Pummel"],"picked":"Second Wind","floor":8},{"not_picked":["Clash","Heavy Blade"],"picked":"Ghostly Armor","floor":10},{"not_picked":["Iron Wave","Dropkick"],"picked":"Burning Pact","floor":11},{"not_picked":["Clash","Twin Strike"],"picked":"Clothesline","floor":12},{"not_picked":["Berserk","Corruption"],"picked":"Immolate","floor":16},{"not_picked":["Reckless Charge","Perfected Strike+1"],"picked":"Shrug It Off","floor":18},{"not_picked":["Reckless Charge","Headbutt","Fire Breathing"],"picked":"SKIP","floor":21},{"not_picked":["Infernal Blade","Perfected Strike"],"picked":"Clothesline+1","floor":22},{"not_picked":["Havoc","Reckless Charge"],"picked":"Shrug It Off","floor":24},{"not_picked":["Infernal Blade","Headbutt"],"picked":"Disarm","floor":28},{"not_picked":["Disarm+1","Armaments"],"picked":"Limit Break","floor":29},{"not_picked":["Body Slam","Iron Wave"],"picked":"Sever Soul+1","floor":30},{"not_picked":["Brutality","Fiend Fire"],"picked":"Impervious","floor":33},{"not_picked":["Wild Strike","Cleave+1"],"picked":"Shockwave","floor":35},{"not_picked":["Combust","Rupture+1"],"picked":"Battle Trance+1","floor":36},{"not_picked":["Sword Boomerang+1","Bloodletting"],"picked":"Shockwave","floor":37},{"not_picked":["Swift Strike","Thinking Ahead"],"picked":"Bandage Up","floor":38},{"not_picked":["Deep Breath","HandOfGreed"],"picked":"Finesse","floor":38},{"not_picked":["Mind Blast","Madness"],"picked":"Dark Shackles","floor":38}],"player_experience":709503,"relics_obtained":[{"floor":6,"key":"War Paint"},{"floor":8,"key":"Matryoshka"},{"floor":9,"key":"Mummified Hand"},{"floor":9,"key":"Paper Frog"},{"floor":24,"key":"InkBottle"},{"floor":26,"key":"Meat on the Bone"},{"floor":26,"key":"Regal Pillow"},{"floor":28,"key":"Tiny Chest"}],"event_choices":[{"damage_healed":0,"gold_gain":75,"player_choice":"Gather Gold","damage_taken":11,"max_hp_gain":0,"max_hp_loss":0,"event_name":"World of Goop","floor":2,"gold_loss":0},{"damage_healed":0,"gold_gain":0,"player_choice":"Got Potions","damage_taken":0,"max_hp_gain":0,"max_hp_loss":0,"event_name":"Lab","floor":4,"gold_loss":0},{"damage_healed":0,"gold_gain":0,"player_choice":"Shed Blood","damage_taken":20,"max_hp_gain":5,"max_hp_loss":0,"event_name":"Forgotten Altar","floor":19,"gold_loss":0},{"damage_healed":0,"gold_gain":0,"player_choice":"Ignored","damage_taken":0,"max_hp_gain":0,"max_hp_loss":0,"event_name":"Vampires","floor":20,"gold_loss":0},{"damage_healed":0,"gold_gain":0,"player_choice":"Ignored","damage_taken":0,"max_hp_gain":0,"max_hp_loss":0,"event_name":"The Mausoleum","floor":31,"gold_loss":0},{"damage_healed":0,"gold_gain":0,"player_choice":"Memory 3","damage_taken":10,"max_hp_gain":0,"max_hp_loss":0,"event_name":"SensoryStone","floor":38,"gold_loss":0},{"damage_healed":0,"gold_gain":0,"player_choice":"Cursed","damage_taken":0,"max_hp_gain":0,"max_hp_loss":0,"event_name":"Wheel of Change","floor":39,"gold_loss":0,"cards_obtained":["Decay"]}],"is_beta":false,"boss_relics":[{"not_picked":["Empty Cage","Coffee Dripper"],"picked":"Snecko Eye"},{"not_picked":["Philosopher\u0027s Stone","Runic Pyramid"],"picked":"Pandora\u0027s Box"}],"items_purged_floors":[13],"is_endless":false,"potions_floor_spawned":[6,8,11,16,18,24,29,37],"killed_by":"Nemesis","ascension_level":5}}