{"host":"oewe6473mh2zp5ss","time":1612814594,"event":{"mods":["AchievementEnabler","Ascension Reborn","Aspiration","Bard","BaseMod","Challenge The Spire","Conspire","Curses Come First","Custom Start","Downfall","Emptier Cage","Gremlin Mod","Halation","Hubris","Infinite Spire","Minty Spire (QoL Compilation)","Permanent Neow","Reliquary","Replay The Spire","Robot Space Explorer","Somnambulant","Spikes Relics","StSLib","The Cursed","The Disciple","The Forsaken","The Jungle","The Senshi","thorton"],"gold_per_floor":[115,115,42,61,72,103,103,103,155,155,169,169,14,33,33,136,136,152,152,163,163,163],"floor_reached":21,"language":"ENG","playtime":4486,"items_purged":[],"score":179,"play_id":"cae86f46-c9d3-4ddf-a8eb-e461e1a1649a","local_time":"20210208120314","is_ascension_mode":true,"campfire_choices":[{"data":"theSenshi:MoonPrincessHalation","floor":8,"key":"SMITH"},{"floor":12,"key":"REST"},{"floor":15,"key":"REST"}],"circlet_count":0,"master_deck":["theSenshi:SailorKick","theSenshi:SailorKick","theSenshi:SailorKick","theSenshi:SailorKick","theSenshi:SailorBlock","theSenshi:SailorBlock","theSenshi:SailorBlock","theSenshi:SailorBlock","theSenshi:RoseThrow+1","theSenshi:MoonPrismPowerMakeUp","theSenshi:MoonsReflection","theSenshi:MoonCrystalPowerMakeUp","theSenshi:MoonPrincessHalation+1","theSenshi:MoonsReflection","theSenshi:SailorV","Injury","theSenshi:IWillPunishYou+1","theSenshi:MoonTiaraMagic","theSenshi:SailorStarHealerAssists+1","theSenshi:MoonlightKnight","theSenshi:MoonKick+1"],"relics":["theSenshi:TransformationBroochRelic","Ring of Peace","Orichalcum","Toxic Egg 2","Bag of Marbles","reliquary:BoilingFlask","Simple Rune","conspire:RoyalGoblet"],"acts_visited":["Exordium","TheCity"],"potions_floor_usage":[],"damage_taken":[{"damage":0,"enemies":"conspire:RoseBush","floor":1,"turns":4},{"damage":0,"enemies":"Small Slimes","floor":4,"turns":5},{"damage":0,"enemies":"Jaw Worm","floor":5,"turns":4},{"damage":21,"enemies":"Gremlin Nob","floor":6,"turns":4},{"damage":4,"enemies":"2 Fungi Beasts","floor":11,"turns":4},{"damage":6,"enemies":"Gremlin Gang","floor":14,"turns":5},{"damage":24,"enemies":"Hexaghost","floor":16,"turns":8},{"damage":55,"enemies":"conspire:FuzzyDice","floor":18,"turns":9},{"damage":1,"enemies":"Shell Parasite","floor":20,"turns":7},{"damage":32,"enemies":"Centurion and Healer","floor":21,"turns":9}],"seed_played":"-6861621285523084321","potions_obtained":[{"floor":4,"key":"SteroidPotion"},{"floor":6,"key":"infinitespire:BlackPotion"},{"floor":18,"key":"Weak Potion"}],"is_trial":false,"path_per_floor":["M","?","$","M","M","E","?","R","T","T","M","R","$","M","R","B",null,"M","?","M","M"],"character_chosen":"THE_SENSHI","items_purchased":["theSenshi:MoonCrystalPowerMakeUp","Simple Rune"],"campfire_rested":2,"item_purchase_floors":[3,13],"current_hp_per_floor":[75,75,75,75,75,54,54,54,54,54,50,72,72,66,75,51,75,20,20,24,0,0],"gold":163,"neow_bonus":"RANDOM_EVENT","is_daily":false,"chose_seed":false,"campfire_upgraded":1,"win_rate":0.0,"timestamp":1612814594,"path_taken":["M","?","$","M","M","E","?","R","T","?","M","R","$","M","R","BOSS","M","?","M","M"],"items_purchased_type":["Card","Relic"],"build_version":"2020-12-22","purchased_purges":0,"victory":false,"max_hp_per_floor":[75,75,75,75,75,75,75,75,75,75,75,75,75,75,75,75,75,75,75,75,75,75],"card_choices":[{"not_picked":["theSenshi:SailorMarsAssists","theSenshi:MoonPrincessHalation"],"picked":"theSenshi:MoonsReflection","floor":1},{"not_picked":["theSenshi:RainbowMoonHeartAche","theSenshi:SailorNeptuneAssists"],"picked":"theSenshi:MoonPrincessHalation","floor":4},{"not_picked":["theSenshi:TallSilhouette","theSenshi:NeptunesGrace"],"picked":"theSenshi:MoonsReflection","floor":5},{"not_picked":["theSenshi:LateForSchool","theSenshi:MoonlightKnight"],"picked":"theSenshi:SailorV","floor":6},{"not_picked":["theSenshi:SailorPlanetPower","theSenshi:SailorMarsAssists"],"picked":"theSenshi:IWillPunishYou+1","floor":11},{"not_picked":["theSenshi:MoonKick","theSenshi:SailorNeptuneAssists+1"],"picked":"theSenshi:MoonTiaraMagic","floor":14},{"not_picked":["theSenshi:StudyParty","theSenshi:LunaSensingAllies+1"],"picked":"theSenshi:SailorStarHealerAssists+1","floor":16},{"not_picked":["theSenshi:TallSilhouette+1","theSenshi:Sidestep+1"],"picked":"theSenshi:MoonlightKnight","floor":18},{"not_picked":["theSenshi:MoonPower","theSenshi:SupersonicWaves"],"picked":"theSenshi:MoonKick+1","floor":20}],"player_experience":106726,"relics_obtained":[{"floor":2,"key":"Ring of Peace"},{"floor":6,"key":"Orichalcum"},{"floor":9,"key":"Bag of Marbles"},{"floor":10,"key":"reliquary:BoilingFlask"}],"event_choices":[{"damage_healed":0,"gold_gain":0,"player_choice":"Got Potions","damage_taken":0,"max_hp_gain":0,"max_hp_loss":0,"event_name":"Lab","floor":19,"gold_loss":0}],"is_beta":false,"boss_relics":[{"not_picked":["hubris:CrackedHourglass","CosmicIsotope"],"picked":"conspire:RoyalGoblet"}],"items_purged_floors":[],"is_endless":false,"potions_floor_spawned":[4,6,18],"killed_by":"Centurion and Healer","ascension_level":0}}