{"host":"51f0ad793vly1w6u","time":1612790222,"event":{"mods":["BaseMod","Colored Map","DeckTracker","Minty Spire (QoL Compilation)","Replay The Spire","StSLib","SuperFastMode"],"gold_per_floor":[110,110,110,124,49,49,67,67,67,77,109,125,125,143,143,246,246,201,201],"floor_reached":18,"language":"KOR","playtime":330,"items_purged":["Zap"],"score":194,"play_id":"1da12f15-4de7-41bc-a4f2-92dbb80840fe","local_time":"20210208221702","is_ascension_mode":true,"campfire_choices":[{"data":"Streamline","floor":6,"key":"SMITH"},{"data":"Bash","floor":13,"key":"SMITH"},{"data":"Beam Cell","floor":15,"key":"SMITH"}],"circlet_count":0,"master_deck":["Strike_B","Strike_B","Strike_B","Strike_B","Defend_B","Defend_B","Defend_B","Streamline+1","Bash+1","Undo","Skim","FTL","Beam Cell+1","ReplayTheSpireMod:Omega Cannon","CurseOfTheBell"],"relics":["Iron Core","Geode","Dream Catcher","Calling Bell","MealTicket","Symbiotic Virus","Incense Burner"],"acts_visited":["Exordium","TheCity"],"potions_floor_usage":[11,11],"damage_taken":[{"damage":0.0,"enemies":"Small Slimes","floor":1.0,"turns":3.0},{"damage":2,"enemies":"2 Louse","floor":4,"turns":2},{"damage":0,"enemies":"Jaw Worm","floor":7,"turns":3},{"damage":5,"enemies":"2 Fungi Beasts","floor":10,"turns":3},{"damage":12,"enemies":"3 Sentries","floor":11,"turns":6},{"damage":8,"enemies":"3 Louse","floor":12,"turns":3},{"damage":0,"enemies":"Large Slime","floor":14,"turns":2},{"damage":30,"enemies":"Slime Boss","floor":16,"turns":10},{"damage":15,"enemies":"2 Thieves","floor":18,"turns":2}],"seed_played":"-5688274558634785456","potions_obtained":[{"floor":7,"key":"Adrenaline Potion"},{"floor":10,"key":"Explosive Potion"},{"floor":11,"key":"Languid Potion"}],"is_trial":false,"path_per_floor":["M","?","?","M","$","R","M","?","T","M","E","M","R","M","R","B",null,"M"],"character_chosen":"DEFECT","items_purchased":[],"campfire_rested":0,"item_purchase_floors":[],"current_hp_per_floor":[82,82,82,80,80,80,80,80,80,75,63,55,55,55,55,25,82,67,67],"gold":201,"neow_bonus":"TEN_PERCENT_HP_BONUS","is_daily":false,"chose_seed":false,"campfire_upgraded":3,"win_rate":0.0,"timestamp":1612790222,"path_taken":["M","?","?","M","?","R","M","?","T","M","E","M","R","M","R","BOSS","M"],"items_purchased_type":[],"build_version":"2020-12-22","purchased_purges":1,"victory":false,"max_hp_per_floor":[82,82,82,82,82,82,82,82,82,82,82,82,82,82,82,82,82,82,82],"card_choices":[{"not_picked":["BasicCrystalCard","Leap"],"picked":"Streamline","floor":1.0},{"not_picked":["Iron Wave","Turbo"],"picked":"Undo","floor":4},{"not_picked":["Steam","Rebound"],"picked":"Skim","floor":7},{"not_picked":["Glacier","Stack","Rainbow"],"picked":"SKIP","floor":10},{"not_picked":["Glacier","Stack","Rainbow"],"picked":"SKIP","floor":10},{"not_picked":["Panic Button","Warcry","Redo"],"picked":"SKIP","floor":11},{"not_picked":["BasicCrystalCard","Steam Power"],"picked":"FTL","floor":12},{"not_picked":["Redo","Body Slam"],"picked":"Beam Cell","floor":14},{"not_picked":["Multi-Cast","Fission"],"picked":"ReplayTheSpireMod:Omega Cannon","floor":16}],"player_experience":1451999,"relics_obtained":[{"floor":9,"key":"Geode"},{"floor":11,"key":"Dream Catcher"},{"floor":17,"key":"MealTicket"},{"floor":17,"key":"Symbiotic Virus"},{"floor":17,"key":"Incense Burner"}],"event_choices":[{"damage_healed":0,"gold_gain":0,"player_choice":"Ignored","damage_taken":0,"max_hp_gain":0,"max_hp_loss":0,"event_name":"Liars Game","floor":8,"gold_loss":0}],"is_beta":false,"boss_relics":[{"not_picked":["Replay:Bronze Core","Replay:Ancient Bell"],"picked":"Calling Bell"}],"items_purged_floors":[5],"is_endless":false,"potions_floor_spawned":[7,10,11],"killed_by":"2 Thieves","ascension_level":4}}