{"host":"8is2j71l4wmybkoi","time":1612775041,"event":{"mods":["AchievementEnabler","BaseMod","Colored Map","Minty Spire (QoL Compilation)","Rare Cards Sparkle","StSLib","SuperFastMode"],"gold_per_floor":[114,131,148,159,177,212,231,231,231,231,242,271,271,287,287,363,363,378,13,13,27,44,71,83,101,169,94,94,94,94,114,114,188,188,207,207,226,240,256,256,275,275,275,275,275,275],"floor_reached":45,"language":"KOR","playtime":4761,"items_purged":["Strike_B"],"score":818,"play_id":"d867f431-ab56-474a-a8ad-5646b0e7461f","local_time":"20210208180401","is_ascension_mode":true,"campfire_choices":[{"data":"Zap","floor":8.0,"key":"SMITH"},{"data":"Hyperbeam","floor":10.0,"key":"SMITH"},{"data":"Recycle","floor":15.0,"key":"SMITH"},{"data":"Defragment","floor":30.0,"key":"SMITH"},{"data":"Coolheaded","floor":32.0,"key":"SMITH"},{"data":"Rainbow","floor":40.0,"key":"SMITH"},{"data":"Turbo","floor":42.0,"key":"SMITH"},{"floor":44.0,"key":"RECALL"}],"circlet_count":0,"master_deck":["AscendersBane","Defend_B","Defend_B","Defend_B","Zap+1","Dualcast","Dramatic Entrance","Cold Snap","Compile Driver","Ball Lightning","Sweeping Beam","Conserve Battery","Turbo+1","Recycle+1","Undo","Blizzard","Aggregate","Rainbow+1","Go for the Eyes","Electrodynamics","Capacitor+1","Coolheaded+1","Defragment+1","Self Repair+1","Auto Shields+1","Steam+1","Electrodynamics","Seek+1","Multi-Cast+1","Hologram+1","Static Discharge+1","Meteor Strike","Compile Driver+1"],"relics":["Cracked Core","The Courier","Meat on the Bone","Mercury Hourglass","Coffee Dripper","Singing Bowl","Orrery","Tiny Chest","Toxic Egg 2","Question Card","Gambling Chip","SlaversCollar"],"acts_visited":["Exordium","TheCity","TheBeyond"],"potions_floor_usage":[45],"damage_taken":[{"damage":1.0,"enemies":"Cultist","floor":1.0,"turns":3.0},{"damage":10.0,"enemies":"Jaw Worm","floor":2.0,"turns":2.0},{"damage":1.0,"enemies":"2 Louse","floor":3.0,"turns":2.0},{"damage":0.0,"enemies":"Exordium Thugs","floor":4.0,"turns":3.0},{"damage":0.0,"enemies":"3 Louse","floor":5.0,"turns":2.0},{"damage":27.0,"enemies":"Gremlin Nob","floor":6.0,"turns":4.0},{"damage":0.0,"enemies":"Looter","floor":7.0,"turns":2.0},{"damage":0.0,"enemies":"Exordium Wildlife","floor":11.0,"turns":3.0},{"damage":3.0,"enemies":"3 Sentries","floor":12.0,"turns":2.0},{"damage":7.0,"enemies":"2 Fungi Beasts","floor":14.0,"turns":2.0},{"damage":11.0,"enemies":"The Guardian","floor":16.0,"turns":13.0},{"damage":7.0,"enemies":"Chosen","floor":18.0,"turns":5.0},{"damage":0.0,"enemies":"Spheric Guardian","floor":21.0,"turns":3.0},{"damage":7.0,"enemies":"Chosen and Byrds","floor":22.0,"turns":3.0},{"damage":37.0,"enemies":"Gremlin Leader","floor":23.0,"turns":6.0},{"damage":16.0,"enemies":"Snake Plant","floor":24.0,"turns":4.0},{"damage":18.0,"enemies":"Shelled Parasite and Fungi","floor":25.0,"turns":7.0},{"damage":11.0,"enemies":"Snecko","floor":31.0,"turns":5.0},{"damage":21.0,"enemies":"Champ","floor":33.0,"turns":13.0},{"damage":0.0,"enemies":"3 Shapes","floor":35.0,"turns":3.0},{"damage":5.0,"enemies":"Orb Walker","floor":37.0,"turns":4.0},{"damage":11.0,"enemies":"Sphere and 2 Shapes","floor":38.0,"turns":4.0},{"damage":30.0,"enemies":"Spire Growth","floor":39.0,"turns":4.0},{"damage":5.0,"enemies":"3 Darklings","floor":41.0,"turns":3.0},{"damage":81,"enemies":"Giant Head","floor":45,"turns":8}],"seed_played":"7486743468079177321","potions_obtained":[{"floor":4.0,"key":"Swift Potion"},{"floor":5.0,"key":"Regen Potion"},{"floor":7.0,"key":"Dexterity Potion"},{"floor":12.0,"key":"Dexterity Potion"},{"floor":16.0,"key":"PotionOfCapacity"},{"floor":23.0,"key":"DuplicationPotion"},{"floor":25.0,"key":"SteroidPotion"},{"floor":33.0,"key":"Block Potion"},{"floor":37.0,"key":"Dexterity Potion"},{"floor":38.0,"key":"SpeedPotion"},{"floor":41.0,"key":"ColorlessPotion"}],"is_trial":false,"path_per_floor":["M","M","M","M","M","E","M","R","T","R","M","E","?","M","R","B",null,"M","$","?","M","M","E","M","M","T","?","?","T","R","M","R","B",null,"M","?","M","M","M","R","M","R","T","R","E"],"character_chosen":"DEFECT","items_purchased":["Singing Bowl","Orrery"],"campfire_rested":0,"item_purchase_floors":[19,19],"current_hp_per_floor":[63,53,52,52,52,37,37,37,37,37,37,46,46,39,39,40,63,56,60,60,62,55,30,36,42,42,42,42,42,42,53,53,54,73,81,91,91,90,70,70,65,65,65,65,0,0],"gold":275,"neow_bonus":"RANDOM_COLORLESS","is_daily":false,"chose_seed":false,"campfire_upgraded":7,"win_rate":0.0,"timestamp":1612775041,"path_taken":["M","M","M","M","?","E","M","R","T","R","M","E","?","M","R","BOSS","M","?","?","M","M","E","?","M","T","?","?","?","R","M","R","BOSS","M","?","?","M","M","R","M","R","T","R","E"],"items_purchased_type":["Relic","Relic"],"build_version":"2020-12-22","purchased_purges":1,"victory":false,"max_hp_per_floor":[71,71,71,71,71,71,71,71,71,71,71,71,71,71,71,71,71,71,75,75,77,77,77,77,79,79,79,79,79,79,79,79,79,79,81,91,91,91,91,91,91,91,91,91,91,91],"card_choices":[{"not_picked":["Finesse","Purity"],"picked":"Dramatic Entrance","floor":0.0},{"not_picked":["Redo","Conserve Battery"],"picked":"Cold Snap","floor":1.0},{"not_picked":["Gash","Rebound"],"picked":"Compile Driver","floor":2.0},{"not_picked":["Hologram","Rebound"],"picked":"Ball Lightning","floor":3.0},{"not_picked":["Reinforced Body","Static Discharge"],"picked":"Sweeping Beam","floor":4.0},{"not_picked":["Steam Power","Streamline"],"picked":"Conserve Battery","floor":5.0},{"not_picked":["Lockon","Steam Power"],"picked":"Hyperbeam","floor":6.0},{"not_picked":["Conserve Battery","FTL"],"picked":"Turbo","floor":7.0},{"not_picked":["Doom and Gloom","Rebound"],"picked":"Recycle","floor":11.0},{"not_picked":["Blizzard","Loop"],"picked":"Undo","floor":12.0},{"not_picked":["Heatsinks","Ball Lightning"],"picked":"Aggregate","floor":14.0},{"not_picked":["Amplify","Thunder Strike"],"picked":"Rainbow","floor":16.0},{"not_picked":["Gash","Sunder"],"picked":"Go for the Eyes","floor":18.0},{"not_picked":["Chill","Conserve Battery"],"picked":"Electrodynamics","floor":19.0},{"not_picked":["Turbo","Go for the Eyes"],"picked":"Capacitor+1","floor":19.0},{"not_picked":["Hello World","Go for the Eyes","Scrape"],"picked":"Singing Bowl","floor":19.0},{"not_picked":["Leap","Auto Shields","Rainbow"],"picked":"Singing Bowl","floor":19.0},{"not_picked":["Hologram","Barrage"],"picked":"Coolheaded","floor":19.0},{"not_picked":["Streamline","Cold Snap","Beam Cell"],"picked":"Singing Bowl","floor":21.0},{"not_picked":["Consume","Leap"],"picked":"Defragment","floor":22.0},{"not_picked":["Force Field+1","Gash+1"],"picked":"Self Repair+1","floor":23.0},{"not_picked":["Capacitor","Redo+1"],"picked":"Auto Shields+1","floor":24.0},{"not_picked":["Barrage","Gash","Streamline"],"picked":"Singing Bowl","floor":25.0},{"not_picked":["Rip and Tear","Beam Cell","Self Repair"],"picked":"Seek+1","floor":31.0},{"not_picked":["Machine Learning","Reboot+1","Amplify+1"],"picked":"Multi-Cast+1","floor":33.0},{"not_picked":["Rebound+1","Conserve Battery+1","Undo+1","Cold Snap"],"picked":"Singing Bowl","floor":35.0},{"not_picked":["Undo+1","Streamline","FTL"],"picked":"Hologram+1","floor":37.0},{"not_picked":["Stack+1","Hologram+1","Redo+1"],"picked":"Static Discharge+1","floor":38.0},{"not_picked":["Doom and Gloom","Redo+1","Streamline+1"],"picked":"Meteor Strike","floor":39.0},{"not_picked":["Lockon","Barrage","Aggregate+1"],"picked":"Compile Driver+1","floor":41.0}],"player_experience":1056965,"relics_obtained":[{"floor":6.0,"key":"The Courier"},{"floor":9.0,"key":"Meat on the Bone"},{"floor":12.0,"key":"Mercury Hourglass"},{"floor":23.0,"key":"Toxic Egg 2"},{"floor":26.0,"key":"Question Card"},{"floor":29.0,"key":"Gambling Chip"}],"event_choices":[{"damage_healed":0.0,"max_hp_gain":0.0,"max_hp_loss":0.0,"gold_gain":0.0,"cards_transformed":["Strike_B"],"event_name":"Transmorgrifier","player_choice":"Transformed","floor":13.0,"gold_loss":0.0,"damage_taken":0.0,"cards_obtained":["Blizzard"]},{"damage_healed":0.0,"max_hp_gain":0.0,"max_hp_loss":0.0,"gold_gain":0.0,"event_name":"WeMeetAgain","player_choice":"Gave Potion","floor":20.0,"gold_loss":0.0,"damage_taken":0.0,"relics_obtained":["Tiny Chest"]},{"cards_removed":["Strike_B"],"damage_healed":0.0,"max_hp_gain":0.0,"max_hp_loss":0.0,"gold_gain":0.0,"event_name":"Beggar","player_choice":"Gave Gold","floor":27.0,"gold_loss":75.0,"damage_taken":0.0},{"damage_healed":0.0,"max_hp_gain":0.0,"max_hp_loss":0.0,"gold_gain":0.0,"cards_transformed":["Strike_B","Defend_B"],"event_name":"Drug Dealer","player_choice":"Became Test Subject","floor":28.0,"gold_loss":0.0,"damage_taken":0.0,"cards_obtained":["Steam","Electrodynamics"]},{"cards_removed":["Hyperbeam"],"damage_healed":0.0,"max_hp_gain":10.0,"max_hp_loss":0.0,"gold_gain":0.0,"event_name":"Bonfire Elementals","player_choice":"Offered Rare","floor":36.0,"gold_loss":0.0,"damage_taken":0.0}],"is_beta":false,"boss_relics":[{"not_picked":["Runic Dome","Astrolabe"],"picked":"Coffee Dripper"},{"not_picked":["Tiny House","Pandora\u0027s Box"],"picked":"SlaversCollar"}],"items_purged_floors":[19],"is_endless":false,"potions_floor_spawned":[4,5,7,12,16,23,25,33,37,38,41],"killed_by":"Giant Head","ascension_level":15}}