{"host":"z42sc0n2dozsmk72","time":1612763189,"event":{"mods":["AchievementEnabler","BaseMod","Better Third Choice","Colored Map","Curses Come First","Highlight Path","Minty Spire (QoL Compilation)","Permanent Neow","Quick Restart","Relic Stats","Shop Mod","StSLib","egg","slay the spire mod where everything is the same but ironclad has a cowboy hat"],"gold_per_floor":[112,287,296,316,168,168,202,202,202,242,242,242,265,300,300,411,411,434,462,477,496,521,521,547,547,547,567,587,608,635,654,654,762,762,779,807,822,878,906,906,940,940,940,940,940],"floor_reached":44,"language":"ENG","playtime":3348,"items_purged":["Doubt"],"score":657,"play_id":"33dd82d3-7ae5-4f79-a45c-11612fd12b49","local_time":"20210208184629","is_ascension_mode":true,"campfire_choices":[{"data":"Chaos","floor":6.0,"key":"SMITH"},{"data":"Self Repair","floor":8.0,"key":"SMITH"},{"floor":12.0,"key":"REST"},{"data":"Genetic Algorithm","floor":15.0,"key":"SMITH"},{"data":"Defragment","floor":23.0,"key":"SMITH"},{"data":"Rainbow","floor":25.0,"key":"SMITH"},{"data":"Sunder","floor":32.0,"key":"SMITH"},{"data":"Force Field","floor":40.0,"key":"SMITH"},{"data":"Dualcast","floor":42.0,"key":"SMITH"}],"circlet_count":0,"master_deck":["Strike_B","Strike_B","Defend_B","Defend_B","Defend_B","Zap","Dualcast+1","Steam+1","Storm+1","Chill+1","Chaos+1","Sanctity","Sunder+1","Self Repair+1","Genetic Algorithm+1","Defragment+1","Storm","Machine Learning","Force Field+1","Conserve Battery","Rainbow+1","Conserve Battery","Undo+1","Electrodynamics","Cold Snap+1","Storm","Glacier+1"],"relics":["Astrolabe","CeramicFish","Matryoshka","Bag of Marbles","Omamori","Emotion Chip","Bag of Preparation","Cursed Key","Strawberry","Anchor","Regal Pillow","Inserter","Ginger","Potion Belt","Bottled Tornado"],"acts_visited":["Exordium","TheCity","TheBeyond"],"potions_floor_usage":[],"damage_taken":[{"damage":5.0,"enemies":"Small Slimes","floor":1.0,"turns":4.0},{"damage":0.0,"enemies":"Jaw Worm","floor":4.0,"turns":5.0},{"damage":57.0,"enemies":"Gremlin Nob","floor":7.0,"turns":6.0},{"damage":10.0,"enemies":"Lagavulin","floor":10.0,"turns":7.0},{"damage":0.0,"enemies":"2 Louse","floor":13.0,"turns":3.0},{"damage":24.0,"enemies":"Gremlin Nob","floor":14.0,"turns":4.0},{"damage":32.0,"enemies":"Hexaghost","floor":16.0,"turns":11.0},{"damage":21.0,"enemies":"Shell Parasite","floor":18.0,"turns":5.0},{"damage":10.0,"enemies":"2 Thieves","floor":19.0,"turns":4.0},{"damage":9.0,"enemies":"Centurion and Healer","floor":20.0,"turns":5.0},{"damage":12.0,"enemies":"Snake Plant","floor":21.0,"turns":4.0},{"damage":7.0,"enemies":"Sentry and Sphere","floor":22.0,"turns":4.0},{"damage":14.0,"enemies":"Slavers","floor":24.0,"turns":6.0},{"damage":1.0,"enemies":"Shelled Parasite and Fungi","floor":27.0,"turns":5.0},{"damage":6.0,"enemies":"Centurion and Healer","floor":28.0,"turns":6.0},{"damage":16.0,"enemies":"3 Cultists","floor":29.0,"turns":5.0},{"damage":0.0,"enemies":"Gremlin Leader","floor":30.0,"turns":6.0},{"damage":0.0,"enemies":"Snecko","floor":31.0,"turns":5.0},{"damage":43.0,"enemies":"Collector","floor":33.0,"turns":9.0},{"damage":0.0,"enemies":"3 Shapes","floor":35.0,"turns":3.0},{"damage":0.0,"enemies":"3 Darklings","floor":36.0,"turns":3.0},{"damage":0.0,"enemies":"Writhing Mass","floor":37.0,"turns":6.0},{"damage":14.0,"enemies":"2 Orb Walkers","floor":38.0,"turns":3.0},{"damage":12.0,"enemies":"Spire Growth","floor":39.0,"turns":4.0},{"damage":47.0,"enemies":"Reptomancer","floor":41.0,"turns":6.0},{"damage":46,"enemies":"Giant Head","floor":44,"turns":9}],"seed_played":"5046242583883016129","potions_obtained":[{"floor":1.0,"key":"Ancient Potion"},{"floor":4.0,"key":"SpeedPotion"},{"floor":16.0,"key":"Ancient Potion"},{"floor":24.0,"key":"FairyPotion"},{"floor":28.0,"key":"SkillPotion"},{"floor":36.0,"key":"Block Potion"}],"is_trial":false,"path_per_floor":["M","?","?","M","$","R","E","R","T","E","?","R","M","E","R","B",null,"M","M","M","M","M","R","E","R","T","M","M","M","E","M","R","B",null,"M","M","M","?","M","R","E","R","T","E"],"character_chosen":"DEFECT","items_purchased":["Self Repair"],"campfire_rested":1,"item_purchase_floors":[5],"current_hp_per_floor":[70,70,65,65,65,65,15,15,15,15,15,37,47,33,33,11,75,64,64,65,63,66,66,69,69,69,78,82,76,82,82,82,49,82,82,82,82,78,76,76,39,39,39,0,0],"gold":940,"neow_bonus":"BOSS_RELIC","is_daily":false,"chose_seed":false,"campfire_upgraded":8,"win_rate":0.0,"timestamp":1612763189,"path_taken":["M","?","?","M","?","R","E","R","T","E","?","R","M","E","R","BOSS","M","M","M","M","M","R","E","R","T","M","M","M","E","M","R","BOSS","M","M","M","?","M","R","E","R","T","E"],"items_purchased_type":["Card"],"build_version":"2020-12-22","purchased_purges":1,"victory":false,"max_hp_per_floor":[75,75,75,75,75,75,75,75,75,75,75,75,75,75,75,75,75,75,75,75,75,75,75,82,82,82,82,82,82,82,82,82,82,82,82,82,82,82,82,82,82,82,82,82,82],"relic_stats":{"Emotion Chip":[98,64,18,10,6],"Regal Pillow":0,"Inserter":[17],"counters":[26,138],"Astrolabe":["Steam","Storm","Chill"],"CeramicFish":144,"Bag of Preparation":[40],"Ginger":[3],"Cursed Key":2,"obtain_stats":[{"Potion Belt":41,"Regal Pillow":30,"Inserter":34,"Astrolabe":0,"CeramicFish":3,"Omamori":9,"Bag of Preparation":14,"Ginger":38,"Bottled Tornado":43,"Cursed Key":17,"Emotion Chip":10,"Anchor":26,"Matryoshka":7,"Strawberry":24,"Bag of Marbles":9,"Cracked Core":0},{"Potion Belt":25,"Regal Pillow":17,"Inserter":19,"Astrolabe":0,"CeramicFish":1,"Omamori":3,"Bag of Preparation":6,"Ginger":23,"Bottled Tornado":25,"Cursed Key":7,"Emotion Chip":4,"Anchor":13,"Matryoshka":3,"Strawberry":13,"Bag of Marbles":3,"Cracked Core":0},{"Potion Belt":129,"Regal Pillow":90,"Inserter":104,"Astrolabe":0,"CeramicFish":4,"Omamori":15,"Bag of Preparation":29,"Ginger":119,"Bottled Tornado":129,"Cursed Key":40,"Emotion Chip":22,"Anchor":68,"Matryoshka":15,"Strawberry":68,"Bag of Marbles":15,"Cracked Core":0}]},"card_choices":[{"not_picked":["Beam Cell","Gash"],"picked":"Chaos","floor":1.0},{"not_picked":["Compile Driver","Turbo"],"picked":"Sunder","floor":4.0},{"not_picked":["Steam","Meteor Strike","Coolheaded"],"picked":"SKIP","floor":7.0},{"not_picked":["Leap","Stack"],"picked":"Genetic Algorithm","floor":10.0},{"not_picked":["Recycle","Streamline"],"picked":"Defragment","floor":13.0},{"not_picked":["Rebound","Lockon"],"picked":"Storm","floor":14.0},{"not_picked":["All For One","Thunder Strike"],"picked":"Machine Learning","floor":16.0},{"not_picked":["Gash","Blizzard"],"picked":"Force Field","floor":18.0},{"not_picked":["Streamline","Tempest"],"picked":"Conserve Battery","floor":19.0},{"not_picked":["Go for the Eyes+1","Redo+1","Streamline"],"picked":"SKIP","floor":20.0},{"not_picked":["Sweeping Beam","Static Discharge","Skim"],"picked":"SKIP","floor":21.0},{"not_picked":["Barrage","Scrape+1"],"picked":"Rainbow","floor":22.0},{"not_picked":["Reprogram","Coolheaded","Doom and Gloom"],"picked":"SKIP","floor":24.0},{"not_picked":["Redo","Static Discharge"],"picked":"Conserve Battery","floor":27.0},{"not_picked":["Auto Shields","Rebound","Stack"],"picked":"SKIP","floor":28.0},{"not_picked":["Ball Lightning","Turbo"],"picked":"Undo+1","floor":29.0},{"not_picked":["Static Discharge","Hologram","Leap"],"picked":"SKIP","floor":30.0},{"not_picked":["Steam+1","Reprogram","Thunder Strike"],"picked":"SKIP","floor":31.0},{"not_picked":["Meteor Strike","Seek"],"picked":"Electrodynamics","floor":33.0},{"not_picked":["Rebound+1","Reinforced Body+1","Stack"],"picked":"SKIP","floor":35.0},{"not_picked":["Rebound","Go for the Eyes"],"picked":"Cold Snap+1","floor":36.0},{"not_picked":["Turbo+1","BootSequence+1","Streamline"],"picked":"SKIP","floor":37.0},{"not_picked":["Self Repair","Compile Driver"],"picked":"Storm","floor":38.0},{"not_picked":["Compile Driver+1","Barrage"],"picked":"Glacier+1","floor":39.0},{"not_picked":["Rebound","Leap+1","Beam Cell"],"picked":"SKIP","floor":41.0}],"player_experience":922773,"relics_obtained":[{"floor":7.0,"key":"Matryoshka"},{"floor":9.0,"key":"Bag of Marbles"},{"floor":9.0,"key":"Omamori"},{"floor":10.0,"key":"Emotion Chip"},{"floor":14.0,"key":"Bag of Preparation"},{"floor":24.0,"key":"Strawberry"},{"floor":26.0,"key":"Anchor"},{"floor":30.0,"key":"Regal Pillow"},{"floor":38.0,"key":"Ginger"},{"floor":41.0,"key":"Potion Belt"},{"floor":43.0,"key":"Bottled Tornado"}],"event_choices":[{"damage_healed":0.0,"max_hp_gain":0.0,"max_hp_loss":0.0,"gold_gain":175.0,"event_name":"betterThird:BetterSerpent","player_choice":"AGREE","floor":2.0,"gold_loss":0.0,"damage_taken":112.0},{"damage_healed":15.0,"max_hp_gain":0.0,"max_hp_loss":75.0,"gold_gain":0.0,"event_name":"betterThird:BetterShining","player_choice":"Leave","floor":11.0,"gold_loss":0.0,"damage_taken":0.0},{"damage_healed":0.0,"max_hp_gain":0.0,"max_hp_loss":0.0,"gold_gain":0.0,"event_name":"Mysterious Sphere","player_choice":"Fight","floor":38.0,"gold_loss":0.0,"damage_taken":0.0}],"is_beta":false,"boss_relics":[{"not_picked":["SlaversCollar","Runic Dome"],"picked":"Cursed Key"},{"not_picked":["Calling Bell","SacredBark"],"picked":"Inserter"}],"items_purged_floors":[5],"is_endless":false,"potions_floor_spawned":[1,4,16,18,24,28,29,33,36],"killed_by":"Giant Head","ascension_level":4}}