{"host":"vm8b3ptwl81uq21f","time":1612819139,"event":{"mods":["Act Like it!","Aspiration","BaseMod","BetterRewards","Colored Map","Colored Powertips","Conspire","Gensokyo","GifTheSpireLib","Googly Eyes","GungeonMod","Halation","Hallownest","Hubris","Infinite Spire","Minty Spire (QoL Compilation)","Quick Restart","Rare Cards Sparkle","Reliquary","Replay The Spire","Shop Mod","Spicy Shops","Spire Arcade","StSLib","Stuff the Spire","The IronCluck","The Jungle","[IsaacMod]????"],"gold_per_floor":[114,114,126,138,138,138,138,138,190,221,239,270,285,123,123,195,195,205,205,315,329,348,348,2,34,114,114,134,162,178,192,192,266,266,277,377,377,377,57,57,57,82,82,93,104,132,132,157,157,157],"floor_reached":51,"language":"ENG","playtime":3679,"items_purged":["hubris:Despair","Strike_G","Defend_G","Defend_G","Dagger Throw"],"score":1328,"play_id":"776f6c11-3dd9-4d8a-9878-6ac6cd17862f","local_time":"20210208161859","is_ascension_mode":true,"campfire_choices":[{"data":"Strike_G","floor":6,"key":"PURGE"},{"data":"Strike_G","floor":8,"key":"PURGE"},{"data":"Strike_G","floor":15,"key":"PURGE"},{"data":"Strike_G","floor":23,"key":"PURGE"},{"data":"Defend_G","floor":27,"key":"PURGE"},{"data":"Defend_G","floor":32,"key":"PURGE"},{"data":"Defend_G","floor":40,"key":"PURGE"},{"data":"StuffTheSpire:Injection","floor":41,"key":"PURGE"},{"data":"Sucker Punch+1","floor":49,"key":"PURGE"}],"circlet_count":0,"master_deck":["AscendersBane","Survivor+1","Neutralize","Prepared","Impatience","Apotheosis","Underhanded Strike","ReplayTheSpireMod:Speed Training","Crippling Poison","Heel Hook","Accuracy","Blade Dance","Storm of Steel","AbeCurse","Tactician","Cloak And Dagger","Acrobatics","Adrenaline","Burst","ReplayTheSpireMod:The Works","Replay:Bag of Tricks","Backflip","conspire:DoublingDagger","hubris:NaturalOne","Envenom","Acrobatics+1","infinitespire:TheBestDefense","Reflex","hubris:Rewind","Master of Strategy","hubris:Insight","ReplayTheSpireMod:The Works","Terror","Infinite Blades+1","hubris:SlightOfHand","Tactician","Backstab","Masterful Stab+1"],"relics":["Ring of the Snake","HushsDoor","GuppysHead","ReplayTheSpireMod:Ninjato","Peace Pipe","MerchantsRug","ReplayTheSpireMod:CursedCoin","DemoMod:ClearGuonStone","Replay:Wax Seal","ReplayTheSpireMod:TigerMarble","conspire:GlowingRock","Abe\u0027s Treasure","hubris:Icosahedron","Kunai","Mirror","DemoMod:BlueGuonStone","Coffee Dripper","WingedGreaves","DollysMirror","Ice Cream","conspire:Flyswatter","StuffTheSpire:HeavyRock","aspiration:WatcherSkillbook","Blood Vial"],"acts_visited":["Exordium","TheCity","TheBeyond"],"potions_floor_usage":[3,12,16,20,33],"damage_taken":[{"damage":0,"enemies":"Hallownest:monsterHuskWarrior","floor":1,"turns":3},{"damage":2,"enemies":"Hallownest:2_Tiktiks_and_1_Crawlid","floor":3,"turns":5},{"damage":0,"enemies":"Hallownest:2_MossCreeps","floor":4,"turns":3},{"damage":5,"enemies":"Hallownest:eliteCrystalGuardian","floor":10,"turns":4},{"damage":2,"enemies":"Hallownest:Guard_and_Warrior","floor":11,"turns":8},{"damage":1,"enemies":"Hallownest:eliteMossKnight","floor":12,"turns":8},{"damage":3,"enemies":"Hallownest:1_Baldur_1_Crawlid_1_Warrior","floor":13,"turns":4},{"damage":27,"enemies":"Hallownest:BossHornet","floor":16,"turns":7},{"damage":3,"enemies":"Shell Parasite","floor":18,"turns":4},{"damage":2,"enemies":"2 Thieves","floor":20,"turns":3},{"damage":4,"enemies":"Shelled Parasite and Fungi","floor":21,"turns":3},{"damage":0,"enemies":"Sentry and Sphere","floor":22,"turns":3},{"damage":5,"enemies":"conspire:SneckoGhost","floor":25,"turns":6},{"damage":0,"enemies":"Snecko","floor":28,"turns":4},{"damage":0,"enemies":"Gremlin Leader","floor":29,"turns":1},{"damage":0,"enemies":"Chosen and Byrds","floor":30,"turns":3},{"damage":10,"enemies":"Snake Plant","floor":31,"turns":2},{"damage":0,"enemies":"Champ","floor":33,"turns":3},{"damage":0,"enemies":"3 Darklings","floor":35,"turns":2},{"damage":0,"enemies":"infinitespire:Three Voidlings","floor":36,"turns":1},{"damage":4,"enemies":"Nightmare_Alpha","floor":36,"turns":8},{"damage":0,"enemies":"R_Hoarder","floor":42,"turns":3},{"damage":0,"enemies":"Orb Walker","floor":44,"turns":1},{"damage":2,"enemies":"Transient","floor":45,"turns":3},{"damage":6,"enemies":"Nemesis","floor":46,"turns":3},{"damage":0,"enemies":"R_Hoarder","floor":48,"turns":4},{"damage":12,"enemies":"Replay:Hell Engine","floor":50,"turns":2}],"seed_played":"7069016168905300411","potions_obtained":[{"floor":10,"key":"Regen Potion"},{"floor":11,"key":"Elixir"},{"floor":13,"key":"Block Potion"},{"floor":16,"key":"BlessingOfTheForge"},{"floor":21,"key":"Toxic Potion"},{"floor":22,"key":"AttackPotion"},{"floor":28,"key":"SpeedPotion"},{"floor":29,"key":"AttackPotion"},{"floor":35,"key":"LiquidMemories"}],"is_trial":false,"path_per_floor":["M","?","M","M","?","R","?","R","T","E","M","E","M","$","R","B",null,"M","?","M","M","M","R","$","E","T","R","M","E","M","M","R_BF","B",null,"M","?","?","?","$","R","R","E","T","M","M","E","AVR","E","R","B",null],"character_chosen":"THE_SILENT","items_purchased":["ReplayTheSpireMod:Ninjato","Peace Pipe","MerchantsRug","ReplayTheSpireMod:CursedCoin","BargainBundle","Prepared","DemoMod:LeadSkinPotion","Explosive Potion","ColorlessPotion","Impatience","Apotheosis","Underhanded Strike","StuffTheSpire:Injection","Accuracy","Blade Dance","ReplayTheSpireMod:TigerMarble","conspire:GlowingRock","Kunai","Adrenaline","DollysMirror","Terror","Infinite Blades+1"],"campfire_rested":0,"item_purchase_floors":[0,0,0,0,0,0,0,0,0,0,0,0,0,14,14,14,14,24,24,39,39,39],"current_hp_per_floor":[28,28,40,40,40,40,40,40,40,35,33,47,44,44,44,17,50,47,47,45,57,57,57,57,52,52,52,54,54,54,46,46,50,53,53,49,36,26,26,26,26,26,26,26,24,18,18,18,18,8],"gold":157,"neow_bonus":"","is_daily":false,"chose_seed":false,"campfire_upgraded":0,"win_rate":0.0,"timestamp":1612819139,"path_taken":["M","?","M","M","?","R","?","R","T","E","?","E","M","$","R","BOSS","M","?","M","M","M","R","$","E","T","R","M","E","M","M","R_BF","BOSS","M","?","?","?","$","R","R","E","T","M","M","E","AVR","E","R","BOSS"],"items_purchased_type":["Relic","Relic","Relic","Relic","Relic","Card","Undefined","Potion","Potion","Card","Card","Card","Card","Card","Card","Relic","Relic","Relic","Card","Relic","Card","Card"],"build_version":"2020-12-22","purchased_purges":5,"victory":true,"max_hp_per_floor":[66,66,66,66,66,66,66,66,66,66,66,66,66,66,66,66,61,61,61,61,61,61,61,61,61,61,61,61,61,61,61,61,61,54,54,54,54,54,54,54,54,54,54,54,54,54,54,54,54,54],"card_choices":[{"not_picked":["StuffTheSpire:BumpUp","Underhanded Strike","StuffTheSpire:BrimstoneBlast"],"picked":"SKIP","floor":1},{"not_picked":["StuffTheSpire:BumpUp","Hidden Blade"],"picked":"Dagger Throw","floor":3},{"not_picked":["Flying Knee","Quick Slash","StuffTheSpire:BumpUp"],"picked":"SKIP","floor":4},{"not_picked":["Envenom","Poisoned Stab"],"picked":"ReplayTheSpireMod:Speed Training","floor":10},{"not_picked":["hubris:Counter","Bane"],"picked":"Crippling Poison","floor":11},{"not_picked":["ReplayTheSpireMod:Shiv Toss","Dagger Spray","Well Laid Plans"],"picked":"SKIP","floor":12},{"not_picked":["Flying Knee","StuffTheSpire:Shiver"],"picked":"Heel Hook","floor":13},{"not_picked":["Envenom","Phantasmal Killer"],"picked":"Storm of Steel","floor":16},{"not_picked":["StuffTheSpire:MirrorStance","Poisoned Stab"],"picked":"Sucker Punch+1","floor":18},{"not_picked":["Underhanded Strike","Cloak And Dagger+1"],"picked":"Tactician","floor":20},{"not_picked":["StuffTheSpire:BumpUp+1","Flying Knee"],"picked":"Cloak And Dagger","floor":21},{"not_picked":["Dagger Throw","Endless Agony"],"picked":"Acrobatics","floor":22},{"not_picked":["Escape Plan","Crippling Poison"],"picked":"Burst","floor":25},{"not_picked":["Outmaneuver","Poisoned Stab"],"picked":"ReplayTheSpireMod:The Works","floor":28},{"not_picked":["Dagger Throw","PiercingWail"],"picked":"Replay:Bag of Tricks","floor":29},{"not_picked":["ReplayTheSpireMod:Speed Training+1","Predator"],"picked":"Backflip","floor":30},{"not_picked":["Slice","Bouncing Flask"],"picked":"conspire:DoublingDagger","floor":31},{"not_picked":["Die Die Die","Grand Finale"],"picked":"Envenom","floor":33},{"not_picked":["ReplayTheSpireMod:Shiv Toss","Sneak Up"],"picked":"Acrobatics+1","floor":35},{"not_picked":["hubris:Fate","Replay:Fractal Strike"],"picked":"infinitespire:TheBestDefense","floor":36},{"not_picked":["Caltrops","StuffTheSpire:Incursion"],"picked":"Reflex","floor":36},{"not_picked":["infinitespire:NeuralNetwork","hubris:Fate"],"picked":"hubris:Rewind","floor":37},{"not_picked":["ReplayTheSpireMod:Uncanny Aura","Deep Breath"],"picked":"Master of Strategy","floor":38},{"not_picked":["Good Instincts","ReplayTheSpireMod:Trickstab"],"picked":"hubris:Insight","floor":38},{"not_picked":["StuffTheSpire:BumpUp","Slice+1"],"picked":"hubris:SlightOfHand","floor":42},{"not_picked":["Glass Knife","Heel Hook"],"picked":"Tactician","floor":44},{"not_picked":["Quick Slash","StuffTheSpire:BumpUp"],"picked":"Backstab","floor":45},{"not_picked":["ReplayTheSpireMod:Necrosis","Blade Dance"],"picked":"Masterful Stab+1","floor":46},{"not_picked":["hubris:SlightOfHand","ClearTheMind+1","Consecrate","StuffTheSpire:Python+1"],"picked":"SKIP","floor":48}],"player_experience":398765,"relics_obtained":[{"floor":9,"key":"DemoMod:ClearGuonStone"},{"floor":10,"key":"Replay:Wax Seal"},{"floor":12,"key":"DemoMod:ChaffGrenade"},{"floor":25,"key":"Mirror"},{"floor":26,"key":"StuffTheSpire:SapphireSignet"},{"floor":29,"key":"DemoMod:BlueGuonStone"},{"floor":36,"key":"WingedGreaves"},{"floor":42,"key":"Ice Cream"},{"floor":43,"key":"conspire:Flyswatter"},{"floor":46,"key":"StuffTheSpire:HeavyRock"},{"floor":48,"key":"Blood Vial"}],"event_choices":[{"damage_healed":0,"gold_gain":0,"player_choice":"Memory 3","damage_taken":10,"max_hp_gain":0,"max_hp_loss":0,"event_name":"SensoryStone","floor":38,"gold_loss":0}],"is_beta":false,"boss_relics":[{"not_picked":["halation:ForbiddenBikini","StuffTheSpire:RunicConfusion"],"picked":"Abe\u0027s Treasure"},{"not_picked":[]},{"not_picked":["halation:Yufonium","halation:HeavySnake"],"picked":"Coffee Dripper"},{"not_picked":[]}],"items_purged_floors":[0,17,34,39,47],"is_endless":false,"potions_floor_spawned":[10,11,13,16,21,22,28,29,30,31,35,36,45],"ascension_level":14}}