{"host":"m4pe905ae9bldoe7","time":1612787355,"event":{"mods":["BaseMod","Bestiary","Block Reminder","Downfall","Minty Spire (QoL Compilation)","StSLib"],"gold_per_floor":[367,385,25,45,10,41,70,90,142,142,142],"floor_reached":10,"language":"ENG","playtime":398,"items_purged":[],"score":95,"play_id":"2a93abea-f08d-4c15-ba66-a6e9f24fa3db","local_time":"20210208132915","is_ascension_mode":true,"campfire_choices":[],"circlet_count":0,"master_deck":["Strike_G","Strike_G","Strike_G","Strike_G","Strike_G","Defend_G","Defend_G","Defend_G","Defend_G","Defend_G","Survivor","Neutralize","Prepared","Terror","Finisher","Outmaneuver","Blade Dance","Glass Knife"],"relics":["Ring of the Snake","Unceasing Top","Singing Bowl","Odd Mushroom","Anchor"],"acts_visited":["Exordium"],"potions_floor_usage":[6,7,10],"damage_taken":[{"damage":1,"enemies":"2 Louse","floor":1,"turns":4},{"damage":4,"enemies":"Jaw Worm","floor":2,"turns":5},{"damage":0,"enemies":"Cultist","floor":4,"turns":3},{"damage":23,"enemies":"Gremlin Nob","floor":6,"turns":4},{"damage":17,"enemies":"The Mushroom Lair","floor":7,"turns":6},{"damage":11,"enemies":"Large Slime","floor":8,"turns":6},{"damage":12,"enemies":"3 Sentries","floor":10,"turns":3}],"seed_played":"-340396519749538530","potions_obtained":[{"floor":2,"key":"hexamod:SoulburnPotion"},{"floor":6,"key":"CunningPotion"},{"floor":8,"key":"ColorlessPotion"}],"is_trial":false,"path_per_floor":["M","M","$","M","?","E","?","M","T","E"],"character_chosen":"THE_SILENT","items_purchased":["Terror","Unceasing Top"],"campfire_rested":0,"item_purchase_floors":[3,3],"current_hp_per_floor":[44,40,40,40,57,34,17,6,6,0,0],"gold":142,"neow_bonus":"TWO_FIFTY_GOLD","is_daily":false,"chose_seed":false,"campfire_upgraded":0,"win_rate":0.0,"timestamp":1612787355,"path_taken":["M","M","$","M","?","E","?","?","T","E"],"items_purchased_type":["Card","Relic"],"build_version":"2020-12-22","purchased_purges":0,"victory":false,"max_hp_per_floor":[70,70,70,70,70,70,70,70,70,70,70],"card_choices":[{"not_picked":["Eviscerate","Sucker Punch"],"picked":"Prepared","floor":1},{"not_picked":["Dagger Spray","Deflect","All Out Attack"],"picked":"SKIP","floor":2},{"not_picked":["Underhanded Strike","Caltrops"],"picked":"Finisher","floor":4},{"not_picked":["Bane","Masterful Stab"],"picked":"Outmaneuver","floor":6},{"not_picked":["Deadly Poison","Acrobatics"],"picked":"Blade Dance","floor":7},{"not_picked":["Dodge and Roll","Flying Knee"],"picked":"Glass Knife","floor":8}],"player_experience":526006,"relics_obtained":[{"floor":6,"key":"Singing Bowl"},{"floor":7,"key":"Odd Mushroom"},{"floor":9,"key":"Anchor"}],"event_choices":[{"damage_healed":17,"gold_gain":0,"player_choice":"Healed","damage_taken":0,"max_hp_gain":0,"max_hp_loss":0,"event_name":"The Cleric","floor":5,"gold_loss":35},{"damage_healed":0,"gold_gain":0,"player_choice":"Fought Mushrooms","damage_taken":0,"max_hp_gain":0,"max_hp_loss":0,"event_name":"Mushrooms","floor":7,"gold_loss":0}],"is_beta":false,"boss_relics":[],"items_purged_floors":[],"is_endless":false,"potions_floor_spawned":[2,6,8],"killed_by":"3 Sentries","ascension_level":8}}