{"host":"tbhNathan","time":1612802120,"event":{"mods":["AchievementEnabler","BaseMod","Better Third Choice","Googly Eyes","Highlight Path","Minty Spire (QoL Compilation)","StSLib","The Disciple","The Hierophant","The Mystic"],"gold_per_floor":[122,150,180,209,233,275,287,328,394,426,452,464,476,502,514,630,642,669,681,706,729,388,388,388,388,388,388,400,419,419,129,129,232,232,245,245,257,274,290,290,302,312,336,386,386,386,386,98,98,98],"floor_reached":51,"language":"ENG","playtime":6459,"items_purged":[],"score":613,"play_id":"6f7713ce-456d-45c5-890e-118aab017886","local_time":"20210208163520","is_ascension_mode":false,"campfire_choices":[{"data":"Clothesline","floor":7.0,"key":"SMITH"},{"data":"Bash","floor":13.0,"key":"SMITH"},{"data":"Shrug It Off","floor":15.0,"key":"SMITH"},{"data":"RitualDagger","floor":23.0,"key":"SMITH"},{"floor":25.0,"key":"REST"},{"data":"Strike_R","floor":27.0,"key":"PURGE"},{"data":"Immolate","floor":32,"key":"SMITH"},{"data":"Immolate","floor":40,"key":"SMITH"},{"data":"Heavy Blade","floor":46,"key":"SMITH"},{"floor":49,"key":"REST"}],"circlet_count":0,"master_deck":["Bash+1","Dropkick","Shrug It Off+1","Ghostly Armor","Metallicize+1","Clothesline+1","Shrug It Off+1","Reaper","Shrug It Off+1","Immolate+1","RitualDagger+1","Second Wind+1","Infernal Blade+1","Power Through+1","Thunderclap","Infernal Blade+1","Immolate+1","Searing Blow","Pummel","Flex+1","Feed","Feel No Pain","Infernal Blade+1","Heavy Blade+1","Entrench+1","Dropkick+1","Power Through+1","Flex+1"],"relics":["Burning Blood","MawBank","Toxic Egg 2","Shuriken","PreservedInsect","Mark of Pain","Happy Flower","Centennial Puzzle","Peace Pipe","Orichalcum","Medical Kit","Pandora\u0027s Box","Ancient Tea Set","Ice Cream","Gremlin Horn"],"acts_visited":["Exordium","TheCity","TheBeyond"],"potions_floor_usage":[33,33,33,38,50,50,50],"damage_taken":[{"damage":1.0,"enemies":"Cultist","floor":1.0,"turns":3.0},{"damage":6.0,"enemies":"Jaw Worm","floor":2.0,"turns":2.0},{"damage":4.0,"enemies":"Small Slimes","floor":3.0,"turns":4.0},{"damage":8.0,"enemies":"Exordium Thugs","floor":4.0,"turns":6.0},{"damage":2.0,"enemies":"2 Fungi Beasts","floor":5.0,"turns":5.0},{"damage":17.0,"enemies":"Lagavulin","floor":6.0,"turns":7.0},{"damage":14.0,"enemies":"3 Sentries","floor":8.0,"turns":15.0},{"damage":0.0,"enemies":"Blue Slaver","floor":10.0,"turns":5.0},{"damage":8.0,"enemies":"3 Louse","floor":11.0,"turns":5.0},{"damage":0.0,"enemies":"Exordium Wildlife","floor":14.0,"turns":4.0},{"damage":40.0,"enemies":"Hexaghost","floor":16.0,"turns":10.0},{"damage":5.0,"enemies":"Shell Parasite","floor":18.0,"turns":4.0},{"damage":16.0,"enemies":"Spheric Guardian","floor":20.0,"turns":6.0},{"damage":4.0,"enemies":"Snecko","floor":21.0,"turns":5.0},{"damage":13.0,"enemies":"Snake Plant","floor":28.0,"turns":5.0},{"damage":0,"enemies":"Centurion and Healer","floor":29,"turns":6},{"damage":21,"enemies":"Automaton","floor":33,"turns":11},{"damage":5,"enemies":"3 Shapes","floor":35,"turns":2},{"damage":1,"enemies":"Orb Walker","floor":37,"turns":2},{"damage":14,"enemies":"Maw","floor":38,"turns":6},{"damage":6,"enemies":"3 Darklings","floor":39,"turns":3},{"damage":9,"enemies":"4 Shapes","floor":41,"turns":4},{"damage":4,"enemies":"Transient","floor":42,"turns":5},{"damage":19,"enemies":"Mind Bloom Boss Battle","floor":44,"turns":5},{"damage":71,"enemies":"Donu and Deca","floor":50,"turns":11}],"seed_played":"-1252891952327456388","potions_obtained":[{"floor":2.0,"key":"SneckoOil"},{"floor":3.0,"key":"LiquidMemories"},{"floor":5.0,"key":"SpeedPotion"},{"floor":8.0,"key":"DuplicationPotion"},{"floor":14.0,"key":"PowerPotion"},{"floor":16.0,"key":"DistilledChaos"},{"floor":21.0,"key":"Strength Potion"},{"floor":29,"key":"PowerPotion"},{"floor":37,"key":"LiquidBronze"},{"floor":39,"key":"BlessingOfTheForge"},{"floor":44,"key":"Fire Potion"}],"is_trial":false,"path_per_floor":["M","M","M","M","M","E","R","E","T","M","M","?","R","M","R","B",null,"M","?","M","M","$","R","?","R","T","R","M","M","?","$","R","B",null,"M","?","M","M","M","R","M","M","T","?","?","R","?","$","R","B",null],"character_chosen":"IRONCLAD","items_purchased":["Happy Flower","Centennial Puzzle","BlessingOfTheForge","Orichalcum","Medical Kit","Gremlin Horn","SpeedPotion"],"campfire_rested":2,"item_purchase_floors":[22,22,22,31,31,48,48],"current_hp_per_floor":[80,80,80,78,80,69,69,61,61,71,75,75,75,80,80,56,80,80,74,64,72,72,72,57,82,82,82,75,85,85,85,85,85,85,85,85,85,85,85,85,82,84,84,74,74,74,74,74,84,28],"gold":98,"neow_bonus":"RANDOM_COMMON_RELIC","is_daily":false,"chose_seed":false,"campfire_upgraded":7,"win_rate":0.0,"timestamp":1612802120,"path_taken":["M","M","?","M","M","E","R","E","T","M","M","?","R","M","R","BOSS","M","?","M","M","$","R","?","R","T","R","M","M","?","?","R","BOSS","M","?","M","M","M","R","M","M","T","?","?","R","?","$","R","BOSS"],"items_purchased_type":["Relic","Relic","Potion","Relic","Relic","Relic","Potion"],"build_version":"2020-12-18","purchased_purges":0,"victory":true,"max_hp_per_floor":[80,80,80,80,80,80,80,80,80,80,80,80,80,80,80,80,80,80,80,80,80,80,80,85,85,85,85,85,85,85,85,85,85,85,85,85,85,85,85,85,85,85,85,88,88,88,84,84,84,84],"card_choices":[{"not_picked":["Clash","Cleave"],"picked":"Dropkick","floor":1.0},{"not_picked":["Wild Strike","Clash"],"picked":"Shrug It Off","floor":2.0},{"not_picked":["Bloodletting","Headbutt"],"picked":"Ghostly Armor","floor":3.0},{"not_picked":["Perfected Strike","Heavy Blade"],"picked":"Metallicize","floor":4.0},{"not_picked":["Uppercut","Armaments"],"picked":"Clothesline","floor":5.0},{"not_picked":["Thunderclap","Rupture"],"picked":"Shrug It Off+1","floor":6.0},{"not_picked":["Perfected Strike","Uppercut"],"picked":"Reaper","floor":8.0},{"not_picked":["Clash","Heavy Blade","Headbutt"],"picked":"SKIP","floor":10.0},{"not_picked":["Rupture","Sword Boomerang"],"picked":"Shrug It Off+1","floor":11.0},{"not_picked":["Reckless Charge","Anger","Clash"],"picked":"SKIP","floor":14.0},{"not_picked":["Bludgeon","Berserk"],"picked":"Immolate","floor":16.0},{"not_picked":["Heavy Blade","Headbutt","Twin Strike"],"picked":"SKIP","floor":18.0},{"not_picked":["Clash","Burning Pact+1"],"picked":"Second Wind+1","floor":20.0},{"not_picked":["Disarm+1","Burning Pact+1"],"picked":"Infernal Blade+1","floor":21.0},{"not_picked":["Cleave","Uppercut"],"picked":"Power Through+1","floor":28},{"not_picked":["Pummel","Cleave"],"picked":"Thunderclap","floor":29},{"not_picked":["Brutality","Feed"],"picked":"Immolate","floor":33},{"not_picked":["Reckless Charge","Searing Blow","Headbutt"],"picked":"SKIP","floor":35},{"not_picked":["Cleave","Thunderclap+1"],"picked":"Dropkick+1","floor":37},{"not_picked":["Sever Soul+1","Anger"],"picked":"Power Through+1","floor":38},{"not_picked":["Hemokinesis","Pommel Strike","Sword Boomerang"],"picked":"SKIP","floor":39},{"not_picked":["Perfected Strike","Twin Strike+1"],"picked":"Uppercut+1","floor":41},{"not_picked":["Headbutt","Corruption","Iron Wave+1"],"picked":"SKIP","floor":42},{"not_picked":["Pommel Strike","Sword Boomerang"],"picked":"Flex+1","floor":44}],"player_experience":203416,"relics_obtained":[{"floor":6.0,"key":"Toxic Egg 2"},{"floor":8.0,"key":"Shuriken"},{"floor":9.0,"key":"PreservedInsect"},{"floor":26.0,"key":"Peace Pipe"},{"floor":43,"key":"Ancient Tea Set"},{"floor":44,"key":"Ice Cream"}],"event_choices":[{"damage_healed":0.0,"max_hp_gain":0.0,"max_hp_loss":0.0,"gold_gain":0.0,"event_name":"Living Wall","player_choice":"Grow","floor":12.0,"gold_loss":0.0,"damage_taken":0.0,"cards_upgraded":["Metallicize"]},{"damage_healed":0.0,"max_hp_gain":0.0,"max_hp_loss":0.0,"gold_gain":0.0,"event_name":"betterThird:BetterNest","player_choice":"Dagger","floor":19.0,"gold_loss":0.0,"damage_taken":6.0,"cards_obtained":["RitualDagger"]},{"damage_healed":0.0,"max_hp_gain":5.0,"max_hp_loss":0.0,"gold_gain":0.0,"event_name":"Forgotten Altar","player_choice":"Shed Blood","floor":24.0,"gold_loss":0.0,"damage_taken":20.0},{"damage_healed":0,"gold_gain":0,"player_choice":"Copied","damage_taken":0,"max_hp_gain":0,"max_hp_loss":0,"event_name":"Duplicator","floor":30,"gold_loss":0,"cards_obtained":["Infernal Blade"]},{"damage_healed":0,"gold_gain":0,"player_choice":"Ignored","damage_taken":0,"max_hp_gain":0,"max_hp_loss":0,"event_name":"Tomb of Lord Red Mask","floor":36,"gold_loss":0},{"damage_healed":0,"gold_gain":0,"player_choice":"Fight","damage_taken":0,"max_hp_gain":0,"max_hp_loss":0,"event_name":"MindBloom","floor":44,"gold_loss":0},{"cards_removed":["Uppercut"],"damage_healed":0,"gold_gain":0,"player_choice":"Removed Attack","damage_taken":0,"max_hp_gain":0,"max_hp_loss":0,"event_name":"Falling","floor":45,"gold_loss":0},{"damage_healed":0,"gold_gain":0,"player_choice":"Max HP","damage_taken":0,"max_hp_gain":0,"max_hp_loss":4,"event_name":"Winding Halls","floor":47,"gold_loss":0}],"is_beta":true,"boss_relics":[{"not_picked":["Black Star","Black Blood"],"picked":"Mark of Pain"},{"not_picked":["Astrolabe","Runic Dome"],"picked":"Pandora\u0027s Box"}],"items_purged_floors":[],"is_endless":false,"potions_floor_spawned":[2,3,5,8,14,16,21,29,37,39,44],"ascension_level":0}}