{"host":"qgrlfjrqk9z96gfi","time":1612745924,"event":{"mods":["BaseMod","Block Reminder","Colored Map","Custom Start","DeckTracker","Minty Spire (QoL Compilation)"],"gold_per_floor":[10,21,37,56,72,72,101,121,121,151,151,18,18,18],"floor_reached":13,"language":"ENG","playtime":426,"items_purged":["Strike_G"],"score":244,"play_id":"d2c1f44b-ef91-4b99-8c10-efa056a3c18c","local_time":"20210207145844","is_ascension_mode":true,"campfire_choices":[{"data":"Die Die Die","floor":6.0,"key":"SMITH"},{"floor":11.0,"key":"REST"}],"circlet_count":0,"master_deck":["AscendersBane","Strike_G","Strike_G","Strike_G","Defend_G","Defend_G","Defend_G","Defend_G","Survivor","Neutralize","Distraction","Flechettes","Cloak And Dagger","Dagger Spray","Bouncing Flask","Die Die Die+1","Cloak And Dagger","Footwork","Noxious Fumes","Calculated Gamble","PiercingWail"],"relics":["Ring of the Snake","Peace Pipe","Eternal Feather","Dream Catcher"],"acts_visited":["Exordium"],"potions_floor_usage":[],"damage_taken":[{"damage":0.0,"enemies":"Cultist","floor":1.0,"turns":4.0},{"damage":5.0,"enemies":"Small Slimes","floor":2.0,"turns":3.0},{"damage":1.0,"enemies":"Jaw Worm","floor":3.0,"turns":3.0},{"damage":8.0,"enemies":"Blue Slaver","floor":4.0,"turns":4.0},{"damage":9.0,"enemies":"Red Slaver","floor":5.0,"turns":3.0},{"damage":27.0,"enemies":"Gremlin Nob","floor":7.0,"turns":4.0},{"damage":0.0,"enemies":"Exordium Wildlife","floor":8.0,"turns":4.0},{"damage":0.0,"enemies":"3 Sentries","floor":10.0,"turns":5.0},{"damage":65,"enemies":"Gremlin Nob","floor":13,"turns":4}],"seed_played":"-4783200157128155948","potions_obtained":[{"floor":2.0,"key":"SmokeBomb"},{"floor":5.0,"key":"EssenceOfSteel"},{"floor":7.0,"key":"DistilledChaos"},{"floor":8.0,"key":"BlessingOfTheForge"}],"is_trial":false,"path_per_floor":["M","M","M","M","M","R","E","M","T","E","R","$","E"],"character_chosen":"THE_SILENT","items_purchased":["PiercingWail"],"campfire_rested":1,"item_purchase_floors":[12],"current_hp_per_floor":[59,54,53,45,36,36,9,9,9,9,40,40,0,0],"gold":18,"neow_bonus":"TRANSFORM_TWO_CARDS","is_daily":false,"chose_seed":false,"campfire_upgraded":1,"win_rate":0.0,"timestamp":1612745924,"path_taken":["M","M","?","M","M","R","E","M","T","E","R","$","E"],"items_purchased_type":["Card"],"build_version":"2020-12-22","purchased_purges":1,"victory":false,"max_hp_per_floor":[66,66,66,66,66,66,66,66,66,66,66,66,66,66],"card_choices":[{"not_picked":["Underhanded Strike","Deadly Poison"],"picked":"Cloak And Dagger","floor":1.0},{"not_picked":["Acrobatics","Catalyst"],"picked":"Dagger Spray","floor":2.0},{"not_picked":["Well Laid Plans","Poisoned Stab"],"picked":"Bouncing Flask","floor":3.0},{"not_picked":["PiercingWail","Slice"],"picked":"Die Die Die","floor":4.0},{"not_picked":["Deadly Poison","Bouncing Flask"],"picked":"Cloak And Dagger","floor":5.0},{"not_picked":["Concentrate","Expertise"],"picked":"Footwork","floor":7.0},{"not_picked":["Poisoned Stab","Acrobatics","Bane"],"picked":"SKIP","floor":8.0},{"not_picked":["Blur","Cloak And Dagger"],"picked":"Noxious Fumes","floor":10.0},{"not_picked":["Noxious Fumes","Acrobatics"],"picked":"Calculated Gamble","floor":11.0}],"player_experience":1119599,"relics_obtained":[{"floor":7.0,"key":"Peace Pipe"},{"floor":9.0,"key":"Eternal Feather"},{"floor":10.0,"key":"Dream Catcher"}],"event_choices":[],"is_beta":false,"boss_relics":[],"items_purged_floors":[12],"is_endless":false,"potions_floor_spawned":[2,5,7,8],"killed_by":"Gremlin Nob","ascension_level":20}}